4144 6502
462 372 601 429 1355
1179 371 1448 427 EUSEBII
1489 369 1971 427 CESARIENSIS
2008 369 2160 426 OPP.
2199 369 2383 424 PARS
2409 368 2559 425 IL—
2594 368 3090 425 APOLOGETICA.
3578 368 3714 423 1356

459 491 648 547 eadem
678 489 902 545 omnino
938 489 1263 558 separetur?
1305 487 1448 552 Jam,
1475 489 1751 558 quomodo
1784 491 2027 555 tandem,

2146 487 2292 557 Βῆλον
2325 488 2404 540 ὅτι
2429 487 2496 557 ἦν
2527 486 2637 559 (23)
2668 504 2843 556 φαμεν
2878 487 3047 549 ὅντως
3067 485 3256 540 οὐσίαν
3289 481 3465 550 εἷναι;
3495 485 3568 538 Τὸ
3615 483 3716 555 μὲν

459 599 584 654 quae
614 583 864 654 partibus
893 591 1096 649 careat,
1137 580 1387 651 corporis
1416 580 1555 650 ejus,
1613 579 1760 649 quod
1805 581 2033 635 divisio-

2146 579 2249 650 γὰρ
2267 579 2497 647 γένεσις,
2528 578 2641 631 ἀλλ’
2663 578 2762 631 οὐκ
2783 577 2958 641 οὐσία,
2995 579 3102 630 πᾶν
3140 577 3201 630 τὸ
3239 576 3545 647 σωματικὸν
3576 571 3718 631 εἶναι

457 691 583 731 nem
615 677 801 732 subire
829 684 1027 746 potest,
1058 675 1230 730 eidem
1276 673 1510 728 obnoxia
1554 672 1806 727 divisioni
1835 673 2036 728 entele-

2146 670 2336 738 λέγοιτ’
2364 671 2451 733 ἂν,
2474 669 2757 740 γινόμενον
2789 670 2881 722 καὶ
2902 667 3291 740 ἀπολλύμενον,
3328 666 3494 730 ὅντως
3519 667 3589 738 ,δὲ
3621 667 3718 722 οὐ-

459 760 580 814 chia
605 774 728 816 esse
756 761 954 830 queat?
981 758 1156 829 Atque
1181 759 1368 813 eadem
1407 757 1606 821 anima,
1649 758 1792 812 aliud
1830 759 1889 812 ﬁt
1913 759 2035 812 ani-

2146 761 2331 813 Βέποτε
2369 758 2457 823 δν,
2497 760 2794 830 μεταλήψει
2822 760 2878 813 δὲ
2909 759 3002 813 τοῦ
3039 760 3189 822 ὄντος
3215 759 3515 828 σωζόμενον
3539 798 3553 822 ,
3585 758 3720 812 καθ·-

456 852 568 906 mal
616 866 684 906 ex
709 851 836 907 alio.
879 851 1350 919 Quemadmodum
1397 852 1581 923 igitur,
1648 866 1771 919 qua:
1833 852 2033 921 prioris

2146 853 2256 905 5σον
2307 851 2372 905 ἂν
2412 851 2575 905 αὐτοῦ
2637 853 3094 924 μεταλαμϐάνοι.)
3142 852 3358 922 Ἐπειδὴ
3403 851 3460 904 δὲ
3506 851 3601 904 καὶ
3649 850 3721 905 τὰ

456 940 658 1010 fuerat,
683 943 905 998 alterius
931 944 1110 998 anima
1144 958 1262 998 esse
1308 952 1505 1014 potest,
1538 944 1583 998 si
1617 943 1778 998 unius
1827 943 2030 996 entele-

2146 940 2415 996 Πλωτίνου
2467 943 2775 1013 διήλθομεν,
2843 943 3072 997 συνιδεῖν
3123 945 3220 997 οὐκ
3268 943 3463 996 ἄτοπον
3511 942 3605 995 καὶ
3650 940 3722 994 τὰ

458 1034 580 1087 chia
609 1035 735 1090 est?
761 1035 875 1091 Hoc
917 1045 1095 1090 autem
1135 1037 1298 1091 exiis
1351 1035 1740 1099 animantibus,
1797 1050 2031 1105 quarum

2146 1034 2431 1105 Πορφυρίῳ
2490 1035 2547 1087 ὲν
2597 1037 2709 1098 τοῖς
2767 1034 2902 1103 πρὸς
2935 1034 3136 1088 Βὸγεθον
3198 1035 3338 1104 Περὶ
3379 1034 3586 1104 ψυχῆς
3640 1037 3721 1088 εἰ-

458 1122 512 1175 ἱη
543 1125 675 1178 alias
705 1127 935 1182 mutatio
977 1129 1070 1192 fit,
1105 1127 1394 1182 manifeste
1433 1127 1794 1182 convincitur.
1829 1125 2030 1181 Essen-
2143 1125 2370 1196 ρημένα.

457 1218 588 1272 tiam
622 1219 788 1290 igitur
829 1222 883 1276 in
913 1239 978 1277 eo
1025 1223 1259 1292 positam
1291 1225 1472 1277 anima
1515 1237 1624 1276 non
1663 1221 1843 1285 habet,
1881 1219 2028 1292 quod
2068 1220 2304 1290 alicujus
2335 1219 2510 1274 forma
2535 1219 2606 1275 sit
2650 1237 2664 1261 -
2728 1221 2822 1274 sed
2851 1221 3082 1290 ipsamet
3121 1219 3424 1276 substantia
3468 1230 3571 1282 est,
3599 1235 3724 1288 qua:

459 1325 566 1363 non
618 1327 686 1366 ex
715 1327 800 1379 eo,
834 1314 980 1383 quod
1031 1315 1086 1370 in
1116 1329 1346 1386 corpore
1369 1316 1632 1370 collocata
1681 1316 1771 1372 sit.
1814 1324 1870 1369 ut
1905 1323 2050 1370 esset
2088 1314 2337 1384 accepit;
2370 1313 2464 1369 sed
2507 1313 2622 1383 jam
2689 1323 2804 1368 tum
2857 1322 2996 1380 erat,
3041 1312 3358 1384 priusquam
3396 1313 3527 1368 certi
3559 1312 3724 1383 hujus

459 1404 644 1458 anima
680 1404 852 1471 ﬁeret,
880 1414 1152 1476 quatenus
1179 1409 1452 1474 animalis,
1481 1410 1639 1480 cujus
1683 1424 1882 1478 corpus
1944 1409 2183 1462 animam
2256 1409 2402 1461 illam
2453 1416 2756 1478 generaret.
2827 1407 2899 1462 At
2942 1424 3192 1479 quaenam
3242 1409 3406 1479 igitur
3460 1407 3607 1464 illius
3634 1423 3726 1464 es-

461 1494 634 1549 sentia
663 1497 794 1550 est?
825 1495 961 1552 Nam
997 1499 1043 1554 si
1093 1515 1270 1570 neque
1302 1516 1503 1571 corpus
1534 1510 1636 1568 est,
1701 1517 1879 1571 neque
1931 1501 2176 1570 corporis
2225 1500 2458 1568 aﬂ‘ectio,
2499 1509 2554 1555 et
2592 1511 2770 1556 tamen
2823 1501 3154 1566 functiones,
3201 1502 3464 1567 actiones,
3524 1501 3724 1554 multa-

459 1602 566 1656 que
601 1588 655 1643 id
680 1605 852 1660 genus
886 1601 940 1647 et
974 1593 1163 1648 insunt
1213 1595 1270 1649 in
1329 1611 1414 1657 ea,
1457 1604 1512 1650 et
1563 1597 1632 1650 ab
1681 1611 1743 1650 ea
1794 1595 2218 1665 proﬁcrscuntur
2263 1615 2277 1652 :
2336 1612 2460 1651 cum
2515 1597 2606 1652 illa
2655 1598 2884 1667 proinde
2929 1605 3082 1652 extra
3138 1612 3428 1666 corporum
3477 1596 3722 1652 ordinem

460 1681 766 1739 substantia
813 1687 1058 1756 quaedam
1103 1688 1194 1753 sit,
1219 1691 1524 1760 cujusmodi
1550 1691 1768 1745 tandem
1823 1692 1945 1747 est?
1972 1689 2112 1745 Num
2149 1708 2281 1746 vero
2331 1692 2466 1748 satis
2502 1707 2599 1762 per
2653 1708 2776 1748 sese
2821 1693 3008 1761 liquet,
3050 1693 3180 1764 quid
3235 1708 3359 1748 vere
3403 1708 3467 1748 ac
3509 1691 3725 1762 proprie

459 1776 821 1835 substantiam
865 1797 987 1837 esse
1042 1783 1336 1841 dicamus?
1380 1786 1670 1842 Generatio
1721 1801 1942 1857 quippe,
1993 1801 2106 1842 non
2143 1787 2473 1854 substantia,
2523 1802 2846 1859 corporeum
2900 1803 3062 1842 omne
3112 1788 3299 1842 vocari
3344 1787 3546 1853 debet,
3597 1800 3721 1840 cum

459 1879 766 1939 generetur,
801 1875 1141 1948 intereatque
1183 1879 1368 1945 modo,
1401 1894 1502 1934 nec
1527 1895 1653 1934 vere
1700 1881 1773 1935 sit
1841 1896 2106 1951 unquam,
2149 1883 2243 1938 sed
2275 1882 2394 1952 ejus
2436 1883 2582 1954 quod
2609 1895 2692 1939 est
2724 1883 2984 1938 nonnulla
3032 1881 3418 1937 communione
3456 1890 3721 1948 servetur,

459 1973 728 2036 quatenus
759 1971 1032 2042 particeps
1078 1974 1199 2043 ejus
1225 1983 1327 2029 est.
1371 1994 1390 2026 ι
1430 1974 1554 2030 Haec
1597 1974 1863 2032 Plotinus.
1906 1975 2040 2043 Quae
2078 1977 2185 2033 hoc
2243 1979 2364 2033 loco
2436 1979 2732 2049 persecuti,
2784 1979 2921 2033 nihil
2954 1978 3054 2034 abs
3097 1992 3156 2032 re
3201 1976 3517 2045 fecerimus,
3569 1976 3616 2032 si
3656 1992 3723 2032 ex

458 2055 780 2130 Porphyrio,
803 2075 926 2130 quae
953 2063 1022 2118 ad
1054 2062 1320 2118 Boethum
1345 2063 1424 2118 De
1444 2065 1621 2119 animo
1647 2065 1856 2132 scribit,
1883 2067 2140 2138 deinceps
2170 2078 2494 2126 attexemus.

1074 2193 1304 2249 CAPUT
1330 2196 1424 2251 XI.

608 2281 682 2337 De
711 2283 909 2348 eodem,
949 2300 1014 2338 ex
1046 2284 1335 2358 Porphyrii
1371 2287 1439 2341 ad
1463 2287 1721 2342 Boethum
1744 2303 1895 2358 opere

1094 2354 1171 2410 De
1198 2354 1402 2412 animo.

537 2464 558 2500 ς
613 2446 752 2516 lam,
799 2448 996 2520 inquit,
1025 2451 1287 2507 adversus
1331 2467 1456 2507 eum
1483 2493 1500 2520 ,
1538 2452 1633 2521 qui
1680 2451 2040 2508 entelechiam

463 2539 709 2595 animum
738 2548 916 2606 vocat,
945 2541 1126 2612 itaque
1154 2542 1488 2598 immobilem
1515 2556 1638 2599 esse
1684 2543 1822 2610 vult,
1866 2551 1928 2598 ut
1960 2553 2044 2600 ta-

462 2648 588 2688 men
619 2634 725 2688 alia
780 2635 1232 2706 moveat;813
1277 2635 1665 2705 disputandum
1715 2636 1771 2690 in
1825 2637 2038 2706 primis,

466 2721 608 2776 unde
637 2722 851 2778 afﬂatus
884 2722 972 2778 ille
1013 2723 1330 2790 animantis,
1363 2739 1490 2780 cum
1535 2724 1654 2794 ipse
1689 2724 1911 2794 quidem
1948 2741 2042 2782 eo-

458 2829 584 2870 rum
612 2831 734 2886 qua:
764 2816 932 2882 videt,
966 2832 1197 2887 qumque
1221 2818 1485 2888 loquitur,
1516 2817 1652 2871 nihil
1687 2817 1957 2890 intelligit,
1987 2826 2044 2874 et

461 2912 640 2960 tamen
671 2905 889 2961 animus
919 2921 1026 2961 non
1058 2907 1112 2961 id
1142 2907 1289 2978 quod
1314 2906 1487 2975 adest,
1512 2905 1771 2977 quodque
1797 2921 2042 2979 praesens

459 3008 564 3064 est,
595 2997 690 3054 sed
721 2999 866 3069 quod
896 2998 1138 3055 futurum
1166 3001 1430 3065 intuetur,
1453 3009 1507 3056 et
1530 3017 1630 3073 pro
1657 3002 1805 3058 illius
1832 3002 2044 3057 ratione

461 3103 528 3144 ac
552 3098 749 3145 natura
792 3100 1188 3148 commovetur.
1238 3089 1443 3149 Deinde
1499 3093 1556 3148 in
1597 3094 1716 3164 ipsa
1769 3093 2042 3150 constitu-

460 3181 610 3237 tione
644 3181 959 3247 animantis,
982 3183 1128 3238 unde
1157 3183 1375 3238 tandem
1413 3182 1659 3254 ejusdem
1693 3183 1862 3238 animi
1904 3199 2041 3239 con-

463 3273 608 3337 silia,
651 3274 1084 3344 disquisitiones,
1131 3277 1460 3342 voluntates,
1498 3292 1621 3345 quae
1643 3275 1890 3346 profecto
1919 3292 2042 3332 mo-

459 3373 645 3418 menta
678 3365 928 3434 quaedam
956 3366 1121 3420 animi
1149 3375 1298 3433 sunt,
1326 3383 1435 3422 non
1473 3368 1739 3437 corporis.
1779 3387 1798 3420 ι
1829 3367 2044 3434 Quibus

460 3452 718 3524 deinceps
745 3455 815 3509 ita
850 3455 1172 3527 subjungit:
1215 3474 1234 3508 ι
1273 3457 1532 3512 Animum
1558 3466 1742 3514 autem
1788 3459 1874 3512 vel
1916 3475 2042 3529 gra-

2655 2182 3053 2236 ΚΕΦΑΛΔΙΟΝ
3091 2185 3193 2236 lA'.

2143 2274 2482 2344 Πορφυρίου
2511 2275 2643 2345 περὶ
2673 2274 3160 2417 τοὲριέῗτρρῗὶξέτὸ
3180 2274 3300 2330 τῶν
3320 2277 3470 2345 πρὸς
3495 2280 3727 2346 Βόηθον

2792 2376 2815 2396 ρ.
2949 2377 2951 2382 -
3065 2383 3075 2415 ι
3113 2384 3127 2399 .

2792 2376 2876 2415 ειη
2928 2376 3127 2415 Ψυμλε·

2218 2454 2236 2486 ‹
2279 2435 2423 2507 Πρὸς
2447 2436 2503 2488 δὲ
2527 2437 2624 2508 τὴν
2652 2436 2985 2506 ἐντελέχειαν
3020 2437 3131 2508 (94)
3154 2437 3253 2510 τὴν
3273 2436 3450 2510 ψυχὴν
3483 2439 3724 2506 εἰπόντα,

2141 2524 2237 2579 καὶ
2279 2526 2535 2596 ἀκίνητον
2582 2526 2862 2590 παντελῶς
2921 2524 3088 2582 οὖσαν
3151 2531 3320 2583 κινεῖν
3367 2530 3725 2602 ὑπειληφότα,

2143 2618 2335 2691 ῥητέον
2371 2619 2532 2672 πόθεν
2562 2620 2614 2672 οἱ
2664 2619 3042 2692 ἐνθουσιασμοὶ
3097 2620 3190 2675 τοῦ
3224 2621 3385 2687 ζώου,
3415 2623 3578 2694 μηδὲν
3631 2627 3727 2695 μὲν

2144 2709 2410 2776 ξυνιέντος
2433 2705 2507 2765 ὧν
2539 2712 2640 2783 ὁρᾷ
2666 2729 2725 2765 τε
2778 2712 2871 2766 καὶ
2900 2711 3066 2781 λέγει,
3100 2713 3199 2783 τῆς
3235 2714 3292 2767 δὲ
3325 2714 3505 2786 ψυχῆς
3543 2717 3636 2768 καὶ
3667 2715 3727 2768 τὸ

2145 2800 2337 2872 μέλλον
2369 2803 2462 2855 καὶ
2515 2804 2589 2874 μὴ
2616 2802 2849 2868 ἐνεστὼς
2884 2803 3209 2876 βλεπούσης,
3251 2805 3512 2860 καὶκατὰ
3557 2807 3725 2861 ταύτὸ

2143 2893 2491 2965 κινουμένης.
2526 2894 2695 2948 Πόθεν
2725 2895 2782 2948 δὲ
2812 2897 2907 2949 καὶ
2941 2896 3033 2949 ἐπὶ
3087 2897 3189 2967 τῆς
3223 2897 3316 2951 τοῦ
3356 2897 3492 2963 ζὼου
3533 2898 3730 2954 συστά-

2145 3001 2302 3048 σεως,
2335 2987 2392 3039 αἱ
2416 2986 2514 3057 τῆς
2531 2986 2626 3040 τοῦ
2657 2985 2795 3050 ζὼου
2815 2987 2991 3060 ψυχῆς
3018 2987 3201 3058 βουλαί
3226 3006 3306 3055 τε,
3365 2991 3458 3047 καὶ
3487 2992 3724 3061 σκέψεις,

2143 3076 2237 3129 ml.
2265 3075 2512 3146 θελήσεις
2569 3079 2732 3148 ῥοπαὶ
2782 3072 2938 3131 οὖσαι
3000 3079 3102 3149 τῆς
3145 3079 3344 3151 ψυχῆς,
3401 3081 3496 3134 καὶ
3544 3081 3605 3135 ού
3632 3081 3725 3136 τοῦ

2146 3166 2418 3239 σώματος.
2457 3188 2476 3221 ι
2531 3165 2646 3223 Εἶθ’
2689 3170 2816 3243 ἑξῆς
2856 3171 3120 3242 ἐπιλέγει·
3183 3193 3202 3225 ί
3245 3175 3319 3227 Τὸ
3371 3175 3429 3229 δὲ
3460 3175 3726 3249 βαρύτητι

2143 3256 2463 3320 ἀπεικάζειν
2503 3258 2605 3329 τὴν
2652 3259 2854 3330 ψυχὴν,
2914 3261 2946 3330 ἢ
3007 3263 3253 3335 ποιότησι
3308 3267 3606 3336 μονοειδέσι
3637 3270 3729 3323 καὶ

2143 3347 2419 3419 ἀκινήτοις
2454 3355 2814 3420 σωματικαῖς,
2862 3352 2983 3406 καθ’
3017 3353 3085 3418 ἃς
3130 3355 3162 3426 ἢ
3215 3360 3465 3426 κινεῖται,
3509 3360 3542 3431 ἢ
3578 3363 3729 3418 ποιόν

2146 3442 2260 3493 ἐστι
2315 3435 2380 3494 τὸ
2423 3442 2801 3514 ὑποκείμενον,
2863 3448 3282 3513 ὲκπεπτωκότος
3342 3445 3410 3522 ῆν
3463 3451 3646 3506 τέλεον
3689 3453 3725 3526 ἦ

460 3545 650 3610 vitati,
700 3546 781 3600 vel
830 3548 1110 3614 corporeis
1156 3548 1484 3617 quibusdam
1537 3558 1591 3603 et
1640 3550 2038 3616 immobilibus,

2146 3532 2416 3605 ἑκόντος-ἢ
2449 3534 2674 3598 ἄκοντος
2705 3536 2806 3606 τῆς
2830 3537 3066 3610 ψυχικῆς
3108 3539 3284 3605 ἀξίας·
3346 3542 3440 3594 καὶ
3479 3541 3727 3613 οὐδαμῶς

459 3635 735 3706 uniusque
787 3634 978 3691 formae
1021 3638 1379 3707 qualitatibus
1417 3641 1654 3696 similem
1709 3641 1910 3708 facere,
1944 3658 2044 3712 pro

461 3727 664 3798 quibus
713 3737 807 3782 aut
849 3737 1098 3783 movetur
1138 3731 1284 3800 quod
1334 3732 1401 3788 iis
1441 3733 1748 3803 subjectum
1786 3743 1888 3798 est,
1948 3743 2044 3789 aut

463 3817 573 3874 tale
603 3817 733 3887 quid
763 3817 1022 3886 edicitur;
1059 3819 1296 3876 hominis
1333 3830 1509 3890 esset,
1568 3832 1664 3878 aut
1710 3833 1904 3893 sponte
1949 3834 2044 3879 aut

461 3919 661 3979 praeter
687 3909 1023 3964 voluntatem
1056 3911 1125 3966 ab
1154 3911 1324 3965 animi
1372 3909 1637 3983 dignitate
1665 3929 1893 3984 prorsus
1943 3915 2042 3970 ab-

461 4001 721 4063 errantis.
751 4016 854 4057 nec
896 4001 1131 4059 videntis
1163 4004 1275 4058 ullo
1309 4005 1495 4071 modo,
1532 4006 1701 4060 animi
1751 4009 2043 4078 praesentia

459 4089 644 4144 vivum
681 4091 797 4146 fieri
848 4107 1051 4163 corpus
1095 4095 1412 4160 animantis,
1446 4105 1508 4152 ut
1554 4099 1696 4169 ignis
1728 4101 2039 4169 praesentia,

459 4181 642 4236 vicina
692 4181 748 4237 in
779 4197 918 4253 aqua
954 4199 1050 4254 per
1092 4186 1328 4256 seipsam
1375 4186 1608 4259 frigida,
1641 4191 1792 4245 calor
1833 4193 2042 4247 excita-

461 4283 573 4338 tur,
614 4284 669 4330 et
692 4291 788 4331 aer
813 4276 906 4346 qui
949 4278 1156 4348 absque
1201 4279 1333 4334 solis
1374 4279 1580 4336 lumine
1625 4282 1897 4340 obscurus
1926 4300 2044 4340 ma-

460 4375 612 4435 neat,
645 4367 888 4433 ejusdem
919 4377 1043 4424 ortu
1089 4370 1459 4426 collustratur.
1509 4373 1676 4443 Atqui
1735 4390 1836 4430 nec
1887 4392 2044 4445 aqua:

461 4459 632 4526 calor,
668 4461 810 4532 ignis
832 4459 985 4517 calor
1014 4471 1117 4526 est,
1163 4471 1257 4518 aut
1279 4464 1507 4534 ipsemet
1534 4465 1676 4536 ignis
1704 4483 1719 4533 ;
1771 4481 1874 4521 nec
1901 4468 2043 4523 aeris

461 4556 579 4622 lux,
615 4556 920 4627 ingenitum
970 4555 1073 4611 soli
1123 4555 1328 4611 lumen.
1354 4557 1436 4610 Ita
1468 4559 1718 4627 corporis
1757 4559 2041 4628 animatio,

462 4663 585 4718 qure
631 4663 755 4702 cum
790 4646 1053 4718 gravitate
1093 4648 1330 4716 quadam
1371 4657 1426 4704 et
1475 4662 1736 4718 corporea
1783 4652 2044 4720 qualitate

463 4736 764 4802 confertur,
811 4737 1029 4791 animus
1062 4735 1151 4790 ille
1201 4751 1310 4790 non
1350 4744 1453 4802 est,
1496 4740 1592 4808 qui
1645 4740 1942 4796 collocatus
1985 4741 2042 4795 in

465 4844 696 4899 corpore
720 4869 737 4896 ,
783 4828 1002 4883 vitalem
1037 4828 1088 4882 ei
1122 4827 1413 4898 quemdam
1465 4839 1659 4900 suapte
1699 4831 1752 4885 vi
1788 4831 2038 4900 spiritum
2073 4870 2118 4925 Β

463 4917 721 4974 infundit.
759 4936 778 4970 ι
823 4917 1081 4988 Idemque
1128 4926 1353 4987 postea:
1391 4937 1411 4969 ‹
1450 4917 1584 4984 Quae
1611 4921 1679 4976 de
1723 4921 1908 4976 animo
1952 4922 2040 4976 di-

462 5021 662 5067 cuntur
687 5011 756 5066 ab
788 5010 928 5077 aliis,
963 5026 1026 5066 ea
1056 5026 1157 5065 nos
1184 5023 1328 5068 certe
1349 5013 1568 5083 quidem
1591 5012 1803 5082 pudore
1831 5014 2042 5069 suffun-

462 5101 621 5156 dunt.
654 5099 827 5166 Quem
859 5102 1003 5156 enim
1031 5102 1364 5160 definitionis
1395 5103 1517 5172 ejus
1550 5119 1659 5159 non
1695 5105 1915 5174 pudeat,
1944 5121 2042 5175 per

466 5207 635 5263 quam
663 5192 880 5248 animus
907 5191 1155 5262 corporis
1186 5193 1454 5249 naturalis
1484 5203 1540 5250 et
1567 5193 1809 5266 organici
1839 5197 2042 5252 entele—

467 5283 593 5338 chia
621 5283 1021 5340 constituitur?
1049 5283 1151 5340 Cui
1188 5301 1295 5340 non
1325 5285 1444 5356 ejus
1492 5286 1833 5358 indignitatis
1879 5289 2040 5359 plena

465 5375 711 5431 videatur
748 5375 948 5442 oratio,
978 5375 1075 5448 qui
1108 5389 1173 5431 eo
1205 5376 1290 5431 vel
1323 5377 1596 5447 spiritum,
1628 5379 1713 5434 vel
1742 5379 2040 5450 spiritalem

466 5464 647 5534 ignem
699 5468 966 5523 contineri
1017 5469 1231 5546 docegt,
1285 5469 1381 5540 qui
1438 5472 1846 5526 circumstantis
1898 5473 2042 5527 aeris

541 5662 654 5745 (εξ.)
692 5666 817 5745 ξ’ρτι
862 5665 961 5745 ἢν.
1009 5666 1423 5745 Reponendurn_
1450 5669 1718 5745 arbitror,
1767 5673 1797 5725 ὅ
1854 5690 1907 5726 τι
1946 5668 2034 5745 ἦν.

469 5733 1008 5812 Apndphilosopbos
1032 5733 1200 5812 enim,
1229 5740 1290 5790 τὸ
1313 5739 1366 5791 τὶ
1382 5733 1646 5812 Δἦνεῖναι,
1672 5733 2041 5812 frequentissi-

470 5819 619 5860 mutn
650 5813 754 5872 est,
784 5806 904 5860 ἀντὶ
939 5807 1038 5881 τῆς
1073 5807 1280 5876 οὐσίας,
1310 5806 1526 5880 καὶτῆς
1556 5806 1789 5881 φύσεωςζ

2145 3625 2579 3697 καθεωρακότος,
2625 3628 2701 3692 ὡς
2742 3631 3016 3702 παρουσίᾳ
3041 3631 3138 3702 μὲν
3159 3633 3256 3703 τῆς
3274 3632 3450 3704 ψυχῆς
3502 3635 3726 3698 ζωτικὸν

2145 3715 2336 3784 γέγονε
2357 3716 2418 3769 τὸ
2441 3717 2534 3770 τοῦ
2559 3717 2696 3783 ζώου
2749 3721 2930 3791 σῶμα,
2987 3722 3062 3787 ὡς
3090 3725 3260 3795 πυρὸς
3304 3728 3575 3800 παρουσίᾳ
3603 3727 3727 3800 θερ-

2149 3806 2248 3875 μὸν
2283 3807 2343 3859 τὸ
2368 3808 2774 3879 παρακείμενον
2828 3811 2993 3884 ὕδωρ,
3036 3813 3243 3886 ψυχρὸν
3277 3815 3335 3869 ὃν
3400 3818 3517 3872 καθ’
3548 3819 3723 3870 ἑαυτό·

2145 3899 2240 3951 καὶ
2269 3898 2417 3970 ἡλίου
2438 3902 2666 3974 ἀνατολῇ
2729 3903 3067 3973 πεφὼτισταί
3113 3925 3176 3976 γε
3206 3910 3234 3961 ό
3273 3909 3404 3980 ἀὴρ,
3459 3911 3729 3974 σκοτεινὸς

2144 3989 2219 4042 ὢν
2251 3991 2378 4045 ἄνευ
2405 3993 2505 4063 τῆς
2529 3992 2717 4048 τούτου
2743 3995 3088 4067 ὲκλάμψεως.
3143 3999 3280 4052 Ἀλλ’
3303 3999 3426 4053 οὔτε
3457 4004 3489 4073 ἡ
3526 4001 3728 4074 θερμό-

2144 4096 2242 4151 της
2273 4080 2367 4134 τοῦ
2397 4081 2646 4154 ὕδατοςὴ
2696 4083 2965 4157 θερμότης
3005 4081 3075 4157 ἦν
3122 4087 3214 4141 τοῦ
3275 4089 3464 4160 πυρὸς,
3512 4091 3634 4144 οὔτε
3667 4092 3727 4145 τὸ

2148 4171 2278 4240 πῦρ,
2310 4168 2432 4224 οὔτε
2454 4171 2516 4225 τὸ
2545 4172 2727 4243 ἀέριον
2767 4173 2882 4243 φῶς
2919 4175 2980 4227 τὸ
3015 4174 3292 4246 σύμφυτον
3312 4177 3389 4248 τῷ
3428 4178 3563 4250 ἡλίῳ
3591 4180 3724 4250 φῶς.
3797 4207 3810 4224 ο

2157 4261 2430 4327 Ὡσαύτως
2451 4262 2572 4316 οὐδὲ
2599 4265 2632 4335 ἡ
2655 4263 2747 4317 τοῦ
2773 4263 3022 4337 σώματος
3043 4267 3304 4338 ὲμψυχία,
3349 4270 3470 4340 ἥτις
3491 4269 3632 4324 ἔοικε
3660 4275 3724 4342 τῇ

2147 4351 2410 4424 βαρύτητι
2435 4355 2529 4407 καὶ
2569 4357 2636 4426 τῇ
2690 4357 2818 4426 περὶ
2845 4357 3002 4428 σῶμα
3034 4359 3299 4429 ποιότητι,
3347 4362 3382 4432 ἡ
3412 4361 3556 4433 ψυχὴ
3604 4365 3636 4433 ἡ
3670 4363 3726 4416 ἐν

2144 4443 2222 4514 τῷ
2249 4442 2465 4515 σώματι
2495 4447 2917 4516 καταταχθεῖσα,
2948 4447 3015 4500 δι’
3044 4449 3111 4519 ῆν
3143 4451 3237 4502 καὶ
3261 4452 3426 4523 πνοῆς
3452 4470 3595 4514 τινος
3623 4452 3726 4516 ζω-

2145 4535 2302 4605 τικῆς
2339 4533 2570 4606 μετέσχε
2624 4536 2686 4588 τὸ
2741 4536 2918 4607 σῶμα.
2952 4557 2971 4589 ›
3030 4535 3148 4593 Εἶθ’
3200 4539 3326 4610 ἑξῆς
3394 4541 3510 4612 μεθ’
3564 4543 3724 4612 ἕτερα

2146 4628 2410 4697 ἐπιλέγει⁶
2447 4648 2466 4680 ι
2507 4629 2589 4683 Τὰ
2619 4630 2716 4700 μὲν
2748 4627 2840 4684 οὖν
2865 4631 2999 4684 ἄλλα
3023 4633 3124 4686 ὅσα
3144 4633 3272 4705 περ)⁵
3301 4634 3468 4706 αὐτῆς
3496 4637 3723 4708 εἰρήκα-

2148 4736 2232 4772 σιν
2263 4720 2429 4784 ἄλλοι,
2450 4721 2710 4792 αἰσχύνην
2740 4724 2869 4794 ἡμῖν
2894 4724 3066 4797 φέρει.
3097 4724 3221 4788 Πῶς
3241 4725 3350 4796 γὰρ
3377 4727 3477 4779 οὐκ
3505 4728 3724 4799 αἰσχρὸς

2145 4813 2173 4863 ό
2201 4810 2538 4881 ἐντελέχειαν
2577 4813 2746 4876 τιθεὶς
2772 4813 2870 4884 τὴν
2909 4814 3086 4885 ψυχὴν
3128 4815 3314 4882 λόγοςς
3349 4816 3596 4888 σώματος
3627 4836 3712 4887 φυ·

2149 4902 2304 4954 σικοῦ
2337 4903 2668 4972 ὀργανικοῦ;
2731 4903 2858 4968 Πῶς
2903 4904 2961 4957 δὲ
3010 4907 3111 4958 οὐκ
3161 4907 3422 4978 αἰσχύνης
3479 4909 3663 4978 γέμων
3696 4910 3723 4962 ὁ

2147 4990 2365 5062 πνεῦμά
2391 5010 2505 5056 πως
2529 4992 2672 5063 ἔχειν
2701 4994 2869 5064 αὐτὴν
2898 4995 3254 5068 ἀποδιδοὺς,ἢ
3291 4997 3401 5069 πῦρ
3433 5000 3634 5070 νοερὸν,
3658 5003 3720 5071 τῇ

2148 5083 2431 5154 περιψύξει
2459 5085 2554 5137 καὶ
2585 5081 2696 5138 οἷον
2728 5084 2872 5156 βαφῇ
2920 5084 3015 5138 τοῦ
3045 5087 3205 5159 ἀέρος
3242 5090 3509 5158 ἀναφθὲν,
3537 5091 3569 5160 ἢ
3604 5109 3724 5144 cro-.-

2150 5175 2363 5247 μωθέν;
2389 5176 2418 5228 ὅ
2447 5191 2508 5227 τε
2533 5176 2750 5246 ἀτόμων
2775 5176 3046 5248 ἄθροισμα
3076 5178 3219 5243 θεὶς,
3249 5179 3280 5250 ἢ
3319 5181 3454 5245 ὅλως
3481 5182 3590 5234 ἀπὸ
3622 5181 3724 5234 σώ-

2152 5283 2320 5336 ματος
2343 5265 2512 5336 αὐτὴν
2540 5265 2830 5334 γεννᾶσθαι
2857 5266 3319 5338 ἀποφαινόμενος;
3353 5286 3373 5320 ι
3417 5270 3512 5323 Ὃν
3543 5268 3607 5340 δὴ
3635 5269 3722 5320 λό-

2146 5375 2243 5425 γον
2271 5357 2537 5428 ἐννόμοις
2580 5355 2792 5410 ἀσεϐῶν
2838 5357 3006 5428 ἀσεϐῆ
3053 5353 3191 5412 εἶναι
3242 5360 3578 5429 ἀπεφὴνατο.
3624 5359 3722 5411 Αἱ-

2149 5446 2350 5520 σχύνης
2380 5443 2474 5501 οὖν
2498 5448 2702 5511 πάντες
2722 5440 2867 5500 οὗτοι
2898 5446 3124 5519 πλήρεις
3157 5447 3323 5516 λόγοι.
3384 5449 3508 5505 Ἐπὶ
3555 5448 3611 5503 δὲ
3642 5449 3721 5520 τῷ

2221 5675 2336 5758 (Ξῆ
2371 5676 2529 5759 Πρός
2661 5675 2776 5744 τὴν
2813 5677 3006 5759 errat.
3043 5677 3414 5749 Porphyriana
3447 5678 3563 5736 haec
3592 5676 3717 5736 Plo-

2149 5747 2370 5806 tinianis
2404 5747 2716 5805 robustiora
2741 5763 2848 5804 non
2877 5758 3023 5803 sunt.
