4144 6404
391 395 527 451 1557
1530 379 1853 436 ΡΒᾸΞΡΑΒ.
1897 378 1988 434 EV

2093 379 2155 434 ϐ.
2199 377 2329 432 LIB.
2368 375 2485 430 XV.
3518 369 3658 424 I358

382 507 601 575 λέγοντι
656 503 1007 574 αὐτοκίνητον
1061 499 1250 553 οὐσίαν
1295 499 1396 551 οὐκ
1471 497 1536 550 ἄν
1588 512 1706 561 τις,
1769 493 1972 564 φησὶν,

2093 492 2512 563 refrigeratione,
2558 501 2613 546 et
2660 503 2883 560 asperso
2925 487 3084 558 quasi
3115 487 3366 549 humore,
3401 479 3485 536 vcl
3531 497 3658 537 suc-

391 599 727 669 αἰσχυνθείη.

2093 583 2360 648 tendatur,
2425 582 2506 636 vel
2553 582 2712 636 etiam
2756 579 3092 634 roboretur?
3141 578 3273 644 Quis
3331 579 3393 634 de
3428 590 3494 628 eo
3545 591 3656 629 non

394 691 537 744 idem
584 687 804 752 sentiat,
849 673 946 754 qui
976 690 1070 738 aut
1126 698 1193 736 ex
1244 691 1550 735 atomorum
1603 679 1991 750 conjunctione
2034 674 2350 737 conﬂatum,
2380 681 2474 727 aut
2513 673 2738 727 omnino
2789 688 2850 727 ex
2915 685 3143 739 corpore
3168 681 3514 739 procreatum
3541 671 3661 725 ani-

395 789 544 839 m'um
583 782 918 838 arbitretur?
957 797 976 832 ι
1025 778 1198 844 Quam
1237 793 1369 831 sane
1407 776 1709 830 doctrinam
1774 777 2002 844 ipsemet
2039 773 2094 825 in
2157 770 2390 841 legibus,
2423 778 2476 822 et
2505 767 2795 837 impiorum
2833 767 3139 826 hominum,
3168 774 3222 818 et
3267 765 3489 835 impiam
3535 779 3662 819 esse

396 875 708 934 declaravit.
739 873 1032 944 Flagitiosa
1099 870 1261 939 igitur
1290 878 1342 923 et
1370 868 1591 939 indigna
1621 876 1703 922 est
1736 864 2005 936 ejusmodi
2044 864 2224 916 omnis
2269 861 2466 915 oratio.
2512 860 2582 914 At
2627 859 2722 929 qui
2766 857 3030 920 animum,
3083 865 3334 910 naturam
3397 871 3495 925 per
3542 869 3664 911 sese

395 973 654 1028 mobilem
704 985 824 1026 esse
871 969 1143 1032 statuerit,
1202 967 1387 1036 hujus,
1446 961 1641 1036 inquit,
1702 979 1976 1021 neminem
2011 962 2135 1032 jure
2162 960 2382 1030 pudeat.

922 1081 1317 1135 ΚΕΦΑΛΛΙΟΝ
1345 1081 1448 1132 IB’.

399 1177 555 1246 Πρὸς
578 1173 916 1246 τὸν-αὐτὸν,
949 1171 1325 1246 διενεχθέντα
1351 1169 1444 1246 -τῷ
1482 1168 1753 1246 Πλάτωνι
1791 1169 1884 1246 καὶ
1909 1169 1982 1246 ἐν

469 1240 710 1312 τῷεπερὶ
738 1243 847 1310 τῆς
893 1246 1154 1297 καθόλου
1205 1240 1413 1310 ψυχῆς
1458 1242 1635 1311 λόγῳ.
1677 1240 1821 1294 Ἀπὸ
1859 1240 1980 1292 τῶν

464 1315 662 1371 αὐτῶν
703 1315 836 1385 (25).

472 1450 490 1481 ι
527 1431 648 1482 Ἔτι
697 1428 792 1481 τοῦ
849 1427 1136 1489 Πλάτωνος
1179 1425 1429 1493 λέγοντος
1477 1424 1577 1496 τὴν
1625 1423 1804 1494 ψυχὴν
1861 1423 1977 1476 δια-

397 1522 620 1591 κοσμεῖν
645 1517 713 1570 τὰ
745 1517 942 1581 πάντα,
965 1515 1256 1587 διήκουσαν
1283 1514 1372 1568 διὰ
1406 1513 1643 1577 πάντων,
1699 1514 1796 1566 καὶ
1850 1512 1978 1566 ταύ-

397 1630 517 1682 την,
543 1612 633 1680 ἀφ’
665 1605 732 1681 ἦς
754 1610 847 1662 καὶ
879 1610 928 1661 οί
972 1607 1150 1660 λοιποὶ
1193 1605 1512 1659 διοικεῖσθαι
1548 1607 1880 1677 συγχωροῖεν
1912 1604 1978 1657 ἂν

397 1704 624 1764 ἕκαστα,
661 1704 754 1756 καὶ
784 1701 948 1772 μηδὲν
999 1700 1124 1754 ἄλλο
1165 1694 1301 1752 εἶναι
1334 1698 1434 1768 τὴν
1469 1697 1630 1767 φύσιν
1672 1697 1704 1768 ἢ
1761 1697 1938 1766 ψυχὴν
1961 1736 1975 1759 ,

398 1794 492 1846 καὶ
515 1792 755 1862 δηλονότι
780 1791 957 1862 ψυχὴν
988 1791 1088 1843 οὐκ
1115 1790 1329 1857 ἄλογον,
1367 1789 1461 1842 καὶ
1493 1790 1556 1841 ὲκ
1583 1787 1786 1841 τούτων
1852 1804 1974 1839 συντ

397 1885 641 1953 άγοντος,
677 1887 762 1938 ὅτι
803 1885 978 1937 πάντα
1005 1883 1146 1937 κατὰ
1177 1883 1433 1954 πρόνοιαν
1460 1882 1692 1950 γίνεται,
1717 1881 1770 1934 ετ
1787 1897 1850 1948 γε
1885 1881 1979 1933 καί

399 1977 542 2031 κατὰ
561 1977 740 2044 φύσινο
775 1977 912 2048 πρὸς
949 1978 1101 2031 οὐδὲν
1155 1977 1360 2031 τούτων
1419 1978 1551 2047 ἡμῖν
1605 1973 1980 2046 Ἀριστοτέλης

397 2069 670 2139 ὁμολογεῖ.
705 2069 778 2121 Οὐ
815 2068 924 2140 γὰρ
970 2067 1112 2123 εἶναι
1155 2071 1255 2140 τὴν
1322 2069 1487 2139 φύσιν
1533 2069 1732 2139 ψυχὴν,
1779 2067 1874 2120 καὶ
1912 2067 1981 2119 τά

397 2161 526 2232 περὶ
553 2161 657 2231 γῆν
688 2161 793 2214 ὑπὸ
825 2163 954 2232 μιᾶς
989 2162 1201 2232 φύσεως
1220 2161 1555 2216 διοικεῖσθαι.
1584 2155 1736 2214 Εἶναι
1769 2159 1878 2229 γὰρ
1897 2158 1980 2226 ἐφ’

399 2254 615 2324 ἑκάστῳ
634 2253 741 2307 τῶν
770 2255 1112 2325 πραγμάτων
1152 2254 1316 2318 ἄλλας
1345 2255 1438 2308 καὶ
1494 2253 1595 2317 τὰς
1633 2252 1743 2322 (26)
1779 2251 1978 2312 αἰτίας.

401 2345 521 2398 Τῶν
555 2345 652 2416 μὲν
677 2345 786 2417 γὰρ
814 2345 1078 2417 οὐρανίων
1114 2347 1200 2398 ἀεὶ
1229 2346 1370 2400 κατὰ
1409 2343 1478 2398 τὰ
1527 2343 1668 2398 αὐτὰ
1697 2345 1791 2397 καὶ
1807 2341 1985 2395 ὡσαύ-

397 2448 506 2494 τως
532 2432 786 2501 ὲχόντων,
821 2433 1002 2488 αἰτίαν
1029 2434 1129 2505 τὴν
1161 2434 1500 2506 εἱμαρμένην
1537 2433 1842 2503 ὑποτίθησι⁸
1877 2433 1985 2486 τῶν

398 2521 456 2576 δὲ
494 2524 600 2577 ὑπὸ
656 2523 884 2596 σελήνην
937 2525 1037 2597 τὴν
1093 2525 1276 2596 φύσιν⁶
1336 2526 1443 2580 τῶν
1493 2525 1551 2579 δὲ
1596 2525 1983 2597 ἀνθρωπίνων,

400 2616 664 2688 φρόνησιν
696 2618 789 2670 καὶ
816 2617 1093 2688 πρόνοιαν,
1115 2617 1222 2672 ’καὶ
1241 2619 1445 2690 ψυχήν·
1479 2617 1541 2672 τὸ
1583 2619 1682 2689 μὲν
1711 2617 1986 2688 γλαφυρὸν

395 2707 455 2759 ὲν
502 2708 625 2768 ταῖς
670 2707 949 2770 τοιαύταις
1017 2704 1333 2780 διαιρέσεσι’
1373 2707 1768 2780 παρεχόμενος,
1822 2707 1883 2760 τὸ
1929 2708 1986 2762 δὲ

399 2799 692 2866 ἀναγκαῖον
727 2798 788 2850 οὺ
812 2797 1074 2871 συνορῶν.
1106 2800 1170 2852 Εἰ
1195 2799 1305 2872 γὰρ
1354 2799 1428 2872 μὴ
1472 2799 1569 2870 μία
1624 2800 1710 2870 εἴη
1759 2799 1986 2870 δύναμις

400 2889 659 2960 ἔμψυχος,
684 2889 947 2960 διήκουσα
996 2891 1084 2944 διά
1129 2890 1222 2945 τοῦ
1262 2893 1482 2956 παντὸς,
1519 2893 1613 2946 καὶ
1658 2892 1836 2945 πάντα
1865 2908 1988 2943 συν-

398 2980 562 3033 δοῦσα
583 2981 679 3034 καὶ
705 2981 1024 3051 συνέχουσα,
1064 2980 1176 3034 οὔτ’
1199 2981 1265 3035 ἂν
1309 2981 1547 3050 εὐλόγως
1593 2983 1656 3036 τὸ
1699 2984 1808 3036 πᾶν
1862 2981 1986 3036 οὔτε

400 3071 581 3134 καλῶς
625 3071 994 3143 διοικούμενον
1022 3069 1162 3125 εἶναι
1185 3071 1424 3126 δύναιτο.
1458 3073 1574 3142 Τῆς
1626 3071 1674 3124 δ’
1703 3071 1874 3142 αὐτῆς
1919 3066 1988 3143 ἦν

2694 1065 2924 1121 CAPUT
2950 1064 3065 1120 XII.

2083 1166 2348 1220 Adversus
2385 1161 2646 1219 eumdem.
2685 1160 2741 1212 in
2772 1161 2869 1213 illa
2907 1163 3067 1211 etiam
3097 1156 3160 1211 de
3211 1158 3441 1212 universi
3488 1159 3664 1212 animo

2173 1236 2534 1304 disputatione
2563 1251 2596 1286 ιι
2625 1231 2850 1284 Platone
2879 1230 3240 1284 dissidentem.
3272 1228 3357 1283 Ea:
3383 1228 3579 1284 Attico.

2153 1430 2322 1502 814
2353 1449 2370 1482 ι
2432 1429 2720 1491 Praeterea,
2771 1443 2896 1483 cum
2946 1426 3122 1489 Plato,
3176 1426 3372 1496 inquit,
3423 1425 3664 1479 animum

2086 1533 2283 1579 cuncta
2311 1531 2680 1592 permeantem
2713 1521 2875 1575 rebus
2897 1520 3154 1574 omnibus
3180 1528 3433 1574 ornatum
3477 1516 3666 1570 aﬁ‘crre

2085 1615 2251 1679 dicat,
2293 1624 2454 1683 atque
2501 1613 2768 1682 ejusmodi
2809 1627 2952 1674 esse,
3004 1627 3166 1682 quem
3217 1626 3316 1665 sua
3369 1610 3418 1662 vi
3452 1607 3665 1676 singula

2087 1703 2360 1758 moderari
2401 1717 2466 1757 ac
2488 1717 2676 1772 regere
2705 1703 2890 1756 caeteri
2939 1717 3160 1770 quoque
3188 1700 3420 1755 libenter
3467 1711 3666 1752 conce-

2085 1797 2237 1861 dant,
2272 1803 2528 1850 naturam
2585 1809 2772 1864 porro,
2806 1794 2952 1848 aliud
3004 1808 3125 1848 esse
3173 1793 3310 1846 nihil
3353 1805 3514 1861 quam
3547 1787 3669 1842 ani-

2083 1901 2256 1952 mum,
2289 1900 2524 1955 eumque
2557 1892 2705 1939 certe
2736 1899 2844 1938 non
2898 1885 3127 1938 rationis
3164 1892 3439 1953 expertem
3469 1900 3482 1936 :
3517 1882 3670 1936 inde-

2083 1993 2191 2046 que
2219 1976 2528 2041 concludat,
2561 1977 2743 2029 omnia
2775 1991 2898 2046 quaa
2923 1985 3135 2029 naturae
3176 1975 3257 2030 vis
3286 1973 3507 2038 efficiat,
3537 1971 3672 2027 Pro-

2083 2069 2337 2124 videntiae
2371 2069 2602 2123 consilio
2650 2069 2816 2122 fieri:
2869 2068 3006 2122 nihil
3058 2082 3248 2122 eorum
3299 2075 3402 2130 est,
3460 2065 3515 2118 in
3559 2080 3670 2133 quo

2086 2161 2372 2215 nobiscum
2409 2159 2686 2214 Aristoteli
2729 2158 3039 2213 conveniat.
3075 2157 3127 2212 ls
3155 2157 3298 2212 enim
3328 2168 3380 2210 et
3419 2165 3669 2209 naturam

2085 2253 2330 2306 animum
2359 2267 2502 2315 esse,
2533 2260 2588 2305 et
2620 2253 2787 2306 unius
2834 2260 3044 2303 tantum
3082 2259 3292 2303 natura:
3336 2248 3410 2311 vi,
3447 2263 3569 2318 qua:
3601 2246 3672 2301 ad

2087 2355 2286 2400 terram
2332 2343 2643 2413 pertinent,
2691 2341 2984 2412 gubernari
3030 2349 3210 2411 negat.
3267 2339 3475 2395 Causas
3525 2339 3671 2393 enim

2088 2429 2225 2483 alias
2261 2437 2426 2498 atque
2475 2427 2613 2481 alias
2653 2442 2834 2481 rerum
2881 2441 3002 2481 esse
3043 2426 3406 2496 singularum.
3443 2426 3521 2478 Ac
3563 2440 3674 2480 ea»

2087 2521 2304 2576 lestium
2334 2520 2577 2592 quidem,
2612 2528 2802 2574 ntuete
2831 2536 2954 2590 qua:
2997 2520 3206 2574 similes
3253 2533 3429 2588 usque
3462 2518 3675 2588 suiﬁet

2088 2613 2280 2668 eodem
2313 2629 2530 2683 semper
2577 2612 2634 2666 in
2674 2621 2818 2666 statu
2874 2620 3250 2681 permaneant,
3305 2625 3526 2666 causam
3560 2607 3673 2662 vul:

2088 2722 2208 2762 esse
2239 2706 2411 2761 fatum
2442 2723 2456 2772 ;
2483 2721 2673 2760 earum
2720 2719 2851 2759 vero
2882 2719 3004 2774 qua:
3033 2705 3159 2758 luna
3205 2703 3493 2758 inferiores
3524 2711 3672 2767 sunt,

2090 2807 2385 2865 naturam;
2416 2799 2783 2853 humanarum
2820 2795 3075 2866 denique,
3127 2796 3495 2866 prudentiam,
3539 2792 3677 2846 Pro-

2088 2889 2407 2952 videntiam,
2433 2897 2488 2941 et
2512 2887 2777 2941 animum.
2817 2888 2936 2952 Quo
2976 2887 3030 2938 in
3062 2900 3242 2939 rerum
3271 2897 3677 2951 causarumque

2088 2981 2408 3036 discrimine
2439 2979 2750 3042 statuendo,
2798 2988 3140 3034 venustatem
3178 2977 3417 3046 aliquam
3451 2986 3674 3032 secutus

2088 3081 2192 3136 est,
2221 3072 2367 3142 quod
2425 3071 2768 3126 necessitatis
2799 3081 2919 3126 erat
2951 3087 3060 3125 non
3112 3069 3268 3124 vidit.
3324 3067 3460 3123 Nam
3514 3069 3558 3123 si
3592 3069 3677 3122 vis

401 3162 490 3234 ἄρ’
519 3162 801 3234 ἀϐλεψίας,
834 3166 927 3217 καὶ
983 3164 1138 3217 πόλιν
1167 3164 1384 3217 ἐλπίσαι
1440 3164 1569 3218 ποτὲ
1608 3163 1789 3226 καλῶς
1819 3167 1988 3234 χωρὶς

2094 3178 2203 3218 una
2251 3162 2501 3232 quaedam
2557 3162 2800 3216 animata
2853 3177 2961 3217 non
3011 3170 3177 3224 esset,
3241 3176 3364 3230 quae
3419 3159 3673 3214 universa

402 3253 648 3318 ὲνώσεως
692 3255 1054 3324 διαγενέσθαι,
1085 3257 1181 3310 καὶ
1225 3257 1288 3310 τὸ
1335 3259 1443 3311 πᾶν
1493 3258 1614 3311 τόδε
1676 3258 1989 3328 ἡγήσασθαι

402 3345 682 3416 πάγκαλον
712 3347 791 3417 τῷ
819 3346 961 3418 λόγῳ
988 3347 1356 3416 διαφυλάξειν·
1405 3342 1516 3402 οἶόν
1574 3365 1680 3418 περ
1717 3348 1989 3417 φαίνεται,

405 3441 479 3512 μὴ
511 3439 850 3512 συνδήσαντα
898 3441 990 3493 καὶ
1038 3440 1456 3512 συναρμόσαντα
1484 3439 1602 3504 ἑνός
1630 3457 1775 3503 τινος
1800 3440 1988 3510 ὁμοίου

403 3531 676 3603 κοινωνίᾳ.
721 3532 832 3584 Καὶ
862 3530 1100 3588 τοιοῦτον
1133 3532 1233 3602 μέν
1291 3549 1344 3584 τι
1377 3532 1610 3603 πρᾶγμα
1655 3531 1716 3583 τὸ
1753 3530 1990 3584 διοικοῦν

403 3623 609 3677 ἕκαστα
646 3619 786 3677 εἷναί
811 3641 994 3694 φησιν,
1026 3618 1135 3677 οἷον
1157 3625 1331 3695 ἀρχὴν
1356 3621 1494 3678 εἶναι
1528 3623 1812 3694 κινήσεως·
1831 3621 1992 3674 τοῦτο

405 3717 462 3770 δὲ
496 3712 635 3770 εἶναι
663 3715 841 3787 ψυχὴν
864 3717 1146 3787 ὁμολογεῖν
1171 3717 1231 3769 οὐ
1263 3715 1529 3787 βούλεται·
1568 3715 1744 3768 καίτοι
1771 3715 1863 3767 καὶ
1897 3711 1992 3766 τοῦ

408 3810 691 3874 Πλάτωνος
747 3808 912 3863 αὐτοῦ
955 3809 1295 3873 δεικνύντος,
1361 3809 1444 3861 ὅτι
1495 3810 1608 3870 τοῖς
1656 3806 1995 3876 κινουμένοις

407 3902 612 3957 ἅπασιν
635 3903 778 3974 ἀρχὴ
805 3903 900 3956 καὶ
922 3902 1073 3974 πηγὴ
1101 3903 1200 3973 τῆς
1245 3902 1513 3972 κινήσεως
1539 3902 1572 3970 ὴ
1614 3899 1780 3969 ψυχή.
1825 3897 1936 3952 Καὶ
1968 3895 1996 3948 ὃ

410 3996 509 4066 μὲν
535 3995 601 4049 ἂν
623 3994 784 4066 ἔργον
844 3995 928 4066 εἴη
966 3994 1144 4064 ψυχῆς
1183 3993 1408 4062 λογικῆς
1473 3991 1568 4045 καὶ
1616 3991 1901 4061 φρονίμου,
1933 3987 1996 4040 τὸ

411 4089 577 4160 μηδὲν
603 4089 782 4160 μάτην
816 4089 1009 4150 ποιεῖν,
1048 4086 1207 4140 τοῦτο
1244 4085 1532 4155 ἀνατίθησι
1559 4086 1625 4155 τῇ
1659 4083 1840 4152 φύσει,
1896 4079 1992 4133 τοῦ

406 4179 462 4233 δὲ
484 4180 745 4253 ὀνόματος
774 4181 910 4251 αὐτῇ
939 4179 1038 4249 τῆς
1067 4177 1244 4248 ψυχῆς
1286 4178 1347 4230 οὐ
1401 4177 1768 4247 μεταδίδωσιν·
1806 4174 1996 4242 ὥσπερ

409 4271 474 4325 ὲκ
499 4272 609 4326 τῶν
627 4273 928 4343 ὀνομάτων,
976 4271 1090 4323 ἀλλ’
1127 4271 1228 4323 οὐκ
1280 4271 1345 4322 ἐκ
1402 4268 1512 4322 τῶν
1545 4267 1848 4336 δυνάμεων,
1884 4264 1992 4317 τῶν

407 4364 747 4434 πραγμάτων
769 4364 836 4416 λα
844 4362 1014 4435 μὸανο
1021 4361 1216 4433 μένων.

2094 3251 2419 3324 pervadens,
2455 3251 2738 3322 colligaret
2759 3251 2948 3307 eadem
2975 3259 3141 3319 atque
3166 3251 3492 3313 contineret,
3529 3263 3674 3301 nun-

2093 3361 2260 3416 quam
2310 3344 2475 3414 hujus
2527 3343 2582 3399 in
2627 3344 2870 3400 universi
2919 3343 3282 3414 dispositione
3331 3352 3544 3397 tantum
3590 3342 3678 3397 vel

2096 3439 2380 3510 sapientia:
2412 3439 2498 3493 vel
2524 3437 2948 3507 pulchritudinis
2969 3447 3302 3492 cerneretur.
3336 3435 3404 3490 E’.
3433 3434 3679 3506 ejusdem

2096 3526 2345 3598 profecto
2377 3527 2643 3582 caecitatis
2671 3535 2772 3593 est,
2821 3527 2900 3580 uti
2933 3526 3208 3581 civitatem
3253 3526 3493 3596 aliquam
3526 3540 3683 3595 egre—

2098 3619 2184 3690 gie
2212 3620 2332 3675 sine
2384 3617 2770 3687 conjunctione
2800 3618 3109 3673 habituram
3152 3633 3393 3688 sperare,
3445 3617 3519 3671 ita
3554 3617 3683 3672 huic

2101 3711 2379 3776 universo,
2410 3712 2669 3766 eximiam
2701 3710 2849 3765 illam
2880 3725 2945 3765 ac
2972 3709 3306 3782 singularem
3339 3724 3506 3776 quam
3557 3723 3680 3764 cer—

2100 3803 2285 3857 nimus
2323 3803 2562 3872 partium
2609 3801 2854 3856 omnium
2889 3802 3149 3871 speciem,
3195 3798 3485 3855 defendere
3515 3810 3566 3854 te
3594 3814 3685 3853 ra—

2104 3892 2420 3947 tiocinando
2449 3907 2611 3961 posse
2657 3892 2937 3958 arbitrari,
2968 3890 3074 3947 nisi
3105 3905 3168 3945 ea
3221 3891 3420 3945 similis
3449 3889 3684 3957 alicujus

2102 3985 2490 4040 communione
2529 3985 2814 4040 consocies
2861 3993 3024 4053 atque
3056 3983 3353 4040 devincias.
3389 3983 3682 4048 Caeterum,

2100 4077 2246 4147 quod
2303 4092 2389 4131 res
2428 4075 2673 4144 singulas
2725 4075 3073 4139 moderetur,
3122 4073 3177 4127 id
3227 4075 3446 4144 quidem
3499 4085 3682 4132 motus

2101 4165 2430 4235 principium
2454 4179 2577 4218 esse
2612 4163 2709 4231 ait,
2751 4163 2892 4217 idem
2941 4171 3123 4218 tamen
3159 4163 3405 4216 animum
3435 4177 3556 4219 esse
3601 4163 3684 4219 fa-

2103 4257 2204 4312 teri
2231 4270 2341 4310 non
2375 4255 2512 4316 vult,
2561 4253 2779 4307 tametsi
2815 4253 2980 4307 rebus
3023 4254 3077 4306 in
3108 4253 3364 4308 omnibus
3394 4269 3517 4322 quae
3560 4270 3686 4309 mo—

2104 4356 2321 4412 ventur,
2357 4345 2685 4415 principium
2717 4343 3038 4412 fontemque
3071 4353 3254 4399 motus
3286 4345 3530 4400 animum
3563 4361 3685 4404 esse

412 4451 570 4508 Plato
623 4455 1032 4510 demonstrarit.
1065 4452 1221 4519 Quod
1246 4459 1431 4505 autem
1484 4449 1653 4504 animi
1686 4449 1898 4502 ratione
1959 4443 2172 4515 praediti
2233 4452 2394 4510 atque
2449 4439 2714 4508 sapientis
2762 4439 3044 4508 proprium
3099 4438 3212 4504 sit,
3266 4439 3403 4493 nihil
3454 4447 3515 4493 ut
3563 4447 3689 4510 agat

372 4562 379 4594 ι
411 4544 639 4610 frustra,
665 4544 717 4598 id
747 4554 955 4599 naturae
981 4553 1158 4598 totum
1191 4543 1460 4607 attribuit,
1485 4543 1533 4596 ei
1570 4551 1755 4596 tamen
1785 4539 1954 4595 animi
1978 4549 2176 4592 nomen
2199 4549 2306 4589 non
2336 4531 2526 4587 tribuit
2555 4549 2568 4585 :
2602 4532 2759 4602 quasi
2795 4547 2860 4585 ex
2892 4531 3232 4596 nominibus,
3268 4547 3375 4586 non
3405 4541 3586 4588 autem
3617 4550 3685 4590 ex

412 4634 760 4690 facultatibus
791 4650 976 4690 rerum
1009 4634 1160 4689 initia
1194 4635 1451 4702 viresque
1479 4641 1791 4688 sumantur.
1829 4651 1847 4684 ι

928 4726 1323 4779 ΚΕΦΑΛΑΙΟΝ
1369 4726 1445 4778 II"
1455 4765 1467 4777 .

414 4813 570 4882 Πρὸς
589 4815 699 4869 τὸν
731 4815 920 4871 αὑτὸν
957 4817 1358 4881 διαπαίξαντα
1417 4815 1518 4869 καὶ
1571 4813 1676 4880 τὰς
1718 4814 1878 4883 παρὰ
1919 4811 2002 4878 τῷ

486 4885 760 4956 ῌλιίτωνι
789 4886 969 4953 ἰδέας,
994 4887 1068 4954 ἃς
1096 4891 1204 4942 οὐκ
1243 4887 1487 4956 ἀγνοεῖν
1509 4886 1605 4938 καὶ
1623 4889 1676 4939 οὶ
1716 4885 2001 4956 Ἐὅραίωξ

485 4952 600 5042 ἤδη
641 4952 940 5034 πρότερον
971 4952 1434 5024 σύνεστήσὰντο
1469 4957 1656 5026 λόγοι.
1709 4957 1852 5010 Ἀπὸ
1893 4952 2000 5007 τοῦ

485 5040 691 5077 αυτου.

491 5133 511 5167 ι
542 5117 616 5170 Τὸ
638 5116 694 5170 δὲ
727 5117 1020 5188 κεφάλαιον
1049 5119 1156 5191 (27)
1195 5121 1288 5173 καὶ
1312 5119 1372 5173 τὸ
1403 5119 1567 5191 κῦρος
1589 5119 1690 5189 τῆς
1714 5119 2000 5182 Πλάτωνος

416 5207 697 5279 αἱρέσεως,
740 5211 936 5285 ήπερὶ
967 5211 1076 5265 τῶν
1133 5212 1339 5282 νοητῶν
1383 5213 1645 5280 διάταξις,
1703 5211 1998 5283 ἠτίμασται

491 5339 606 5414 (2_5)
640 5338 792 5414 ,Ἀπὸ
819 5339 940 5395 τῶν
963 5341 1195 5414 αὐτῶν.
1225 5341 1537 5414 Legendum
1589 5343 1698 5397 ἀπὸ
1729 5343 1838 5396 τῶν
1878 5344 1998 5402 Ἀτέ

415 5409 593 5464 τικοῢ.
637 5409 939 5480 Sequentes
983 5416 1128 5466 enim
1164 5409 1564 5483 disputationes
1610 5415 1775 5468 Attici
1829 5422 1994 5476 sunt,

416 5489 478 5604 ξι
519 5495 586 5604 εἴ
617 5483 776 5604 ιειδιιο
822 5490 878 5537 et
919 5487 1034 5536 tota
1092 5483 1397 5539 disserendi
1448 5486 1662 5539 ratione
1715 5483 2005 5540 manifeste

452 5566 552 5604 ous
581 5567 609 5604 a
641 5588 656 5601 .

452 5566 656 5604 ουσιαι.

490 5621 604 5690 (26)
641 5618 804 5676 Forte
838 5621 964 5676 add.
1000 5621 1186 5686 ἄλλας.

490 5689 629 5812 (2Ὶί
668 5689 742 5772 To
788 5690 858 5744 δὲ
907 5691 1274 5776 κεφάλαιον,
1294 5701 1401 5748 etc.
1452 5693 1531 5749 Ita
1581 5694 1838 5780 §ocrates
1887 5694 2003 5775 ipse

493 5761 558 5812 ud
635 5777 913 5812 ucranum.
946 5764 1148 5812 maloa.
1183 5779 1276 5812 am
1313 5765 1468 5812 Βίων
1499 5781 1722 5812 ,ποασιτ-
1755 5767 2003 5812 inscribi-

419 5761 913 5833 apud_Lucianum,
946 5761 1148 5833 dialog.
1183 5764 1277 5832 qui
1312 5765 1468 5818 Βίων
1499 5763 1722 5832 πράσις
1755 5761 2003 5820 inscribi-

422 5839 525 5883 tur.
559 5829 847 5896 Quaerebat
878 5848 942 5888 ex
969 5849 1034 5889 eo
1060 5829 1354 5902 mercator,
1391 5835 1487 5902 τῆς
1513 5829 1569 5889 δὲ
1606 5829 1819 5903 σοφίας,
1841 5836 1891 5888 τί
1921 5852 2001 5888 σοι

2697 4703 2926 4759 CAPUT
2960 4703 3101 4760 XIII.

2109 4803 2374 4858 Adversus
2419 4804 2659 4852 eumdem
2700 4796 3517 4861 I’latonicasideasilludentem,
3553 4813 3685 4868 quas

2179 4887 2240 4924 ne
2276 4871 2405 4941 ipsis
2428 4871 2637 4939 quidem
2671 4868 2910 4941 Hebraeis
2937 4869 3144 4941 ignotus
3182 4868 3365 4941 fuisse,
3393 4869 3685 4941 superiori-

2188 4937 2490 4994 bus'eoru'm
2517 4940 2832 4993 testimoniis
2853 4938 2971 5007 jam
3000 4939 3247 4990 vidimus.
3277 4937 3362 4990 Ex
3391 4940 3591 4991 eodem.

2177 5097 2342 5169 815
2377 5117 2395 5149 ι
2435 5097 2742 5161 Postremo,
2771 5097 2916 5166 quod
2938 5104 3218 5166 caputest,
3244 5096 3438 5166 inquit,
3473 5112 3538 5150 ac
3564 5095 3685 5150 Pla-

2105 5193 2300 5246 tonicae
2327 5190 2689 5260 philosophiae
2737 5189 2924 5254 cardo,
2974 5204 3155 5243 rerum
3196 5189 3311 5243 sola
3356 5198 3538 5243 mente
3564 5205 3687 5258 per-

2099 5345 2163 5396 τὸ
2192 5343 2526 5413 κεφάλαιονς
2561 5344 2855 5414 respondet
2889 5344 3161 5407 Socrates,
3197 5345 3264 5396 At
3294 5345 3461 5408 ἰδέαι,
3499 5345 3590 5397 καὶ
3617 5346 3687 5398 τὰ

2100 5414 2211 5487 τῷν
2247 5416 2416 5487 ὄντων
2447 5416 2886 5487 παραδείγματα.
2933 5415 3276 5487 Ὁπόσαγὰρ
3308 5415 3371 5485 δὴ
3410 5418 3561 5487 ὁρᾷς,
3587 5415 3686 5486 τὴν

2099 5485 2224 5556 γῆν,
2257 5485 2392 5538 τάπὶ
2416 5485 2555 5555 γῆς,
2582 5487 2676 5538 τὸν
2695 5485 2945 5555 οὐρανὸν,
2970 5486 3069 5556 τὴν
3097 5485 3367 5556 θάλατταν
3387 5485 3687 5556 ’ἁπάντων

2097 5554 2306 5607 τούτων
2336 5554 2542 5624 εἰκόνες
2573 5554 2798 5624 ἀφανεῖς
2843 5554 3063 5609 ἑστᾶσιν
3096 5555 3202 5621 ἔξω
3242 5555 3354 5609 τῶν
3380 5555 3538 5610 ὅλων.
3573 5554 3680 5610 Cui

2099 5624 2349 5696 κει-σοιν
2376 5623 2487 5677 Ποῦ
2519 5623 2821 5696 δὲνέστᾶσιν
2833 5641 2853 5696 ξ
2881 5627 2972 5679 ille
3003 5625 3684 5696 ειιιειηηυὺδαμῶςμονά

2096 5693 2412 5766 οὐδαμοῦ),
2446 5697 2495 5746 εί
2524 5695 2634 5766 γάρ
2671 5713 2772 5749 που
2804 5693 2937 5760 εἷεν,
2965 5696 3064 5748 οὐκ
3092 5697 3158 5750 ἂν
3185 5691 3316 5758 εἶεν,
3343 5691 3448 5750 ειό.
3478 5691 3686 5766 Iniqui-

2101 5765 2204 5820 bus
2235 5777 2288 5819 et
2317 5765 2584 5820 ridiculus
2604 5765 2712 5820 est
2736 5781 2890 5824 more
2920 5783 3021 5824 suo
3055 5767 3352 5832 Lucianus,
3379 5775 3434 5823 et
3471 5765 3679 5822 ridicu-

2099 5835 2213 5890 lum
2247 5835 2526 5894 Socratem
2565 5835 2714 5892 facit.
