4144 6422
499 358 643 418 1359

1140 361 1418 419 EUSEBII
1456 361 1946 422 CESARIENSIS
1981 365 2132 423 OPP.
2173 367 2356 423 PARS
2398 367 2463 423 11.
2505 395 2574 409 -
2614 366 3114 422 APOLCGETICA.

3619 367 3763 424 1540

495 487 780 547 oeptarnm
819 477 1110 546 doctrina,
1159 491 1426 552 quantum
1482 484 1537 538 in
1592 484 1885 541 Aristotele
1937 485 2071 552 fuit,

2177 488 2273 541 καὶ
2292 486 2824 559 προπεπηλάκισται,
2855 487 2949 539 καὶ
2979 486 3268 550 παντοίως,
3308 487 3368 540 τό
3404 503 3467 555 γε
3499 484 3618 550 ἐξὸν
3645 484 3758 557 (28)

493 570 683 637 illusa,
711 573 1054 637 conculcata,
1086 575 1411 646 probrisque
1438 578 1695 633 omnibus
1737 578 1939 649 jactata
1967 587 2069 634 est.

492 661 638 718 Cum
679 665 826 719 enim
883 665 1186 736 intelligere
1236 684 1346 722 non
1394 678 1616 738 posset,
1666 685 1753 725 res
1806 671 2075 726 maximas

493 764 659 824 atque
689 755 927 823 divinas,
961 774 1084 829 quae
1105 759 1267 829 longe
1299 760 1512 816 caeteris
1537 763 1881 829 antecellant,
1909 763 2073 817 simili

492 845 675 916 aliqua
726 846 985 905 facultate
1021 851 1089 905 ad
1144 853 1229 906 sui
1263 852 1626 923 cognitionem
1670 855 1934 923 indigere,
1972 855 2075 909 mi-

491 949 624 992 nuta
648 940 884 1009 quadam
914 957 1014 997 sua
1035 952 1090 997 et
1112 943 1300 998 humili
1328 944 1626 1002 subtilitate
1647 948 1888 1005 confisus
1909 948 1928 1017 (
1951 965 2074 1019 quae

491 1037 551 1082 ut
582 1033 925 1086 terrestrium
953 1033 1009 1087 in
1036 1050 1221 1089 rerum
1247 1044 1498 1092 naturam
1543 1048 1825 1107 penetrare
1864 1052 2070 1109 posset,

490 1137 793 1193 earumque
818 1125 1101 1182 veritatem
1139 1128 1470 1198 perspicere,
1503 1131 1857 1200 purissimam
1889 1141 2070 1188 tamen

491 1212 640 1268 illam
674 1230 740 1270 ac
765 1216 1196 1274 sincerissimam
1237 1221 1472 1291 propriae
1500 1223 1746 1278 veritatis
1774 1224 1948 1278 lucem
1982 1224 2071 1277 in-

496 1306 637 1360 tueri
666 1322 775 1361 non
807 1310 1080 1379 poterat),
1112 1311 1358 1382 adeoque
1387 1328 1446 1369 se
1473 1314 1615 1383 ipso,
1646 1316 1882 1384 quodam
1913 1316 2070 1387 quasi

491 1412 676 1453 rerum
709 1399 926 1455 illarum
961 1411 1120 1473 captu
1150 1419 1254 1460 suo
1300 1405 1460 1476 longe
1487 1407 1832 1475 superiorum
1861 1423 2071 1464 canone

490 1491 807 1563 arbitroque
839 1509 993 1559 usus,
1041 1497 1345 1565 peculiares
1382 1499 1525 1566 illas,
1559 1500 1869 1571 cuiusmodi
1913 1500 2070 1557 Plato

491 1590 803 1652 agnoverat,
858 1594 1084 1641 naturas
1107 1586 1286 1643 valere
1333 1588 1534 1658 jussit,
1572 1591 1773 1661 iilaque
1819 1592 2067 1649 omnium

491 1670 780 1739 altissima,
826 1689 1004 1744 nugas
1043 1676 1391 1748 insulsasque
1446 1681 1769 1746 cantilenas,
1804 1691 1860 1738 et
1891 1683 2070 1739 circu-

490 1761 729 1818 latorum
752 1763 968 1822 fabulas
1015 1769 1290 1838 appellare
1330 1786 1500 1829 ausus
1529 1781 1632 1829 est.
1675 1774 1885 1845 Quippe
1915 1792 2069 1832 sum-

491 1870 643 1911 mum
671 1858 801 1914 illud
833 1868 998 1931 atque
1031 1863 1283 1919 ultimum
1309 1875 1396 1922 est
1414 1866 1825 1925 Platonicorum
1851 1871 2070 1942 dogma-

490 1953 632 2012 tum,
666 1949 811 2017 quod
846 1950 902 2004 in
936 1951 1171 2021 spiritali
1215 1953 1319 2010 hac
1355 1964 1410 2011 et
1455 1959 1785 2029 sempiterna
1820 1961 2068 2017 idearum

489 2046 684 2093 natura
709 2051 977 2098 versatur.
1012 2042 1115 2100 Ubi
1142 2047 1370 2115 proinde
1397 2064 1690 2120 supremus
1711 2054 1895 2111 animo
1916 2055 2071 2111 labor

491 2135 878 2201 certamenque
923 2137 1270 2205 proponitur.
1304 2138 1441 2194 Nam
1481 2140 1578 2210 qui
1606 2142 1675 2199 ad
1718 2143 1868 2199 illam
1924 2146 2072 2217 aspi-

392 2252 399 2257 -
488 2235 616 2276 rare
657 2236 832 2294 eaque
892 2224 1001 2281 frui
1047 2231 1306 2298 potuerit,
1350 2232 1397 2288 is
1451 2234 1644 2292 beatus
1683 2238 1951 2308 omnino;
1981 2241 2068 2295 cui

489 2312 739 2368 eamdem
790 2315 991 2379 intueri
1042 2335 1107 2375 ac
1156 2323 1442 2391 pervidere
1480 2340 1589 2381 non
1638 2328 1873 2395 licueril,
1919 2332 2070 2386 omni

488 2401 749 2462 felicitate
804 2423 1010 2467 vacuus
1062 2414 1441 2486 spoliatusque
1488 2418 1833 2490 relinquitur.
1881 2422 2072 2493 Itaque

488 2496 598 2553 hoc
653 2498 857 2569 ubique
905 2499 1060 2559 Plato
1104 2513 1157 2560 et
1192 2508 1344 2562 omni
1401 2509 1615 2565 ratione
1657 2515 1956 2575 contendit,
2011 2525 2072 2571 ut

489 2586 686 2642 barum
727 2600 1048 2648 naturarum
1093 2596 1201 2650 vim
1229 2606 1664 2672 potestatemque
1713 2604 2069 2663 demonstret.

486 2676 660 2751 Negat
686 2682 833 2737 enim
887 2693 983 2739 aut
1034 2686 1200 2743 ullius
1233 2691 1460 2746 omnino
1513 2692 1592 2747 rei
1647 2709 1872 2751 causam
1920 2712 2072 2753 com-

487 2771 648 2827 mode
698 2773 852 2829 reddi
898 2790 1082 2846 posse,
1113 2778 1223 2834 nisi
1267 2796 1391 2851 quae
1436 2783 1632 2838 harum
1684 2789 2072 2847 communione

486 2864 714 2931 nitatur,
762 2875 859 2922 aut
885 2869 998 2923 veri
1033 2870 1199 2927 ullius
1247 2872 1432 2929 haberi
1483 2876 1757 2945 notitiam,
1797 2879 1905 2935 nisi
1948 2897 2071 2952 quae

486 2957 555 3010 ad
601 2957 824 3014 easdem
878 2972 1186 3020 revocetur.
1235 2965 1352 3022 [mo
1383 2983 1487 3025 nec
1527 2971 1758 3028 rationis
1787 2973 1957 3029 ullum
2001 2976 2069 3032 iis

486 3045 545 3100 in
582 3050 1057 3123 omnibus.pilum
1108 3071 1233 3113 esse
1280 3057 1544 3127 defendit,
1593 3063 1688 3133 qui
1723 3080 1832 3119 non
1877 3080 2068 3123 earum

488 3142 852 3242 substantiam
889 3150 1181 3206 fateantur.
1238 3151 1307 3207 Et
1336 3169 1467 3211 vero
1496 3158 1591 3226 qui
1638 3156 1933 3217 Platonicae
1971 3164 2070 3219 do-
2096 3185 2139 3242 ς,

489 3234 681 3291 ctrina:
709 3239 1094 3296 auctoritatem
1129 3258 1195 3298 ac
1224 3246 1440 3313 pondus
1490 3248 1690 3304 addere
1737 3259 2067 3319 statuerunt,

490 3326 597 3383 hac
651 3332 957 3399 praesertim
991 3334 1046 3387 in
1098 3335 1471 3406 disputatione
1500 3342 1658 3396 multi
1707 3358 1829 3399 esse
1870 3347 2067 3402 solent.

488 3418 644 3488 Quod
679 3422 899 3492 quidem
931 3428 1243 3482 necessario
1267 3428 1496 3498 faciunt,
1525 3448 1628 3488 nec
1654 3435 1799 3490 enim
1830 3435 2073 3493 Platoni-

489 3527 618 3567 cum
650 3515 887 3584 amplius
912 3519 1213 3588 quidquam
1254 3523 1395 3578 tueri
1430 3534 1684 3594 possunt,
1717 3527 1826 3583 nisi
1853 3529 1935 3585 eis
1963 3531 2074 3600 pri-

489 3603 695 3657 marias
729 3603 850 3660 illas
881 3606 1268 3679 principesque
1311 3621 1538 3669 naturas
1566 3613 1812 3672 Platonis
1844 3617 1899 3672 in
1951 3635 2074 3689 gra-

491 3693 625 3748 tiam
656 3698 1018 3754 concesseris.
1045 3699 1173 3756 Haec
1204 3702 1352 3758 enim
1385 3705 1476 3760 illa
1508 3716 1658 3773 sunt,
1686 3709 1885 3779 quibus
1911 3722 2074 3766 caete-

491 3786 570 3841 ris
617 3787 876 3844 omnibus
928 3792 1169 3848 maxime
1212 3797 1508 3852 antecellit.
1548 3797 1718 3854 Deum
1762 3801 1908 3855 enim
1956 3802 2073 3873 ipse

489 3891 615 3932 cum
652 3878 1032 3936 universorum
1065 3892 1343 3952 parentem
1375 3902 1440 3942 ac
1468 3889 1798 3955 molitorem,
1829 3891 2073 3962 adeoque

491 3966 777 4022 dominum
807 3978 863 4024 et
902 3972 1307 4028 moderatorem
1366 3984 1729 4045 agnosceret:
1765 3993 1889 4033 cum
1927 3977 2068 4034 idem

489 4074 557 4114 ex
587 4061 795 4118 nostris
841 4062 993 4118 hisce
1036 4065 1295 4134 operibus
1326 4067 1673 4139 intelligeret,
1702 4071 1968 4126 artificem
2020 4073 2072 4127 id

489 4161 618 4208 ante
659 4153 807 4224 quod
835 4153 1130 4213 eﬂ’ecturus
1165 4159 1238 4214 sit
1269 4159 1455 4215 animo
1506 4163 1965 4232 comprehensum
1993 4173 2074 4220 te-

489 4256 640 4308 nere,
669 4257 735 4298 ac
766 4250 881 4299 tum
907 4244 1125 4301 demum
1153 4262 1318 4317 quam
1346 4248 1496 4304 illius
1521 4253 1755 4321 speciem
1784 4253 2073 4323 cogitando

490 4333 823 4405 informarit,
851 4353 972 4392 eam
1008 4338 1220 4409 ipsisin
1252 4341 1416 4397 rebus
1446 4342 1805 4400 similitudine
1833 4346 2071 4416 quadam

489 4427 834 4498 exprimere:
878 4430 1093 4487 divinas
1136 4432 1388 4489 similiter
1418 4436 1693 4502 notiones,
1743 4453 1865 4507 qum
1908 4439 2072 4494 rebus

2176 580 2262 632 ἐπ’
2299 577 2678 651 Ἀριστοτέλει,
2737 575 3138 650 περιύϐρισται.
3173 578 3247 630 Ού
3301 577 3410 651 γὰρ
3461 575 3761 647 δυνάμενος

2177 672 2449 740 ἐννοῆσαι,
2478 670 2559 723 ὅτι
2587 668 2657 722 τὰ
2705 669 2914 741 μεγάλα
2945 670 3039 723 καὶ
3092 670 3212 723 θεῖα
3250 670 3342 724 καὶ
3370 670 3598 742 περιττὰ
3645 668 3757 722 τῶν

2176 757 2520 829 πραγμάτων
2556 758 2937 829 παραπλησίου
2987 758 3134 823 τινος
3195 759 3477 826 δυνάμεως
3523 760 3602 821 είς
3631 757 3753 812 ἐπί-

2174 866 2375 918 γνωσιν
2401 849 2589 903 δεῖται·
2616 852 2682 921 τῇ
2706 849 2749 902 δ’
2774 850 2937 903 αὑτοῦ
2968 850 3139 922 λεπτῇ
3174 850 3268 903 καὶ
3296 851 3523 919 ταπεινῇ
3557 849 3753 920 δριμύ-

2172 960 2295 1014 τητι
2352 941 2643 1007 πιστεύων,
2703 942 2825 1010 ἥτις
2882 942 3124 997 διαδῦναι
3187 942 3285 1013 μὲν
3344 942 3453 995 τῶν
3510 942 3603 994 ἐπὶ
3650 941 3756 1012 γῆς

2174 1036 2540 1107 πραγμάτων,
2575 1034 2670 1087 καὶ
2699 1035 2798 1106 τὴν
2833 1036 2893 1089 ὲν
2924 1034 3137 1098 τούτοις
3168 1034 3426 1106 ἀλήθειαν
3458 1035 3587 1089 ἰδεῖν
3636 1032 3755 1087 ὲδύ-

2173 1142 2325 1187 νατο,
2363 1125 2464 1195 τῆς
2505 1124 2551 1178 δ’
2576 1123 2745 1189 ὅντως
2768 1122 3027 1195 ἀληθείας
3074 1123 3406 1177 ἐποπτεῦσαι
3435 1122 3503 1176 τὸ
3556 1120 3757 1176 πανεύ-

2171 1219 2282 1273 διον
2303 1217 2401 1288 οὐχ
2431 1217 2519 1271 οἶα
2557 1234 2618 1269 τε
2638 1212 2705 1288 ἦν
2734 1216 2902 1287 αύτῷο
2963 1217 3146 1270 κανόνι
3192 1214 3238 1269 θ’
3269 1214 3416 1286 αύτῷ
3466 1215 3561 1268 καὶ
3593 1216 3754 1287 κριτῇ

2170 1309 2278 1363 τῶν
2326 1310 2466 1381 ὑπὲρ
2508 1309 2668 1361 αὑτὸν
2720 1308 3086 1380 χρησάμενος,
3138 1308 3358 1376 ἀπέγνω
3409 1306 3561 1371 τινάς
3614 1303 3755 1361 εἶναι

2174 1400 2309 1463 ίδίας
2334 1399 2523 1470 φύσεις
2558 1396 2689 1469 (29),
2714 1398 2831 1462 οἵας
2877 1397 3103 1451 Πλάτων
3148 1397 3308 1466 ἔγνω,
3343 1397 3541 1468 λήρους
3566 1412 3628 1448 τε
3661 1395 3756 1448 καὶ

2169 1494 2536 1565 τερετίσματα
2566 1493 2677 1562 (30)
2712 1492 2806 1546 καὶ
2840 1491 3108 1562 φλυαρίας
3142 1490 3437 1561 ἐτόλμησεν
3479 1490 3652 1542 εἰπεῖν
3685 1485 3758 1541 τὰ

2169 1582 2279 1636 τῶν
2307 1582 2475 1636 ὄντων
2503 1581 2774 1635 ἀνώτατα.
2806 1582 2880 1634 Τὸ
2912 1580 3011 1652 μὲν
3042 1575 3135 1633 οὖν
3166 1580 3334 1651 ἄκρον
3364 1596 3424 1631 τε
3456 1576 3551 1631 καὶ
3588 1575 3753 1646 ἔσχα-

2168 1690 2261 1728 τον
2285 1673 2395 1727 τῶν
2421 1674 2706 1738 Πλάτωνος
2749 1665 3203 1744 φιλοσοφημάτων
3233 1670 3351 1725 ἐστὶ¹
3397 1670 3458 1723 τὸ
3502 1687 3570 1723 πε
3578 1668 3631 1742 ρὶ
3656 1667 3755 1738 τὴν

2170 1764 2364 1837 νοητὴν
2385 1765 2588 1837 ταύτην
2609 1766 2705 1818 καὶ
2730 1764 2898 1818 ἀΐδιον
2924 1764 3112 1818 οὐσίαν
3138 1764 3238 1835 τὴν
3258 1764 3367 1818 τῶν
3387 1765 3559 1822 ἰδεῶν.
3586 1766 3756 1822 Ἔνθα

2098 1836 2140 1891 Β
2169 1859 2235 1931 δὴ
2257 1836 2419 1922 πόνος
2445 1876 2505 1913 τε
2535 1836 2629 1914 καὶ
2651 1858 2800 1929 ἀγὼν
2820 1858 3044 1930 ἔσχατος
3078 1861 3145 1930 τῇ
3177 1858 3322 1930 ψυχῇ
3349 1860 3653 1932 πρόκειται.
3694 1862 3756 1918 ’0

2175 1952 2274 2023 μὲν
2303 1950 2414 2023 γάρ
2443 1950 2724 2022 μετασχὼν
2748 1951 2842 2005 καὶ
2871 1949 3191 2020 ἐφικόμενος
3214 1950 3382 2021 αὐτῆς
3416 1952 3633 2017 πάντως
3663 1954 3757 2007 εὐ-

2170 2042 2404 2115 δαίμων·
2445 2045 2475 2097 ὁ
2527 2042 2584 2096 δὲ
2626 2042 2974 2108 ἀπολειφθεὶς
3022 2040 3117 2095 καὶ
3176 2041 3512 2115 ἀδυνατήσας
3550 2043 3753 2116 θεωρὸς

2170 2131 2422 2201 γενέσθαι
2444 2130 2662 2197 πάντως
2685 2133 2910 2205 ἄμοιρος
2938 2133 3282 2205 εὐδαιμονίας
3340 2135 3750 2192 καταλείπεται.

2170 2223 2283 2276 Καὶ
2336 2222 2426 2276 διὰ
2458 2222 2628 2277 οτοῦτο
2682 2223 2904 2278 Πλάτων
2938 2241 2997 2277 τε
3060 2225 3306 2295 πανταχῆ
3349 2224 3750 2294 διαγωνίζεται,

2170 2314 2385 2379 δεικνὺς
2436 2313 2536 2387 τὴν
2581 2315 2735 2385 ἰσχὺν
2777 2316 2980 2369 τούτων
3029 2317 3138 2370 τῶν
3176 2315 3412 2385 φύσεων.
3463 2315 3600 2370 Οὔτε
3643 2317 3754 2390 γὰρ

2170 2408 2350 2460 αἰτίαν
2378 2408 2712 2463 ὡντινωνοῦν
2761 2409 3052 2463 ἀποδοῦναί
3080 2426 3243 2480 φησιν
3281 2404 3391 2463 οἷόν
3413 2428 3477 2464 τε
3497 2406 3633 2465 εῖναι
3656 2428 3755 2464 κα-

2170 2495 2298 2560 λῶς,
2327 2496 2394 2550 ἂν
2418 2499 2491 2568 μὴ
2516 2498 2723 2552 τούτων
2760 2498 2997 2570 μεθέξει,
3030 2498 3152 2553 οὔτε
3197 2499 3399 2568 γνῶσίν
3446 2517 3591 2565 τινος
3616 2501 3755 2571 ἀλη-

2171 2587 2319 2653 θοῦς,
2342 2588 2409 2643 ἂν
2437 2590 2512 2662 μὴ
2536 2593 2602 2662 τῇ
2629 2590 2764 2663 πρὸς
2807 2592 2978 2647 ταῦτα
3020 2593 3131 2667 (51)
3191 2595 3458 2667 ἀναφορῷ
3498 2593 3611 2647 ἀλλ’
3631 2593 3755 2649 οὐδὲ

2170 2683 2331 2753 λόγου
2365 2685 2687 2756 μετέσεσθαι
2748 2704 2910 2751 τισιν,
2962 2691 3011 2742 εί
3071 2690 3145 2761 μὴ
3178 2690 3277 2761 τὴν
3308 2688 3513 2743 τούτων
3563 2689 3753 2743 οὐσίαν

2170 2775 2582 2848 ὁμολογήσειαν.
2607 2778 2674 2832 Οἵ
2698 2778 2745 2831 τ’
2769 2775 2837 2831 αὖ
2874 2778 2945 2832 τὰ
2971 2780 3065 2834 τοῦ
3118 2780 3404 2845 Πλάτωνος
3443 2780 3753 2834 συνιστάναι

2171 2871 2475 2939 ἐγνωκότες
2506 2870 2598 2925 τὸν
2628 2871 2877 2925 πλεῖστον
2931 2872 3117 2942 ἀγῶνα
3144 2872 3251 2926 τῶν
3297 2872 3470 2942 λόγων
3495 2874 3552 2925 ἐν
3579 2871 3755 2942 τούτῳ

2170 2962 2429 3017 τίθενται’
2454 2963 2597 3017 πάνυ
2621 2964 2955 3032 ἀναγκαίως.
2975 2966 3142 3019 Οὐδὲν
3163 2965 3271 3037 γὰρ
3290 2965 3370 3019 ἔτι
3388 2965 3449 3018 τὸ
3482 2964 3754 3020 Πλάτωνι,-

2172 3053 2266 3108 κῆν
2294 3055 2667 3121 ἀπολείπεται,
2699 3059 2747 3110 εί
2771 3057 2845 3128 μὴ
2876 3057 2976 3120 τὰς
3010 3057 3232 3129 πρώτας
3259 3059 3351 3112 καὶ
3372 3059 3755 3130 ἀρχικωτάτας

2172 3145 2365 3214 φύσεις
2395 3144 2595 3210 ταύτας
2623 3148 3034 3219 συγχωρήσεταί
3082 3165 3165 3212 τις
3207 3149 3388 3211 αὐτοῖς
3421 3148 3564 3219 ὑπὲρ
3607 3149 3752 3203 Πλά-

2170 3255 2358 3302 τωνος.
2386 3238 2571 3292 Ταῦτα
2632 3239 2741 3310 γάρ
2797 3240 2966 3302 ἐστιν,
3025 3234 3107 3304 οἷς
3167 3239 3407 3309 μάλιστα
3433 3239 3541 3292 τῶν
3580 3238 3754 3295 ἄλλων

2173 3331 2450 3402 ὑπερέχει.
2483 3331 2703 3402 Νοήσας
2728 3331 2837 3403 γὰρ
2873 3332 3007 3386 Θεὸν
3042 3331 3204 3396 αὐτὸς
3236 3331 3311 3396 ὡς
3360 3331 3467 3386 τῶν
3501 3333 3756 3387 ἀπάντων

2171 3423 2385 3493 πατέρα
2405 3423 2498 3476 καὶ
2526 3423 2878 3494 δημιουργὸν,
2903 3425 2999 3478 καὶ
3027 3424 3315 3494 δεσπότην,
3332 3424 3428 3477 καὶ
3458 3422 3751 3495 κηδεμόναο

2173 3515 2266 3567 καὶ
2286 3515 2565 3586 γνωρίζων
2597 3516 2661 3567 ἐκ
2691 3514 2799 3567 τῶν
2847 3514 3023 3586 ἔργων
3052 3515 3142 3568 τὸν
3201 3515 3451 3585 τεχνίτην
3492 3514 3756 3585 πρότερον

2172 3608 2362 3677 νοῆσαι
2385 3607 2541 3661 τοῦτο
2562 3607 2590 3660 ὃ
2621 3608 2805 3679 μέλλει
2852 3608 3300 3680 δημιουργήσειν,
3360 3604 3461 3662 εἶθ’
3496 3607 3638 3661 οὓτω
3673 3603 3755 3678 τῷ

2171 3699 2417 3771 νοηθέντι
2438 3700 2666 3753 κατόπιν
2710 3699 2847 3772 (52),
2883 3702 2976 3754 ἐπὶ
3029 3700 3140 3753 τῶν
3175 3701 3515 3773 πραγμάτων
3576 3716 3753 3769 προσ-

2173 3790 2325 3859 άγειν
2346 3793 2444 3864 τὴν
2467 3793 2777 3866 ὁμοιότητα·
2805 3792 2997 3847 ταύτὸν
3028 3793 3093 3865 δὴ
3114 3794 3182 3847 τά
3211 3793 3305 3847 τοῦ
3327 3793 3463 3847 Θεοῦ
3507 3795 3757 3864 νοήματα

2173 3883 2518 3956 πρεσϐύτερα
2543 3884 2650 3940 τῶν
2691 3886 3052 3959 πραγμάτων,
3084 3886 3154 3941 τὰ
3186 3886 3293 3940 τῶν
3321 3884 3625 3957 γενομένων
3653 3902 3757 3939 πα-

2174 3972 2533 4045 ραδείγματα,
2574 3973 2860 4046 ἀσώματα,
2887 3977 2980 4029 καὶ
2999 3974 3184 4047 νοητὰ,
3236 3975 3378 4030 κατὰ
3406 3974 3476 4029 τὰ
3500 3975 3641 4030 αὐτὰ
3662 3975 3757 4028 καὶ

2171 4063 2433 4129 ὡσαύτως
2457 4063 2648 4136 ἔχοντα
2674 4065 2781 4129 ἀεὶ,
2814 4067 2908 4120 καὶ
2940 4065 3172 4137 μάλιστα
3202 4066 3299 4138 μὲν
3333 4066 3566 4138 πρώτως
3618 4064 3757 4121 αὐτὰ

2171 4155 2321 4219 ὄντα,
2350 4154 2614 4227 παραίτια
2639 4156 2695 4210 δὲ
2725 4156 2819 4211 καὶ
2863 4159 2975 4220 τοῖς
3002 4156 3180 4218 ἄλλοις
3207 4155 3302 4209 τοῦ
3356 4151 3495 4209 εἶναι
3531 4155 3755 4209 τοιαῦτα

2172 4246 2377 4301 ἕκαστα
2411 4241 2502 4301 οἷά
2527 4247 2634 4320 πέρ
2661 4250 2799 4314 ἐστι,
2828 4247 2971 4303 κατὰ
3000 4247 3098 4321 τὴν
3125 4248 3261 4320 πρὸς
3280 4247 3418 4302 αὐτὰ
3438 4249 3752 4319 ὁμοιότητα,

2175 4337 2400 4392 συνιδὼν
2447 4338 2476 4390 ὁ
2519 4339 2744 4393 Πλάτων
2790 4338 2921 4394 ὅντα
2951 4340 3013 4393 οὐ
3047 4341 3221 4411 ῥᾷστα
3250 4339 3504 4411 ὀφθῆναι,
3550 4340 3612 4393 οὐ
3647 4337 3755 4411 μὴν

2172 4430 2295 4484 οὐδὲ
2316 4430 2460 4502 λόγῳ
2490 4430 2671 4501 σοφῶς
2701 4430 3009 4503 δηλωθῆναι
3035 4432 3327 4503 δυνάμενα·
3352 4431 3514 4496 αὐτὸς
3539 4431 3616 4495 ὡς
3641 4425 3755 4485 οἷόν

487 4522 852 4592 antiquiores,
887 4532 1155 4579 eteorum
1192 4541 1315 4596 qua:
1345 4526 1486 4582 ﬁunt
1518 4529 1765 4599 exempla
1805 4530 1936 4596 sint,
1966 4547 2071 4587 ea:-

2173 4540 2233 4577 τε
2257 4518 2326 4595 ἦν
2359 4524 2500 4595 ὑπὲρ
2528 4523 2710 4577 αὐτῶν
2734 4525 2930 4591 εἰπεῖν,
2962 4525 3056 4577 καὶ
3108 4524 3394 4595 φρονῆσαι,
3447 4523 3545 4578 καὶ
3573 4538 3754 4595 παρα-

487 4611 727 4684 demque
757 4613 1094 4684 incorporea;
1125 4630 1190 4671 ac
1221 4625 1403 4673 mente
1431 4618 1546 4674 sola
1590 4629 1879 4692 perceptae,
1917 4622 2072 4678 simi-

487 4709 679 4780 lesque
709 4709 798 4766 sui
821 4724 1055 4777 semper,
1090 4718 1145 4766 et
1176 4709 1367 4766 eodem
1398 4711 1456 4766 in
1484 4720 1630 4768 statu
1654 4724 2068 4784 permanentes;

487 4802 725 4874 denique
781 4818 905 4858 cum
955 4803 1232 4874 pracipua
1281 4804 1518 4874 quadam
1575 4806 1789 4861 ratione
1830 4808 2070 4877 primum

485 4893 836 4960 exsistentes,
862 4893 1031 4964 816
1066 4901 1181 4948 tum
1213 4893 1425 4949 caeteris
1446 4894 1644 4950 deinde
1666 4910 1849 4951 causa:
1876 4913 2068 4967 qnam—

485 4984 674 5039 obrem
718 4998 785 5038 eo
836 4984 1002 5039 modo
1028 4983 1162 5049 sint,
1209 4997 1320 5052 quo
1370 4981 1583 5052 singula
1627 4994 1790 5047 sunt,
1835 4998 1936 5053 pro
1968 4998 2069 5040 sua

487 5076 761 5146 cujusque
788 5092 911 5132 cum
941 5074 1284 5146 principibus
1309 5074 1416 5130 illis
1446 5074 1844 5131 similitudine:
1890 5076 2071 5131 notio.

487 5183 611 5235 nes,
644 5168 892 5239 inquam,
939 5169 1062 5224 illas
1095 5184 1198 5224 nec
1245 5167 1419 5223 videri
1454 5165 1637 5231 facile.
1690 5184 1791 5225 nec
1822 5169 2070 5224 oratione

490 5261 627 5317 satis
649 5261 909 5332 explicari
938 5277 1102 5333 posse
1126 5278 1251 5319 cum
1286 5262 1747 5319 animadverteret
1775 5278 1790 5330 ;
1826 5262 1873 5318 is
1893 5277 2070 5332 quan-

559 5394 675 5463 (28)
712 5396 876 5453 Forte
912 5396 992 5452 ὅν.

559 5465 673 5537 (29)
725 5467 895 5534 Ἰδίας
926 5468 1161 5537 φύσεις.
1191 5465 1332 5533 Quid
1365 5467 1412 5523 si
1440 5466 1642 5531 ἀϊδίους

562 5534 680 5604 (50}
724 5534 1137 5607 Τερετίσματα.
1188 5537 1393 5592 Alludit
1440 5538 1507 5591 ad
1542 5534 1722 5592 locum
1757 5534 2069 5607 ιιιωῃλεῑτ

490 5603 725 5678 stotelis,
751 5603 816 5662 ei
845 5603 1178 5678 Analyticor.
1209 5608 1490 5677 posterior.
1513 5608 1606 5678 lib.
1641 5629 1652 5665 l
1677 5645 1693 5670 ,
1722 5623 1842 5676 cap.
1862 5605 1957 5678 22,
1987 5603 2068 5678 Τᾲ

490 5675 603 5763 re?
649 5675 1070 5763 εῖδη,ξιαιρέτέο’
1107 5675 1489 5763 .τερςτίσιξατοξ
1526 5677 1637 5763 re?
1676 5675 1814 5763 ἔστελ
1860 5676 2068 5763 ιξοξίεὲ

491 5694 603 5746 γαρ
649 5694 766 5746 ειοη
796 5694 1070 5798 ίᾄαιρετω·
1122 5694 1489 5763 τερετισματα
1526 5694 1637 5749 γαρ
1676 5694 1814 5761 εστι.
1860 5694 1971 5729 nat
2017 5694 2067 5727 ει

491 5746 608 5798 ἐστι
630 5749 793 5817 ταγού
857 5766 886 5799 ν
913 5748 1050 5817 πρὸς
1073 5748 1163 5799 τὸν
1187 5749 1347 5817 Λόγον,
1366 5747 1531 5799 ἐστίν·
1550 5748 1612 5799 οὐ
1637 5746 1744 5817 γὰρ
1767 5743 2067 5817 ἀποδείξεις

494 5817 628 5885 περὶ
670 5814 781 5869 τῶν
818 5814 1073 5871 τοιούτων
1119 5817 1274 5871 εἰσίν.
1328 5816 1536 5872 Errant
1565 5814 1659 5886 qui
1701 5814 2065 5889 τερετίσματα

1675 5464 1899 5536 φύσειςῖ

2171 4615 2432 4672 σκευάσαι
2460 4615 2587 4679 τοὺς
2635 4615 2926 4686 μέλλοντας
2979 4616 3454 4688 ὲπακολουθήσειν,
3497 4631 3759 4688 πραγμα·

2168 4707 2504 4779 τευσάμενος
2533 4705 2731 4772 ταῦτα,
2754 4708 2849 4760 καὶ
2870 4707 2968 4778 τὴν
2998 4705 3296 4777 σύμπασαν
3327 4705 3492 4762 αὑτοῦ
3541 4707 3756 4777 φιλοσο-

2170 4798 2302 4868 φίαν
2324 4799 2404 4861 είς
2434 4796 2592 4851 τοῦτο
2616 4794 3035 4867 συνταξάμενος,
3070 4796 3199 4868 περὶ
3253 4795 3429 4850 ταῦτά
3478 4813 3610 4866 φησι
3661 4795 3757 4849 καὶ

2167 4888 2267 4962 τὴν
2290 4888 2496 4942 τούτων
2518 4888 2704 4958 νόησιν
2733 4888 2834 4960 τὴν
2885 4889 3078 4957 σοφίαν
3103 4883 3243 4941 εἶναι
3274 4889 3371 4942 καὶ
3392 4888 3491 4959 τὴν
3529 4888 3757 4958 ἐπιστή-

2173 4999 2302 5055 μην,
2336 4981 2403 5035 δι’
2437 4976 2507 5054 ἦς
2560 4981 2623 5034 τὸ
2650 4978 2991 5053 ἀνθρώπινον
3042 4980 3197 5045 τέλος
3242 4980 3336 5035 καὶ
3372 4983 3406 5051 ἡ
3441 4978 3756 5051 μακαριστὴ

2171 5074 2324 5148 βιοτὴ
2348 5075 2764 5146 παραγίνεται.)
2806 5072 3057 5128 Τοσαῦτα
3098 5077 3127 5129 ὁ
3168 5073 3431 5137 Ἀττικός.
3463 5074 3651 5146 Παρῆν
3692 5072 3756 5127 δὲ

2169 5166 2488 5221 καὶτούτων
2517 5167 2598 5221 ἔτι
2629 5167 2799 5222 πλείω
2822 5168 2887 5220 ἐκ
2916 5167 3013 5238 τῆς
3045 5165 3378 5238 δηλωθείσης
3409 5163 3755 5237 παραθέσθαι

2168 5260 2263 5315 τοῦ
2300 5261 2493 5334 ἀνδρὸς
2518 5260 2757 5333 γραφῆς
2782 5259 2921 5333 πλὴν
2940 5259 3077 5315 ἀλλά
3107 5262 3220 5325 τοῖς
3251 5259 3547 5314 ἐκτεθεῖσιν
3587 5259 3757 5323 ἀρκε-

2171 5397 2603 5452 tern’culamema
2631 5404 2879 5465 vertunt,
2920 5395 3077 5467 quasi
3125 5403 3313 5467 essent
3348 5391 3752 5467 τερατεύματα.

2167 5466 2369 5523 Notum
2423 5474 2510 5522 est
2534 5464 2953 5538 ’τερετίσματα
2989 5481 3115 5538 esse
3162 5464 3368 5538 fractos
3418 5464 3759 5538 solutosque
3822 5478 3827 5483 ‘

2167 5548 2362 5593 cantus
2382 5546 2483 5609 ,μοι
2511 5532 2881 5609 metaphorice
2898 5579 2914 5605 ,
2954 5535 3291 5609 μωρολογίας
3321 5553 3381 5589 τε
3410 5534 3505 5588 καὶ
3531 5532 3754 5604 λήρους.

2264 5612 2355 5686 ῥυ
2395 5606 2819 5686 ξ’ρηειταύτας.
2863 5679 2872 5686 _
2956 5606 2966 5609 ’
3044 5606 3100 5686 ’ῃ
3445 5674 3480 5686 __
3524 5683 3534 5686 _
3710 5670 3720 5680 _

2218 5674 2357 5748 .(52)
2398 5678 2687 5746 Νοηθέντι
2725 5679 2998 5733 κατόπιν.
3054 5674 3208 5731 Novo
3247 5690 3402 5733 more
3428 5674 3636 5731 dictum
3668 5674 3762 5729 vi-

2168 5749 2345 5816 detur,
2373 5766 2471 5822 pro
2508 5750 2601 5804 τοῦ
2632 5749 2912 5821 νοηθέντος
2943 5749 3219 5819 ἄντικρυς.
3426 5775 3435 5779 ~
