4144 6406
369 415 498 474 ili-ll

1500 415 1825 471 PREPAR.
1868 413 2122 471 EVANG.
2165 412 2292 466 LIB.
2337 411 2454 464 XV.

3479 399 3620 456 1542

367 533 605 596 σθέντες,
637 533 1050 605 μεταϐησόμεθα
1083 534 1172 586 καὶ
1197 532 1289 584 ἐπὶ
1305 532 1402 602 τὴν
1425 531 1532 584 τῶν
1563 531 1818 583 Στωϊκῶν
1863 530 1947 582 αἴ-

2075 545 2164 582 um
2197 529 2281 582 vel
2313 526 2544 583 dicendo
2578 525 2661 579 vel
2698 522 2988 594 cogitando
3020 534 3175 575 mens
3218 518 3458 572 humana
3489 531 3622 572 con-

367 643 537 696 ρεσιν.
574 625 896 696 Σωκράτους
929 625 1104 678 τοίνυν
1137 623 1405 692 ἀκουστὴς
1441 623 1656 690 ἐγένετο
1679 621 1944 674 Ἀντισθέ-

365 734 481 786 νης,
519 716 949 786 Ἡρακλεωτικός
977 734 1059 779 τις
1093 717 1231 786 ἀνὴρ
1254 716 1314 767 τὸ
1339 714 1612 785 φρόνημα,
1641 713 1699 776 ὃς
1723 712 1824 782 ἔφη
1849 711 1943 764 τοῦ

363 807 586 877 ἥδεσθαι
613 809 673 859 τὸ
699 807 980 878 μαίνεσθαι
1008 811 1254 878 κρεῖττον
1287 791 1446 859 εἶναι.
1477 805 1567 857 Διὸ
1593 804 1688 858 καὶ⁹
1714 803 1945 873 παρῄνει

366 904 477 962 τοῖς
526 903 824 974 γνωρίμοις
887 903 1155 973 μηδέποτε
1226 903 1382 973 χάριν
1438 902 1630 972 ἡδονῆς
1687 899 1946 953 δάκτυλον

367 995 646 1048 ἐκτείνειν.
709 995 909 1048 Τούτου
965 995 1023 1046 δὲ
1085 995 1354 1064 ἀκουστὴς
1402 994 1592 1063 γέγονε
1634 992 1889 1061 Διογένης
1919 994 1948 1044 ὁ

367 1085 549 1147 Κύων,
595 1085 673 1148 ὃς,
739 1087 833 1140 καλ¹
892 1086 1053 1148 αὐτὸς
1085 1085 1488 1156 θηριωδέστατα
1521 1087 1736 1152 φρονεῖν
1769 1082 1946 1149 δόξας,

369 1175 595 1237 πολλοὺς
626 1175 956 1244 ἐπηγάγετο.
991 1175 1190 1228 Τοῦτον
1223 1175 1447 1245 Κράτης
1485 1173 1772 1239 διεδέξατο·
1805 1172 1952 1241 Κρά-

367 1281 526 1333 τητος
556 1264 612 1316 δὲ
653 1265 866 1332 ἐγένετο
903 1266 1085 1336 Ζήνων
1113 1266 1141 1316 ὁ
1173 1265 1444 1326 Κιττιεὺς,
1485 1267 1514 1316 ὁ
1568 1264 1667 1332 τῆς
1698 1261 1950 1315 Στωϊκῶν

370 1354 670 1422 φιλοσόφων
692 1355 953 1425 αἱρέσεως
1003 1355 1277 1418 καταστὰς
1307 1354 1568 1425 ἀρχηγός.
1622 1353 1843 1424 Ζήνωνα
1894 1352 1951 1406 δὲ

369 1447 649 1518 Κλεάνθης
671 1447 959 1511 διεδέξατο,
988 1447 1270 1516 Κλεάνθην
1303 1447 1360 1500 δὲ
1388 1445 1730 1518 Χρύσιππος·
1763 1444 1952 1498 τοῦτον

367 1542 422 1592 δὲ
461 1542 642 1612 Ζήνων
673 1541 878 1611 ἕτερος,
914 1542 1006 1594 καὶ
1031 1543 1077 1593 οἱ
1133 1540 1388 1610 καθεξῆς.
1428 1538 1692 1606 Λέγονται
1731 1537 1776 1588 δ’
1805 1527 1961 1591 οὗτοι.

371 1635 568 1695 πάντες
596 1633 958 1705 διαφερόντως
996 1635 1089 1686 καὶ
1125 1632 1240 1702 βίου
1281 1630 1510 1704 στερροῦ
1563 1630 1658 1683 καὶ
1691 1629 1955 1681 διαλεκτι-

370 1725 470 1794 κῆς
500 1723 918 1794 ἐπιμεληθῆναι.
951 1724 1033 1776 Τά
1065 1723 1130 1792 γέ
1156 1741 1239 1777 τοι
1270 1725 1370 1794 τῆς
1424 1724 1540 1776 κατ’
1582 1721 1778 1785 αὐτοὺς
1807 1719 1956 1790 φιλο·

373 1817 560 1885 σοφίας
594 1816 836 1886 δόγματα
859 1810 960 1870 ὦδέ
985 1833 1098 1879 πως
1129 1815 1261 1886 ἔχει.

2050 621 2228 688 sequi,
2261 634 2324 674 ac
2371 617 2584 673 caeteris
2625 616 2720 686 qui
2764 615 2833 670 ad
2871 629 2992 669 eam
3021 619 3212 682 postea
3255 611 3621 681 cognitionem

2051 711 2344 782 aspiraturi
2406 717 2629 772 essent,
2697 713 3130 762 commonstrare
3176 703 3319 757 viam
3373 709 3621 784 poterat,

2052 806 2296 874 ipsarum
2332 804 2386 856 in
2415 802 2794 856 tractationem
2828 797 3174 860 incumbens,
3210 805 3264 849 et
3291 803 3515 848 cunctas
3558 807 3626 846 eo

2053 913 2317 953 revocans
2359 894 2717 965 ριιίιοεορὶιίεε
2748 905 2860 945 ουκ
2899 890 3159 950 rationes,
3196 887 3254 940 in
3298 885 3367 939 iis
3407 885 3624 938 demum

2053 1003 2354 1057 earumque
2387 986 2577 1041 notitia
2618 982 2940 1052 sapientiam
2988 994 3053 1034 ac
3091 977 3375 1033 scientiam
3424 974 3628 1045 positas

2053 1096 2175 1136 esse
2202 1079 2481 1144 defendit;
2513 1090 2764 1146 qumnos
2817 1073 2874 1126 in
2916 1071 3144 1125 humani
3191 1069 3316 1123 ﬁnis
3361 1076 3413 1122 et
3461 1067 3630 1121 beatae

2054 1173 2181 1226 vitae
2221 1170 2622 1242 possessionem
2653 1163 2967 1220 immittant.
3006 1181 3025 1215 ι
3073 1159 3349 1216 Hactenus
3394 1157 3627 1212 Atticus.

2057 1265 2180 1332 Quo
2230 1264 2450 1335 quidem
2495 1261 2642 1315 illius
2689 1276 2757 1314 ex
2803 1273 3002 1328 opere,
3056 1255 3215 1325 plura
3257 1249 3632 1321 superioribus

2058 1357 2259 1411 addere
2287 1363 2642 1424 poteramus:
2673 1365 2820 1406 nunc
2861 1358 3039 1404 tamen
3063 1362 3126 1401 ea
3168 1343 3464 1415 protulisse
3501 1356 3634 1396 con-

2059 1445 2217 1510 tenti,
2242 1444 2553 1498 Stoicorum
2577 1441 2833 1508 deinceps
2861 1438 2927 1492 ad
2954 1446 3155 1491 sectam
3181 1432 3635 1502 disciplinamque

2060 1545 2426 1592 transeamus.
2452 1531 2708 1586 Socrates
2734 1529 2898 1600 igitur
2919 1526 3296 1580 Antisthenem
3321 1520 3632 1591 quemdam,

2060 1629 2240 1682 virum
2267 1641 2432 1681 sensu
2465 1622 2777 1690 animisque
2807 1629 2968 1673 tenus
2990 1614 3446 1676 Heracleoticum,
3478 1608 3635 1664 audi-

2061 1726 2235 1774 torem
2261 1716 2470 1781 habuit,
2499 1715 2742 1784 quicum
2771 1711 2973 1766 laetitia:
2999 1707 3240 1762 furorem
3264 1709 3634 1772 anteponeret,

2065 1819 2180 1866 tum
2205 1807 2490 1878 discipulis
2525 1820 2745 1876 quoque
2797 1805 2913 1861 suis
2949 1812 3141 1856 auctor
3168 1807 3309 1863 erat,
3357 1797 3435 1849 uti
3482 1794 3639 1847 volu-

375 1912 540 1978 ptatis
587 1927 752 1966 causa
831 1926 898 1966 ne
944 1911 1171 1982 digitum
1225 1909 1441 1979 quidem
1511 1907 1785 1963 tollerent.
1853 1903 1991 1960 Huic
2048 1903 2316 1974 Diogenes
2356 1902 2594 1972 Cynicus
2641 1914 2861 1970 operam
2909 1896 3077 1958 dedit,
3109 1892 3204 1962 qui
3245 1890 3422 1945 ferino
3481 1886 3640 1956 plane

373 2006 476 2058 nitu
524 2005 894 2074 philosophari
947 1981 1192 2060 statuens
1239 2005 1354 2074 ipse
1403 2019 1641 2074 quoque,
1691 2003 1939 2072 adjunxit
1995 2001 2098 2055 sibi
2154 1998 2613 2070 quamplurimas.
2663 1994 2942 2050 Successit
2997 1991 3048 2046 ei
3083 1989 3295 2050 Crates,
3339 1983 3431 2054 qui
3461 1981 3638 2036 disci-

375 2072 560 2168 pulum
605 2072 795 2152 habuit
845 2097 1116 2153 Zenonem
1177 2072 1433 2160 Cit—tium,
1503 2093 1699 2149 Stoica:
1773 2092 2132 2163 phiIoSOphiae
2202 2090 2526 2161 principem.
2581 2085 2758 2155 Hujus
2832 2095 3121 2139 successor
3169 2077 3276 2132 fuit
3325 2072 3638 2136 Cleanthes,

375 2188 655 2244 Cleanthis
685 2188 1045 2259 Chrysippus,
1072 2186 1361 2258 Chrysippi
1410 2185 1544 2240 alter
1575 2184 1742 2249 Zeno,
1776 2184 2068 2252 canorique
2109 2183 2386 2251 deinceps.
2461 2179 2566 2245 Qui
2635 2177 2853 2247 quidem
2913 2188 3107 2229 omnes
3135 2180 3188 2225 et
3227 2169 3353 2222 vitae
3382 2175 3642 2220 constan-

376 2282 530 2344 tiam,
563 2291 614 2335 et
646 2281 948 2335 disserendi
989 2288 1160 2334 artem
1195 2278 1458 2350 singulari
1510 2278 1693 2334 studio
1757 2278 2000 2332 coluisse
2039 2276 2318 2332 dicuntur.
2376 2273 2584 2329 Horum
2618 2286 2750 2342 ergo
2781 2270 2998 2324 decreta
3040 2261 3421 2336 philosophica
3453 2275 3518 2314 ex
3560 2273 3645 2314 se-

378 2371 670 2441 quentibus
706 2369 818 2426 fere
837 2370 1126 2440 intelliges.

906 2461 1302 2515 ΚΕΦΑΛΑῙΟΝ
1331 2462 1430 2513 ΙΔ¹.

380 2573 516 2639 Περὶ
543 2571 650 2639 τῆς
703 2571 821 2623 τῶν
871 2569 1146 2624 Στωϊκῶν
1192 2570 1575 2640 φιλοσοφίαςο
1630 2570 1783 2636 ὅπως
1828 2587 1892 2624 τε
1922 2573 1954 2624 ὀ

449 2642 656 2706 Ζήνων
682 2641 788 2694 τὸν
816 2641 948 2706 περὶ
990 2639 1203 2708 ἀρχῶν
1236 2639 1521 2694 ἀπεδίδου
1568 2643 1768 2709 λόγον.
1815 2639 1956 2694 Ἀπὸ

448 2713 553 2766 τοῦ
576 2711 826 2780 ἑϐδόμου
857 2712 992 2780 Περὶ⁵
1011 2710 1328 2779 φιλοσοφίας
1366 2710 1844 2779 Ἀριστοκλέους.

460 2844 476 2876 ι
514 2825 782 2894 Στοιχεῖον
838 2817 977 2876 εἷναί
1012 2839 1143 2891 φασι
1188 2821 1297 2876 τῶν
1327 2823 1495 2877 ὄντων
1522 2822 1584 2877 τὸ
1625 2823 1756 2894 πῦρ,
1787 2823 1958 2877 καθά-

387 2935 488 2989 περ
520 2916 890 2990 Ἡράκλειτος
916 2914 1105 2969 τούτου
1134 2917 1178 2969 δ’
1207 2916 1380 2989 ἀρχὰς
1419 2916 1550 2984 ὓλην
1582 2916 1674 2969 καὶ¹
1705 2915 1855 2974 Θεὸν,
1884 2917 1960 2979 ὡς

385 3008 624 3062 Πλάτων.
668 3007 804 3059 Ἀλλ’
838 2998 984 3060 οὗτοι
1009 3006 1174 3077 ἄμφω
1208 3005 1436 3077 σώματά
1467 3023 1629 3074 φασιν
1659 3001 1819 3069 εἶναι,
1867 3008 1963 3061 καὶ⁵

392 3102 443 3152 τὸ
466 3098 672 3163 ποιοῦν,
697 3101 791 3152 καὶ
825 3099 883 3150 τὸ
911 3099 1136 3167 πάσχον,
1174 3099 1380 3153 ἐκείνου
1409 3096 1626 3167 πρῶτον
1659 3099 1844 3152 ποιοῦν
1876 3101 1964 3153 αἶ-

395 3209 498 3244 τιον
533 3189 822 3260 ἀσώματον
854 3187 992 3243 εἶναι
1041 3191 1314 3258 λέγοντες·
1356 3190 1547 3244 ἔπειτα
1595 3192 1652 3245 δὲ
1689 3192 1782 3246 καὶ
1825 3191 1968 3246 κατά

397 3299 538 3345 τινας
568 3281 932 3352 εἱμαρμένους
965 3281 1059 3333 καὶ
1085 3281 1423 3352 ὡρισμένους
1445 3283 1671 3352 χρόνους
1699 3280 1968 3353 ἐκπυροῦ-

395 3375 511 3429 σθαι
561 3374 652 3426 τὸν
703 3373 994 3444 σύμπαντα
1045 3373 1271 3443 κόσμον,
1316 3370 1412 3426 εἴτ’
1442 3371 1597 3438 αὖθις
1656 3374 1816 3427 πάλιν
1855 3373 1970 3426 δια-

397 3468 730 3539 κοσμεῖσθαιο
766 3467 826 3520 τὸ
859 3466 1038 3537 μέντοι
1076 3465 1291 3537 πρῶτον
1354 3466 1465 3538 πῦρ
1496 3463 1633 3519 εἶναι
1670 3463 1971 3535 καθαπερεί

397 3576 444 3610 τι
475 3557 714 3628 σπέρμα,
746 3554 854 3608 τῶν
883 3556 1137 3609 ἁπάντων
1185 3554 1306 3624 ἕχον
1340 3556 1468 3620 τοὺς
1507 3555 1718 3624 λόγους,
1756 3553 1974 3616 καὶτὰς

400 3651 573 3712 αἰτίας
600 3649 709 3702 τῶν
743 3647 1064 3716 γεγονότων,
1097 3647 1192 3700 καὶ
1231 3645 1340 3699 τὼν
1369 3663 1688 3718 γινομενων,
1721 3647 1815 3699 καὶ
1866 3647 1975 3698 τῶν

401 3742 690 3795 εσοιιένων·
726 3741 824 3812 τὴν
857 3740 913 3794 δὲ
962 3739 1164 3793 τούτων
1186 3739 1484 3810 ἐπιπλοκὴν
1510 3739 1604 3792 καὶ
1631 3737 1973 3800 ἀκολουθίαν,

403 3851 492 3886 και
523 3811 882 3904 εἱμαρμένην,
916 3832 1010 3886 καὶ
1045 3832 1374 3901 ἐπιστήμην,
1405 3831 1500 3884 καὶ
1547 3830 1826 3900 ἀλήθειαν,
1885 3829 1979 3882 καὶ
2006 3811 2050 3868 (ἶ

407 3926 562 3994 νόμον
596 3920 734 3977 εἶναι
764 3922 873 3975 τῶν
900 3922 1066 3977 ὄντων
1085 3921 1570 3993 ἀδιάδραοτόντινα
1594 3922 1689 3975 καὶ
1718 3921 1977 3989 ἄφυκτον.

413 4018 445 4069 Γ
449 4016 589 4090 αύτῃ
620 4017 676 4069 δὲ
730 4015 945 4076 πάντως
977 4011 1294 4065 διοικεῖσθαι
1357 4012 1426 4063 τὰ
1455 4010 1596 4065 κατὰ
1633 4012 1724 4065 τὸν
1780 4012 1983 4080 κόσμον

407 4109 640 4180 ὑπέρευ,
701 4106 952 4176 καθάπερ
1007 4106 1065 4157 ὲν
1125 4105 1191 4174 τῇ
1253 4102 1605 4174 εὐνομωτάτῃ
1669 4102 1777 4155 τινὶ
1830 4101 1982 4155 πολι-

417 4199 544 4252 τεία.

928 4455 1320 4513 ΚΕΦΑΛΑῙΟΝ
1368 4457 1469 4510 lE'.

358 4581 372 4634 ί
425 4576 668 4632 Ὀποίαν
692 4574 879 4640 δόξαν
905 4572 1226 4643 ἐπάγονται
1256 4568 1583 4643 οιηΣτωτκοί
1634 4566 1769 4643 περὶ
1810 4565 1992 4643 ﬁsci},

487 4649 582 4701 καὶ
629 4635 794 4714 περ),⁷
815 4635 1188 4714 συστάὰεωςᾼ
1221 4641 1334 4714 *τοῦ
1378 4640 1624 4714 παντός.
1687 4635 1830 4692 Ἀπὸ
1883 4635 1994 4703 τῆς

502 4710 800 4788 Ἐπιτομῆς
838 4714 1064 4782 Ἀρείου
1097 4711 1350 4781 Διδύμου
1389 4710 1521 4782 (55).

495 4849 514 4881 ι
551 4827 710 4882 ’Ὀλον
759 4826 816 4879 δὲ
866 4826 956 4878 τὸν
992 4825 1196 4895 κόσμον
1254 4825 1350 4877 σὺν
1398 4825 1509 4884 τοῖς
1561 4817 1755 4874 ἑαυτοῦ
1808 4817 1997 4890 μέρεσι

422 4916 885 4992 προσαγορεύουσι
938 4917 1089 4970 Θεόν.
1112 4961 1116 4966 .
1143 4915 1342 4968 Τοῦτον
1408 4913 1465 4966 δὲ
1520 4913 1616 4966 ἕνα
1668 4911 1826 4982 μόνον
1859 4906 1999 4964 εἷναί

425 5031 555 5082 φασι
590 5013 682 5066 καὶ
711 5008 1144 5081 πεπερασμένον,
1206 5007 1298 5059 καὶ
1337 5004 1495 5069 ζῶον,
1556 5005 1650 5057 καὶ
1682 5003 1869 5066 ἀίδιον,
1905 5001 2001 5055 καὶ

424 5105 576 5159 Θεὸν.
609 5103 694 5157 Ἐν
719 5102 828 5174 γὰρ
856 5100 1028 5169 τούτῳ
1051 5099 1228 5152 πάντα
1265 5095 1614 5168 περιέχεσθαι
1645 5094 1716 5147 τὰ
1752 5092 1999 5163 σώματα,

428 5195 581 5248 κενὸν
609 5193 666 5246 δὲ
695 5192 857 5263 μηδὲν
882 5191 1147 5260 ὑπάρχειν
1177 5190 1232 5239 ὲν
1265 5186 1433 5256 αὐτῷ.
1483 5185 1554 5237 Τὸ
1585 5183 1691 5255 γὰρ
1731 5185 1794 5236 ὲκ
1824 5183 2003 5251 πάσης

428 5286 526 5354 τῆς
551 5284 735 5345 οὐσίας
766 5281 918 5333 ποιὸν
947 5275 1444 5350 προσαγορεύεσθαι
1486 5273 1546 5326 τὸ
1595 5271 1738 5326 κατὰ
1763 5270 1860 5340 τὴν
1891 5268 2006 5320 δια-

433 5377 702 5447 κόσμησιν
731 5372 829 5444 τὴν
854 5371 1124 5439 τοιαύτην
1159 5369 1254 5421 καὶ
1279 5366 1518 5432 διάταξιν
1552 5364 1691 5435 ἔχον.
1733 5362 1822 5415 Διὸ
1867 5360 2006 5415 κατὰ

509 5597 620 5682 (55)
654 5594 881 5682 ἶΑρεςρυ
914 5588 1415 5682 Διδύμουειξιιυιεερε,Ι
1434 5588 1694 5682 Didymos
1716 5584 1965 5682 novimus

441 5659 535 5740 qui
583 5659 747 5721 Arius
773 5659 1063 5725 diceretur,
1113 5661 1245 5740 mihi
1289 5659 1506 5740 quidem
1543 5661 1763 5738 ignoms
1799 5661 1884 5709 est
1908 5672 1942 5740 :0
1954 5662 2008 5706 et

444 5722 622 5794 Mm.
652 5742 965 5790 constanter
1010 5722 1152 5801 apud
1185 5722 1478 5801 Eusebium
1513 5722 1876 5801 siéjoratur'
1911 5722 2010 5776 Su-

447 5813 628 5882 spicor
654 5823 762 5862 non
799 5802 1028 5874 Ἀρείου,
1046 5794 1155 5857 ’5ρά
1194 5799 1427 5868 ’Δτηῖου,
1461 5798 1542 5852 vel
1590 5794 1794 5849 Ἀττίου
1825 5795 2006 5864 legen-

2646 2443 2876 2501 CAPUT
2908 2439 3050 2495 XIV.

2060 2571 2139 2627 De
2187 2567 2493 2624 Stoicarum
2527 2561 2858 2633 philosophia
2893 2573 2910 2611 :
2939 2567 2987 2612 et
3036 2545 3648 2633 quentgdniedumnlego

2129 2616 2601 2708 ἁῖῥὲἐῖιξὲρξότᾶιὴ
2630 2616 2835 2708 ratione
2865 2616 3130 2684 statuerit.
3159 2625 3243 2678 Ex
3268 2619 3545 2677 Aristoclis
3577 2616 3649 2670 De

2129 2704 2476 2782 phil050pl1ia
2517 2704 2761 2773 septimo.

2138 2841 2158 2874 ‹
2214 2821 2442 2884 Rerum,
2496 2815 2705 2885 inquit,
2761 2811 3114 2867 elementum.
3167 2805 3247 2862 uti
3299 2801 3646 2860 ﬂeraciitus,

2065 2917 2245 2987 ignem
2275 2925 2398 2968 esse
2426 2908 2658 2972 volunt;
2686 2904 2806 2975 ejus
2851 2916 2980 2956 vero
3010 2897 3297 2969 principia,
3359 2891 3646 2947 materiam

2066 3014 2232 3074 atque
2254 3002 2447 3066 Deum,
2479 3008 2534 3053 ut
2562 2996 2740 3051 Plato.
2772 2992 2974 3046 Verum
3006 2990 3112 3044 hoc
3140 2983 3481 3047 discrimine,
3505 2978 3651 3048 quod

2071 3095 2242 3152 Stoici
2275 3096 2438 3150 ambo
2473 3091 2587 3155 illa,
2615 3097 2728 3142 tam
2760 3084 3000 3140 etliciens
3039 3093 3203 3150 quam
3250 3076 3484 3146 patiens,
3531 3087 3654 3125 cor-

2070 3202 2209 3258 pora
2250 3200 2374 3240 esse
2416 3182 2642 3245 dicant;
2670 3177 2825 3231 Plato
2859 3182 3048 3230 contra
3075 3171 3308 3240 primum
3337 3165 3487 3219 illum
3521 3161 3654 3216 (:ch-

2073 3289 2308 3342 ctorem,
2345 3276 2729 3343 incorporeum
2757 3278 3033 3324 auctorem
3057 3278 3178 3318 esse
3199 3268 3420 3316 statuat.
3455 3256 3656 3309 Deinde

2072 3372 2238 3428 certis
2295 3365 2623 3438 quibusdam
2670 3363 2893 3430 fatoque
2941 3355 3250 3413 constitutis
3298 3348 3654 3417 temporibus,

2073 3465 2237 3537 817
2267 3461 2531 3518 mundum
2551 3456 2866 3512 universum
2900 3449 3235 3518 conﬂagrare
3260 3446 3477 3508 docent,
3507 3441 3658 3494 inde-

2077 3570 2184 3624 que
2215 3566 2372 3607 suam
2404 3550 2584 3602 denuo
2615 3544 2851 3614 speciem
2886 3549 3248 3606 ornatumque
3292 3533 3550 3601 recipere.
3581 3529 3659 3583 Ac

2079 3622 2320 3716 primum
2353 3641 2574 3711 quidem
2607 3637 2761 3692 illum
2789 3635 2994 3703 ignem,
3028 3628 3186 3699 quasi
3229 3639 3412 3680 semen
3443 3622 3659 3691 aliquod

2081 3752 2223 3800 esse,
2252 3732 2398 3804 quod
2451 3745 2634 3785 rerum
2677 3726 2923 3782 omnium
2975 3722 3236 3784 rationes,
3269 3734 3331 3773 ac
3364 3717 3661 3786 praeterito-

2083 3843 2206 3884 rum
2235 3823 2422 3888 simul,
2457 3820 2830 3892 praesentium,
2859 3815 3280 3878 futurorumque
3309 3824 3504 3865 causas
3535 3823 3664 3862 con-

2085 3920 2277 3974 tineat.
2299 3913 2542 3980 Quarum
2566 3907 2872 3980 complexio
2899 3903 3148 3975 quasdam
3177 3914 3233 3956 et
3256 3899 3662 3970 consequentia,

2084 4025 2274 4065 eorum
2307 4021 2430 4077 quae
2455 4011 2584 4060 sunt
2629 4001 2868 4057 omnium
2911 3998 3106 4059 fatum,
3153 3994 3402 4056 scientia,
3443 3992 3663 4051 veritas,

2085 4112 2140 4156 et
2171 4101 2255 4154 lex
2287 4095 2556 4168 ejusmodi
2589 4094 2680 4158 sit,
2710 4107 2833 4161 quae
2864 4089 3018 4144 nullo
3053 4093 3210 4156 pacto
3243 4082 3402 4152 eﬂ‘ugi
3435 4089 3530 4134 aut
3567 4080 3662 4133 de-

2087 4191 2283 4247 clinari
2322 4196 2507 4258 queat.
2557 4184 2649 4238 Sic
2690 4195 2856 4253 porro
2887 4195 3010 4248 qua:
3039 4179 3090 4230 in
3137 4174 3340 4228 mundo
3388 4181 3515 4228 sunt
3543 4172 3667 4224 uni-

2089 4297 2268 4344 versa,
2301 4295 2465 4350 quam
2501 4276 2704 4345 optime
2751 4270 3066 4344 gubernari,
3101 4277 3360 4336 tanquam
3407 4265 3461 4318 in
3505 4279 3666 4333 repu-

2090 4375 2234 4430 blica
2259 4368 2590 4442 aequissimis
2614 4366 2826 4436 legibus
2849 4361 3165 4418 constituta.

2697 4451 2925 4508 CAPUT
2955 4450 3072 4504 XV.

2098 4577 2274 4642 Quam
2299 4573 2363 4628 de
2389 4571 2496 4626 Deo
2521 4567 2688 4624 Stoici
2708 4609 2722 4630 ,
2749 4568 2913 4642 deque
2952 4565 3104 4642 hujus
3139 4555 3670 4642 univcrsinmomiom

2134 4628 2448 4703 saltemiam
2474 4628 2838 4696 introducunt:
2866 4640 2952 4690 Ea:
2983 4628 3097 4690 Arii
3125 4630 3341 4702 Didymi
3365 4628 3633 4698 Epitoma.

2174 4837 2195 4870 ι
2246 4816 2530 4880 Mundum,
2579 4812 2796 4883 inquit,
2847 4809 3206 4872 universum,
3261 4819 3382 4861 cum
3429 4800 3673 4874 partibus

2100 4912 2222 4982 ejus
2247 4909 2498 4977 singulis,
2529 4905 2699 4959 Deum
2745 4903 3033 4973 appellant.
3093 4897 3247 4954 Hunc
3274 4895 3470 4965 quippe
3505 4908 3672 4946 unum

2103 5003 2370 5057 duntaxat
2397 5014 2516 5054 esse
2567 4997 2755 5061 aiunt,
2789 4993 3121 5056 absolutum,
3155 4989 3504 5048 animantem,
3534 5001 3677 5039 sem-

2106 5094 2401 5165 piternum,
2435 5106 2498 5144 ac
2533 5087 2702 5142 Deum
2729 5105 2743 5140 :
2768 5085 2862 5139 illo
2887 5085 3030 5139 enim
3058 5095 3285 5151 corpora
3334 5078 3516 5132 omnia
3549 5092 3677 5130 cou-

2105 5183 2286 5248 tineri,
2318 5191 2371 5236 et
2406 5194 2636 5233 vacuum
2670 5177 2727 5230 in
2768 5189 2834 5229 eo
2865 5186 3146 5243 superesse
3193 5169 3347 5223 nihil.
3391 5165 3678 5218 Enimvero

2105 5276 2252 5345 quod
2285 5289 2351 5326 ex
2381 5271 2527 5326 omni
2576 5265 2883 5322 substantia
2931 5261 3220 5317 conﬂatum
3271 5261 3360 5324 sit,
3404 5257 3454 5310 id
3499 5257 3676 5324 ipsum

2107 5369 2217 5423 tale
2265 5365 2394 5436 quid
2447 5359 2756 5423 nominari,
2797 5365 3066 5427 quatenus
3109 5360 3361 5407 ornatum
3409 5345 3679 5420 ejusmodi

2113 5587 2243 5642 dum
2265 5597 2404 5637 esse.
2421 5579 2639 5642 Suidas,
2669 5577 2916 5647 Δίδυμος,
2933 5573 3146 5647 inquit,
3162 5571 3401 5647 ’ᾼτήῖος,
3417 5566 3450 5638 ἢ
3467 5567 3680 5647 ᾏττιος

2113 5635 2456 5727 maxime
2475 5690 2500 5727 τ.
2523 5635 2814 5727 φιλδσιφοὲ
2848 5635 3246 5727 ζέῖίαδῆιξαῖκδε
3265 5635 3683 5727 έηῑτιθάνῷὲικαι

2115 5705 2458 5794 Gaiae.ch
2479 5705 2668 5780 ’λύσεις
2694 5705 2751 5770 ὲν
2786 5705 3012 5786 βιϐλίοις
3035 5705 3109 5780 β’,
3139 5712 3234 5764 καὶ
3258 5709 3392 5763 ἄλλα
3420 5705 3610 5761 πολλά.
