4144 6420
531 405 674 462 1545

1169 402 1437 460 EUSEBII
1467 401 1954 461 CESARIENSIS
1994 398 2142 456 OPP.
2190 394 2372 451 PARS
2411 393 2475 449 11.
2511 423 2581 434 --
2611 385 3114 446 APOLOGETIGA.

3655 382 3798 440 13M

528 525 767 594 aliquem
839 523 1185 595 partiumque
1243 524 1661 595 dispositionem
1712 523 2101 595 complectitur.

2218 520 2315 589 μὲν
2346 517 2447 589 τὴν
2496 512 2770 587 προτέραν
2796 509 3050 564 ἀπόδοσιν
3092 505 3261 559 ἀΐδιον
3292 502 3385 557 τὸν
3412 501 3615 573 κόσμον
3656 497 3798 556 εἷναί

526 616 713 686 Itaque
738 616 784 671 si
813 617 1012 685 prioris
1041 616 1187 672 illius
1220 619 1362 672 ratio
1394 618 1677 684 habeatur,
1718 618 2108 688 sempiternum

526 707 629 777 ipsi
656 706 919 762 mumlum
948 724 1071 763 esse
1099 708 1288 763 aiunt:
1317 709 1400 765 sin
1431 719 1655 764 ornatus
1685 710 1788 764 iste
1814 714 2109 778 spectatur,

525 800 790 870 genitum,
816 813 880 852 ac
906 814 1005 868 pro
1032 799 1392 863 inﬁnitarum,
1423 815 1518 854 seu
1547 814 1667 871 quas
1691 800 1803 869 jam
1835 798 2111 869 praaterie-

524 894 654 956 rint,
690 908 783 947 seu
811 907 933 961 quae
962 891 1162 948 futurae
1207 902 1395 964 postea
1422 893 1553 961 sint,
1600 895 1948 964 periodorum
1979 906 2111 946 con-

521 987 775 1040 versione
835 985 1176 1040 mutabilem.
1240 986 1419 1056 Atque
1484 987 1597 1052 ita,
1668 985 1811 1055 quod
1860 999 1927 1037 ex
1959 984 2109 1037 omni

524 1077 829 1130 substantia
866 1076 972 1130 tale
1000 1076 1131 1146 quid
1166 1076 1404 1140 exsistit,
1455 1076 1718 1131 mundum
1748 1088 1868 1130 esse
1911 1073 2111 1142 sempi-

522 1177 739 1222 ternum
766 1182 829 1222 ac
854 1167 1025 1222 Deum
1057 1186 1071 1233 ;
1105 1177 1161 1221 at
1188 1167 1450 1223 mundum
1491 1168 1774 1239 appellari,
1798 1166 2107 1220 machinam

521 1253 667 1308 hanc
707 1268 738 1308 e
767 1254 928 1319 emlo,
970 1269 1116 1320 aere,
1150 1266 1314 1322 terra,
1353 1257 1511 1321 mari,
1554 1271 1620 1313 ac
1655 1256 1892 1326 propriis
1925 1254 2110 1324 singu-

521 1344 700 1398 lorum
727 1345 939 1401 naturis
970 1347 1347 1402 constitutam.
1378 1345 1639 1401 Mundum
1670 1356 1949 1416 praeterea,
1981 1346 2110 1399 deo-

520 1450 647 1489 rum
676 1436 842 1490 simul
875 1445 928 1491 et
964 1437 1275 1502 hominum,
1321 1438 1435 1491 imo
1468 1445 1523 1491 et
1570 1437 1815 1492 omnium
1861 1436 2105 1502 omnino,

522 1543 644 1593 quae
671 1527 918 1596 ipsorum
955 1544 1121 1584 causa
1161 1528 1300 1584 facta
1337 1529 1469 1593 sint,
1517 1528 1855 1584 domicilium
1900 1528 2103 1581 vocari.

522 1618 996 1684 Quemadmodum
1037 1621 1180 1675 enim
1216 1621 1455 1676 civitatis
1487 1620 1639 1674 notio
1666 1619 1912 1688 quaadam
1939 1626 1993 1672 et
2020 1634 2108 1671 ra-

522 1711 598 1764 tio
626 1710 826 1779 duplex
854 1719 959 1775 est,
994 1712 1160 1767 altera
1191 1722 1464 1782 quatenus
1495 1712 1830 1767 domicilium
1876 1710 2102 1779 aliquid,

520 1803 689 1857 altera
737 1813 1012 1874 quatenus
1058 1806 1460 1861 multitudinem
1488 1821 1552 1861 ex
1594 1805 1897 1859 incolarum
1945 1811 2000 1859 et
2027 1801 2105 1857 ci-

518 1896 668 1949 vium
722 1897 982 1952 societate
1027 1896 1316 1953 conﬂatam
1371 1896 1684 1967 significat:
1731 1894 1806 1949 ita
1864 1892 2100 1947 mundus

519 1989 769 2057 quadam
809 1989 966 2059 quasi
1017 1989 1212 2044 civitas
1260 1999 1365 2057 est,
1414 2004 1478 2044 ex
1522 1989 1626 2045 diis
1681 1985 2103 2053 hominibusque

518 2086 801 2145 constans,
839 2081 919 2135 sic
962 2082 1180 2151 quidem
1213 2089 1273 2135 ut
1320 2081 1682 2152 principatum
1729 2078 1804 2134 dii
1859 2086 2099 2141 teneant,

519 2169 774 2226 homines
805 2186 995 2228 eorum
1019 2173 1249 2242 imperio
1273 2172 1474 2228 subditi
1501 2180 1805 2227 teneantur.
1833 2169 2099 2224 Caeterum

518 2271 767 2317 mutuam
799 2279 990 2319 eorum
1027 2264 1169 2320 inter
1197 2280 1257 2320 se
1294 2264 1734 2335 conjunctiouem
1767 2277 1910 2327 esse,
1934 2277 2099 2333 quam

519 2352 632 2419 ilia,
662 2368 784 2422 quae
810 2362 1020 2408 naturae
1044 2355 1131 2408 lex
1165 2354 1413 2424 quaedam
1440 2362 1544 2420 est,
1595 2352 1911 2408 communio
1937 2351 2100 2405 ratio-

518 2446 606 2501 nis
653 2445 868 2501 eiiiciat.
929 2446 1039 2501 Alia
1092 2462 1321 2518 prorsus
1365 2446 1549 2501 omnia
1609 2455 1832 2515 propter
1879 2444 2099 2500 eosdem

519 2531 661 2586 facta
687 2546 832 2587 esse.
864 2531 1076 2599 Quibus
1097 2543 1463 2589 consentanee
1493 2533 1802 2604 ponendum
1836 2531 1967 2587 illud
1997 2542 2099 2599 est,

516 2624 803 2679 hominum
865 2640 1054 2680 curam
1118 2641 1310 2697 gerere
1394 2625 1635 2681 universi
1703 2625 2100 2679 moderatorem

517 2716 715 2783 Deum,
777 2721 979 2790 quippe
1008 2720 1103 2790 qui
1154 2721 1363 2790 prolixa
1421 2718 1752 2789 benignitate
1805 2717 2100 2787 praaditus,

516 2810 800 2864 hominum
833 2826 1045 2877 amans,
1074 2812 1245 2883 818
1278 2811 1574 2881 justusque
1620 2809 1711 2877 sit,
1754 2817 1809 2865 et
1840 2810 2099 2864 virtutum

514 2903 765 2956 omnium
806 2904 1188 2973 complexione
1224 2902 1519 2973 perfectus.
1565 2901 1835 2968 Quocirca
1863 2902 2100 2958 mundus

515 3008 739 3064 quoque
770 2993 928 3059 Ζεύς,
967 2995 1073 3051 hoc
1103 3005 1188 3050 est
1214 2993 1444 3064 Jupiter,
1473 3003 1722 3060 vocatur,
1767 2995 1913 3066 quod
1942 2992 2100 3048 nobis

513 3084 609 3138 τοῦ
640 3084 759 3157 ζῇν,
788 3084 894 3140 hoc
917 3094 1003 3141 est
1025 3085 1241 3140 vivendi
1273 3085 1343 3142 sit
1373 3095 1584 3141 auctor.
1613 3086 1901 3154 Eumdem,
1935 3096 2100 3157 prout

512 3177 781 3248 εἰρομένῳ
829 3176 995 3247 λόγῳ,
1048 3176 1103 3231 id
1155 3185 1240 3233 est
1289 3192 1538 3233 connexa
1586 3178 1820 3248 quadam
1866 3180 2096 3246 ratione,
2124 3210 2165 3267 ο

514 3281 682 3335 quam
715 3267 1066 3337 praeter-gredi
1091 3282 1156 3322 ac
1180 3268 1386 3325 violare
1431 3269 1570 3324 nihil
1617 3271 1813 3340 possit,
1847 3285 1913 3325 ex
1945 3272 2096 3326 omni

515 3358 820 3413 aeternitate
850 3367 1046 3414 cuncta
1100 3360 1442 3425 moderatur,
1475 3361 1854 3434 Εἱμαρμένην,
1888 3362 1993 3419 hoc
2016 3372 2101 3419 est

517 3447 734 3515 Fatum,
766 3449 993 3520 insuper
1031 3451 1289 3522 appellari
1318 3470 1331 3505 :
1379 3451 1729 3525 Ἀδράστειαν
1758 3467 1907 3517 vero,
1941 3454 2098 3524 quasi

482 3539 669 3595 'dicas
704 3542 815 3595 vim
865 3544 1157 3611 quamdam
1215 3543 1676 3610 indeclinabilem,
1725 3544 1873 3612 quod
1922 3545 2098 3616 ipsum

517 3632 655 3686 nihil
680 3632 903 3703 effugiat
926 3651 940 3688 :
971 3633 1378 3689 Providentiam
1403 3635 1659 3705 denique,
1688 3637 1833 3706 quod
1860 3637 2092 3706 singula,

517 3734 680 3793 prout
725 3724 994 3795 cujusque
1038 3742 1172 3782 usus
1214 3728 1404 3797 exigit,
1456 3728 1683 3797 proinde
1730 3728 2091 3785 administret.

518 3816 722 3873 Ducem
745 3833 911 3887 porro
934 3819 1344 3890 principemque
1365 3819 1574 3886 mundi,
1605 3820 1777 3875 solem
1807 3818 2096 3877 Cleanthes

517 3925 638 3965 esse
667 3910 861 3978 voluit,
888 3912 1033 3983 quod
1063 3919 1117 3967 et
1149 3913 1389 3968 siderum
1437 3921 1581 3967 esset
1635 3913 1882 3966 omnium
1922 3914 2099 3968 maxi-

2215 627 2368 680 φασι,
2394 606 2539 662 κατὰ
2565 606 2622 659 δὲ
2658 603 2757 675 τὴν
2785 601 3146 670 διακόσμησιν
3188 595 3445 666 γεννητὸν
3497 596 3594 648 καὶ
3630 611 3797 665 μετα-

2210 703 2424 774 ϐλητὸν,
2450 699 2591 754 κατὰ
2647 695 2931 768 περιόδους
2986 692 3246 762 ἀπείρους
3276 687 3564 758 γεγονυίας
3592 703 3654 739 τε
3702 686 3797 753 καὶ

2208 797 2488 866 ὲσομένας.
2525 791 2636 845 Καὶ
2688 790 2749 843 τὸ
2779 788 2876 860 μὲν
2916 788 2981 839 ὲκ
3037 785 3136 855 τῆς
3187 783 3369 853 πάσης
3424 779 3613 843 οὐσίας
3645 778 3799 831 ποιὸν

2208 889 2411 959 κόσμον
2448 887 2617 939 ἀΐδιον
2650 878 2787 936 εἶναι
2838 878 2933 932 καὶ
2983 877 3137 930 Θεόν·
3188 872 3444 942 λέγεσθαι
3499 871 3557 924 δὲ
3588 871 3796 941 κόσμον

2211 980 2463 1049 σύστημα
2491 975 2552 1040 ἐξ
2587 971 2842 1043 ούρανοῦ,
2900 970 2995 1024 καὶ
3053 968 3234 1038 ἀέρος,
3272 965 3366 1019 καὶ
3395 964 3522 1033 γῆς,
3571 962 3667 1017 καὶ
3699 962 3796 1014 θα-

2207 1071 2429 1141 λάττης,
2489 1068 2581 1121 καί
2640 1064 2748 1118 τῶν
2808 1065 2866 1116 ὲν
2928 1062 3112 1123 αὐτοῖς
3135 1057 3371 1127 φύσεωνο
3434 1053 3692 1123 λέγεσθαι
3735 1053 3795 1106 δὲ

2207 1163 2432 1232 κόσμον,
2463 1159 2560 1213 καὶ
2584 1158 2645 1211 τὸ
2675 1156 2990 1226 οἰκητήριον
3024 1150 3162 1204 θεῶν
3217 1149 3312 1203 καὶ
3338 1145 3661 1219 ἀνθρώπων,
3697 1142 3795 1197 καὶ

2205 1255 2313 1309 τῶν
2345 1254 2509 1307 ἓνεκα
2538 1249 2747 1303 τούτων
2770 1246 3097 1316 γενομένων.
3138 1243 3237 1295 Ὃν
3265 1239 3376 1310 γὰρ
3406 1238 3608 1310 τρόπον
3635 1234 3796 1299 πόλις

2206 1348 2424 1415 λέγεται
2452 1343 2633 1414 διχῶς.
2661 1340 2723 1394 τό
2749 1356 2808 1392 τε
2836 1336 3149 1407 οἰκητήριον
3201 1331 3296 1386 καὶ
3323 1329 3385 1383 τὸ
3413 1330 3479 1383 ὲκ
3518 1327 3627 1381 τῶν
3655 1328 3797 1379 ὲνοι-

2207 1436 2447 1494 κούντων
2506 1437 2601 1489 σὺν
2657 1434 2770 1495 τοῖς
2818 1428 3064 1490 πολίταις
3123 1422 3396 1494 σύστημα·
3453 1418 3596 1474 οὓτω
3643 1417 3739 1472 καὶ
3762 1418 3795 1473 ὁ

2206 1530 2408 1599 κόσμος
2447 1523 2610 1579 οἰονεί
2647 1522 2803 1584 πόλις
2860 1516 3008 1571 ἐστὶν
3060 1516 3125 1567 ὲκ
3165 1511 3301 1565 θεῶν
3350 1509 3445 1564 καὶ
3487 1505 3793 1579 ἀνθρώπων

2208 1616 2672 1677 συνεστῶσα,τῶν
2729 1613 2827 1683 μὲν
2855 1608 2993 1664 θεῶν
3050 1606 3148 1678 τὴν
3201 1601 3495 1674 ἡγεμονίαν
3535 1599 3791 1671 ἐχόντων,

2204 1710 2313 1765 τῶν
2332 1710 2389 1763 δὲ
2417 1704 2718 1778 ἀνθρώπων
2743 1697 3215 1767 ὑποτεταγμένων.
3237 1690 3538 1747 Κοινωνίαν
3559 1689 3603 1743 δ’
3620 1690 3792 1762 ὑπάρ-

2206 1820 2323 1875 χειν
2369 1800 2505 1872 πρδς
2529 1796 2809 1868 ἀλλήλους,
2843 1791 2933 1846 διὰ
2956 1791 3016 1844 τὸ
3043 1789 3203 1857 λόγου
3262 1783 3532 1856 μετέχειν,
3588 1782 3789 1875 ὂς-ὲστι

2204 1873 2364 1965 ἐρύσει
2409 1892 2590 1962 νόμος·
2654 1888 2723 1941 τὰ
2753 1887 2799 1940 δ’
2839 1884 2974 1939 ἄλλα
3024 1881 3202 1935 πάντα
3260 1876 3542 1947 γεγονέναι
3582 1873 3789 1928 τούτων

2203 1988 2385 2040 ἕνεκα.
2418 1978 2513 2047 Οἷς
2536 1979 2845 2041 ἀκολούθως
2900 1971 3183 2046 νομιστέον
3234 1970 3480 2041 προνοεῖν
3530 1965 3638 2020 τῶν
3690 1964 3786 2018 άν-

2202 2077 2436 2150 θρὼπων
2468 2074 2562 2128 τὸν
2618 2072 2688 2126 τὰ
2733 2070 2830 2124 ὅλα
2882 2064 3187 2121 διοικοῦντα
3229 2062 3383 2124 Θεὸν,
3442 2055 3788 2150 εὐεργετικὸν

2201 2146 2350 2233 ὄντα,
2380 2166 2474 2221 καὶ
2506 2162 2764 2237 χρηστὸν,
2788 2161 2883 2214 καί⁸
2915 2156 3312 2228 φιλάνθρωπον,
3348 2150 3555 2205 δίκαιόν
3574 2166 3655 2209 τε,
3691 2146 3788 2201 καὶ

2204 2261 2380 2322 πάσας
2405 2258 2597 2329 ἔχοντα
2622 2254 2722 2319 τὰς
2751 2252 2971 2324 ἀρετάς.
3002 2248 3095 2302 Διὸ
3121 2248 3185 2318 δὴ
3226 2245 3321 2299 καὶ
3353 2242 3491 2307 Ζεὺς
3515 2241 3731 2309 λέγεται
3755 2240 3785 2292 ὁ

2202 2352 2422 2423 κόσμος,
2457 2347 2645 2418 ἐπειδὴ
2676 2345 2770 2399 τοῦ
2799 2345 2897 2414 ζῇν
2928 2341 3102 2404 αἴτιος
3124 2340 3256 2410 ἡμῖν
3294 2339 3425 2390 ἐστι.
3452 2332 3702 2388 Καθόσον
3728 2330 3787 2385 δὲ

2203 2443 2468 2517 εἰρομένῳ
2489 2441 2632 2511 λόγῳ
2660 2438 2839 2491 πάντα
2865 2435 3058 2489 διοικεῖ
3078 2428 3447 2502 ἀωραὸάτως
3477 2425 3537 2492 ἐξ
3577 2423 3784 2517 -άῖδίου,

2203 2514 2706 2609 προσονομάζεσθαι
2750 2524 3129 2598 Εἱμαρμένην·
3178 2519 3527 2592 Ἀδράστειαν
3570 2515 3648 2609 δέ,
3703 2514 3786 2609 ότι

2204 2606 2355 2681 ούδέν
2380 2625 2527 2678 ἐστιν
2584 2620 2746 2675 αὐτὸν
2794 2615 3228 2688 ἀποδιδράσκεινο
3285 2608 3548 2682 Πρόνοιαν
3593 2607 3662 2672 δ’,
3703 2606 3787 2660 ὅτι

2207 2719 2343 2791 πρὸς
2372 2718 2432 2771 τὸ
2452 2716 2720 2789 χρήσιμον
2776 2710 3050 2780 οἰκονομεῖ
3067 2707 3275 2761 ’ἑκαστα
3302 2743 3317 2758 .
3336 2702 3465 2770 Ἡγε
3474 2698 3787 2791 μονικδν-δέ

2205 2787 2299 2865 τοῦ
2330 2787 2833 2879 κόσμουὟΚλεάνθει
2862 2802 2958 2874 μὲν
2998 2801 3165 2873 ἡρεσε
3192 2796 3283 2852 τὸν
3320 2794 3472 2866 ἥλιον
3504 2787 3666 2855 εἶναι,
3699 2789 3788 2843 διὰ

2203 2903 2265 2957 τὸ
2295 2901 2548 2973 μέγιστον
2569 2898 2677 2953 τῶν
2700 2896 2915 2969 ἄστρων
2945 2892 3231 2964 ὑπάρχειν,
3262 2888 3357 2942 καὶ
3391 2885 3620 2940 πλεῖστα
3649 2900 3787 2973 cup.-

2204 2972 2492 3047 ϐάλλεσθαι
2521 2989 2660 3062 πρὸς
2684 2986 2781 3060 τὴν
2810 2985 2918 3040 τῶν
2973 2984 3111 3037 ὅλων
3136 2980 3420 3049 διοίκησιν,
3444 2975 3663 3048 ἡμέραν
3688 2972 3786 3028 καὶ

2206 3085 2449 3140 ἐνιαυτὸν
2473 3081 2750 3145 ποιοῦντα,
2780 3080 2876 3134 καί
2901 3078 3001 3141 τὰς
3045 3075 3210 3139 ἄλλας
3242 3072 3413 3144 ὥρας.
3448 3069 3575 3124 Τισὶ
3598 3068 3655 3122 δὲ
3676 3067 3785 3120 τῶν

2204 3178 2311 3233 άπὸ
2331 3178 2430 3248 τῆς
2452 3174 2717 3248 αἱρέσεως
2737 3170 2880 3238 ἔδοξε
2927 3169 3030 3240 γῆν
3062 3166 3125 3220 τὸ
3155 3161 3480 3237 ἡγεμονικὸν
3506 3156 3645 3215 εῖναι
3689 3156 3783 3212 τοῦ

2198 3273 2426 3344 κόσμου.
2455 3267 2766 3341 Χρυσίππῳ
2798 3264 2856 3318 δὲ
2881 3262 2974 3318 τὸν
3022 3260 3215 3332 αἰθέρα
3239 3257 3332 3311 τδν
3393 3251 3782 3326 καθαρώτατον

2196 3365 2292 3418 καὶ
2319 3359 2797 3431 εἰλικρινέστατον,
2822 3355 2917 3410 ἅτε
2950 3353 3167 3407 πάντων
3196 3346 3612 3418 εὐκινητότατον
3632 3344 3784 3409 ὅντα,

2199 3456 2294 3508 καὶ
2315 3455 2414 3524 τὴν
2445 3452 2573 3523 ὅλην
2618 3447 2951 3520 περιάγοντα
2977 3442 3072 3496 τοῦ
3106 3442 3312 3511 κόσμου
3339 3436 3566 3509 φοράν.»
3598 3434 3784 3489 Ταῦτα

2204 3547 2301 3619 μὲν
2330 3547 2461 3617 ἡμῖν
2498 3542 2607 3596 ἀπὸ
2647 3541 2747 3610 τῆς
2785 3532 3107 3604 Ἐπιτομῆς
3147 3530 3359 3603 Ἀρείου
3393 3526 3785 3619 Διδύμουᾲπ-ρο-

2200 3616 2422 3692 κείσθω.
2453 3632 2600 3704 Πρὸς
2638 3629 2696 3683 δὲ
2726 3628 2823 3699 τὴν
2858 3627 2987 3698 περί
3018 3624 3155 3678 Θεοῦ
3186 3623 3295 3676 τῶν
3349 3618 3602 3673 Στωϊκῶν
3623 3616 3781 3680 δόξαν

2202 3730 2444 3801 ἀπαρκεῖ
2469 3721 2812 3798 παραθέσθαι
2859 3720 2960 3783 τὰς
3011 3715 3320 3791 Πορφυρίου
3359 3711 3621 3801 λέξειςᾲὲν
3667 3711 3781 3771 τοῖς

2200 3798 2341 3894 πρὸς
2364 3817 2567 3888 Βόηθον
2594 3812 3002 3886 ἀντιγραφεῖσιν
3031 3807 3180 3880 αὐτῷ
3226 3804 3367 3874 Περί
3390 3798 3621 3872 ψυχῆς,
3666 3816 3781 3853 τοι·

2199 3912 2356 3968 οῦτον
2376 3907 2606 3981 ἐχούσας
2635 3904 2726 3959 τὸν
2753 3903 2934 3976 τρόπο-

516 4013 661 4061 mus,
719 4007 774 4054 et
815 4007 1135 4055 cunctarum
1193 4000 1259 4054 ad
1320 4014 1505 4054 rerum
1563 3999 2093 4056 administrationem
2168 4015 2350 4072 opera:
2389 3996 2688 4069 plurimum
2731 4003 2786 4051 et
2829 3992 3235 4051 commoditatis
3256 3991 3494 4058 aderrat,
3542 4008 3666 4049 cum
3729 3989 3785 4044 el

516 4088 660 4146 diem
725 4102 799 4147 et.
825 4105 1051 4154 annum,
1098 4101 1428 4160 craterasque
1471 4096 1825 4161 tempestates
1872 4093 2127 4149 ediceret.
2169 4092 2272 4148 Alii
2299 4089 2544 4162 ejusdem
2572 4096 2734 4144 secta:
2798 4085 3128 4157 philosophi,
3173 4096 3372 4140 terram
3418 4086 3606 4140 mundi
3634 4083 3783 4155 prin-

516 4184 754 4253 cipatum
801 4183 1003 4239 habere
1064 4183 1394 4238 maluerunt.
1423 4182 1763 4255 Chrysippus
1827 4200 1950 4241 eum
1996 4186 2294 4256 purissimo
2334 4198 2399 4239 ac
2449 4179 2873 4259 defaecatissimo
2912 4178 3101 4234 aetheri
3177 4177 3383 4240 tribuit,
3448 4178 3649 4247 quippe
3686 4179 3780 4245 qui

516 4286 571 4331 et
612 4276 858 4330 omnium
893 4276 964 4332 sit
1013 4276 1250 4331 maxime
1292 4277 1531 4341 mobilis,
1581 4287 1637 4332 et
1678 4290 1846 4333 totam
1903 4279 2094 4334 mundi
2132 4277 2543 4333 conversionem
2612 4274 2968 4343 circumagat.
3016 4289 3036 4323 ι
3087 4269 3360 4324 Hactenus
3389 4284 3454 4323 cx
3505 4269 3618 4322 Arii
3684 4266 3780 4321 Di~

518 4369 665 4440 dymi
701 4368 970 4437 Epitoma.
1000 4367 1119 4423 Jam
1150 4369 1413 4425 adversus
1441 4369 1761 4425 eorumdem
1793 4370 2104 4425 Stoicorum
2162 4368 2229 4424 de
2301 4366 2412 4422 Deo
2468 4364 2792 4421 sententiam
2847 4377 3019 4432 pauca
3071 4361 3187 4415 haec
3230 4358 3424 4413 aﬂ'erre
3473 4358 3609 4413 satis
3634 4357 3779 4422 erit,

519 4473 641 4530 qua:
668 4459 1004 4530 Porphyrius
1030 4458 1085 4513 in
1136 4459 1224 4521 iis,
1251 4475 1374 4528 quae
1406 4460 1473 4514 ad
1513 4459 1776 4515 Boethum
1812 4460 1886 4515 De
1918 4465 2098 4517 animo
2137 4460 2450 4531 rescripsit,
2482 4457 2704 4512 totidem
2735 4454 2916 4509 verbis
2939 4452 3214 4521 opposuit.

1104 4552 1332 4609 CAPUT
1362 4554 1502 4610 XVI.

518 4667 717 4722 Contra
748 4666 1047 4741 Stoicorum
1085 4666 1148 4741 de
1182 4665 1288 4720 Deo
1322 4670 1659 4741 sententiam.
1698 4668 1782 4723 Ex
1810 4668 2093 4741 Porphyrii

868 4737 936 4789 ad
960 4736 1216 4790 Boetlmm
1240 4753 1390 4807 opere
1419 4738 1494 4793 De
1521 4740 1726 4794 animo.

595 4870 613 4903 ι
663 4851 854 4919 Deum,
891 4851 1092 4921 inquit,
1136 4851 1435 4921 spiritalem
1467 4851 1757 4922 quemdam
1809 4855 1984 4925 ignem
2014 4855 2094 4910 sic

519 4945 819 5015 appellant,
866 4943 1002 4997 nihil
1052 4954 1108 4997 ut
1164 4944 1414 4998 eumdem
1468 4945 1859 5014 sempiternum
1917 4946 2095 5002 facere

517 5047 829 5102 vereantur,
880 5037 991 5089 imo
1022 5037 1181 5091 etiam
1232 5036 1533 5105 ejusmodi,
1565 5036 1659 5106 qui
1710 5040 1893 5094 omnia
1925 5037 2094 5109 depao

520 5138 705 5183 scatur
738 5137 786 5183 et
818 5128 1067 5197 perimat,
1103 5128 1261 5198 quasi
1311 5128 1484 5182 nostri
1533 5128 1697 5196 hujus
1744 5144 1808 5184 ac
1861 5130 2095 5201 vulgaris

518 5219 661 5290 ignis
684 5220 995 5275 simillimus
1036 5220 1126 5275 sit.
1175 5220 1432 5289 Adeoque
1475 5218 1752 5275 Aristoteli
1794 5236 2096 5292 repugnare

520 5326 628 5365 non
660 5311 930 5374 dubitant,
959 5311 1051 5381 qui
1081 5311 1186 5366 hoc
1214 5312 1312 5367 abs
1346 5328 1466 5368 sese
1496 5313 1776 5382 impetrari
1822 5330 1928 5369 non
1960 5317 2097 5384 pati-

528 5411 633 5468 tur,
679 5413 738 5456 ut
783 5403 1073 5458 mtheream
1107 5403 1383 5475 regionem
1419 5404 1581 5459 simili
1625 5420 1697 5460 ex.
1743 5404 1865 5476 igne
1893 5407 2096 5461 consti-

528 5502 662 5547 tuat.
694 5492 778 5547 Ex
810 5494 1009 5566 quibus
1038 5496 1084 5551 si
1121 5493 1260 5552 forte
1282 5495 1585 5566 quaesieris,
1616 5498 1708 5569 qui
1740 5498 1915 5567 possit
1955 5499 2096 5569 ignis

529 5586 791 5657 ejusmodi
838 5589 1024 5644 tandiu
1046 5604 1387 5659 permanere,
1405 5590 1675 5647 diversum
1700 5592 1915 5662 quidem
1942 5592 2095 5646 illum

529 5694 650 5735 csse
698 5689 915 5747 negant,
947 5680 1041 5735 sed
1075 5681 1235 5736 talem
1286 5680 1335 5738 ei
1372 5691 1618 5738 naturam
1667 5682 1796 5738 dum
1830 5681 2094 5747 tribuunt,

601 5814 710 5883 (ει)
745 5811 910 5869 Forte
948 5813 1023 5867 δέ.

2710 4546 3108 4603 ΚΕΦΑΛΑΙΟΝ
3155 4546 3272 4611 ις’.

2194 4672 2535 4737 Πορφυριου
2558 4663 2706 4737 πρὸς
2729 4662 2846 4737 τὴν
2866 4660 2985 4737 τῷν
3000 4657 3293 4737 Pacuui):
3335 4657 3469 4737 srng
3500 4652 3646 4737 9:30;.
3682 4652 3782 4708 δέ,
3805 4720 3817 4731 ν
3897 4668 3901 4672 .

2334 4726 2467 4803 ξεῖν.
2509 4726 2651 4790 ’Δαὶὸ
2682 4726 2802 4787 τῶν
2823 4732 2971 4799 πρὸς
2993 4731 3224 4797 Βόηθον
3244 4728 3382 4799 Περὶ
3410 4726 3608 4797 ψυχῆς.

2270 4867 2289 4900 ι
2326 4848 2430 4901 Τὸν
2472 4845 2530 4899 δὲ
2558 4843 2691 4897 Θεὸν
2717 4843 2818 4895 οὐκ
2841 4839 3078 4903 ὀκνοῦσι,
3122 4838 3234 4910 πῦρ
3281 4837 3465 4909 νοερὸν
3510 4836 3780 4901 εἰπόντες,

2194 4938 2363 4994 ἀΐδιον
2384 4935 2726 4996 καταλιπεῖν,
2775 4931 2871 4985 καὶ
2928 4930 3168 5001 φθείρειν
3205 4929 3304 5000 μὲν
3366 4929 3543 4982 πάντα
3601 4926 3783 4994 λέγειν

2195 5032 2289 5084 καὶ
2314 5027 2688 5100 ἐπινέμεσθαι,
2711 5024 2786 5087 ὡς
2811 5022 3048 5077 τοιοῦτον
3079 5020 3140 5075 ὃν
3199 5020 3331 5091 πῦρ,
3374 5013 3486 5072 οἷον
3535 5018 3596 5071 τὸ
3647 5020 3781 5087 ἡμῖν

2197 5118 2655 5191 συνεγνωσμένον·
2680 5114 2980 5182 ἀντιλέγειν
3034 5130 3092 5166 τε
3122 5110 3236 5183 (54)
3279 5110 3358 5181 τῷ
3398 5106 3778 5180 Ἀριστοτέλει,

2196 5210 2619 5285 παραιτουμένῳ
2650 5208 2743 5261 τὸν
2776 5205 2969 5277 αἰθέρα
3000 5209 3064 5259 ὲκ
3117 5204 3286 5275 πυρὸς
3311 5202 3490 5270 λέγειν
3512 5198 3775 5252 τοιούτου.

2208 5299 2621 5371 Ἀπαιτούμενοι
2641 5296 2718 5363 δὲ,
2753 5295 2872 5359 πῶς
2895 5295 2954 5348 τὸ
2982 5292 3221 5348 τοιοῦτον
3257 5289 3593 5361 ὲπιδιαμένει
3642 5286 3777 5358 πῦρ,

2197 5392 2404 5446 ἀλλοῖον
2440 5390 2539 5462 μὲν
2569 5386 2681 5460 πῦρ
2711 5388 2771 5440 ού
2806 5386 3052 5454 λέγουσιν
3074 5381 3231 5451 εἶναι,
3263 5381 3504 5436 τοιοῦτον
3534 5379 3579 5432 δ’
3606 5378 3785 5431 εἰπόν-

2195 5501 2306 5548 τες,
2338 5481 2614 5536 πιστεύειν
2638 5481 2822 5543 αύτοῖς
2854 5476 3185 5546 ἀξιώσαντες
3241 5472 3475 5538 εἰποῦσι,
3503 5474 3568 5542 τῇ
3598 5470 3781 5539 ἀλόγῳ

2197 5576 2378 5631 πίστει
2426 5574 2602 5646 ταύτῃ
2661 5572 3141 5634 ἐπισυνάπτουσιν,
3171 5570 3255 5623 ὅτι
3307 5566 3403 5621 καὶ
3454 5564 3625 5618 ἀΐδιόν
3660 5562 3779 5615 ἔστι

2199 5666 2330 5740 πῦρ,
2358 5668 2421 5720 ὲκ
2449 5666 2645 5739 μέρους
2691 5664 2785 5720 καὶ
2813 5663 2876 5718 τὸ
2924 5662 3164 5735 αἰθέριον
3209 5656 3527 5713 σϐέννυσθαι
3561 5653 3655 5709 καὶ
3675 5652 3782 5707 σὰν-
