4144 6406
327 364 349 419 Ι
360 364 463 420 345

1434 371 1756 427 ΡΒᾸΞΡΛΒ.
1798 372 2049 430 EVANG.
2090 375 2221 431 LIB.
2265 377 2380 433 XV.

3449 387 3592 443 1546

320 482 588 536 ἅπτεσθαι
616 484 874 547 τιθέντες.
913 486 1072 540 Ἀλλά
1103 486 1200 557 τὴν
1216 488 1422 542 τούτων
1451 491 1586 561 πρὸς
1616 491 1715 560 μὲν
1734 490 1889 544 ταῦτα

2011 495 2169 549 nudae
2214 496 2448 550 orationi
2502 496 2661 552 ﬁdem
2697 498 2886 555 haberi
2917 500 3145 568 volunt;
3180 501 3287 557 nisi
3318 503 3460 573 quod
3505 504 3590 558 in-

321 571 601 643 ἀῦλεψίαν,
636 575 772 643 πρὸς
806 577 862 629 δὲ
890 576 958 628 τὰ
984 576 1093 629 τῶν
1141 576 1387 630 παλαιῶν
1419 579 1689 651 ρᾳθυμίαν
1718 598 1776 633 τε
1808 582 1903 634 καὶ

320 664 757 737 καταφρόνησιν,
810 667 864 721 τί
923 668 989 722 ἄν
1050 686 1134 733 τις
1181 669 1352 723 ἐπιὼν
1414 670 1507 723 ἐπὶ
1571 670 1733 725 πλέον
1792 690 1900 744 μη-

2011 602 2175 655 super
2204 598 2313 642 tam
2340 590 2593 644 absurda:
2624 591 2869 661 opinioni
2898 592 3003 647 hoc
3035 594 3261 658 addunt,
3295 604 3354 649 ut
3383 598 3590 667 sempi-

2009 686 2223 734 ternum
2275 681 2452 751 ignem
2502 683 2655 737 illum
2701 698 2822 738 esse
2866 684 3180 749 defendant,
3230 701 3356 741 cum
3405 696 3584 743 tamen

2006 770 2288 825 tetherium
2318 773 2587 845 exstingui
2631 774 2828 843 partim
2848 815 2863 840 ,
2913 777 3108 844 partim
3145 777 3368 831 accendi
3397 779 3583 840 velint.

2006 814 2288 825 ..-..e.......
2320 814 2587 845 πεπυ...
2631 814 2863 843 νυ......,
2914 814 3108 844 ...ι-...η
3145 814 3368 831 “ea...”

321 848 425 902 Sed
451 863 641 902 eorum
699 858 795 904 aut
857 857 1160 920 stuporem,
1206 860 1306 909 aut
1356 861 1599 909 veterum
1646 855 1751 910 hac
1797 855 1852 909 in
1918 856 2286 929 disputatione
2332 875 2704 935 contemptum
2774 866 3026 937 pluribus
3070 883 3400 939 exaggerare
3452 870 3583 941 quid

317 940 553 994 attinet?

842 1033 1115 1086 ΚΕΦΑΛΑ
1124 1034 1238 1087 [ON
1277 1035 1375 1087 lZ'.

316 1147 437 1201 Ὅτι
468 1149 578 1201 οὐκ
602 1146 679 1200 ἂν
700 1146 793 1214 εἵη
818 1146 990 1215 σῶμα
1023 1146 1089 1200 τό
1116 1146 1207 1211 ὃν,
1240 1147 1389 1201 κατὰ
1410 1149 1551 1215 τοὺς
1582 1150 1900 1214 Στωϊκούς.

408 1218 549 1271 Ἀπὸ
589 1216 694 1271 τοῦ
750 1215 984 1285 πρώτου
1010 1219 1145 1291 Περὶ
1173 1218 1413 1286 τάγαθοῦ
1437 1220 1803 1289 Νουμηνίου.

300 1327 305 1352 τ
388 1327 409 1359 ι
457 1306 616 1361 Ἀλλά
643 1308 696 1359 τί
715 1306 776 1377 δή
815 1309 930 1360 ἐστι
950 1306 1010 1358 τὸ
1030 1305 1089 1360 δν
1114 1322 1128 1370 ;
1157 1303 1265 1378 ἆρα
1283 1308 1439 1361 ταυτὶ
1471 1307 1540 1361 τὰ
1570 1311 1805 1378 στοιχεῖα
1831 1308 1900 1362 τά

310 1401 570 1472 τέτταρα,
599 1401 633 1471 ἡ
674 1400 766 1470 γῆ,
802 1400 895 1453 καὶ
928 1400 988 1452 τὸ
1022 1399 1153 1468 πῦρ,
1182 1401 1277 1453 καὶ
1308 1401 1362 1452 ai
1390 1400 1545 1453 ἄλλαι
1566 1399 1658 1452 δύο
1690 1398 1893 1470 μεταξὺ

311 1493 502 1562 φύσεις
530 1509 544 1557 ;
571 1488 717 1563 τΔρα
744 1486 835 1544 οὖν
863 1490 928 1563 δὴ
972 1491 1041 1544 τὰ
1066 1491 1195 1545 ὄντα
1243 1491 1413 1544 ταῦτά
1443 1494 1589 1544 ἐστιν
1617 1492 1735 1562 ἦτοι
1768 1492 1894 1559 ξυλ-
1937 1524 1943 1530 ι

308 1583 533 1656 λήὸδην,
567 1583 599 1654 ἢ
632 1582 753 1636 καθ’
782 1581 841 1637 ἓν
871 1582 935 1651 γέ
956 1599 1009 1635 τι
1038 1582 1247 1650 αὐτῶν;
1277 1583 1386 1636 Καὶ
1421 1581 1558 1647 πῶς,
1593 1582 1628 1636 ἆ
1655 1584 1720 1652 γέ
1776 1585 1892 1637 ἐστι

308 1676 407 1730 καὶ
441 1674 676 1746 γεννητὰ
706 1675 801 1728 xal.
830 1674 1221 1746 παλινάγρετα,
1253 1676 1305 1727 εἴ
1332 1674 1396 1744 γέ
1434 1676 1581 1728 ἐστιν
1601 1676 1733 1749 όρᾷν
1755 1676 1895 1730 αὐτὰ

306 1765 367 1834 ἐξ
400 1765 641 1838 ἀλλήλων
671 1766 952 1838 γινόμενα,
978 1766 1072 1820 καὶ
1115 1766 1592 1837 ἀπαλλασσόμενα,
1634 1768 1729 1821 καὶ
1756 1769 1893 1839 μήτε

306 1861 548 1931 στοιχεῖα
573 1858 906 1931 ὑπάρχοντα,
940 1860 1076 1930 μήτε
1100 1857 1402 1924 συλλαϐἀςς
1428 1858 1595 1930 Σῶμα
1615 1859 1714 1930 μὲν
1734 1860 1893 1914 ταυτὶ

2470 1038 2640 1109 319
2668 1037 2900 1094 CAPUT
2940 1038 3106 1097 xvu.

2001 1147 2069 1203 Id
2098 1151 2239 1220 quod
2259 1160 2705 1227 vere_est,eorpus
2717 1168 2838 1227 _non_
2858 1169 2988 1227 esse:
3007 1164 3066 1227 ut
3093 1153 3260 1209 Stoici
3276 1158 3583 1227 opinantur.

2351 1219 2437 1273 Ex
2475 1219 2728 1274 Numenii
2753 1223 2925 1290 primo
2953 1224 3029 1278 De
3052 1226 3217 1280 bono.

2077 1327 2095 1360 ι
2128 1307 2543 1374 Verumtamen,
2575 1310 2752 1380 inquit
2796 1312 2903 1377 ille,
2943 1313 3204 1383 quidnam
3252 1315 3418 1385 igitur
3460 1333 3586 1383 vere

2001 1408 2123 1457 esse
2150 1401 2394 1457 dicemus
2417 1400 2593 1457 ?Num
2624 1403 2741 1458 haec
2770 1403 3041 1460 elementa
3072 1416 3328 1476 quatuor,
3357 1418 3582 1476 terram,

2000 1491 2205 1560 ignem,
2240 1491 2555 1563 mediasque
2603 1494 2742 1548 duas
2780 1494 2923 1548 inter
2972 1506 3266 1567 utrumque
3316 1502 3585 1556 naturas?

2002 1581 2197 1637 Utrum
2226 1599 2357 1653 ergo
2405 1584 2496 1639 illa
2542 1596 2692 1650 sunt,
2727 1586 2981 1642 universa
3020 1588 3206 1656 simul,
3251 1606 3320 1645 an
3353 1595 3585 1649 seorsim

2000 1688 2065 1730 ac
2099 1689 2198 1744 per
2235 1690 2356 1730 sese
2393 1676 2656 1747 singula?
2708 1676 2813 1744 Qui
2867 1679 3082 1735 tandem
3123 1682 3443 1739 alterutrum
3474 1686 3584 1741 diei

1998 1768 2191 1835 possit,
2238 1782 2364 1822 cum
2399 1776 2454 1823 et
2484 1770 2663 1837 genita
2699 1770 2787 1826 illa
2819 1774 2958 1841 sint,
2990 1783 3046 1830 et
3077 1777 3345 1834 exstincta
3389 1795 3583 1836 rursus

1998 1858 2288 1913 oriantur?
2319 1861 2524 1929 passim
2575 1863 2721 1917 enim
2770 1878 2836 1919 ea
2869 1866 3120 1923 videmus
3173 1883 3300 1923 cum
3347 1869 3465 1925 fieri
3514 1886 3584 1926 ex

302 1947 481 2013 οὕτως
509 1950 609 2002 οὐκ
631 1949 694 2003 ἂν
725 1949 807 2020 εἴη
844 1948 906 2001 τὸ
931 1948 1011 2001 ὅν.
1071 1948 1211 2002 Ἀλλ’
1234 1949 1341 2021 ἄρα
1376 1951 1533 2002 ταυτὶ
1583 1950 1680 2019 μὲν
1713 1948 1797 2013 οὒ,
1859 1952 1889 2022 ή

1997 1965 2118 2006 sese
2141 1961 2354 2019 mutuo,
2398 1961 2514 2008 tum
2566 1955 2640 2009 ita
2674 1970 2900 2025 prorsus
2945 1956 3191 2036 interire,
3239 1968 3302 2014 ut
3340 1975 3441 2016 nec
3472 1961 3585 2016 ele-

300 2040 349 2094 δ’
388 2040 488 2113 ὓλη
519 2041 739 2094 δύναται
791 2037 929 2094 εῖναι
973 2040 1053 2095 δν.
1099 2040 1258 2094 Ἀλλά
1291 2042 1387 2094 καὶ
1435 2040 1644 2114 ταύτην
1694 2042 1891 2106 παντὸς

302 2133 510 2205 μᾶλλον
528 2133 806 2197 ἀδύνατον,
837 2132 1119 2205 ἁρῤωστίᾳ
1145 2131 1239 2186 τοῦ
1273 2133 1475 2204 μένειν.
1505 2133 1758 2205 Ποταμδς
1785 2134 1894 2206 γὰρ

296 2225 332 2295 ἡ
367 2222 473 2295 ὅλη
506 2222 710 2295 ῥοώδης
737 2223 831 2277 καὶ
866 2222 1187 2296 ὀξύρροπος,
1216 2223 1401 2295 βάθος,
1438 2225 1533 2278 καὶ
1556 2224 1778 2289 πλάτος,
1798 2224 1895 2276 καὶ

301 2317 483 2387 μῆκος
522 2315 789 2386 ἀόριστος,
823 2314 915 2368 καὶ
948 2314 1229 2385 ἀνήνυτος.
1258 2334 1277 2367 ι
1347 2315 1459 2369 Καὶ
1499 2314 1639 2385 μετά
1685 2314 1893 2387 βραχέα

298 2404 573 2473 ἐπιλέγει·
638 2422 656 2455 ι
695 2404 856 2457 Ὥστε
904 2404 1086 2467 καλῶς
1138 2406 1167 2457 ό
1218 2403 1379 2473 λόγος
1429 2404 1641 2477 εἴρηκε,
1685 2405 1811 2475 φὰς,
1843 2409 1892 2461 εί

299 2498 451 2551 ἔστιν
485 2497 707 2565 ἄπειρος
728 2499 761 2567 ἡ
790 2496 912 2568 ὕλη,
941 2497 1189 2568 ἀόριστον
1232 2493 1372 2550 εἶναι
1411 2499 1605 2568 αὐτήν·
1651 2500 1701 2551 εί
1730 2497 1788 2551 δὲ
1830 2500 1893 2552 ἀ-

300 2586 544 2659 όριστος,
585 2586 795 2655 ἄλογονο
829 2589 879 2639 εί
912 2585 968 2639 δὲ
1000 2585 1214 2654 ἄλογος,
1248 2586 1543 2656 ἄγνωστον.
1580 2588 1892 2657 Ἀγνωστον

295 2678 355 2731 δέ
383 2695 447 2748 γε
490 2674 653 2732 οὖσαν
679 2678 848 2749 αὐτὴν
879 2679 1174 2744 ἀναγκαῖον
1220 2674 1363 2734 εἶναι
1387 2679 1642 2735 ἄτακτον·
1692 2681 1770 2746 ὡς
1804 2699 1893 2735 τε-

296 2768 550 2839 ταγμένα
580 2769 893 2841 γνωσθῆναι
922 2769 1063 2824 πάνυ
1090 2768 1361 2839 δήπουθεν
1396 2769 1463 2824 ἂν
1497 2771 1581 2843 εἴη
1613 2771 1811 2843 ῥᾴδιονο
1830 2773 1891 2826 τὸ

295 2859 353 2913 δὲ
382 2860 618 2914 ἄτακτον
646 2860 744 2932 οὐχ
773 2860 1024 2932 ἕστηκεν·
1079 2861 1108 2914 ὅ
1137 2877 1192 2913 τι
1235 2860 1292 2914 δὲ
1323 2861 1400 2935 μὴ
1430 2863 1654 2936 ἔστηκε,
1693 2864 1794 2918 οὐκ
1822 2865 1890 2919 ἂν

295 2951 384 3021 εἴη
414 2949 497 3003 δν.
542 2947 712 3003 Τοῦτο
750 2948 807 3002 δὲ
834 2943 901 3020 ἧν
946 2948 1082 3020 ὅπερ
1115 2949 1249 3020 ἡμῖν
1301 2951 1488 3014 αὐτοῖς
1534 2951 1889 3025 ὡμολογησά-

297 3042 442 3113 μεθα
474 3042 533 3095 ὲν
561 3044 674 3106 τοῖς
704 3040 1035 3114 ἐμπροσθεν,
1090 3043 1248 3095 ταυτὶ
1280 3042 1458 3097 πάντα
1502 3045 1891 3119 συνενεχθῆναι

291 3133 371 3204 τῷ
398 3132 517 3186 ὄντι
546 3132 838 3203 ἀθέμιστον
863 3128 1022 3187 εἶναι.
1043 3133 1279 3204 Δοξάτω,
1301 3134 1537 3206 μάλιστα
1566 3137 1668 3207 μὲν
1696 3140 1884 3204 πᾶσιν,

1996 2052 2179 2097 menta
2213 2054 2489 2108 maneant,
2542 2061 2641 2101 nec
2671 2046 3070 2103 elementorum
3104 2051 3215 2106 ulla
3253 2052 3580 2120 complexio.

1995 2129 2182 2203 Itaque
2211 2150 2413 2205 corpus
2451 2138 2583 2193 illud
2618 2138 2765 2208 quod
2798 2154 2925 2195 vere
2967 2141 3058 2206 sit,
3096 2143 3150 2196 in
3179 2142 3464 2199 elementis
3492 2160 3582 2198 re-

1994 2226 2161 2296 periri
2196 2242 2303 2281 non
2334 2237 2533 2297 potest.
2562 2229 2713 2299 Esto,
2746 2233 3033 2288 elementis
3061 2233 3167 2289 hoc
3202 2234 3427 2290 minime
3450 2251 3584 2292 con-

1993 2311 2197 2377 veniat,
2229 2313 2474 2367 materize
2493 2326 2640 2370 certe
2664 2317 2884 2386 quidem
2916 2319 3121 2387 optime
3148 2319 3452 2375 conveniet.
3487 2321 3585 2375 At-

1993 2400 2089 2470 qui
2118 2401 2188 2456 ab
2219 2415 2286 2457 eo
2314 2400 2633 2474 longissime
2659 2406 2814 2462 abest
2839 2408 3090 2476 materia,
3119 2411 3267 2479 quod
3315 2411 3583 2468 inﬁrmior

1992 2506 2057 2548 ea
2089 2493 2181 2560 sit,
2226 2510 2394 2565 quam
2425 2507 2487 2551 ut.
2535 2503 2851 2555 constanter
2900 2516 3220 2571 permanere
3269 2514 3454 2573 queat.
3485 2504 3584 2562 Est

1991 2584 2137 2639 enim
2169 2585 2370 2642 ﬂuvius
2393 2588 2616 2659 quidam
2653 2590 2946 2649 vehemens
2995 2603 3049 2649 et
3095 2595 3375 2664 incitatus,
3422 2598 3583 2666 cujus

1990 2692 2168 2749 neque
2195 2678 2421 2747 fundus,
2451 2698 2629 2753 neque
2660 2684 2911 2752 latitudo,
2944 2703 3122 2758 neque
3149 2689 3432 2760 longitudo
3460 2706 3582 2746 cer-

1990 2768 2062 2823 tis
2102 2769 2229 2826 ullis
2263 2771 2465 2828 ﬁnibus
2512 2776 2904 2845 comprehendi
2934 2779 3130 2848 possit.
3165 2798 3185 2832 ι
3213 2778 3353 2836 Tum
3386 2783 3581 2852 paucis

1989 2858 2317 2930 quibusdam
2330 2862 2653 2933 interjectLS:
2678 2886 2694 2917 ι
2706 2864 3094 2937 Quamobrem,
3110 2872 3305 2943 inquit,
3321 2874 3581 2943 praeclare

1989 2951 2196 3007 dictum
2235 2953 2370 3011 illud
2400 2965 2504 3022 est,
2535 2961 2822 3015 materiam
2854 2960 2902 3018 si
2939 2964 3010 3019 sit
3039 2964 3330 3034 immensa,
3360 2967 3577 3023 deliniri

1987 3045 2219 3117 proinde
2261 3064 2374 3105 non
2420 3065 2620 3122 posse;
2662 3054 2811 3124 quod
2862 3056 2909 3110 si
2945 3071 3137 3112 verum
3168 3069 3273 3125 est,
3327 3061 3576 3117 eamdem

1987 3138 2220 3196 rationis
2248 3151 2526 3212 expertem
2561 3158 2722 3212 esse;
2756 3145 2802 3201 si
2830 3146 3066 3218 denique
3099 3150 3332 3207 rationis
3358 3167 3578 3222 expers,

293 3230 341 3280 εἰ
374 3228 434 3282 δὲ
474 3227 569 3299 μὴ,
596 3227 709 3281 ἀλλ’
742 3227 884 3297 ἐμοί.
938 3226 1145 3281 Οὐκοῦν
1176 3244 1318 3298 φημι
1348 3227 1450 3299 τὴν
1481 3226 1613 3300 ὓλην
1636 3227 1760 3283 οὕτε
1790 3230 1889 3283 αὐ-

1991 3234 2357 3302 cognitionem
2389 3251 2608 3292 omnem
2644 3236 2847 3312 fugere.
2881 3240 3038 3308 Quod
3081 3243 3128 3300 si
3171 3248 3429 3317 cognosci
3465 3264 3577 3305 non

290 3321 413 3392 τὴν,
448 3318 573 3373 οὔτε
595 3318 664 3372 τὰ
713 3317 941 3390 σώματα
973 3317 1112 3372 εἷναι
1144 3318 1225 3373 ὅν.
1260 3318 1325 3373 Τί
1350 3316 1443 3375 οὖν
1467 3320 1563 3392 δή;
1601 3322 1649 3374 εί
1688 3320 1886 3394 ἔχομεν

291 3413 452 3484 παρὰ
490 3412 662 3467 ταῦτα
690 3411 816 3465 ἄλλο
844 3429 896 3465 τι
925 3413 983 3466 ὲν
1027 3416 1092 3484 τῇ
1118 3413 1279 3484 φύσει
1312 3416 1379 3487 τῇ
1430 3414 1541 3468 τῶν
1568 3414 1885 3481 ὅλων;Ναί·

289 3504 457 3559 τοῦτο
495 3504 647 3558 οὐδὲν
680 3506 854 3558 εἰπεῖν
903 3504 1167 3572 ποικίλον,
1201 3508 1250 3559 εί
1281 3506 1400 3560 τόδε
1432 3508 1650 3579 πρῶτον
1683 3508 1783 3579 μὲν
1831 3508 1889 3562 έν

289 3597 424 3667 ἡμῖν
454 3595 639 3658 αὐτοῖς
672 3595 787 3666 ἅμα
842 3596 1234 3667 πειραθείημεν
1283 3597 1675 3669 διαλεγόμενοι.
1736 3597 1889 3651 Ἐπεὶ

289 3684 347 3738 δὲ
380 3685 457 3739 τὰ
486 3683 715 3757 σώματά
742 3686 858 3737 ἐστι
907 3684 1067 3755 φύσει
1112 3686 1433 3758 τεθνηκότα,
1461 3686 1557 3740 καὶ
1581 3685 1772 3759 νεκρὰ,
1791 3686 1887 3740 καὶ

289 3778 677 3850 πεφορημένα,
728 3778 822 3830 καὶ
876 3776 985 3830 οὐδ’
1025 3778 1085 3830 ὲν
1122 3777 1305 3849 ταύτῷ
1358 3780 1608 3850 μένοντα,
1654 3775 1886 3852 ἇρόὒχὶ

285 3868 384 3921 τοῦ
419 3866 744 3932 καθέξοντος
778 3868 962 3930 αὐτοῖς
991 3866 1111 3932 δεῖ;
1172 3868 1380 3933 Παντὸς
1438 3870 1659 3941 μᾶλλον.
1688 3872 1753 3924 Et
1808 3870 1884 3944 μὴ

286 3959 446 4032 τύχοι
479 3960 536 4013 δὲ
564 3959 777 4024 τούτου,
818 3957 927 4032 ἆρα
959 3961 1190 4033 μείνειεν
1223 3960 1323 4028 av;
1370 3962 1580 4027 Παντὸς
1612 3957 1793 4034 ἦττον.
1817 3963 1884 4016 Τί

287 4049 383 4108 οὖν
418 4055 536 4107 ἐστι
568 4053 629 4107 τὸ
686 4054 1066 4124 κατασχῆσον;
1097 4054 1161 4106 Et
1194 4052 1294 4114 μὲν
1325 4053 1391 4126 δὴ
1452 4056 1548 4107 καὶ
1597 4054 1764 4109 τοῦτο
1796 4056 1881 4126 εἴη

289 4144 475 4215 σῶμα,
505 4145 627 4208 Διὸς
685 4142 937 4215 Σωτῆρος
993 4142 1142 4196 δοκεί
1184 4143 1250 4197 ἂν
1300 4132 1423 4215 ἐμοὶ
1465 4145 1722 4217 δεηθῆναι
1752 4146 1884 4200 αὐτὸ

287 4235 707 4306 παραλυόμενον
738 4234 833 4288 καὶ
880 4234 1256 4306 σκιδνάμενον.
1306 4233 1369 4287 Εἰ
1408 4234 1589 4307 μέντοι
1617 4238 1721 4310 χρὴ
1748 4237 1881 4292 αὐτὸ

285 4325 636 4397 ἀπηλλάχθαι
665 4325 764 4396 τῆς
792 4325 900 4379 τῶν
938 4326 1204 4397 σωμάτων
1236 4325 1436 4398 πάθης,
1479 4327 1568 4380 ἵνα
1605 4329 1881 4395 κάκείνοις

285 4418 654 4490 κεκυημένοις
682 4418 781 4490 τὴν
826 4419 1032 4491 φθορὰν
1065 4418 1292 4490 ἀμύνειν
1338 4417 1583 4489 δύνηται,
1617 4420 1710 4473 καὶ⁵
1743 4438 1879 4475 κατ-

282 4511 408 4585 έχῃ,
442 4510 570 4582 ἐμοὶ
613 4511 711 4582 μὲν
735 4512 797 4565 οὐ
824 4511 973 4565 δοκεῖ
1002 4510 1130 4566 ἀλλο
1162 4528 1214 4564 τι
1271 4505 1411 4563 εἶναι
1438 4509 1472 4581 ἢ
1526 4511 1687 4581 μόνον
1719 4530 1781 4581 γε
1816 4515 1875 4568 τὸ

1988 3319 2185 3387 possit,
2219 3322 2507 3378 confusam
2534 3325 2680 3380 illam
2712 3342 2776 3382 ac
2804 3330 3179 3399 perturbatam
3202 3349 3327 3391 esse
3354 3352 3582 3395 necesse

1988 3417 2092 3475 est,
2132 3426 2257 3465 cum
2317 3412 2568 3469 ordinata
2615 3418 2799 3473 omnia
2854 3420 2966 3475 sint
3017 3423 3085 3478 ad
3131 3427 3574 3497 cognoscendum

1987 3501 2149 3571 longe
2195 3501 2476 3563 facillima.
2534 3507 2692 3575 Quod
2741 3526 2870 3568 vero
2918 3515 3298 3584 perturbatum
3350 3529 3465 3587 est,
3520 3522 3577 3580 id

1987 3608 2311 3664 permanere
2357 3597 2605 3668 profecto
2652 3617 2763 3658 non
2793 3614 3011 3675 potest;
3057 3612 3202 3680 quod
3250 3623 3430 3670 autem
3465 3632 3575 3673 non

1986 3696 2341 3756 permaneat,
2391 3690 2444 3744 id
2498 3692 2687 3763 utique
2724 3710 2853 3751 vere
2903 3714 3015 3754 non
3069 3700 3253 3760 fuerit.
3296 3705 3474 3776 Atque
3519 3710 3577 3765 id

1986 3775 2165 3847 ipsum
2185 3790 2288 3847 est,
2329 3797 2440 3852 quo
2469 3783 2537 3839 de
2557 3785 2671 3856 jam
2708 3787 2850 3843 inter
2873 3804 2976 3845 nos
3002 3802 3129 3848 ante
3153 3775 3426 3865 convenit,
3457 3799 3575 3855 haec

1987 3870 2173 3926 omnia
2213 3888 2323 3927 non
2373 3890 2536 3945 posse
2569 3893 2697 3933 cum
2741 3880 2861 3950 ejus
2890 3885 3037 3954 quod
3079 3901 3207 3943 vere
3241 3890 3315 3945 sit
3359 3894 3577 3948 ratione

1986 3964 2308 4018 consistere.
2348 3964 2404 4020 Id
2440 3968 2588 4037 quod
2634 3972 2871 4028 maxime
2919 3976 3136 4045 quidem
3169 3982 3426 4038 omnibus
3455 3984 3575 4053 pla-

1984 4066 2109 4109 cere
2138 4054 2332 4122 velim;
2357 4055 2442 4112 sin
2474 4058 2680 4125 minus,
2708 4062 2921 4131 placeat
2946 4077 3093 4122 certe
3114 4070 3268 4124 mibi.
3291 4071 3569 4131 Materiam

1984 4143 2168 4214 igitur,
2221 4156 2316 4201 aut
2351 4161 2553 4219 corpus
2596 4153 2770 4207 ullum
2804 4170 2931 4211 vere
2970 4172 3094 4214 esse
3144 4176 3303 4233 nego.
3334 4162 3411 4220 De
3459 4166 3572 4224 illis

1981 4248 2112 4305 ergo
2163 4237 2292 4305 quid
2338 4239 2622 4296 dicimus?
2670 4240 2809 4298 Num
2853 4246 3001 4302 aliud
3042 4251 3173 4319 quid
3220 4263 3418 4322 praeter
3460 4256 3571 4316 ista

1982 4328 2140 4381 nobis
2194 4328 2249 4382 in
2294 4338 2407 4385 tota
2452 4347 2634 4387 rerum
2689 4344 2883 4391 natura
2951 4345 3246 4409 superest?
3309 4345 3573 4419 Superest

1980 4434 2111 4474 vero
2138 4438 2151 4473 :
2181 4435 2357 4491 neque
2399 4422 2452 4478 id
2499 4426 2771 4494 explicare
2798 4429 3032 4487 diﬁlcilis
3059 4434 3358 4493 admodum
3388 4454 3570 4511 operae

1981 4507 2164 4577 fuerit,
2207 4513 2253 4565 si
2290 4515 2454 4568 modo
2480 4516 2719 4585 primum
2766 4519 2899 4576 illud
2933 4523 2987 4576 in
3023 4525 3182 4581 nobis
3227 4529 3360 4599 ipsis
3386 4507 3569 4602 pervi-

281 4598 602 4669 ἀσώματον·
634 4596 773 4669 αὕτη
807 4599 917 4668 γὰρ
943 4598 1006 4669 δὴ
1031 4598 1244 4668 φύσεων
1279 4598 1468 4652 πασῶν
1490 4600 1623 4673 μόνη
1650 4601 1874 4675 ἔστηκε,

1991 4601 2111 4656 dere
2144 4611 2335 4658 mutua
2369 4607 2791 4667 ratiocinatione
2835 4614 3179 4671 conabimur.
3210 4596 3276 4675 Et
3303 4596 3567 4691 quoniam

282 4689 379 4747 καὶ
405 4688 556 4742 ἔστιν
581 4688 839 4761 ἀραρυῖα,
875 4689 969 4743 καὶ
999 4689 1150 4743 οὐδὲν
1215 4691 1521 4760 σωματικὴ.
1581 4690 1718 4744 Οὔτε
1745 4692 1876 4760 γοῦν

280 4776 517 4846 γίνεται.
558 4778 680 4832 οὔτε
735 4776 976 4845 αὒξεται,
1022 4776 1145 4831 οὔτε
1192 4779 1405 4850 κίνησιν
1435 4782 1663 4834 κινεῖται
1710 4782 1876 4855 ἄλλην

278 4869 563 4943 οὐδεμίαν,
594 4870 689 4925 καὶ
714 4870 802 4924 διὰ
826 4870 997 4923 ταῦτα
1050 4868 1232 4934 καλῶς
1258 4868 1468 4925 δίκαιον
1521 4873 1693 4945 ἐφάνη
1731 4892 1870 4947 πρε-

282 4961 520 5018 σϐεῦσαι
545 4962 607 5017 τὸ
630 4961 938 5033 ἀσώματον.

1985 4707 2214 4762 corpora
2236 4695 2367 4751 vitae
2393 4697 2531 4753 nihil
2556 4714 2653 4769 per
2682 4716 2804 4758 sese
2832 4703 3056 4774 habent,
3086 4719 3250 4780 atque
3271 4712 3381 4768 huc
3408 4713 3567 4771 illuc-

1982 4798 2090 4853 que
2131 4785 2441 4855 jactantur,
2496 4805 2597 4845 nec
2639 4794 2830 4850 eodem
2881 4812 3097 4869 semper
3140 4802 3264 4858 loco
3305 4805 3567 4877 vultuque

1985 4878 2307 4946 persistunt,
2337 4894 2522 4937 nonne
2550 4883 2733 4956 aliquo
2758 4888 3007 4957 proinde,
3035 4892 3193 4961 cujus
3224 4895 3278 4948 vi
3317 4897 3564 4952 contine-

1986 4979 2171 5033 antur,
2198 4985 2338 5040 opus
2368 4973 2614 5030 habent?
2637 4977 2870 5034 Maxime
2901 4980 2952 5037 id
2982 4984 3224 5052 quidem.
3273 4985 3329 5042 id
3355 5003 3485 5043 vero
3512 4989 3562 5044 si

275 5057 530 5112 nancisci
582 5069 691 5110 non
736 5055 1047 5124 potuerint,
1098 5068 1230 5107 num
1275 5056 1573 5111 manebunt
1625 5057 1718 5112 illa
1766 5075 1864 5129 per
1898 5063 2067 5118 sese?
2094 5062 2317 5120 Minime
2346 5082 2496 5122 vero.
2531 5070 2673 5136 Quid
2708 5072 2875 5142 igitur
2932 5074 3064 5129 illud
3123 5077 3246 5143 erit,
3274 5079 3417 5148 quod
3444 5080 3560 5150 ipsa

273 5148 610 5207 contineat?
650 5146 939 5201 Enimvero
998 5148 1044 5201 si
1097 5162 1297 5217 corpus
1343 5149 1396 5202 id
1438 5150 1600 5204 etiam
1658 5149 1862 5218 fuerit,
1904 5157 2182 5225 equidem,
2229 5174 2355 5215 cum
2419 5172 2611 5232 suapte
2675 5176 2871 5221 natura
2901 5169 3233 5225 dissolvatur
3257 5146 3420 5243 atque
3448 5146 3560 5229 (iis-

272 5245 515 5313 ,ipetur,
540 5238 707 5312 820
729 5238 863 5295 Jove
891 5240 1128 5310 quodam
1159 5241 1453 5297 Servatore
1490 5258 1635 5313 opus
1700 5246 1750 5299 ei
1789 5245 2031 5304 futurum
2095 5250 2372 5311 existimo.
2404 5254 2562 5322 Quod
2625 5258 2671 5313 si
2703 5259 2772 5313 ab
2800 5261 2951 5314 omni
2994 5275 3287 5331 corporum
3316 5238 3449 5321 vitio
3490 5267 3558 5320 li—

270 5333 476 5388 berum
518 5332 650 5387 illud
711 5347 832 5388 esse
888 5338 1156 5402 oporteat,
1188 5339 1245 5385 ut
1287 5332 1498 5400 eadem,
1537 5335 1627 5389 ubi
1676 5345 1940 5407 concepta
1972 5339 2088 5410 jam
2116 5353 2266 5410 sunt,
2295 5342 2573 5401 vindicare
2601 5346 2670 5401 ab
2700 5346 2947 5416 interitu,
2975 5360 3030 5405 et
3052 5351 3334 5408 continere
3362 5357 3556 5424 possit,

268 5426 412 5482 mihi
457 5441 614 5490 sane,
668 5435 864 5495 praeter
895 5425 949 5481 id
977 5440 1149 5481 unum
1175 5425 1324 5521 quod
1379 5442 1573 5498 expers
1617 5432 1867 5502 corporis
1904 5435 1996 5502 sit,
2023 5436 2294 5506 ejusmodi
2328 5455 2451 5496 esse
2506 5441 2645 5497 nihil
2671 5442 2905 5499 videtur.
2929 5443 3013 5499 Ex
3067 5447 3325 5504 omnibus
3359 5450 3559 5521 quippe

268 5517 495 5572 naturis
527 5532 633 5571 una
673 5516 789 5571 haec
817 5526 919 5583 est,
950 5530 1074 5586 qua
1106 5529 1232 5570 cum
1298 5515 1419 5585 ipsa
1477 5521 1776 5585 consistat,
1817 5530 1934 5578 tum
1974 5526 2137 5582 etiam
2171 5530 2326 5585 tirma
2356 5532 2425 5585 sit
2465 5547 2530 5587 ac
2578 5534 2774 5602 solida,
2810 5551 2911 5591 nec
2956 5539 3206 5608 corporei
3257 5515 3555 5612 quidquam

266 5612 511 5667 omnino
541 5611 720 5666 simile
743 5610 961 5665 habeat.
989 5605 1102 5663 Nec
1121 5609 1266 5664 enim
1295 5620 1586 5682 generatur
1649 5615 1763 5683 illa,
1833 5632 1937 5673 nec
1976 5622 2191 5685 crescit,
2240 5639 2343 5681 nec
2392 5627 2503 5681 alio
2537 5636 2689 5683 motu
2731 5629 2908 5685 cietur
2954 5605 3088 5687 ullo.
3141 5632 3221 5688 Ac
3269 5605 3556 5707 propterea
