4144 6458
541 384 682 440 1547

1098 502 1331 562 CAPUT
1362 504 1554 562 XVIII.

645 638 816 695 Stoici
841 639 905 694 de
926 641 1157 697 universi
1179 644 1599 716 conﬂagratione
1616 645 1745 716 quid
1768 647 2023 702 sentiant.

614 856 634 889 ι
677 836 882 903 Placet,
915 838 1115 910 inquit,
1148 851 1314 898 secta:
1342 842 1509 912 hujus
1534 842 1938 914 antiquissimis
1971 854 2135 917 atque

537 931 813 1000 primariis
842 975 858 999 ,
904 944 1028 1003 post
1060 936 1331 991 maximos
1385 935 1655 1006 quosdam
1710 939 2131 994 conversionum

536 1024 823 1091 circuitus,
860 1025 912 1079 in
965 1041 1145 1081 aerem
1178 1027 1354 1096 primo
1383 1029 1584 1082 mutari
1613 1028 1895 1094 universa,
1925 1039 2041 1085 tum
2078 1032 2132 1084 in

536 1115 717 1187 ignem
747 1117 1031 1172 mtherium
1066 1128 1344 1187 postremo
1382 1120 1629 1175 dissolvi.
1656 1140 1675 1172 ι
1706 1119 1917 1187 Quibus
1939 1122 2136 1178 deinde

537 1209 820 1280 subjungit
845 1227 858 1262 :
883 1228 901 1261 ι
923 1209 1002 1265 Ex
1034 1210 1121 1266 his
1148 1226 1316 1282 porro
1352 1212 1643 1268 manifeste
1669 1213 1863 1284 liquet,
1893 1230 2014 1270 eam
2048 1231 2136 1270 re-

536 1318 658 1357 rum
714 1302 1148 1370 confusionem,
1206 1319 1316 1359 non
1372 1305 1441 1360 ad
1504 1320 1698 1361 earum
1768 1307 2132 1363 substantiam

533 1390 904 1463 Chrysippum
947 1393 1239 1459 retulisse;
1290 1394 1397 1449 hoc
1423 1395 1570 1449 enim
1610 1411 1841 1467 prorsus
1874 1396 1993 1452 fieri
2024 1413 2132 1452 non

535 1492 717 1553 potest
745 1503 759 1540 :
792 1485 885 1540 sed
918 1500 1039 1542 eam
1074 1487 1364 1552 duntaxat,
1395 1502 1520 1558 quae
1563 1503 1665 1558 pro
1711 1488 1898 1558 aliqua
1954 1498 2134 1544 muta-

535 1578 685 1632 tione
712 1588 982 1634 sumatur.
1033 1579 1421 1650 Corruptionis
1465 1581 1612 1636 enim
1650 1581 2002 1648 vocabulum,
2040 1581 2134 1638 ubi

533 1667 603 1723 de
633 1667 794 1723 solita
829 1669 1018 1726 mundi
1055 1678 1178 1739 post
1209 1670 1562 1742 longissimas
1587 1673 1982 1728 conversiones
2011 1688 2135 1727 cor-

530 1761 789 1832 ruptione
811 1761 1134 1834 loquuntur,
1159 1763 1307 1819 haud
1339 1763 1562 1834 proprie
1582 1764 1805 1835 quidem
1834 1765 2130 1834 accipiunt,

531 1853 628 1922 qui
678 1868 867 1909 rerum
915 1855 971 1909 in
1024 1855 1208 1927 ignem
1263 1857 1512 1910 omnium
1557 1854 1978 1911 dissolutionem
2013 1840 2131 1910 fieri

531 1944 779 2012 tradunt,
807 1962 973 2017 quam
1004 1947 1109 2017 ipsi
1151 1946 1635 2019 conﬂagrationem
1664 1948 1939 2017 appellant
1967 1965 1983 2015 ;
2030 1947 2127 2002 sed

531 2037 656 2108 ejus
686 2039 889 2110 quaein
924 2049 1120 2096 natura
1164 2041 1439 2112 contingit
1487 2040 1808 2096 mutationis
1851 2040 1994 2107 loco,
2024 2055 2126 2095 vo-

531 2144 652 2185 cem
703 2131 851 2185 illam
904 2132 1276 2201 corruptionis
1350 2139 1644 2200 usurpant.
1710 2128 1919 2185 Volunt
1975 2131 2125 2185 enim

532 2220 737 2286 Stoici,
771 2238 957 2279 rerum
998 2232 1251 2279 naturam
1288 2223 1537 2279 omnium
1562 2223 1620 2278 in
1650 2223 1831 2295 ignem
1864 2232 2127 2293 tanquam

529 2311 588 2366 in
622 2326 809 2367 semen
845 2312 1064 2384 aliquod
1113 2314 1340 2379 mutari,
1396 2327 1465 2368 ex
1517 2328 1631 2384 quo
1682 2328 1903 2369 rursum
1948 2314 2129 2384 qualis

530 2410 662 2464 ante
701 2404 915 2471 fuerat,
969 2402 1246 2475 perfectus
1301 2404 1548 2474 ipsarum
1600 2413 1830 2461 ornatus
1871 2406 2125 2462 exsistat.

528 2492 710 2563 Atque
740 2494 847 2548 hoc
886 2493 1087 2565 dogma
1139 2502 1303 2549 sectae
1342 2491 1511 2562 hujus
1545 2499 1599 2546 et
1636 2491 1911 2562 principes
1953 2499 2008 2546 et
2034 2507 2128 2546 ve-

528 2586 820 2641 tustissimi
850 2587 1302 2656 comprobarunt,
1332 2584 1504 2650 Zeno,
1540 2582 1832 2641 Cleanthes
1864 2592 1920 2638 et
1953 2583 2128 2656 Chry-

1189 385 1460 444 EUSEBH
1502 388 1997 446 CRJSARIENSIS
2034 389 2189 446 OPP.
2230 389 2409 447 PARS
2448 391 2513 447 ll.
2554 424 2625 435 —
2663 392 3181 451 APOLOGETICA.

2155 519 2204 575 Δ

3691 397 3833 456 1⁸588

2765 511 3164 566 ΚΕΦΑΛΑΙΟΝ
3213 513 3321 567 lﬂ'.

2236 651 2437 719 Ὅπως
2480 655 2535 706 οὶ
2590 653 2833 706 Στωϊκοὶ
2889 651 3022 720 περὶ
3054 651 3170 717 τῆς
3218 652 3328 707 τοῦ
3378 651 3606 719 παντὸς
3648 651 3835 707 ἐκπυ-

2709 723 2955 793 ρώσεως
2976 722 3357 787 δοξάζουσιν.

2310 854 2329 886 ι
2376 836 2626 909 Ἀρέσκει
2651 836 2709 889 δὲ
2734 839 2848 900 τοῖς
2875 835 3271 908 πρεσϐυτάτοις
3310 834 3420 913 τῷν
3451 834 3560 889 ἀπὺ
3590 834 3691 904 τῆς
3742 834 3832 887 αί-
3902 815 3913 822 ’

2237 927 2441 1000 ρέσεως
2469 927 2697 998 ταύτης,
2730 926 3088 998 ἐξαεροῦσθαι
3122 928 3300 981 πάντα
3357 926 3499 981 κατά
3548 925 3834 996 περιόδους

2232 1020 2386 1085 τινὰς
2418 1020 2518 1084 τὰς
2540 1022 2821 1092 μεγίστας,
2850 1023 2931 1085 είς
2963 1020 3079 1093 πῦρ
3117 1020 3408 1093 αἰθερῶδες
3448 1019 3835 1088 ἀναλυομένων

2234 1112 2473 1166 πάντων.
2513 1133 2530 1164 ι
2577 1114 2687 1167 Καὶ
2718 1113 2844 1183 ἑξῆς
2878 1113 3097 1181 ἐπάγει·
3131 1131 3149 1163 ι
3199 1113 3294 1165 Ἐκ
3341 1110 3548 1163 τούτων
3568 1110 3625 1163 δὲ
3648 1109 3831 1181 δῆλον,

2232 1205 2316 1256 ὅτι
2348 1202 2674 1275 Χρύσιππος
2693 1204 2786 1256 ἐπὶ
2807 1203 2903 1273 τῆς
2931 1202 3122 1264 οὐσίας
3147 1201 3209 1254 οὐ
3259 1200 3465 1271 ταύτην
3521 1199 3833 1271 παρείληφε

2232 1296 2330 1367 τὴν
2354 1296 2633 1367 σύγχυσιν⁹
2664 1295 2921 1349 ἀδύνατον
2955 1294 3083 1366 ’γάρ⁸
3130 1293 3266 1347 ἀλλά
3322 1293 3424 1364 τὴν
3456 1292 3577 1346 ἀντὶ
3607 1291 3707 1362 τῆς
3736 1308 3835 1363 με-

2231 1387 2466 1459 ταϐολῆς
2496 1387 2818 1458 λεγομένην.
2848 1386 2921 1439 Οὐ
2946 1384 3056 1457 γὰρ
3084 1386 3176 1438 ἐπὶ
3199 1384 3301 1455 τῆς
3319 1382 3415 1437 τοῦ
3445 1384 3653 1454 κόσμου
3688 1382 3836 1438 κατά

2233 1479 2518 1550 περιόδους
2564 1478 2664 1541 τάς
2709 1478 2972 1548 μεγίστας
3020 1476 3313 1548 γινομένης
3365 1475 3571 1548 φθορᾶς
3624 1475 3834 1547 κυρίως

2234 1569 2725 1643 παραλαμϐάνουσι
2760 1569 2861 1641 τὴν
2896 1568 3123 1641 φθορὰν,
3157 1569 3205 1621 οἱ
3233 1568 3333 1637 τὴν
3359 1567 3440 1630 είς
3469 1565 3582 1637 πῦρ
3632 1566 3834 1620 ἀνάλυ-

2234 1679 2318 1717 σιν
2342 1662 2452 1717 τῶν
2479 1662 2615 1717 ὅλων
2665 1660 3107 1733 δογματίζοντες,
3161 1660 3230 1731 ἣν
3265 1658 3330 1731 δὴ
3382 1656 3639 1711 καλοῦσιν
3668 1659 3831 1711 ἑκπύ·

2235 1771 2421 1826 ρωσιν’
2458 1753 2573 1808 ἀλλ’
2606 1744 2727 1808 ἀντὶ
2753 1753 2855 1823 τῆς
2885 1751 3026 1806 κατά
3056 1751 3218 1820 φύσιν
3267 1748 3572 1822 μεταϐολῆς
3588 1747 3829 1822 χρῶνται

2232 1850 2299 1918 τῇ
2352 1845 2698 1919 προσηγορίᾳ
2776 1846 2877 1917 τῆς
2946 1844 3172 1916 φθορᾶς.
3243 1843 3494 1914 Ἀρέσκει
3547 1840 3657 1913 γὰρ
3715 1842 3830 1901 τοῖς

2232 1942 2491 2004 Στωϊκοῖς
2533 1939 2844 2009 φιλοσόφοις
2889 1936 2991 2010 τὴν
3030 1936 3159 2008 ὃλην
3187 1934 3373 1989 οὐσίαν
3412 1936 3493 1996 εἰς
3526 1930 3640 2003 πῦρ
3666 1947 3831 2002 μετα-

2233 2033 2467 2098 ϐάλλειν,
2499 2026 2611 2087 οἷον
2630 2034 2710 2097 είς
2734 2032 2977 2103 σπέρμα,
3008 2030 3101 2082 καὶ
3134 2027 3295 2081 πάλιν
3320 2027 3387 2079 ἐκ
3433 2024 3627 2078 τούτου
3659 2021 3829 2091 αὐτὴν

2231 2124 2608 2180 ἀποτελεῖσθαι
2650 2124 2749 2196 τὴν
2803 2122 3192 2193 διακόσμησιν,
3221 2120 3309 2173 οἵα
3348 2118 3410 2171 τὸ
3434 2118 3701 2189 πρότερον
3734 2109 3824 2186 ἦν.

2232 2218 2344 2272 Καὶ
2363 2216 2524 2271 τοῦτο
2553 2216 2614 2269 τὸ
2645 2216 2823 2286 δόγμα
2845 2213 2956 2268 τῶν
2987 2213 3097 2267 ἀπὸ
3119 2212 3220 2282 τῆς
3252 2209 3517 2283 αἱρέσεως
3540 2209 3589 2262 οἱ
3620 2206 3828 2278 πρῶτοι

2233 2310 2327 2363 καὶ
2344 2308 2713 2382 πρεσϐύτατοι
2746 2309 3115 2381 προσήκαντο,
3145 2306 3331 2376 Ζήνων
3354 2319 3437 2364 τε,
3487 2302 3583 2354 καὶ
3621 2298 3830 2353 Κλεάν-

2234 2406 2353 2479 θης,
2387 2406 2480 2460 καὶ
2507 2405 2852 2479 Χρύσιππος.
2877 2403 2982 2457 Τὸν
3024 2401 3123 2475 μὲν
3154 2400 3264 2473 γὰρ
3312 2399 3505 2453 τούτου
3557 2393 3826 2467 μαθητὴν,

2234 2501 2328 2552 καὶ
2349 2498 2590 2570 διάδοχον
2611 2498 2710 2568 τῆς
2741 2496 2939 2568 σχολῆς
2968 2494 3191 2567 Ζήνωνά
3214 2511 3379 2564 φασιν
3424 2489 3672 2560 ἐπισχεῖν
3700 2484 3829 2557 περὶ

2232 2588 2334 2659 τῆς
2364 2588 2734 2662 ἐκπυρώσεως
2765 2586 2875 2641 τῶν
2902 2586 3058 2642 ὅλων.

523 2679 742 2751 δίρρυε.
776 2679 913 2735 Nam
939 2679 1233 2753 Chrysippi
1265 2682 1488 2750 quidem
1517 2679 1874 2749 discipulum,
1914 2689 1970 2735 et
1999 2694 2380 2740 successorem
2419 2685 2479 2740 in
2518 2684 2710 2741 schola
2739 2680 3043 2749 Zenonem,
3082 2679 3139 2734 in
3179 2679 3272 2734 illa
3304 2677 3372 2734 de
3399 2674 3832 2747 conﬂagratione

527 2771 717 2828 mundi
751 2771 1078 2842 quaestione,
1108 2771 1489 2828 assensionem
1518 2771 1814 2826 retinuisse
1838 2771 2017 2827 aiunt.

1120 2948 1354 3005 CAPUT
1385 2949 1530 3007 XIX.

633 3084 1092 3152 Quemadmodum
1126 3083 1297 3140 Stoici
1326 3084 1388 3138 de
1410 3083 1606 3139 iterato
1629 3083 1864 3139 universi
1891 3093 2013 3139 ortu

1092 3156 1548 3226 philosophentur.

602 3311 626 3350 ι
665 3294 1071 3366 Posteaquam,
1111 3293 1337 3364 inquit,
1387 3309 1454 3349 eo
1491 3308 1667 3365 usque
1708 3308 2001 3366 progressa
2039 3304 2127 3351 est

525 3388 668 3443 ratio
698 3387 1032 3454 communis,
1061 3386 1484 3457 communisque
1510 3395 1707 3441 natura
1749 3403 1889 3442 nova
1923 3388 2112 3459 magni

530 3483 737 3548 tudine,
770 3496 834 3536 ac
857 3481 1015 3536 novis
1042 3481 1398 3535 incrementis
1426 3489 1611 3547 aucta,
1655 3495 1744 3535 res
1773 3479 1997 3536 demum
2024 3497 2123 3535 ex-

526 3558 777 3636 siccavit,
802 3572 964 3643 821
1003 3579 1169 3640 atque
1193 3571 1249 3626 in
1291 3586 1414 3627 sese
1448 3571 1659 3642 recepit
1696 3572 2020 3640 universas;
2064 3573 2123 3627 in

525 3662 688 3733 plena
717 3662 1072 3716 constituitur
1094 3661 1411 3734 integraque
1428 3662 1762 3730 substantia,
1782 3663 1984 3734 quippe
2001 3678 2123 3734 quae

528 3752 598 3808 ad
625 3752 930 3823 principem
967 3751 1135 3818 illam,
1168 3761 1229 3807 ut
1261 3754 1587 3823 appellatur,
1631 3754 1924 3820 rationem,
1956 3764 2122 3824 atque

528 3851 596 3902 ad
643 3845 1103 3901 resurrectionem
1162 3845 1310 3899 illam
1370 3845 1557 3914 magni
1603 3845 1933 3901 eﬂ‘ectricem
1990 3848 2120 3902 anni

526 3939 751 3995 redierit
783 3957 796 3993 :
823 3952 932 4008 quo
966 3937 1189 4009 quidem
1242 3952 1410 4004 anno,
1438 3951 1503 3993 ex
1533 3953 1597 3993 ea
1626 3936 1739 3993 sola
1769 3937 1825 3992 in
1871 3940 2118 3994 eamdem

527 4046 724 4088 rursus
779 4031 1110 4086 inStauratio
1149 4030 1267 4084 ﬁeri
1306 4029 1611 4085 consuevit.
1666 4030 1744 4085 Ad
1778 4045 1904 4085 eum
1952 4046 2117 4102 porro

527 4130 733 4179 statum
770 4130 1049 4187 revocata,
1099 4121 1291 4177 eodem
1323 4136 1554 4191 prorsus
1600 4122 1815 4187 ordine,
1870 4137 1980 4191 quo
2004 4122 2117 4190 jam

526 4222 653 4268 ante
682 4214 948 4267 mundum
990 4212 1246 4267 similiter
1303 4226 1507 4267 ornare
1550 4221 1812 4282 eruperat,
1870 4214 2118 4267 eamdem

527 4305 748 4366 iterum,
779 4320 890 4373 quo
924 4304 1087 4359 modo
1118 4305 1259 4358 ratio
1277 4303 1540 4374 postulat,
1582 4319 1769 4359 rerum
1811 4304 2122 4375 dispositio-

526 4411 651 4450 nem
698 4406 864 4466 atque
928 4394 1463 4450 administrationem
1518 4395 1793 4459 instituit,
1841 4396 2117 4464 ejusmodi

525 4487 978 4545 conversionibus
1006 4503 1072 4542 ex
1099 4489 1251 4543 omni
1281 4488 1585 4543 aeternitate
1613 4503 1680 4543 ac
1707 4489 1827 4544 sine
1854 4489 1965 4543 ulla
2001 4504 2120 4544 ces-

2736 2947 3137 3003 ΚΕΦΑΛΑΙΟΝ
3200 2948 3283 3006 ιΘ¹

2228 3089 2430 3155 Ὅπως
2477 3085 2837 3152 δοξάζουσιν
2883 3089 2938 3141 ol
2989 3087 3237 3156 Στωϊκοὶ
3285 3086 3422 3155 περὶ
3474 3085 3586 3156 τῆς
3614 3089 3826 3156 παλιγ-

2688 3159 2895 3228 τενεσι
2898 3176 2972 3223 ας
3004 3155 3125 3211 τῶν
3157 3157 3338 3212 ὅλων.

2305 3314 2326 3349 ι
2368 3295 2491 3349 Ἐπὶ
2516 3292 2738 3348 τοσοῦτο
2791 3293 2850 3348 δὲ
2883 3291 3163 3365 προελθὼν
3225 3295 3255 3347 ὁ
3288 3292 3466 3357 κοινὸς
3493 3292 3671 3362 λόγος,
3728 3295 3826 3348 καὶ

2232 3386 2388 3458 κοινὴ
2417 3385 2581 3456 φύσις
2610 3386 2813 3457 μείζων
2834 3386 2930 3439 καὶ
2952 3384 3155 3438 πλείων
3180 3385 3471 3456 γενομένη,
3508 3385 3663 3450 τέλος
3690 3388 3826 3440 ἀνα-

2230 3480 2513 3552 ξηράνασα
2539 3479 2651 3549 (55)
2681 3477 2882 3543 πάντα,
2914 3479 3010 3532 καὶ
3039 3480 3120 3540 είς
3144 3478 3343 3550 ἑαυτὴν
3377 3478 3742 3540 ἀναλαϐοῦσα,
3766 3480 3826 3531 ὲν

2228 3575 2293 3643 τῇ
2326 3571 2476 3644 πάσῃ
2496 3570 2652 3641 οὐσίᾳ
2676 3569 2906 3638 γίνεται,
2952 3568 3323 3623 ἐπανελθοῦσα
3356 3572 3437 3634 είς
3487 3570 3577 3623 τὸν
3606 3570 3824 3641 πρῶτον

2231 3662 2465 3736 ρηθέντα
2497 3662 2675 3731 λόγον,
2705 3663 2801 3715 καὶ
2833 3663 2913 3725 είς
2966 3661 3068 3734 τὴν
3128 3660 3423 3715 ἀνάστασιν
3474 3660 3689 3732 ἐκείνην
3720 3659 3822 3730 τὴν

2228 3752 2489 3806 ποιοῦσαν
2520 3752 2764 3806 ἐνιαυτὸν
2794 3752 2886 3806 τὸν
2940 3753 3217 3824 μέγιστον,
3277 3754 3401 3807 καθ’
3427 3753 3486 3806 δν
3531 3753 3624 3805 ἀπ’
3648 3752 3823 3823 αὐτῆς

2232 3845 2399 3916 μόνης
2428 3848 2510 3908 είς
2538 3845 2710 3917 αὐτὴν
2729 3844 2889 3899 πάλιν
2919 3845 3130 3915 γίνεται
3157 3848 3191 3916 ἡ
3224 3847 3669 3910 ἀποκατάστασις
3684 3845 3821 3917 (36).

2236 3937 2642 3991 Ἐπανελθοῦσα
2673 3938 2753 4002 δὲ,
2815 3938 2904 3992 διὰ
2961 3937 3135 4005 τάξιν,
3188 3939 3281 4009 ἀφ’
3332 3941 3451 4005 οἵας
3505 3941 3825 4011 διακοσμεῖν

2227 4030 2489 4093 ὡσαύτως
2522 4028 2747 4101 ἦρξατο,
2782 4030 2925 4084 κατά
2948 4030 3104 4100 λόγον
3132 4031 3294 4085 πάλιν
3326 4033 3427 4104 τὴν
3466 4034 3639 4104 αὐτὴν
3681 4032 3825 4099 διεξ-

2228 4123 2451 4196 αγωγὴν
2470 4127 2727 4188 ποιεῖται,
2745 4123 2854 4179 τῶν
2881 4125 3139 4179 τοιούτων
3164 4126 3431 4197 περιόδων
3455 4127 3514 4193 ἐξ
3544 4127 3718 4180 ἀϊδίου
3743 4143 3826 4196 γι-

2226 4214 2467 4285 νομένων
2509 4215 2969 4279 ἀκαταπαύστως.
3019 4215 3157 4269 υῦτε
3188 4218 3298 4288 γὰρ
3322 4217 3422 4287 τῆς
3445 4218 3620 4289 ἀρχῆς
3644 4218 3825 4271 αἰτίαν

2227 4308 2321 4361 καὶ
2341 4309 2507 4361 πᾶσιν
2530 4301 2642 4361 οἷόν
2667 4325 2727 4361 τε
2758 4308 3026 4377 γίνεσθαι,
3042 4307 3166 4362 οὔτε
3182 4308 3274 4362 τοῦ
3303 4309 3632 4374 διοικοῦντος
3657 4310 3819 4365 αὐτά.

2227 4399 2428 4453 Οὐσίαν
2469 4417 2527 4454 τε
2552 4399 2663 4473 γὰρ
2688 4405 2799 4465 τοῖς
2827 4403 3133 4473 γινομένοις
3163 4403 3460 4472 ὑφεστάναι
3510 4405 3613 4470 δεῖ,
3645 4422 3825 4475 πεφυ-

2226 4492 2385 4544 κυῖαν
2438 4491 2797 4563 ἀναδέχεσθαι
2843 4492 2942 4559 τὰς
3002 4494 3307 4565 μεταϐολὰς
3359 4496 3563 4562 πάσας,
3610 4496 3705 4550 καὶ
3756 4497 3825 4550 τὺ

526 4580 739 4637 satione
773 4578 1149 4634 redeuntibus.
1184 4578 1417 4651 Quippe,
1449 4579 1709 4651 principii
1758 4580 1843 4635 sui
1890 4595 2115 4635 causam

2232 4581 2629 4657 Βημιουργῆσον
2655 4582 2714 4650 ἐξ
2765 4585 2957 4656 αὐτῆς.
3012 4580 3113 4640 υἷα
3137 4586 3245 4661 γάρ
3272 4589 3358 4659 ἐφ’
3388 4589 3546 4660 ἡμῶν
3584 4589 3666 4653 τίς
3703 4591 3822 4644 ἐστι

525 4686 628 4727 nec
657 4671 859 4726 habere
892 4670 1056 4725 simul
1082 4669 1341 4726 universa
1382 4680 1636 4742 possunt,
1676 4686 1778 4727 nec
1826 4671 2117 4727 universo-

2232 4675 2388 4744 φύσις
2438 4676 2872 4749 δημιουργοῦσα,
2920 4677 3162 4733 τοιούτου
3224 4680 3371 4745 τινὸς
3417 4683 3540 4735 κατ’
3571 4683 3821 4752 ἀνάγκην

523 4775 646 4818 rum
674 4762 791 4833 ipse
820 4761 1151 4817 moderator.
1197 4758 1334 4816 Nam
1389 4760 1457 4815 iis
1489 4776 1612 4831 quae
1642 4760 1800 4826 ﬁunt,
1831 4776 1959 4817 cum
1984 4763 2114 4818 sub-

2232 4767 2369 4831 ίντος
2391 4768 2485 4822 καὶ
2518 4771 2575 4822 ὲν
2596 4768 2674 4839 τῷ
2706 4771 2896 4842 κόσμῳ
2920 4771 3238 4843 ἀγεννήτου·
3263 4774 3528 4843 γενέσεως
3553 4773 3662 4846 γὰρ
3714 4776 3820 4847 ἀρ-

524 4856 781 4910 stantiam
808 4854 1101 4924 quamdam
1132 4855 1363 4912 subesse
1386 4868 1612 4909 necesse
1637 4863 1742 4923 est,
1772 4870 1898 4925 quae
1920 4865 2115 4926 suapte

2232 4858 2321 4930 [ὴν
2352 4859 2453 4931 οὐχ
2482 4856 2595 4913 οἶόν
2624 4877 2685 4914 τε
2718 4856 2858 4915 εἶναι
2904 4861 3000 4915 ἐπὶ
3049 4864 3150 4932 τῆς
3204 4863 3420 4933 φύσεως
3460 4865 3685 4936 ταύτης.
3720 4867 3822 4919 Ὀν

521 4954 723 5004 natura
755 4949 1087 5003 mutationes
1108 4963 1300 5003 omnes
1341 4947 1601 5018 excipiat,
1640 4955 1757 5002 tum
1803 4948 1859 5003 id
1892 4960 2115 5020 praeter-

2232 4955 2420 5024 ιρόπον
2438 4956 2481 5011 δ’
2504 4957 2802 5029 ἀγέννητὸς
2829 4959 2923 5010 ἐστ
2934 4975 2971 5023 ι,
3019 4959 3111 5012 καὶ
3167 4959 3522 5033 ἀναιρεθῆναι
3554 4960 3821 5014 ἀδύνατόν

523 5052 611 5106 ea,
656 5038 804 5109 quod
849 5039 1055 5115 aliquid
1074 5054 1152 5119 [ex
1183 5054 1248 5094 ea
1286 5038 1552 5110 perﬁciat.
1597 5037 1923 5109 Cujusmodi
1968 5044 2113 5097 enim

2232 5052 2367 5100 ιστιν
2394 5048 2587 5119 αὐτὴν,
2620 5046 2745 5102 οὐτε
2775 5049 2946 5120 αὐτῆς
2969 5049 3031 5116 ἐξ
3071 5051 3266 5121 αὐτῆς,
3295 5050 3418 5105 οὐτε
3444 5051 3646 5118 ἔξωθέν
3672 5069 3819 5118 τινος

520 5130 668 5200 apud
719 5146 819 5188 nos
867 5132 1193 5188 eﬂectricem
1247 5141 1502 5188 naturam
1546 5131 1789 5204 aliquam
1839 5134 2110 5201 videmus,

2232 5138 2609 5213 ὶναιρήσοντος
2632 5141 2822 5213 αὐτήν.
2854 5161 2874 5194 ι

523 5223 797 5294 ejusmodi
841 5228 1150 5283 necessario
1197 5225 1502 5298 quidpiam,
1555 5225 1653 5283 sed
1708 5233 1865 5283 ortus
1910 5242 2129 5302 expers,
2171 5230 2230 5287 in
2284 5233 2406 5305 ipso
2460 5250 2682 5313 quoque
2735 5237 2941 5291 mundo
2971 5239 3285 5320 ponendum
3347 5248 3476 5315 est:
3511 5255 3636 5296 cum
3693 5240 3819 5297 talis

597 5452 710 5524 (55)
756 5452 1419 5527 Téxocriraﬁnpdrao'a.
1462 5453 1593 5527 Loci
1644 5456 1811 5527 hujus
1850 5457 2107 5513 lacunam

528 5531 819 5598 utramque
846 5540 912 5579 ex
929 5524 1393 5598 Ahlontacteodice
1426 5524 1833 5598 supplevinius;
1864 5529 2107 5598 priorem

2206 5459 2408 5514 haeresi
2433 5473 2486 5523 v,
2534 5473 2699 5527 quem
2732 5467 3017 5516 auctorem
3048 5470 3271 5517 secutus
3296 5503 3311 5527 ,
3354 5464 3544 5519 nescio
3571 5502 3585 5527 ,
3622 5466 3819 5522 mundi

570 5531 819 5605 iramque
846 5540 912 5579 ex
928 5529 1393 5605 “Montac._eod_ice
1426 5529 1833 5605 supplevimus;
1864 5529 2107 5605 priorem

2232 5529 2631 5605 παλιγγενεσίαν
2678 5539 2822 5605 tacet
2838 5572 2869 5605 ,_
2887 5532 3207 5605 animorum
3252 5536 3669 5605 μεταγγισμοὺς
3719 5537 3818 5592 καὶ

530 5591 614 5676 bis
652 5591 841 5676 _vei-l_)is
882 5594 1031 5676 τέλος
1078 5591 1509 5668 ἀναξηράνασα,
1532 5591 1914 5669 posteriorem
1950 5598 2106 5667 istis,

2232 5591 2736 5676 ιετενσωματώσεις
2768 5591 2964 5676 iisdem
2989 5591 3266 5676 attribuit;
3294 5591 3418 5676 qua;
3444 5591 3819 5676 'Py'thag'oreo-

528 5664 587 5716 ἐν
617 5665 690 5788 EE
709 5664 858 5753 πάσῃ
891 5666 1070 5736 οὐσίᾳ.
1236 5664 1267 5668 ’⁷
1549 5664 1570 5669 “
1778 5740 1792 5754 .
1975 5738 1996 5754 Ἰ
2064 5664 2098 5753 .’

597 5733 615 5788 ί
694 5735 709 5788 l
756 5738 809 5788 Η
832 5734 1342 5788 ἀποκατάστασιο.
1376 5735 1549 5788 Nemo
1573 5746 1661 5788 est
1700 5754 1795 5788 nm
1821 5740 1929 5788 hoc
1962 5743 2110 5788 διοι-

2232 5684 2331 5723 um
2354 5685 2417 5725 ac
2435 5664 2849 5727 Platonicorum
2875 5672 3049 5729 fuere.
3076 5674 3215 5740 Imo,
3243 5664 3393 5743 qu'od
3415 5664 3573 5730 val'de
3608 5664 3815 5735 mirum

2232 5749 2311 5788 :st.
2368 5740 2562 5788 haeresi
2593 5756 2669 5788 νη
2719 5741 3112 5788 Perinnmﬁnng
3152 5745 3346 5788 muriam
3397 5761 3590 5788 ρνιιηιιρ
3649 5747 3815 5788 εἱιιηιιι

597 5733 709 5804 (36)
742 5737 809 5817 ᾘ
832 5733 1342 5817 damnatione-cc.
1376 5735 1549 5795 Nemo
1573 5746 1671 5817 est
1700 5740 1796 5817 qui
1821 5740 1929 5817 hoc
1962 5738 2110 5817 S_toi-
2206 5749 2312 5817 est,
2367 5740 2565 5817 haeresi
2593 5756 2671 5799 vn
2717 5741 3112 5815 Peripateticos
3152 5733 3346 5802 eodem
3397 5761 3590 5804 errore
3648 5733 3825 5814 simul

527 5818 718 5860 corum
752 5808 949 5871 dogma
984 5804 1154 5880 fuisse
1177 5821 1290 5864 non
1316 5817 1602 5877 agnoscat.
1632 5808 1696 5866 Β.
1719 5804 2104 5885 Epiphanius,
2209 5810 2342 5872 invo
2366 5811 2465 5871 vit.
