4144 6400
375 369 515 423 1349

1530 369 1864 424 PRASPAR.
1907 368 2164 424 EVANG.
2205 367 2333 444 LIB.
2376 369 2494 424 XV.

3493 376 3632 432 1550

375 476 568 519 natura
603 474 755 520 ortus
789 481 871 519 sui
901 465 1225 535 principium
1253 465 1452 518 habere
1484 465 1692 518 nullum
1747 464 1972 518 omnino
2014 466 2207 533 possit.
2264 466 2329 518 Et
2373 463 2830 534 quemadmodum
2886 476 3008 521 ortu
3057 467 3171 536 ipsa
3206 479 3372 536 caret,
3428 471 3497 525 ita
3534 489 3630 530 nec

374 573 614 626 unquam
644 558 864 612 interire
883 569 1079 628 potest,
1113 573 1236 612 cum
1298 573 1399 611 nec
1433 557 1551 627 ipsa
1600 573 1694 624 per
1740 573 1860 610 sese
1889 558 2066 625 perire
2119 567 2302 626 queat,
2360 573 2458 612 nec
2521 557 2667 612 aliud
2697 558 2992 627 quidquam
3029 561 3120 624 sit,
3177 562 3323 630 quod
3361 564 3623 619 extrinse-

373 665 472 703 cus
503 649 648 703 illam
684 651 1012 717 exstinguat.
1053 668 1070 698 ι

898 738 1289 792 ΚΕΦΑΛΑΙΟΝ
1324 740 1409 794 Κ’.

479 853 678 917 Ὅπως
701 850 1056 915 δοξάζουσιν
1087 855 1140 905 οἱ
1176 853 1416 906 Στωϊκοὶ
1438 851 1569 920 περὶ
1610 852 1838 922 ψυχῆς.

448 981 467 1013 ι
507 963 581 1014 Τὸ
609 961 665 1014 δὲ
693 961 912 1033 σπέρμα
942 964 1104 1034 φησὶν
1140 965 1168 1016 ὁ
1200 965 1384 1024 Ζήνων
1421 961 1580 1028 εἶναι,
1611 966 1640 1018 ὃ
1695 965 1944 1037 μεθίησιν

371 1051 655 1121 ἄνθρωπος
721 1052 937 1122 πνεῦμα
998 1053 1113 1123 μεθ’
1150 1054 1340 1124 ὑργοῦ,
1397 1055 1576 1125 ψυχῆς
1637 1056 1800 1128 μέρος
1852 1060 1945 1110 καὶ¹

368 1142 724 1212 ἀπόσπασμα,
755 1142 846 1195 καὶ
895 1143 988 1196 τοῦ
1041 1145 1353 1216 σπέρματος
1393 1146 1486 1199 τοῦ
1519 1147 1629 1200 τῶν
1664 1149 1942 1219 προγόνων

369 1233 640 1304 κέρασμα,
671 1235 764 1288 καὶ
800 1236 976 1307 μίγμα
1003 1236 1112 1289 τῶν
1138 1238 1237 1307 τῆς
1284 1238 1463 1309 ψυχῆς
1497 1239 1680 1311 μερῶν
1724 1241 1945 1312 συνελη-

371 1323 545 1388 λυθός.
585 1325 746 1395 Ἔχον
777 1327 885 1397 γὰρ
933 1329 1057 1390 τοὺς
1106 1327 1297 1396 λόγους
1327 1330 1405 1400 τῷ
1446 1330 1552 1401 ὅλῳ
1584 1331 1708 1396 τοὺς
1747 1334 1942 1397 αὐτοὺς

367 1415 542 1481 τοῦτο,
601 1417 728 1469 ὃταν
770 1417 944 1488 ἀφεθῇ
973 1420 1052 1481 είς
1098 1419 1197 1490 τὴν
1234 1422 1464 1492 μήτραν,
1519 1421 1821 1492 συλληφθὲν
1851 1425 1942 1476 ὑπ’

367 1515 526 1569 ἄλλου
557 1516 882 1585 πνεύματος,
914 1513 1074 1586 μέρος
1105 1513 1282 1584 ψυχῆς
1302 1514 1401 1583 τῆς
1449 1513 1541 1566 τοῦ
1587 1513 1796 1584 θήλεος,
1851 1517 1944 1568 καὶ

369 1608 612 1677 συμφυὲς
633 1607 942 1676 γενόμενον,
986 1606 1192 1676 κρυφέν
1224 1622 1283 1658 τε
1327 1605 1449 1675 φύει
1482 1605 1796 1676 κινούμενον
1847 1609 1942 1659 καὶ

365 1698 850 1771 ἀναρριπιζόμενον
908 1700 998 1751 ὑπ’
1031 1698 1260 1760 ἐκείνου,
1303 1696 1718 1768 προσλαμϐάνον
1742 1698 1830 1750 ἀεὶ
1863 1699 1944 1760 είς

365 1791 427 1844 τὸ
452 1791 614 1862 ὑγρὸν
654 1793 746 1844 καὶ
765 1789 991 1856 αὑξάνον
1017 1789 1073 1856 ἐξ
1101 1787 1312 1841 ἑαυτοῦ.
1347 1808 1364 1840 ι
1421 1790 1528 1841 Καὶ
1561 1788 1699 1858 μετά
1739 1789 1944 1859 βραχέα

367 1885 658 1952 ἐπιλέγειν(
688 1884 821 1956 Περὶ
840 1884 897 1937 δὲ
923 1883 1101 1952 ψυχῆς
1133 1881 1410 1952 Κλεάνθης
1440 1883 1556 1952 μὲν,
1609 1882 1677 1935 τά
1701 1883 1944 1952 Ζήνωνος

365 1977 607 2047 δόγματα
634 1976 1064 2048 παρατιθέμενος
1120 1976 1254 2046 πρὸς
1308 1975 1614 2044 σύγκρισιν,
1676 1974 1772 2045 τὴν
1806 1973 1943 2046 πρὸς

364 2069 490 2130 τοὺς
522 2067 713 2130 ἄλλους
749 2067 858 2138 (57)
885 2069 1165 2136 φυσικοὺς,
1196 2067 1378 2138 φησὶν,
1427 2068 1509 2120 ὅτι
1545 2069 1728 2138 Ζήνων
1765 2066 1942 2138 ψυχὴν

363 2158 510 2226 λέγει
537 2159 850 2230 αἴσθησιν,ἢ
877 2159 1257 2229 ἀναθυμίασιν,
1289 2159 1542 2231 καθάπερ
1571 2160 1938 2230 Ἡράκλειτος.

1978 913 2026 966 Α

2660 735 2890 791 CAPUT
2921 737 3039 791 XX.

2210 848 2666 914 Quemadmodum
2693 847 2862 903 Stoici
2894 851 2958 904 de
2981 853 3156 907 animo
3195 856 3447 910 sentiant.

2129 983 2148 1016 ι
2206 963 2423 1029 Semen,
2483 964 2559 1018 ait
2607 963 2775 1030 Zeno,
2831 966 3104 1034 spiritum,
3161 967 3404 1036 inquam,
3453 971 3628 1035 illum,

2052 1071 2212 1125 quem
2246 1057 2412 1110 homo
2438 1056 2636 1109 emittit
2670 1072 2794 1110 cum
2846 1057 3074 1111 humore
3107 1059 3481 1128 conjunctum,
3512 1063 3630 1115 ani-

2054 1145 2128 1197 mi
2171 1144 2494 1212 particulam
2544 1159 2665 1199 esse
2714 1146 3100 1216 revulsumque
3139 1146 3399 1216 fructum,
3447 1152 3556 1205 imo
3578 1162 3631 1206 et

2052 1247 2336 1308 parentum
2371 1239 2596 1293 seminis
2625 1241 3068 1309 temperationcm
3113 1242 3371 1310 aliquam,
3422 1253 3476 1298 et
3500 1259 3631 1299 con-

2049 1339 2252 1384 cretam
2287 1345 2352 1382 ex
2383 1330 2549 1384 animi
2577 1332 2825 1400 partibus
2858 1332 3186 1388 mistionem.
3224 1333 3278 1389 ld
3305 1350 3469 1404 enim,
3502 1353 3628 1392 cum

2049 1422 2294 1475 eamdem
2327 1421 2382 1474 in
2415 1437 2493 1483 se,
2529 1438 2691 1492 quam
2721 1431 2890 1478 totum
2922 1425 3098 1493 ipsum
3136 1426 3244 1479 vim
3269 1437 3320 1481 et
3361 1430 3626 1484 rationem

2051 1513 2395 1577 habeat,cum
2410 1513 2465 1566 in
2484 1514 3022 1584 vulvamjmmissum
3041 1515 3413 1583 fuerit,statim
3431 1522 3498 1575 ab
3519 1523 3629 1576 alio

2047 1603 2240 1671 spiritu
2270 1605 2745 1672 comprehensum,
2795 1607 3078 1662 muliebris
3113 1609 3279 1662 animi
3323 1625 3450 1680 pars
3481 1628 3630 1681 quae-

2045 1693 2170 1748 dam
2201 1703 2503 1764 naturaque
2534 1706 2821 1765 cognatum
2846 1697 3075 1753 efficitur
3099 1716 3113 1765 ;
3135 1700 3373 1767 dumque
3404 1703 3473 1757 ibi
3502 1705 3630 1759 8|)S'

2045 1786 2324 1840 conditum
2369 1788 2488 1856 ejus
2519 1788 2572 1841 vi
2609 1799 2985 1843 commovetur
3023 1799 3078 1844 et
3106 1793 3397 1856 excitatur,
3431 1798 3630 1849 crescit

2044 1877 2308 1945 paulatim
2345 1879 2400 1933 in
2451 1877 2643 1945 fetum,
2678 1881 2888 1935 humidi
2938 1891 3122 1951 partes
3170 1885 3401 1940 subinde
3456 1903 3628 1942 novas

2045 1984 2354 2036 assumens,
2399 1985 2464 2024 ac
2491 1971 2730 2040 prapriis
2753 1972 2988 2042 gliscens
3011 1974 3382 2032 incrementis.
3423 1996 3441 2029 ι
3502 1977 3629 2035 ΗιΡο

2047 2060 2157 2114 ille.
2179 2059 2316 2113 Tum
2334 2060 2524 2128 paucis
2553 2061 2763 2130 aliquot
2789 2062 3089 2131 interjectis
3113 2082 3126 2118 :
3165 2084 3183 2116 ι
3206 2063 3519 2132 Cleanthes,
3541 2070 3628 2122 in-

2045 2154 2184 2222 quit,
2224 2151 2460 2206 Zenonis
2489 2151 2556 2206 de
2591 2153 2775 2207 animo
2800 2154 3053 2224 dogmata
3081 2172 3204 2211 cum
3233 2159 3462 2213 aliorum
3493 2161 3629 2233 phy-

365 2248 693 2319 Βουλόμενος
724 2249 831 2320 γάρ
858 2249 1171 2320 ἐμφανίσαι,
1224 2250 1304 2302 ὅτι
1335 2251 1391 2302 αί
1419 2250 1587 2320 ψυχαὶ
1630 2249 1939 2320 ἀναθυμιώ-

2048 2244 2287 2298 sicorum
2319 2243 2576 2313 opinione
2603 2245 2971 2311 committens,
3005 2246 3278 2304 Zenonem
3311 2251 3404 2316 ait,
3437 2267 3628 2321 quem-

367 2355 525 2408 μεναι
558 2357 640 2394 vos
651 2341 738 2411 ραὶ
767 2341 853 2394 ἀεὶ
876 2341 1132 2409 γίνονται.
1164 2341 1381 2394 εἴκασεν
1434 2341 1605 2406 αὺτάς
1635 2344 1748 2405 τοῖς
1777 2358 1945 2394 ποτα-

367 2430 506 2496 μοῖς,
534 2428 702 2496 λέγων
735 2429 923 2492 οὕτως’
968 2431 1262 2499 Ποταμοῖσι
1322 2432 1492 2482 τοῖσιν
1555 2431 1794 2483 αὐτοῖσιν
1840 2433 1942 2502 ὲμο

363 2518 636 2570 σαίνουσιν
658 2520 818 2591 ἕτερα
847 2521 937 2572 καὶ
971 2520 1130 2591 ἕτερα
1166 2520 1333 2573 ὕδατα
1376 2522 1609 2594 ἐπιρρεῖ·
1656 2523 1749 2576 καὶ
1771 2522 1944 2592 ψυχαὶ

363 2613 472 2664 ἀπὸ
502 2611 609 2665 τῶν
633 2612 811 2683 ὑγρῶν
841 2612 1266 2682 ἀναθυμιῶνται.
1307 2613 1694 2686 Ἀναθυμίασιν
1722 2615 1822 2686 μὲν
1851 2612 1942 2669 οὖν

363 2704 560 2774 ὁμοίως
586 2704 663 2774 τῷ
710 2705 1040 2776 Ἡρακλείτῳ
1067 2705 1163 2776 τὴν
1189 2705 1366 2778 ψυχὴν
1408 2707 1698 2778 ἀποφαίνει
1732 2709 1938 2778 Ζήνων.

363 2797 691 2866 Αίσθητικὴν
723 2797 778 2849 δὲ
809 2797 974 2867 αὐτὴν
997 2793 1134 2850 εἶναι
1155 2799 1242 2852 διά
1268 2799 1426 2853 τοῦτο
1443 2799 1612 2868 λέγει,
1639 2801 1720 2853 ὅτι
1741 2800 1943 2852 τυποῦ-

365 2889 486 2941 σθαί
514 2906 576 2956 γε
608 2888 826 2940 δύναται
859 2889 919 2941 τὸ
978 2889 1224 2958 μέγεθος,
1256 2888 1318 2944 τὸ
1353 2891 1516 2962 μέρος
1543 2891 1604 2944 τὸ
1641 2891 1942 2962 ⁴ἡγούμενον

363 2981 552 3050 αὐτῆς,
587 2980 694 3033 ἀπὸ
725 2979 832 3032 τῶν
864 2979 1029 3032 ὄντων
1053 2981 1144 3033 καὶ
1169 2981 1522 3052 ὑπαρχόντων
1567 2981 1678 3053 (38)
1700 2982 1789 3035 διὰ
1831 2981 1940 3036 τῶν

363 3070 749 3142 αἰσθητηρίων,
773 3071 863 3123 καὶ
896 3071 1291 3142 παραδέχεσθαι
1319 3073 1418 3136 τάς
1441 3072 1732 3136 τυπώσεις.
1754 3073 1939 3127 Ταῦτα

363 3161 472 3231 γάρ
503 3161 606 3214 ἴδια
634 3161 809 3232 ψυχῆς
839 3165 972 3216 ἐστι.
998 3183 1014 3213 ι
1065 3164 1172 3216 Καὶ
1216 3163 1333 3234 μεθ’
1383 3165 1564 3236 ἕτερα·
1632 3184 1649 3216 ι
1684 3161 1838 3218 Εἶναι
1882 3166 1938 3218 δὲ

357 3253 538 3324 ψυχὴν
563 3254 622 3306 έν
650 3253 725 3323 τῷ
762 3253 868 3325 ὅλῳ
890 3254 1070 3322 φασὶν,
1101 3254 1128 3307 ὃ
1163 3254 1415 3308 καλοῦσιν
1437 3255 1648 3328 αἰθέρα,
1678 3257 1774 3311 καὶ
1802 3259 1939 3328 ἀέρα

357 3342 546 3414 κύκλῳ
579 3345 708 3416 περὶ
739 3345 834 3415 τὴν
865 3345 965 3415 γῆν
1014 3345 1106 3397 καὶ
1136 3344 1428 3411 θάλασσαν,
1493 3348 1586 3400 καὶ
1618 3349 1682 3400 ὲκ
1733 3347 1938 3402 τούτων

359 3437 773 3508 ἀναθυμιάσειςο
803 3436 901 3500 τὰς
931 3437 986 3489 δὲ
1024 3437 1216 3500 λοιπὰς
1267 3439 1443 3508 ψυχὰς
1493 3442 1938 3510 προσπεφυκέναι

357 3527 554 3602 ταύτῃ,
584 3530 704 3582 ὅσαι
759 3546 818 3581 τε
871 3531 928 3581 ὲν
961 3528 1118 3593 ζώοις
1177 3530 1302 3592 εἰσὶ,
1341 3531 1436 3582 καὶ
1484 3531 1604 3583 ὅσαι
1647 3531 1704 3582 ἐν
1732 3529 1810 3601 τῷ
1837 3547 1936 3582 πε-

2015 2336 2342 2391 'admodum
2380 2345 2434 2390 et
2467 2334 2823 2401 Heraclitum,
2857 2339 3026 2393 animi
3059 2350 3311 2397 naturam
3361 2345 3414 2398 in
3461 2361 3628 2402 sensu

2046 2435 2140 2481 aut
2187 2427 2533 2482 exhalatione
2589 2427 2860 2497 posuisse.
2911 2427 3050 2483 Cum
3109 2432 3254 2484 enim
3309 2433 3629 2489 exhalantes

2045 2518 2260 2573 animos
2291 2517 2565 2588 spiritales
2597 2533 2813 2590 semper
2851 2519 2986 2575 cﬂici
3017 2521 3394 2579 demonstrare
3444 2526 3625 2592 vellet,

2043 2625 2142 2665 eos
2170 2625 2296 2664 cum
2336 2609 2516 2666 ﬂuviis
2555 2613 2932 2681 comparabat,
2985 2614 3072 2670 his
3104 2617 3286 2672 verbis
3327 2627 3529 2674 utens:
3565 2616 3624 2672 In

2043 2703 2258 2768 ﬂuvios,
2292 2703 2592 2773 inquiebat,
2623 2704 2749 2757 licet
2779 2705 2940 2758 iidem
2964 2723 3139 2777 usque
3171 2708 3480 2774 decurrant,
3505 2713 3626 2766 alia:

2043 2801 2226 2846 tamen
2263 2800 2427 2861 atque
2457 2791 2577 2846 alia:
2614 2793 2912 2848 illabuntur
2944 2809 3118 2863 aquae.
3149 2795 3216 2852 Et
3254 2813 3383 2853 vero
3426 2801 3626 2855 anima:

2041 2880 2206 2935 rebus
2236 2880 2487 2936 emantur
2527 2896 2595 2936 ex
2641 2883 2903 2937 humidis.
2962 2884 3041 2938 Ita
3090 2885 3259 2953 Zeno,
3307 2889 3529 2958 perinde
3564 2900 3626 2946 ut

2039 2969 2369 3039 Heraclitus,
2400 2973 2643 3027 animum
2673 2973 3075 3030 exhalationem
3107 2992 3230 3032 esse
3259 2979 3618 3036 demonstrat.

2038 3064 2203 3135 822
2251 3064 2509 3119 Eamdem
2549 3074 2832 3134 propterea
2881 3081 3046 3122 sensu
3086 3070 3288 3140 percipi
3320 3087 3482 3141 posse
3527 3074 3624 3128 de-

2038 3156 2232 3219 tendit,
2273 3157 2416 3226 quod
2444 3171 2574 3227 pars
2605 3158 2722 3226 ejus
2755 3157 3096 3230 facultasque
3142 3161 3413 3233 princeps,
3457 3167 3622 3222 rebus

2037 3249 2130 3316 iis,
2162 3264 2285 3319 quae
2320 3264 2416 3318 per
2445 3263 2707 3303 sensuum
2739 3249 2918 3304 aditus
2952 3265 3018 3305 eo
3041 3252 3298 3320 subeunt,
3327 3256 3620 3328 consigne-

2038 3348 2152 3408 tur,
2211 3354 2514 3410 earumque
2559 3339 2766 3395 formas
2813 3341 3188 3413 imaginesque
3227 3345 3508 3416 suscipiat.
3543 3346 3621 3403 Ea

2037 3433 2238 3504 quippe
2290 3432 2457 3486 animi
2494 3431 2713 3502 propria
2754 3441 2902 3487 sunt.
2935 3452 2954 3485 ι
3004 3432 3249 3504 Itemque
3296 3447 3422 3507 post
3468 3439 3572 3494 alia
3602 3457 3620 3493 :

2045 3540 2064 3573 ι
2089 3522 2348 3577 Animum
2396 3526 2600 3590 autem,
2631 3523 2842 3594 inquit,
2884 3524 2939 3578 in
2981 3525 3239 3582 universo
3275 3543 3396 3583 esse
3435 3529 3619 3595 aiunt,

361 3620 616 3690 ριέχοντι*
651 3621 923 3691 διαμένειν
980 3621 1088 3692 γάρ
1125 3621 1224 3684 τάς
1265 3622 1372 3676 τῶν
1423 3621 1800 3676 ἀποθανόντων
1832 3622 1937 3692 ψυ-

2041 3628 2204 3682 quem
2229 3615 2488 3670 aetherem
2509 3615 2612 3686 ipsi
2639 3631 2929 3688 acremque
2950 3628 3168 3686 vocant,
3191 3630 3356 3684 terra,
3378 3623 3539 3688 mari,
3567 3631 3625 3678 et

359 3713 480 3783 χάς.
512 3714 678 3766 Ἐνιοι
701 3713 755 3766 δὲ
800 3715 898 3785 τὴν
925 3715 1022 3783 μὲν
1047 3713 1139 3766 τοῦ
1165 3713 1286 3766 ὅλου
1321 3713 1508 3778 ἀΐδιον,
1539 3713 1638 3778 τὰς
1662 3715 1718 3768 δὲ
1748 3714 1938 3779 λοιπὰς

361 3805 762 3875 συμμίγνυσθαι
797 3807 887 3858 ἐπὶ
913 3807 1131 3877 τελευτῇ
1167 3810 1244 3871 εἰς
1270 3809 1505 3880 ἐκείνην.
1537 3810 1718 3879 Ἐχειν
1750 3809 1806 3862 δὲ
1835 3811 1940 3862 πᾶ-

363 3913 462 3948 σαν
481 3895 657 3967 ψυχὴν
695 3897 1020 3966 ἡγεμονικόν
1041 3916 1093 3950 τι
1138 3900 1194 3950 ὲν
1235 3899 1396 3970 αὐτῇ,
1431 3898 1458 3951 ὃ
1480 3897 1544 3970 δὴ
1592 3899 1706 3972 ζωὴ
1731 3899 1826 3954 καὶ
1856 3898 1940 3952 af-

362 3985 552 4057 σθησίς
588 3989 702 4040 ὲστι
737 3987 832 4042 καὶ
888 3989 1054 4059 ὁρμή.
1093 4007 1110 4038 ι
1171 3989 1280 4042 Καὶ
1304 3989 1383 4042 ἔτι
1409 3989 1523 4060 μετ’
1555 3989 1730 4058 ὀλίγαι
1765 4008 1784 4041 ι
1825 3990 1937 4061 Τὴν

357 4077 417 4130 δὲ
444 4079 623 4150 ψυχὴν
654 4080 915 4148 γεννητήν
961 4096 1020 4132 τε
1073 4081 1165 4132 καὶ
1217 4079 1460 4153 φθαρτὴν
1514 4079 1779 4150 λέγουσιν’
1838 4083 1939 4134 οὐκ

359 4169 520 4233 εὐθὺς
546 4170 604 4223 δὲ
635 4169 730 4223 τοῦ
762 4169 1010 4240 σώματος
1034 4171 1439 4241 ἀπαλλαγεῖσαν
1464 4172 1801 4244 φθείρεσθαι,
1820 4172 1936 4226 ἀλλ’

357 4259 638 4330 ἐπιμένειν
693 4261 842 4325 τινὰς
892 4263 1114 4331 χρόνους
1156 4262 1274 4316 καθ’
1318 4248 1535 4334 ἑαυιὲήνο
1561 4263 1658 4334 τὴν
1685 4264 1780 4334 μὲν
1830 4264 1938 4317 τῶν

361 4351 664 4405 σπουδαίων
689 4353 846 4424 μέχρι
873 4354 966 4424 τῆς
999 4355 1076 4417 εἰς
1112 4354 1223 4426 πῦρ
1281 4354 1592 4419 ἀναλύσεως
1639 4355 1750 4409 τῶν
1804 4356 1938 4409 πάν-

357 4459 489 4506 των,
519 4443 617 4514 τὴν
646 4443 700 4497 δὲ
724 4444 831 4497 τῶν
853 4445 1100 4516 ἀφρόνων
1123 4446 1256 4516 πρὸς
1281 4445 1482 4508 ποσούς
1508 4463 1658 4510 τινας
1692 4447 1932 4517 χρόνους.

360 4535 434 4587 To
459 4535 515 4588 δὲ
537 4535 811 4607 διαμένειν
842 4536 939 4598 τὰς
971 4536 1148 4606 ψυχὰς
1175 4536 1315 4589 οὕτω
1337 4537 1606 4606 λέγουσιν,
1635 4539 1717 4590 ὅτι
1759 4537 1939 4608 διαμέ-

359 4645 522 4697 νομεν
553 4630 714 4700 ἡμεῖς
759 4628 924 4700 ψυχαὶ
969 4629 1269 4699 γενόμενοι.
1310 4627 1405 4681 τοῦ
1464 4627 1715 4699 σώματος
1772 4647 1938 4700 χωρι-

363 4720 598 4784 σθέντος,
626 4722 720 4774 καὶ
743 4723 821 4784 εἰς
847 4721 1051 4774 ἐλάττω
1081 4719 1473 4792 μεταϐαλόντος
1501 4720 1688 4773 οὐσίαν
1712 4721 1811 4792 τὴν
1835 4719 1936 4789 τῆς

359 4809 557 4880 ψυχῆς.
592 4810 704 4872 Τάς
731 4810 785 4863 δὲ
811 4811 916 4863 τῶν
937 4811 1184 4880 ἀφρόνων
1210 4811 1304 4862 καὶ
1335 4810 1545 4877 ἀλόγων
1577 4808 1731 4873 ζώων
1761 4810 1937 4879 ψυχὰς

363 4900 791 4978 συναπόλλυσθαι
816 4904 926 4964 τοῖς
966 4901 1197 4972 σώμασι.
1237 4921 1253 4952 ι
1316 4899 1549 4954 Τοιαῦτα
1598 4901 1690 4953 καὶ
1729 4900 1797 4953 τά
1839 4901 1935 4971 τῆς

361 4991 604 5064 Στωϊκῆς
629 4993 944 5063 φιλοσοφίας
1000 4993 1264 5064 δόγματα,
1321 4993 1430 5047 ἀπὸ
1473 4991 1582 5044 τῶν
1619 4991 1936 5060 Ἐπιτομὴν

373 5083 582 5154 ’Δρείου
603 5083 831 5154 Διδύμου
861 5084 972 5154 (59)
999 5085 1404 5154 συνειλεγμένα.
1441 5083 1585 5154 Πρὸς
1616 5083 1672 5136 δὲ
1695 5082 1793 5154 τὴν
1809 5084 1937 5153 περὶ

359 5173 534 5247 ψυχῆς
563 5175 761 5230 ἄτοπον
789 5175 898 5228 τῶν
933 5175 1141 5248 ἀνδρῶν
1189 5176 1347 5242 δόξαν
1385 5177 1628 5246 ἀπαρκεί
1671 5173 1739 5227 τὰ
1786 5173 1937 5244 παρά

2039 3707 2454 3776 erumpentibus
2487 3723 2555 3762 ex
2585 3715 2818 3778 utroque
2841 3709 3281 3768 exhalationibus
3323 3714 3623 3769 circumfu-

2040 3812 2157 3852 sam
2186 3815 2199 3852 :
2234 3798 2304 3853 ad
2333 3814 2458 3854 eum
2489 3813 2618 3854 vero
2659 3799 2922 3869 reliquam
2971 3802 3279 3858 animorum
3311 3805 3620 3860 multitudi-

2039 3903 2164 3944 nem
2199 3889 2589 3955 adhaarescere,
2615 3898 2724 3945 tam
2767 3892 2860 3962 qui
2901 3893 3292 3960 animantibus,
3321 3912 3481 3966 quam
3523 3898 3621 3967 qui

2038 3979 2313 4034 ambiente
2335 3996 2438 4036 nos
2466 3996 2589 4036 aere
2635 3983 2986 4038 continentur
3012 4003 3025 4037 :
3059 3985 3439 4042 defunctorum
3468 3989 3618 4044 enim

2038 4072 2252 4127 animos
2297 4073 2462 4128 etiam
2507 4083 2631 4143 post
2699 4074 2907 4129 obitum
2970 4091 3274 4146 superesse.
3325 4077 3618 4136 Nonnullis

2037 4165 2200 4220 etiam
2235 4166 2431 4235 placet,
2475 4165 2716 4220 universi
2770 4167 2988 4236 quidem
3036 4169 3280 4223 animum
3329 4173 3618 4242 sempitera-

2037 4274 2167 4312 num
2226 4272 2387 4324 esse,
2436 4256 2678 4326 reliquos
2728 4272 2859 4312 vero
2908 4259 3012 4312 sub
3045 4259 3322 4315 interitum
3373 4280 3497 4318 cum
3547 4281 3616 4321 eo

2037 4348 2400 4406 commisceri.
2458 4347 2722 4402 Cancrum
2775 4349 3072 4419 principem
3107 4351 3160 4404 in
3211 4354 3466 4410 omnibus
3511 4356 3614 4410 ali-

2036 4457 2202 4512 quam
2236 4443 2415 4495 inesse
2470 4449 2700 4510 partem,
2753 4455 2875 4508 qua:
2909 4441 3042 4494 nihil
3105 4442 3248 4496 aliud
3307 4444 3398 4510 sit,
3447 4461 3613 4516 quam

2036 4535 2167 4600 vita,
2207 4548 2482 4603 quamque
2515 4525 2784 4587 sentiendi
2817 4533 2900 4587 vis
2935 4541 2990 4588 et
3021 4535 3328 4604 appetendi.
3379 4535 3613 4593 lterum-

2035 4642 2142 4696 que
2179 4634 2303 4696 post
2329 4639 2523 4695 pauca,
2552 4624 2795 4679 animum
2830 4641 2994 4696 porro
3021 4635 3076 4681 et
3109 4635 3289 4682 ortum
3329 4630 3529 4685 habere
3559 4641 3614 4687 et

2036 4719 2314 4773 interitum
2361 4718 2545 4773 subire
2575 4717 2726 4771 illum
2765 4719 3008 4788 quidem,
3053 4735 3162 4774 non
3196 4730 3375 4777 tamen
3403 4718 3612 4778 simul-

2036 4819 2200 4880 atque
2249 4823 2480 4879 corpore
2534 4808 2747 4863 solutus
2794 4818 2912 4876 est,
2949 4810 3193 4876 interire,
3244 4813 3339 4867 sed
3391 4829 3614 4871 manere

1968 4919 2135 5003 Dper
2183 4901 2423 4970 seipsum
2485 4899 2840 4972 aliquandiu:
2892 4917 2958 4956 ac
3003 4903 3330 4973 sapientium
3390 4906 3610 4975 quidem

2039 4993 2254 5048 animos
2279 4993 2346 5047 ad
2368 5002 2664 5048 extremam
2693 5007 2862 5062 usque
2883 5007 3063 5047 rerum
3089 4997 3141 5048 in
3163 4994 3337 5064 ignem
3363 4997 3610 5051 omnium

2039 5086 2490 5153 dissolutionem;
2542 5088 2829 5141 stultorum
2881 5102 3010 5141 vero
3062 5088 3276 5142 nonnisi
3331 5090 3609 5159 aliquanto

2040 5177 2301 5247 temporis
2332 5177 2639 5244 intervallo,
2671 5193 2974 5247 superesse.
3008 5177 3178 5232 Porro
3217 5183 3361 5248 quod
3396 5183 3608 5239 animos

359 5268 706 5340 Λογγίνῳτῷ
757 5267 876 5322 καθ’
917 5270 1062 5340 ἡμᾶς
1093 5267 1372 5338 συντόμως
1431 5265 1798 5338 ἀντειρημένα
1853 5263 1939 5318 διὰ

2039 5263 2116 5317 illi
2148 5277 2464 5332 permanere
2496 5263 2714 5328 docent,
2740 5265 2790 5318 id
2826 5265 2905 5320 sic
2931 5265 3254 5338 intelligunt,
3282 5278 3340 5323 ut
3374 5259 3473 5326 nos
3505 5269 3608 5340 ipsi

358 5360 579 5417 τούτων.

428 5519 544 5591 (37)
582 5521 906 5589 Σύγκρισιν
936 5517 1051 5586 τὴν
1082 5534 1145 5570 π.
1177 5519 1315 5591 τιεί.
1368 5518 1467 5575 Hic
1498 5521 1660 5575 etiam
1684 5535 1749 5575 ex
1774 5517 1923 5574 Mon-

358 5598 462 5671 tac.
494 5591 877 5671 codicepauca
903 5591 1064 5671 verba
1095 5590 1487 5659 supplevimus,
1516 5606 1750 5662 quorum
1771 5591 1924 5646 locus

360 5662 414 5713 in
443 5662 609 5726 priori
636 5662 871 5713 editione
890 5668 1067 5712 vacat.

429 5729 540 5791 (58)
580 5727 740 5784 Forte
777 5727 1178 5795 ὑπεσχομένων.

2041 5355 2348 5410 animorum
2379 5354 2433 5408 in
2462 5363 2712 5409 naturam
2735 5366 3080 5413 transeuntes
3119 5375 3458 5427 maneamus,
3490 5365 3604 5433 jam

2115 5517 2226 5596 (59)
2277 5516 2409 5570 Ἀπὸ
2441 5515 2562 5596 ζῷν
2613 5519 2909 5596 Ἐπιτομὴν
2947 5523 3164 5596 Ἀρείου
3194 5525 3472 5596 Αιδύμθυ.
3499 5529 3601 5596 Ita,

2030 5585 2155 5660 quae
2186 5585 2692 5660 deerant._Mo_nta_c.
2743 5585 2911 5660 codex
2952 5585 3155 5660 implet.
3193 5585 3384 5652 Melius
3423 5585 3603 5654 tamen

2031 5655 2330 5740 legerctttr,‘
2353 5655 2460 5740 ἀπὸ
2494 5656 2600 5709 τῶν
2639 5658 2844 5740 ’ᾼρείου
2875 5661 2979 5740 (vel
3009 5655 3191 5740 potius
3223 5666 3460 5740 Ἀτηῐου,
3486 5671 3606 5724 sive

2045 5725 2273 5797 ’Δττίου)
2303 5725 2534 5797 Διδύμου
2561 5730 2680 5782 κατ’
2704 5725 2977 5804 ’ἐπιτομὴν
3009 5725 3208 5788 συνειλ.
