4144 6406
444 320 585 378 1585

1614 322 1938 378 PRAEPAR.’
1980 322 2235 379 EVANG.
2273 322 2401 378 LIB.
2447 322 2560 378 XV.

3572 330 3595 385 i
3605 330 3709 385 33-2

438 443 663 501 πάντων
718 444 1059 516 παρήκοντα,
1112 443 1313 516 ὁμοίως
1364 445 1624 512 ἐπιγείων
1650 461 1709 498 τε
1740 444 1836 498 καὶ
1867 444 2009 514 οὐρα

2137 443 2397 509 sensisse,
2431 452 2493 498 ut
2518 442 2677 499 solidi
2719 444 2966 514 corporis
3009 444 3412 501 exhalationem
3461 444 3710 503 animum

440 536 589 600 νίων,
643 538 723 601 είς
775 536 1137 608 ἀναθυμίασιν
1191 536 1287 590 καὶ
1336 536 1564 602 καπνὸν,
1623 537 1718 591 καὶ
1768 532 2026 606 τοιαύτην

438 628 711 701 φλυαρίαν
737 629 1114 701 καταθήσομεν
1130 646 1145 696 ;
1162 631 1256 683 καὶ
1282 629 1402 683 οὐδὲ
1430 631 1556 693 τοὺς
1578 628 1805 700 ποιητὰς
1841 631 2027 700 αἰσχυ-

437 719 697 792 νούμεθα,
750 721 799 775 οἳ
842 722 1046 794 καίπερ
1087 722 1287 793 ἀκριϐῆ
1333 721 1549 776 σύνεσιν
1589 721 1699 776 τῶν
1731 720 1870 775 θεῶν
1925 723 2025 776 οὐκ

436 811 673 885 ἔχοντες,
693 815 842 884 ὅμως
871 814 942 868 τὰ
971 814 1067 885 μὲν
1087 816 1152 868 ὲκ
1175 816 1274 886 τῆς
1311 816 1496 886 κοινῆς
1519 815 1766 881 ἐπινοίας
1796 814 1906 868 τῶν
1926 815 2023 869 ἀν-

437 903 692 979 θρὼπων,
745 908 814 962 τὰ
850 907 908 961 δὲ
949 908 1009 974 ἐξ
1060 908 1304 969 ἐπινοίας
1344 908 1455 962 τῶν
1501 910 1738 981 μουσῶν,
1769 909 1804 981 ἢ
1852 912 2023 964 κινεῖν

435 999 635 1063 αὐτοὺς
654 999 749 1052 ἐπὶ
779 998 953 1054 ταῦτα
980 1000 1213 1069 πέφυκε,
1248 1003 1550 1075 σεμνότερα
1605 1003 1858 1074 εἰρήκασι
1894 1002 2022 1075 περὶ

436 1090 635 1157 αὐτῶν,
670 1092 765 1146 κα)⁸
795 1093 899 1146 οὐκ
921 1093 1335 1166 ἀναθυμιάσεις,
1355 1093 1462 1146 οὐδ’
1484 1093 1674 1164 ἀέρας,
1706 1093 1828 1148 οὐδὲ
1855 1092 2019 1148 πνεύ-

436 1199 601 1253 ματα,
661 1185 758 1237 καὶ
816 1184 1039 1257 λήρους.
1080 1204 1100 1237 ι
1165 1185 1353 1239 Ταῦτά
1386 1203 1472 1239 σοι
1514 1185 1609 1240 καὶ
1665 1186 1695 1239 ὁ
1742 1187 2022 1256 Λογγῖνος.

446 1276 780 1331 Ἐπάκουσον
810 1276 869 1331 δὲ
901 1278 996 1331 καὶ
1022 1278 1296 1334 Πλωτὶνου
1316 1278 1388 1334 τὰ
1409 1281 1585 1335 τοιάδε
1607 1279 1746 1351 πρὸς
1767 1279 1892 1344 τοὺς
1926 1279 2024 1332 αὺ-

430 1370 558 1433 τοὺς
582 1371 1030 1443 ἀποτεινομένου.

2133 552 2256 591 esse
2284 533 2675 591 defenderent?
2713 533 2819 603 Qui
2852 551 3004 604 vero,
3054 552 3181 593 cum
3206 537 3327 608 ejus
3356 537 3437 592 rei
3473 537 3708 594 similem

2134 633 2245 680 tam
2275 634 2543 695 nostram,
2578 642 2744 697 quam
2784 636 3107 683 caeterorum
3141 627 3505 685 animantium
3551 638 3711 684 natu-

2130 732 2249 772 ram
2299 716 2547 784 fecerint,
2584 719 2727 774 tueri
2774 718 2940 775 simul
2968 729 3246 790 poterunt,
3280 729 3377 776 aut
3418 722 3709 792 cogitatio-

2132 826 2231 866 nes
2260 811 2778 883 recordationesque
2812 812 3124 881 diuturnas,
3177 821 3274 869 aut
3326 828 3541 882 eorum,
3584 829 3709 885 quae

2130 918 2309 958 rerum
2340 904 2408 959 ad
2436 904 2684 958 notitiam
2717 904 3050 973 conducant,
3097 904 3369 977 appetitus
3402 914 3569 976 atque
3611 921 3710 962 vo-

2130 996 2399 1051 luntates?
2444 994 2696 1067 Nunquid
2722 997 2889 1052 etiam
2923 998 3076 1065 deos,
3109 1006 3275 1069 atque
3320 998 3478 1054 illum
3523 999 3708 1070 ipsum

2127 1088 2222 1158 qui
2254 1096 2469 1144 terrena
2502 1090 2707 1161 pariter
2738 1104 2802 1146 ac
2824 1090 3070 1147 coelestia
3092 1099 3293 1148 cuncta
3321 1090 3593 1163 pervadit,
3619 1106 3713 1147 ex-

2132 1180 2448 1249 halationis,
2497 1179 2657 1247 fumi,
2690 1187 2768 1237 'ac
2814 1193 3137 1239 caeterorum
3179 1184 3232 1239 id
3271 1200 3445 1256 genus
3488 1183 3710 1241 delirio-

2132 1291 2255 1330 rnm
2289 1276 2492 1331 inloco
2525 1290 2865 1347 numeroque
2898 1277 3270 1334 habebimus?
3295 1294 3397 1333 nec
3415 1286 3708 1349 poetarum

2130 1370 2323 1424 saltem
2368 1372 2621 1442 exempla
2674 1371 3007 1438 verebimur,
3044 1372 3140 1441 qui
3188 1370 3405 1426 tametsi
3436 1370 3708 1441 exquisita

431 1462 658 1517 deorum
689 1463 1002 1535 cognitione
1047 1473 1318 1529 carerent,
1370 1463 1441 1520 de
1498 1462 1609 1520 illis
1644 1472 1827 1520 tamen
1890 1463 2089 1533 partim
2128 1462 2415 1519 communi
2440 1463 2680 1534 quodam
2720 1463 3014 1519 hominum
3051 1479 3240 1531 sensu,
3284 1462 3483 1533 partim
3518 1462 3704 1517 aﬂlatu

430 1569 738 1622 musarum,
762 1570 874 1627 quo
917 1557 984 1613 ad
1047 1573 1147 1613 sua
1201 1558 1293 1614 illa
1341 1558 1588 1613 carmina
1633 1557 1839 1629 impelli
1893 1556 2089 1620 solent,
2132 1556 2452 1614 honestiora
2494 1558 2705 1627 dixere,
2743 1574 2853 1614 non
2884 1558 2996 1630 iam
3038 1558 3414 1614 exhalationes
3440 1558 3584 1623 illas,
3611 1569 3706 1616 aut

430 1664 638 1715 aerem,
691 1659 786 1707 aut
834 1652 1110 1723 spiritum,
1146 1655 1464 1726 similesque
1512 1669 1742 1727 nugas.»
1791 1652 1919 1710 Haec
1965 1652 2063 1708 tibi
2102 1650 2405 1725 Longinus.
2461 1654 2607 1711 Audi
2664 1669 2811 1711 nunc
2855 1652 3133 1710 Plotinum
3178 1654 3444 1710 adversus
3482 1654 3706 1711 eosdem

428 1742 713 1813 sequentia
741 1745 981 1817 graviter
1013 1745 1410 1816 disputantem.

929 1838 1327 1893 ΚΕΦΑΛΑΙΟΝ
1392 1840 1518 1894 KB'.

428 1948 586 2022 Πρὸς
626 1949 769 2017 τοὺς
813 1950 1126 2017 Στωϊκοὺς,
1187 1952 1275 2005 ὅτι
1321 1954 1393 2006 οὐ
1421 1951 1670 2007 δύναται
1710 1950 2018 2022 σωματικὴ

490 2021 643 2074 εἶναι
667 2022 706 2089 ἡ
732 2022 927 2091 ψυχή.
964 2023 1108 2075 Ἀπὸ
1137 2022 1243 2076 τοῦ
1270 2023 1407 2095 Περὶ
1435 2022 1613 2095 ψυχῆς
1630 2021 1965 2078 Πλωτίνου.

503 2133 523 2162 ι
554 2112 617 2165 El
644 2110 701 2165 δέ
731 2114 879 2166 ἐστιν
907 2111 1017 2183 (44)
1048 2112 1315 2176 ἀθάνατος
1347 2113 1575 2177 ἕκαστος
1599 2113 1775 2185 ἡμῶν,
1804 2112 1837 2185 ἢ
1864 2113 2016 2183 φθεί-

431 2220 584 2274 ρεται
611 2204 740 2269 πᾶς,
767 2203 890 2275 ἢτὰ
915 2205 1012 2275 μὲν
1044 2204 1209 2270 αὑτοῦ
1238 2206 1458 2260 ἄπεισιν
1492 2208 1573 2270 είς
1617 2206 1869 2259 σκέδασιν
1919 2207 2017 2260 καὶ

428 2296 659 2368 φθορὰν,
692 2296 759 2351 τὰ
787 2297 843 2351 δὲ
875 2298 1024 2369 μένει
1076 2299 1252 2352 εἰσαεὶ
1304 2299 1450 2371 άπερ
1478 2299 1626 2352 ἐστὶν
1663 2300 1828 2363 αὐτὸς
1867 2299 2014 2370 (45),

427 2380 517 2441 ὧδ’
565 2386 630 2440 ἄν
705 2405 787 2452 τις
837 2389 1036 2460 μάθοι,
1112 2390 1254 2444 κατά
1310 2390 1471 2460 φύσιν
1525 2390 2013 2462 ἐπ.σκοπούμενος.

440 2477 671 2534 Ἀπλοῦν
699 2481 797 2553 μὲν
813 2481 875 2554 δή
901 2484 1076 2537 τιούκ
1106 2482 1171 2537 ἂν
1204 2484 1289 2554 εἴη
1311 2483 1616 2555 ἄνθρωπος,
1644 2484 1758 2538 ἀλλ’
1778 2483 1924 2538 ἔστιν
1957 2484 2015 2537 ὲν

426 2572 576 2645 αὐτῷ
601 2573 767 2645 ψυχὴ,
803 2574 914 2645 ἔχει
945 2575 1002 2628 δὲ
1052 2577 1148 2630 καὶ
1204 2576 1379 2647 σῶμα’
1404 2576 1504 2630 εἴτ’
1539 2575 1631 2631 οὖν
1680 2577 1755 2643 ὼς
1784 2577 2015 2649 ὄργανον

425 2669 579 2738 ἡμῖν,
605 2668 715 2720 εἴτε
736 2666 922 2739 ἕτερον
972 2669 1172 2738 τρόπον
1228 2669 1699 2743 προσηρτημένον,
1753 2669 1871 2724 ἀλλ’
1920 2667 2014 2726 οὖν

425 2757 714 2832 διῃρῆσθαί
741 2775 806 2828 γε
840 2758 1012 2834 ταύτῃ
1039 2762 1301 2834 ἑκατέρου
1345 2763 1443 2832 τὴν
1491 2762 1655 2832 φύσιν
1686 2778 1746 2816 τε
1775 2762 1871 2817 καὶ
1922 2763 2013 2816 οὐ-

428 2851 548 2903 σίαν
575 2849 899 2905 καταθετέον
934 2851 1068 2924 (46).
1134 2853 1207 2907 Τὸ
1248 2854 1346 2924 μὲν
1393 2854 1457 2926 δὴ
1510 2854 1691 2925 σῶμα,
1749 2854 1844 2909 καὶ
1881 2854 2013 2908 αὐτὸ

428 2940 801 3012 συγκείμενον,
828 2941 953 2996 οὔτε
978 2942 1128 3013 παρά
1166 2942 1259 2996 τοῦ
1294 2942 1453 3013 λόγου
1491 2943 1713 2999 δύναται
1746 2944 1948 3016 μένειν,
1973 2944 2009 3015 ἥ

424 3050 484 3087 τε
521 3032 772 3105 αἴσθησις
798 3034 909 3104 (47)
940 3036 1042 3107 δρᾷ
1065 3033 1326 3106 λυόμενόν
1356 3052 1414 3087 τε
1439 3036 1533 3089 καὶ
1567 3034 1889 3107 τηκόμενον,
1916 3036 2010 3090 καὶ

424 3124 711 3189 παντοίους
748 3125 1003 3198 ὀλέθρους
1028 3126 1334 3197 δεχόμενον·
1372 3126 1603 3181 ἑκάστου
1632 3143 1698 3196 γε
1726 3127 1835 3181 τῶν
1863 3126 2011 3182 ἐνόν-

2594 1835 2762 1910 824
2786 1835 3013 1893 CAPUT
3056 1835 3224 1891 xxu.

2123 1950 2385 2005 Adversus
2412 1949 2621 2020 eosdem
2669 1948 2897 2020 Stoicos,
2948 1950 3188 2003 animum
3230 1965 3541 2020 corporeum
3591 1966 3705 2005 esse

2193 2037 2297 2074 non
2329 2037 2502 2090 posse.
2542 2018 2628 2073 Ea:
2657 2021 2794 2074 libro
2830 2019 3031 2075 Plotini
3064 2020 3141 2076 De
3171 2018 3378 2075 animo.

2197 2110 2445 2179 «Utrum,
2479 2111 2659 2182 inquit
2681 2112 2795 2180 ille,
2820 2123 3070 2168 nostrum
3104 2112 3337 2182 quilibet
3367 2112 3702 2170 immortalis

2120 2204 2212 2272 sit,
2253 2220 2322 2259 an
2364 2203 2534 2259 simul
2588 2210 2737 2259 totus
2783 2203 3060 2271 intereat;
3096 2218 3166 2259 an
3192 2218 3321 2259 vero
3349 2204 3534 2274 potius
3570 2219 3702 2275 pars

2118 2299 2241 2368 ejus
2265 2299 2435 2354 altera
2462 2297 2797 2354 dissolvatur
2828 2312 2894 2353 ac
2943 2306 3152 2368 pereat,
3198 2297 3392 2363 altera,
3430 2314 3556 2369 quae
3578 2299 3704 2370 qui-

2118 2392 2242 2447 dem
2270 2391 2498 2461 ipsemet
2533 2390 2700 2445 homo
2735 2390 2827 2457 sit,
2861 2398 3129 2461 perpetuo
3177 2403 3437 2448 maneat:
3489 2393 3564 2448 ita
3606 2392 3704 2448 de~

2116 2499 2270 2539 mum
2330 2482 2559 2553 intelligi
2602 2480 2674 2536 ab
2712 2496 2777 2537 eo
2832 2481 3028 2552 possit,
3080 2481 3174 2553 qui
3223 2498 3339 2537 rem
3396 2484 3702 2540 secundum

2117 2586 2331 2629 naturae
2366 2572 2635 2646 principia
2692 2573 3026 2629 consideret.
3078 2572 3157 2629 Ac
3185 2575 3424 2643 primum
3453 2574 3700 2645 quidem,

2117 2663 2347 2735 simplex
2384 2661 2596 2734 aliquid
2628 2663 2794 2718 homo
2826 2672 2975 2718 certe
3007 2677 3116 2718 non
3166 2675 3271 2731 est,
3304 2663 3399 2720 sed
3447 2664 3699 2720 animum
3758 2682 3761 2693 ι

2116 2755 2260 2810 idem
2312 2770 2623 2826 corpusque
2671 2754 2852 2810 habet.
2915 2754 2994 2810 Ac
3025 2754 3140 2810 sive
3171 2765 3434 2827 tanquam
3487 2756 3699 2812 instru-

2115 2854 2362 2901 mentum
2410 2847 2569 2902 nobis
2619 2846 2862 2918 aliquod,
2897 2848 3015 2904 sive
3059 2847 3167 2902 alia
3224 2849 3422 2919 quavis
3474 2850 3693 2905 ratione

2112 2954 2316 3009 corpus
2345 2939 2712 3008 adhaerescit;
2748 2951 2895 2997 recte
2919 2942 3142 3012 quidem
3172 2942 3278 2997 hoc
3304 2951 3465 3013 pacto
3488 2944 3698 3002 utrius-

2115 3047 2221 3102 que
2250 3040 2504 3087 naturam
2536 3032 2946 3102 essentiamque
2994 3032 3285 3105 distingui,
3330 3049 3560 3103 prorsus
3612 3035 3699 3092 fa-

2115 3124 2337 3180 tendum
2373 3131 2475 3179 est.
2528 3122 2654 3178 Iam
2708 3139 2838 3180 vero
2875 3139 3102 3195 corpus,
3136 3140 3264 3181 cum
3314 3126 3494 3197 ipsum
3527 3128 3695 3185 etiam

423 3231 530 3269 των
563 3216 701 3288 πρὸς
729 3218 793 3271 τὸ
826 3217 991 3271 αὑτοῦ
1019 3218 1344 3291 φερομένου,
1398 3217 1706 3290 φθείροντός
1739 3235 1800 3271 τε
1847 3217 2007 3272 ἄλλου

2114 3215 2481 3285 compositum
2507 3216 2600 3282 sit,
2624 3231 2728 3271 nec
2754 3231 3077 3286 permanere
3106 3218 3246 3273 ratio
3272 3221 3497 3289 patitur,
3528 3231 3584 3277 et
3617 3237 3698 3293 re-

420 3308 629 3383 ῑτερον,
655 3310 750 3365 καὶ
800 3310 1226 3383 μεταϐάλλοντος
1270 3313 1350 3376 εἰς
1407 3311 1554 3377 ἄλλο,
1599 3313 1693 3367 καὶ
1742 3310 2009 3366 ἀπολλύν-

422 3415 514 3465 τος
541 3400 651 3473 (48)
678 3418 691 3432 ⁸
722 3403 818 3455 καὶ
841 3401 1067 3473 μάλιστα
1089 3404 1217 3457 ὅταν
1267 3402 1414 3475 ψυχὴ
1434 3405 1467 3475 ἡ
1491 3403 1621 3473 φίλα
1645 3403 1877 3458 ποιοῦσα
1933 3403 2009 3477 μὴ

422 3496 573 3566 παρῇ
609 3496 722 3558 τοῖς
745 3493 930 3563 ὄγκοις
974 3493 1104 3565 (49).
1141 3494 1261 3549 Κᾶν
1307 3494 1520 3567 μονωθῇ
1570 3495 1627 3550 δὲ
1659 3494 1890 3550 ἕκαστον
1919 3512 2007 3564 γι-

420 3586 666 3658 νόμενον,
700 3587 758 3641 ἓν
790 3588 889 3642 οὐκ
918 3586 1052 3653 ἐστι,
1084 3587 1237 3642 λύσιν
1262 3588 1526 3660 δεχόμενα
1542 3587 1655 3658 (50)
1684 3589 1764 3652 είς
1790 3604 1850 3641 τε
1876 3603 2010 3660 μορ-

422 3666 536 3752 φὴν
564 3680 659 3735 καὶ
690 3680 844 3752 ὓλην,
879 3683 940 3747 ἐξ
965 3675 1041 3736 ὧν
1068 3682 1282 3752 ἀνάγκη
1313 3682 1409 3737 καὶ
1452 3681 1523 3734 τὰ
1550 3680 1697 3735 άπλᾶ
1745 3679 1856 3733 τῶν
1902 3696 2010 3733 σω-

423 3760 609 3843 μάτων
631 3773 730 3838 τὰς
774 3777 1061 3840 συστάσεις
1123 3775 1286 3847 ἔχειν’
1336 3775 1432 3829 καὶ
1481 3773 1587 3846 μὴν
1634 3775 1729 3827 καὶ
1780 3773 2008 3844 μέγεθος

420 3862 631 3934 ἔχοντα,
663 3863 758 3918 ἅτε
785 3864 1014 3938 σώματα
1044 3867 1196 3930 ὂντα,
1228 3866 1539 3938 τεμνόμενά
1570 3883 1630 3920 τε
1658 3866 1753 3920 καὶ
1805 3867 1886 3928 είς
1918 3883 2006 3937 μι-

420 3956 529 4026 κρά
551 3954 879 4028 θραυόμενα..
902 3957 1189 4031 καὶταύτῃ
1212 3958 1417 4030 φθορὰν
1444 3958 1510 4012 ἂν
1533 3958 1815 4028 ὑπομένοι.
1842 3958 2005 4011 Ὥστε

419 4048 470 4100 εἰ
511 4046 609 4119 μὲν
641 4047 806 4119 μέρος
842 4048 1000 4120 ἡμῶν
1019 4048 1196 4112 τοῦτο,
1226 4049 1287 4102 οὐ
1320 4048 1383 4101 τὸ
1426 4048 1536 4101 πᾶν
1563 4047 1842 4103 ἀθάνατον
1874 4050 1922 4101 εί
1955 4045 2000 4100 δ’

417 4135 667 4208 ὖργανον,
703 4138 809 4191 ἔδει
841 4155 906 4207 γε
946 4137 1075 4207 αὐτὸ
1127 4138 1240 4209 (5i;
1283 4139 1364 4201 είς
1425 4137 1615 4208 χρόνον
1660 4136 1781 4191 τινὰ
1826 4136 1998 4203 δοθὲν,

418 4227 654 4283 τοιοῦτον
683 4229 783 4301 τὴν
805 4230 966 4300 φύσιν
1013 4225 1172 4284 εἶναι.
1214 4229 1289 4283 To
1317 4229 1376 4282 δὲ
1397 4228 1751 4301 κυριώτατον,
1778 4230 1872 4283 καὶ
1901 4231 2000 4284 αὐ-

422 4319 508 4384 τὸς
533 4322 562 4373 ὁ
588 4320 894 4394 ἄνθρωπος,
921 4322 1007 4394 εἴη
1043 4321 1109 4377 ἂν
1141 4321 1175 4394 ἢ
1203 4322 1317 4394 (52)
1336 4321 1552 4376 κατὰτὸ
1579 4318 1740 4386 εἶδος,
1770 4322 1849 4386 ὡς
1866 4322 2002 4393 πρὸς

418 4411 552 4486 ὕλην
577 4414 640 4468 τὸ
667 4414 847 4487 σῶμα,
866 4415 899 4487 ἢ
920 4415 1062 4470 κατά
1083 4415 1145 4469 τδ
1164 4412 1465 4489 χρώμενον,
1492 4415 1569 4478 ὡς
1589 4416 1727 4490 πρὸς
1748 4416 1996 4488 ὄργανον·

420 4507 692 4579 Euripo);
723 4508 781 4562 δὲ
834 4509 868 4579 ή
913 4508 1060 4579 ψυχὴ
1115 4508 1296 4572 αὐτός.
1337 4507 1509 4563 Τοῦτο
1539 4504 1632 4562 οὖν
1667 4509 1789 4563 τίνα
1837 4511 1999 4581 φύσιν
2028 4558 2077 4616 D

487 4660 599 4733 (44)
637 4664 707 4735 Et
738 4659 805 4715 δέ
830 4661 1019 4735 ἐςτιν.
1056 4661 1272 4735 Plotini
1300 4661 1618 4735 longissima
1653 4664 1766 4718 hac
1791 4663 1996 4735 Adispu-

420 4731 554 4790 talio
580 4731 819 4803 habetur
844 4731 1085 4786 Ennead.
1115 4747 1189 4799 ιν,
1219 4732 1314 4787 lib.
1352 4748 1453 4803 \_’_ll,
1494 4732 1649 4787 initio
1677 4752 1690 4788 :
1717 4732 1877 4803 cujus
1896 4731 1993 4788 ’in-

419 4813 621 4875 tegram
671 4819 737 4858 ex
782 4802 972 4875 Fieino
993 4803 1308 4875 versionem
1357 4801 1642 4870 ilopperus
1680 4801 1991 4875 exscripsit.

419 4871 596 4929 Locus
640 4881 759 4928 erat
806 4873 948 4943 apud
988 4871 1283 4945 Eusebium
1318 4882 1566 4929 nostrum
1618 4871 1997 4945 indignissime

420 4945 787 5005 deformatus,
834 4959 899 4997 ac
940 4944 1090 4998 mille
1136 4952 1354 5000 scatens
1400 4944 1713 5014 erroribus,
1742 4944 1993 5014 quorum

419 5024 646 5085 partem,
673 5022 734 5068 ut
767 5029 1074 5083 speramus,
1106 5015 1402 5068 maximam
1438 5013 1637 5068 Plotini
1667 5013 1831 5085 opera
1865 5032 1992 5071 sus-

419 5085 644 5141 tulimus
670 5103 683 5138 :
706 5086 937 5155 _tametsi
974 5100 1081 5140 non
1112 5085 1293 5140 desint
1314 5126 1330 5152 ,
1366 5086 1419 5139 in
1469 5086 1671 5155 quibus
1703 5101 1768 5141 ex
1802 5095 1990 5141 nastro

421 5156 658 5210 vicissim
706 5153 981 5209 PlOtinum
1032 5155 1321 5210 emendare
1370 5153 1547 5210 liceat.
1598 5154 1771 5210 Porro
1821 5157 1991 5212 multa

419 5223 613 5280 Plotini
646 5235 984 5293 argumenta,
1039 5225 1123 5279 vel
1168 5227 1505 5281 concludunt
1551 5227 1778 5281 omnino
1836 5227 1990 5289 nihil,

418 5297 499 5351 vel
555 5297 796 5368 ipsarum
849 5310 1068 5367 quoque
1118 5296 1405 5351 brutarum
1451 5299 1664 5352 animas
1721 5297 1993 5368 spiritales

417 5380 535 5422 esse
559 5367 913 5421 concludunt.

487 5436 597 5510 (45)
641 5438 816 5505 Ἀπερ
860 5436 1275 5510 ἐστίν-αὐτος.
1306 5435 1444 5492 Vera
1490 5438 1649 5493 lectio
1688 5453 1702 5490 :
1749 5453 1993 5510 nec_au-

416 5504 683 5584 diendus,
734 5504 856 5561 meo
882 5506 1123 5584 judicio,
1166 5506 1423 5572 Ficinus,
1455 5510 1549 5579 qui
1585 5510 1731 5580 άπερ
1764 5510 1819 5562 in
1849 5504 1992 5584 ᾗπερ

416 5577 735 5631 mutandum
767 5579 977 5632 statuit.

483 5646 595 5717 (46)
654 5647 1040 5703 Καταθετέον.
1098 5645 1174 5700 Ita
1218 5649 1566 5716 reposuimus
1609 5664 1674 5703 ex
1733 5648 1983 5716 Plotino,

416 5731 536 5773 cum
566 5726 693 5771 ante
724 5720 1008 5786 legeretur,
1036 5717 1416 5771 καταθεατέον.

483 5787 598 5857 (47)
642 5789 712 5843 Ἤ
741 5804 807 5841 τε
847 5788 1155 5855 αἴσθησις.
1184 5786 1258 5841 Ex
1297 5787 1507 5845 i’lotino
1540 5801 1587 5846 et
1619 5789 1821 5859 duplici
1853 5806 1982 5858 ms.,

688 5883 962 5943 ΡΑτιιοι..
1009 5883 1128 5945 Gn.
1179 5883 1353 5944 XXI.

2113 3323 2242 3363 vera
2272 3307 2522 3373 dissolvi,
2545 3308 2962 3375 contabescere,
3011 3310 3337 3382 nullumque
3380 3327 3493 3367 non
3538 3314 3696 3370 exitii

2113 3416 2285 3472 genus
2309 3400 2498 3457 subire
2522 3415 2723 3457 sensus
2741 3400 2858 3470 ipse
2882 3401 3029 3457 videt
3062 3418 3076 3454 :
3110 3402 3241 3458 dum
3272 3418 3396 3475 qua:
3432 3404 3529 3460 illo
3558 3421 3699 3462 cono

2115 3493 2382 3557 tinentur,
2419 3492 2476 3547 in
2512 3508 2679 3548 suum
2714 3507 2949 3563 quaeque
3000 3491 3256 3550 feruntur
3296 3510 3362 3551 ac
3385 3498 3693 3567 proprium,

2114 3595 2281 3656 atque
2309 3586 2551 3641 alterum
2583 3585 2817 3641 subinde
2842 3586 3075 3641 alterum
3104 3590 3425 3659 corrumpit,
3454 3589 3698 3661 illudque

2113 3678 2195 3733 sic
2219 3685 2396 3733 mutat
2421 3678 2477 3733 in
2505 3678 2679 3743 aliud,
2715 3685 2776 3733 ut
2826 3679 2992 3735 simul
3044 3679 3356 3735 interimat:
3390 3685 3696 3753 praesertim

2112 3770 2204 3825 ubi
2226 3771 2479 3839 animus,
2509 3769 2602 3841 qui
2631 3786 2696 3826 ea
2720 3772 2868 3827 inter
2923 3786 3049 3827 sese
3088 3781 3283 3828 mutuo
3312 3775 3592 3844 conciliet,
3625 3791 3697 3831 ex

2111 3862 2220 3918 illis
2242 3879 2365 3920 sese
2418 3864 2744 3935 corporibus
2788 3865 3135 3921 subduxerit.
3184 3864 3252 3920 Et
3283 3869 3537 3937 quamvis
3570 3886 3697 3938 par-

2113 3964 2193 4011 tes
2219 3970 2410 4011 eorum
2446 3956 2709 4025 quaelibet
2759 3957 2889 4011 solre
2939 3957 3344 4028 relinquantur,
3379 3975 3551 4014 unum
3599 3969 3687 4017 ta-

2111 4062 2240 4101 men
2281 4047 2372 4102 hic
2396 4046 2534 4101 nihil
2563 4056 2670 4114 est,
2707 4062 2834 4103 cum
2860 4055 2914 4102 et
2953 4046 3008 4102 in
3036 4046 3279 4104 (ormam
3322 4057 3490 4118 atque
3519 4059 3696 4108 mate-

2106 4139 2272 4206 riam,
2309 4154 2375 4193 ex
2404 4140 2608 4209 quibus
2643 4139 2916 4209 simplicia
2953 4138 3119 4194 etiam
3162 4155 3396 4211 corpora
3437 4152 3695 4200 constare

2108 4245 2332 4287 necesse
2371 4243 2476 4295 est,
2506 4231 2738 4302 singula:
2780 4230 3174 4299 dissolvantur,
3202 4243 3256 4288 et
3307 4247 3439 4289 vero
3469 4247 3530 4289 ut
3568 4251 3692 4292 ma-

2107 4323 2449 4391 gnitudinem
2498 4338 2565 4378 ex
2596 4323 2818 4394 propria
2851 4337 3152 4395 corporum
3192 4325 3412 4382 ratione
3446 4327 3689 4398 aliquam

2110 4416 2330 4480 habent,
2361 4414 2535 4470 secari
2574 4414 2829 4484 proinde,
2877 4430 2942 4470 ac
2993 4415 3256 4470 minimas
3303 4417 3358 4469 in
3393 4417 3691 4485 particulas

2106 4500 2381 4572 confringi
2403 4503 2640 4572 possint,
2674 4512 2838 4573 atque
2870 4502 2946 4558 ita
2980 4503 3202 4561 demum
3254 4502 3501 4562 funditus
3548 4505 3689 4564 inte-

2140 4680 2201 4719 ro
2237 4661 2384 4719 οὔτε.

2098 4680 2434 4805 ωῗιὲῗτιῗαὶ
2481 4736 2883 4803 ἀπολλύντος.
2939 4733 2998 4790 Id
3042 4750 3108 4790 ex
3154 4732 3369 4789 Plotino
3414 4736 3687 4804 supplevi-

2100 4822 2244 4860 mus.

2310 4876 2407 4945 Μὴ
2440 4875 2604 4947 παρῇ
2626 4875 2753 4944 τοῖς
2785 4877 3007 4947 ὄγκοις.
3032 4874 3157 4930 Haec
3179 4876 3342 4931 etiam
3371 4889 3438 4929 ex
3468 4874 3685 4931 Plotino

2211 4964 2243 5001 ιι
2269 4964 2435 5001 imus.

2100 4947 2435 5003 addidimus.

2171 5017 2283 5090 (50)
2323 5019 2519 5090 Λύοςιν
2547 5017 2862 5088 δεχόμενα.
2909 5018 2987 5074 lla
3033 5015 3269 5073 Montac.
3314 5020 3385 5075 At
3413 5019 3682 5085 Plotinus,

2098 5088 2400 5160 δεχόμενον.
2439 5088 2743 5160 Utrumque
2773 5089 2989 5159 probari
3016 5099 3214 5160 potest.

2172 5154 2286 5225 (5'!)
2316 5160 2492 5213 Αὐτό.
2537 5157 2613 5212 Ita
2641 5154 2909 5223 Plotinus,
2943 5169 2998 5212 et
3017 5154 3190 5223 rect’e,
3229 5177 3336 5219 non
3366 5162 3571 5226 αὐτοῖς.

2171 5230 2283 5301 (52)
2306 5231 2416 5305 Εἴσῃ
2440 5228 2519 5283 ἂν
2644 5238 2748 5305 etc.
2789 5229 2968 5305 Locus
3001 5231 3212 5305 integer
3236 5232 3681 5305 apud_Plotinu_rn

2098 5300 2172 5377 i_t_a
2193 5300 2978 5377 concipitur,_'AvOpuirro;_ei'r)
3001 5301 3066 5355 ἄν
3082 5303 3162 5377 ’ῌῆ
3194 5300 3517 5377 ὅπὲρῌεῖδος,
3544 5303 3683 5377 πρὸς

2099 5371 2231 5448 ὓλην
2251 5411 2264 5434 ,
2296 5366 2640 5448 τοῦτο-οὗτος
2666 5366 2801 5448 προς
2833 5366 2992 5448 apud
3016 5412 3044 5448 ,_
3074 5366 3234 5448 είτέερ
3261 5366 3600 5448 τὸῠτοὲκάτᾰ
3618 5366 3682 5430 τδ

2097 5437 2257 5518 εἶδος,
2288 5442 2363 5504 ὡς
2389 5441 2524 5512 πρὸς
2537 5440 2691 5518 μῦλην
2712 5437 2783 5496 ’τὸ
2815 5437 3049 5518 σῶμα-ᾖ
3081 5437 3223 5500 κατά
3245 5447 3306 5500 τὸ
3332 5445 3538 5518 χρώμ.,
3569 5454 3675 5501 etc.

2095 5510 2316 5572 Primo,
2363 5510 2485 5581 post
2529 5510 2849 5583 ἅνθρῳπος,
2880 5510 3190 5571 adhibenda
3242 5510 3532 5573 distinctio
3554 5525 3676 5583 est;

2096 5584 2337 5659 tollenda
2379 5589 2502 5659 post
2544 5581 2644 5659 ἀνί
2687 5581 3080 5659 sequentiaex
3119 5596 3310 5643 nostro
3354 5581 3678 5659 corrigenda

2095 5662 2223 5730 sunt
2248 5693 2262 5712 ,
2315 5654 2510 5730 laedam
2546 5654 2697 5730 enim
2728 5655 2933 5730 habent
2959 5655 3323 5730 vitiosamque
3366 5654 3678 5715 redundan-

2094 5725 2249 5802 tiam,
2287 5740 2410 5795 quae
2442 5723 2633 5781 Ficiuo
2669 5728 2832 5780 etiam
2873 5727 3155 5797 imposuit.

3274 5893 3351 5952 43
