4144 6430
475 327 614 382 1555

1079 321 1346 379 EUSEBll
1377 321 1850 378 CASSARIENSIS
1874 321 2030 378 OPP.
2067 322 2247 380 PARS
2289 325 2354 382 ll.
2394 355 2465 365 —
2490 324 2984 382 APOLOGETICA.

3577 330 3715 386 4356

473 453 573 506 ire.
625 448 824 514 Quare,
852 444 905 499 si
951 457 1072 512 pars
1117 443 1286 497 nostri
1329 442 1495 498 altera
1539 458 1738 513 corpus
1798 450 1902 507 est,
1936 443 2032 497 toti

2142 443 2280 514 ἔχει;
2315 445 2347 516 ἢ
2380 445 2538 516 σῶμα
2577 447 2674 516 μὲν
2726 446 2804 513 ὃν,
2839 448 3051 510 πάντως
3103 449 3414 504 ἀναλυτέον·
3462 450 3716 507 σύνθετον

473 554 608 597 sane
651 533 986 592 immortales
1038 548 1145 586 non
1182 549 1374 588 sumus
1410 553 1422 588 :
1475 534 1558 588 sin
1603 543 1784 588 autem
1836 535 2037 589 instru-

474 639 717 685 mentum
764 627 1048 688 duntaxat,
1091 639 1214 678 cum
1268 623 1336 677 ad
1365 624 1585 694 aliquod
1631 623 1793 679 modo
1823 633 2036 694 tempus

475 721 822 783 concedatur,
852 733 915 774 ea
946 724 1092 772 certe
1121 723 1313 769 natura
1361 730 1482 770 esse
1516 714 1774 784 oportuit.
1811 715 1880 767 At
1909 730 2038 770 vero

473 831 599 885 pars
633 813 720 867 illa
751 812 1023 882 princeps,
1067 809 1233 862 homo
1268 806 1489 876 inquam
1534 807 1782 876 ipsemet,
1829 806 1877 860 si
1913 821 2040 861 eum

475 904 730 974 adjuncto
754 916 982 971 corpore
1016 897 1351 962 conferatur,
1379 905 1472 951 aut
1496 896 1687 951 formae
1711 898 1868 966 quasi
1903 910 2029 965 erga

474 995 780 1060 materiam,
816 1001 910 1047 aut
943 990 1100 1062 quasi
1154 1003 1282 1058 erga
1337 989 1786 1047 instrumentum,
1834 985 2038 1041 utentis

473 1087 698 1144 artiﬁcis
727 1087 994 1140 rationem
1050 1081 1338 1138 obtinebit.
1370 1077 1609 1135 -Utrovis
1655 1088 1836 1133 autem
1876 1078 2039 1132 modo

472 1188 766 1249 spectetur,
800 1179 965 1233 homo
1016 1191 1232 1246 semper
1263 1175 1380 1244 ipse
1425 1172 1647 1226 futurus
1677 1180 1761 1226 est
1793 1169 2028 1226 animus.

469 1271 590 1326 Jam
621 1285 749 1340 ergo
793 1267 1104 1337 cujusmodi
1151 1268 1370 1321 tandem
1425 1265 1513 1318 ille
1549 1271 1758 1317 natura:
1803 1262 1923 1317 est?
1979 1260 2048 1338 Si

473 1376 713 1430 corpus,
752 1358 978 1415 dissolvi
1037 1356 1283 1428 profecto
1316 1363 1516 1426 potest,
1549 1370 1673 1409 cum
1730 1355 1803 1409 sit
1835 1369 2039 1424 corpus

471 1467 635 1508 omne
661 1451 1045 1521 compositum.
1108 1449 1203 1502 Sin
1244 1449 1358 1504 veri
1392 1447 1641 1518 corporis
1685 1448 1848 1503 habet
1876 1447 2036 1512 nihil,

462 1545 569 1600 sed
639 1545 798 1598 aliam
859 1542 1292 1610 dissimilemque
1359 1552 1632 1603 naturam,
1697 1540 1818 1610 ejus
1872 1541 2037 1594 etiam

469 1635 840 1691 consideratio
872 1644 967 1689 aut
997 1635 1185 1690 eadem
1218 1633 1378 1689 nobis
1406 1634 1509 1686 erit
1537 1640 1632 1686 aut
1665 1631 1770 1686 alia
1799 1631 2036 1700 quadam

470 1729 689 1782 ratione
722 1727 1024 1782 tractanda.
1081 1725 1147 1780 Et
1199 1725 1418 1796 quidem
1465 1724 1734 1794 principio
1781 1738 2032 1793 quaeren-

470 1822 601 1875 dum
627 1826 732 1882 est,
763 1833 902 1889 quas
927 1818 981 1872 in
1011 1833 1100 1874 res
1144 1833 1341 1887 corpus
1383 1816 1538 1880 illud,
1588 1814 1894 1884 cujusmodi
1943 1815 2035 1879 sit,

471 1911 618 1980 quod
649 1910 890 1964 animum
935 1923 1057 1963 esse
1095 1906 1299 1969 volunt,
1329 1905 1557 1960 dissolvi
1589 1912 1859 1971 oporteat.
1891 1899 2030 1956 Nam

469 2017 595 2055 cum
634 2015 945 2056 necessario
987 1999 1154 2053 vitam
1187 2013 1255 2052 ex
1295 2012 1414 2052 sese
1440 1996 1656 2049 animus
1697 1993 1914 2058 habeat,
1963 1993 2038 2048 si-

472 2092 672 2146 militer
703 2089 931 2162 proinde
966 2103 1192 2145 necesse
1218 2097 1318 2155 est,
1354 2087 1401 2142 si
1435 2101 1607 2158 genus
1633 2085 1765 2140 illud
1790 2085 2041 2155 corporis

2146 534 2255 606 γάρ
2281 537 2387 589 πᾶν
2415 553 2477 604 γε
2511 537 2687 608 σῶμαο
2719 540 2767 590 εἰ
2805 538 2861 590 δὲ
2889 539 2963 608 μὴ
3000 539 3156 610 σῶμα
3186 541 3293 612 εἴη,
3318 540 3452 594 ἀλλὰ
3501 542 3715 611 φύσεως

2148 626 2332 698 ἄλλης,
2365 627 2678 700 κάκείνηνῆ
2733 631 2874 684 κατά
2905 629 2996 683 τὸν
3034 631 3194 684 αὑτὸν
3238 633 3456 703 τρόπον,
3496 633 3530 704 ἢ
3573 635 3719 690 κατά

2146 717 2300 772 ἄλλον
2331 719 2614 773 σκεπτέον.
2669 721 2890 793 Πρῶτον
2934 722 2992 776 δὲ
3021 723 3286 776 σκεπτέον
3333 724 3468 796 (55),
3501 728 3581 791 εἰς
3614 727 3642 780 ὃ
3662 744 3718 780 τι

2145 807 2225 859 δεῖ
2238 807 2395 861 τοῦτο
2419 808 2480 861 τὸ
2511 809 2694 880 σῶμα,
2723 810 2752 862 ὃ
2798 810 3014 879 λέγουσι
3038 811 3235 882 ψυχὴν,
3260 813 3532 867 ἀναλύειν.
3565 815 3718 868 Ἐπεὶ

2147 899 2255 971 γάρ
2286 899 2397 972 ζωὴ
2424 900 2566 972 ψυχῇ
2619 903 2880 973 πάρεστιν
2903 903 2960 970 ἐξ
2999 904 3262 975 ἀνάγκης,
3298 906 3510 978 ἀνάγκη
3562 907 3718 960 τοῦτο

2145 990 2206 1043 τὸ
2231 991 2390 1062 σῶμα
2432 993 2529 1064 τὴν
2560 993 2756 1064 ψυχὴν,
2786 996 2832 1046 εἰ
2857 994 2955 1064 μὲν
2989 997 3052 1047 ὲκ
3077 995 3166 1048 δύο
3189 996 3452 1065 σωμάτων
3479 996 3512 1066 ἦ
3537 997 3718 1050 πλείο-

2146 1099 2252 1135 νων
2277 1082 2386 1152 εἴη,
2416 1084 2534 1154 ἦτοι
2564 1085 2822 1155 ἑκάτερον
2847 1084 3042 1146 αὐτῶν,
3069 1085 3371 1156 ἣὲκαστον,
3407 1084 3550 1157 ζωὴν
3575 1087 3714 1158 σύμ-

2147 1190 2308 1242 φυτον
2340 1173 2500 1244 ἔχειν·
2534 1174 2567 1244 ἢ
2615 1174 2676 1227 τὸ
2718 1175 2815 1244 μὲν
2841 1173 3004 1244 ἔχειν,
3035 1175 3094 1227 τὸ
3127 1175 3185 1228 δὲ
3233 1177 3330 1248 μή·
3358 1176 3391 1247 ἢ
3425 1177 3718 1249 μηδέτερον

2146 1264 2308 1335 ἔχειν.
2333 1266 2395 1318 Εἰ
2419 1265 2517 1334 μὲν
2547 1264 2611 1336 δὴ
2639 1265 2719 1318 ἐνὶ
2747 1264 2923 1319 αὐτῶν
2940 1265 3166 1337 προσείη
3190 1267 3251 1319 τὸ
3284 1267 3544 1337 ζῇνβὺτὸ
3561 1269 3720 1323 τοῦτο

2145 1354 2211 1408 ἂν
2234 1354 2317 1426 εἴη
2343 1356 2507 1426 ψυχή.
2534 1355 2606 1408 ’Τί
2639 1356 2704 1409 ἂν
2732 1351 2825 1409 οὖν
2873 1356 2956 1426 εἴη
2989 1357 3167 1427 σῶμα,
3212 1357 3360 1429 ζωὴν
3393 1361 3524 1430 παρ’
3550 1359 3718 1413 αὑτοῦ

2146 1447 2299 1517 ἐχον;
2329 1447 2447 1520 Πῦρ
2470 1447 2597 1518 γὰρ,
2626 1448 2720 1500 καὶ
2753 1448 2880 1518 ἀὴρ,
2921 1450 3016 1502 καὶ
3059 1449 3223 1520 ὕδωρ,
3275 1450 3370 1503 καὶ
3418 1452 3510 1522 γῆ,
3535 1453 3719 1524 ἀψυχα.

2147 1540 2273 1609 παρ’
2300 1538 2478 1590 αὐτῶν
2504 1539 2598 1591 καὶ
2657 1538 2763 1608 ὅτῳ
2812 1539 3041 1610 πάρεστι
3101 1539 3302 1592 τούτων
3348 1539 3516 1611 ψυχὴ,
3561 1542 3719 1594 τοῦτο

2139 1628 2369 1700 ἐπακτῷ
2401 1630 2667 1700 κέχρηται
2713 1633 2777 1701 τῇ
2841 1631 2972 1701 ζωῇ.
3033 1631 3198 1685 ’Δλλα
3249 1632 3308 1685 δὲ
3346 1633 3498 1703 παρὰ
3548 1633 3720 1687 ταῦτα

2147 1720 2374 1792 σώματα
2403 1723 2502 1776 οὐκ
2532 1723 2666 1776 ἔστι.
2692 1724 2802 1776 Καὶ
2849 1718 2929 1787 οἷς
2984 1723 3040 1776 δὲ
3098 1724 3245 1777 δοκεῖ
3275 1719 3410 1776 εἶναι
3456 1728 3716 1794 στοιχεῖα,

2137 1815 2341 1868 τούτων
2368 1815 2528 1886 ἔτερα
2564 1815 2790 1886 σώματα
2819 1815 2953 1887 (54),
3007 1816 3068 1868 οὐ
3118 1815 3285 1886 ψυχαὶ
3317 1815 3614 1887 ἐλέχθησαν
3639 1811 3718 1868 εῐ-

2140 1924 2248 1969 ναι,
2277 1909 2396 1960 οὐδὲ
2421 1908 2562 1979 ζωὴν
2609 1909 2818 1978 ἔχοντα.
2866 1910 2928 1962 Ei
2983 1910 3039 1962 δὲ
3093 1907 3314 1980 μηδενὸς
3346 1908 3527 1962 αὐτῶν
3571 1907 3718 1978 ζωὴν

2140 2000 2438 2070 ἕχοντος,ὴ
2487 2000 2698 2064 σύνοδος
2757 2001 3022 2070 πεποίηκε
3066 1999 3230 2070 ζωὴν,
3276 2001 3495 2054 ἄτοπον.
3549 2000 3614 2052 Εἰ
3659 1999 3715 2051 δὲ

2142 2092 2372 2144 ἕκαστον
2400 2091 2541 2162 ζωὴν
2565 2091 2698 2160 ἔχει,
2730 2091 2822 2147 καὶ
2856 2090 2912 2143 ἒν
2937 2092 3116 2161 ἀρκεῖ’
3153 2090 3349 2161 μᾶλλον
3376 2091 3432 2144 δὲ
3457 2090 3716 2144 ἀδύνατον

461 2187 565 2256 qui
596 2186 813 2240 animus
844 2195 945 2251 est,
983 2199 1077 2239 seu
1109 2183 1365 2248 duorum,
1399 2196 1495 2236 seu
1537 2180 1774 2249 plurium
1808 2194 1876 2234 ex
1917 2195 2036 2234 cor-

2142 2183 2482 2254 συμφόρησιν
2521 2184 2786 2254 σωμάτων
2839 2181 2981 2255 ζωὴν
3037 2183 3378 2253 ἐργάζεσθαι,
3437 2183 3531 2236 καὶ
3592 2181 3716 2237 νοῦν

463 2264 667 2348 porum
709 2277 969 2332 societate
1000 2273 1294 2330 conﬂatum
1339 2273 1430 2337 sit,
1480 2280 1576 2327 aut
1622 2271 1914 2342 conjuncta
1959 2270 2035 2325 si-

469 2369 584 2424 mul
627 2369 828 2431 ambo,
879 2379 974 2422 aut
1014 2368 1241 2422 seorsim
1272 2367 1450 2421 etiam
1491 2363 1704 2434 singula
1743 2365 2037 2434 ingenitam

463 2461 574 2514 sibi
597 2461 762 2514 vitam
787 2459 1007 2522 habere,
1041 2467 1138 2512 aut
1161 2467 1306 2512 certe
1335 2463 1557 2511 carente
1592 2458 1782 2522 altero,
1806 2455 2034 2510 alterum

468 2549 737 2604 duntaxat
764 2564 827 2604 ea
854 2549 1138 2618 praeditum
1189 2563 1330 2613 esse,
1381 2555 1475 2600 aut
1506 2555 1797 2615 utrumque
1827 2561 2032 2600 carere.

466 2639 632 2712 825
665 2638 721 2693 Si
745 2655 874 2710 ergo
903 2638 1058 2693 alteri
1123 2637 1302 2692 solum
1327 2636 1435 2689 vita
1475 2635 1624 2699 insit,
1669 2633 1801 2688 illud
1849 2635 2027 2704 ipsum

468 2733 687 2786 animus
719 2732 840 2786 erit.
904 2731 973 2785 At
1023 2727 1333 2800 cujusmodi
1394 2727 1608 2781 tandem
1667 2741 1865 2795 corpus
1915 2741 2039 2781 esse

467 2832 662 2895 potest,
713 2821 860 2894 quod
906 2837 977 2877 ex
1022 2837 1140 2877 sese
1189 2822 1357 2875 vitam
1403 2817 1641 2873 habeat?
1707 2815 1844 2872 Nam
1896 2819 2038 2888 ignis

467 2916 709 2987 quidem,
749 2929 862 2982 aer,
898 2928 1058 2982 aqua,
1103 2922 1270 2976 terra,
1303 2910 1487 2965 animo
1532 2925 1629 2980 per
1659 2924 1780 2964 sese
1815 2918 2033 2965 carent:

2145 2276 2336 2344 γεννᾷν
2360 2273 2430 2327 τὰ
2454 2275 2680 2346 ἀνόητα.
2718 2277 2828 2330 Καὶ
2869 2277 2932 2348 δὴ
2960 2276 3054 2329 καὶ
3077 2277 3174 2346 οὐχ
3203 2275 3449 2330 ὁπωσοῦν
3486 2293 3720 2347 συγκρα-

2145 2365 2304 2419 θέντα
2331 2365 2504 2418 ταῦτα
2540 2367 2769 2438 φήσουσι
2801 2367 3074 2436 γενέσθαι.
3110 2369 3202 2419 Δεῖ
3241 2369 3354 2437 ἄρα
3381 2362 3596 2420 εἶναιτὸ
3620 2367 3718 2421 τά-

2147 2457 2254 2522 ξον,
2280 2459 2373 2511 καὶ
2395 2457 2455 2510 τὸ
2481 2458 2581 2528 τῆς
2610 2459 2858 2530 κράσεως
2881 2457 3074 2512 αἴτιον·
3108 2457 3248 2512 ὥστε
3294 2458 3450 2512 τοῦτο
3471 2458 3623 2525 τάξιν
3652 2458 3719 2512 ἂν

2145 2546 2256 2617 ἔχοι
2288 2549 2485 2619 ψυχῆς.
2519 2548 2593 2604 Οὐ
2624 2550 2732 2622 γὰρ
2764 2551 2844 2604 ὅτι
2882 2550 3151 2613 σύνθετον,
3189 2550 3302 2603 ἀλλ’
3345 2550 3464 2604 οὐδὲ
3511 2549 3718 2603 ἁπλοῦν

2147 2639 2212 2693 ἂν
2234 2642 2318 2711 εἴη
2347 2642 2506 2713 σῶμα
2536 2644 2594 2696 ἐν
2620 2646 2732 2707 τοῖς
2762 2639 2911 2697 οὖσιν
2945 2644 3071 2698 ἄνευ
3105 2643 3284 2713 ψυχῆς
3325 2642 3491 2713 οὔσης
3539 2644 3596 2696 ὲν
3639 2642 3718 2714 τῷ

2145 2733 2339 2786 παντί·
2399 2735 2555 2806 εἴπερ
2605 2735 2760 2804 λόγος
2815 2735 3124 2806 προσελθὼν
3159 2738 3226 2806 τῇ
3282 2735 3382 2809 ὕλῃ
3402 2734 3573 2808 ,σῶμα
3596 2753 3720 2789 ποι-

2143 2827 2226 2889 εῖ,
2286 2826 2583 2897 οὐδαμόθεν
2647 2826 2692 2880 δ’
2744 2826 2822 2880 .ἃν
2898 2826 3184 2898 προσέλθοι
3255 2827 3412 2896 λόγος
3465 2828 3498 2898 ἣ
3567 2825 3718 2898 παρὰ

2141 2913 2338 2985 ψυχῆς·

467 3019 522 3063 et
556 3008 712 3064 sicui
741 3023 805 3063 ex
862 3008 970 3063 illis
1030 3006 1250 3061 animus
1293 3007 1640 3076 adjungatur,
1689 3003 1742 3058 id
1787 3004 1897 3058 vita
1949 3005 2118 3061 utitur
2156 3024 2385 3078 prorsus
2423 3012 2736 3068 adventitia.
2785 3013 3057 3068 Czeterum
3106 3022 3303 3084 praeter
3340 3023 3578 3083 quatuor
3624 3013 3717 3068 illa

467 3122 722 3179 corpora,
753 3105 962 3160 nullum
997 3113 1080 3159 est
1137 3104 1306 3159 aliud.
1369 3101 1508 3157 Etsi
1552 3101 1753 3171 quibus
1809 3101 2076 3157 elementa
2115 3107 2361 3174 quaedam
2401 3122 2522 3164 esse
2570 3109 2767 3179 placet,
2819 3125 2942 3178 qua:
3002 3110 3196 3164 horum
3261 3109 3549 3165 dissimilia
3605 3111 3716 3166 sint

469 3215 720 3272 corpora,
755 3213 819 3253 ea
873 3207 1053 3251 tamen
1102 3210 1202 3250 nec
1253 3194 1465 3248 animos
1510 3191 1614 3262 ipsi
1659 3201 1876 3256 vocant,
1936 3207 2036 3247 nec
2073 3193 2237 3249 vitam
2277 3211 2344 3252 ex
2372 3213 2490 3252 sese
2528 3199 2729 3255 habere
2792 3201 2999 3255 volunt.
3043 3199 3162 3254 Jam
3221 3199 3267 3256 si
3301 3201 3509 3256 nullum
3559 3201 3719 3257 exiis

467 3297 578 3353 vita
621 3283 912 3366 praeditum
966 3291 1090 3356 erit,
1147 3289 1420 3344 absurdus
1467 3287 1691 3342 omnino
1739 3286 1829 3351 sit,
1855 3287 1948 3356 qui
1994 3303 2061 3341 ex
2101 3291 2346 3345 omnium
2387 3293 2773 3363 conjunctione
2806 3295 2969 3348 vitam
3035 3294 3172 3351 etiici
3231 3295 3450 3350 dixerit.
3501 3293 3559 3350 Si
3589 3310 3719 3350 vero

469 3388 754 3464 quodlibet,
775 3386 945 3439 vitam
1014 3383 1230 3447 habeat,
1285 3382 1370 3436 vel
1404 3381 1625 3435 unicum
1669 3379 1803 3434 satis
1837 3380 1957 3434 erit.
1989 3378 2104 3436 lmo
2141 3398 2270 3438 vero
2315 3384 2430 3440 ﬁeri
2495 3387 2644 3442 nullo
2695 3387 2866 3443 modo
2915 3397 3112 3457 potest.
3173 3389 3251 3443 uti
3305 3405 3604 3445 concursus
3630 3391 3723 3446 ille

469 3493 759 3548 corporum
819 3477 985 3530 vitam
1034 3473 1268 3540 clliciat,
1327 3488 1558 3544 quaaque
1601 3471 1956 3542 intelligentia
2014 3484 2257 3540 careant,
2302 3492 2365 3532 ea
2421 3488 2678 3549 generant
2722 3481 3152 3551 intelligentiam.
3203 3481 3274 3536 At
3311 3482 3400 3536 illa
3450 3484 3567 3553 ipsa
3608 3500 3720 3540 non

467 3587 534 3625 ex
583 3569 868 3626 temeraria
915 3567 1152 3638 quadam
1187 3566 1542 3636 permistione
1589 3564 1707 3618 ﬁeri
1766 3565 2045 3634 objicient.
2087 3565 2240 3632 Quod
2277 3569 2444 3640 igitur
2471 3571 2525 3624 vi
2585 3587 2686 3628 sua
2742 3572 3051 3627 mistionem
3107 3573 3256 3627 illam
3293 3574 3489 3630 ordine
3530 3576 3722 3631 modo-

468 3677 576 3732 que
626 3659 889 3730 periiciat,
934 3674 1055 3713 esse
1104 3656 1311 3728 aliquid
1352 3655 1622 3726 oportebit
1667 3675 1678 3710 :
1731 3664 1895 3724 atque
1940 3657 2070 3711 illud
2107 3657 2352 3727 profecto
2387 3661 2566 3715 animi
2616 3662 2739 3717 loco
2786 3662 3096 3717 habendum
3141 3663 3265 3718 erit.
3314 3663 3527 3734 Corpus
3571 3667 3720 3721 enim

469 3772 576 3810 non
604 3753 764 3809 modo
785 3754 1172 3823 compositum,
1211 3753 1404 3808 sedne
1433 3750 1660 3820 simplex
1723 3750 1941 3820 quidem
1973 3751 2142 3806 ullum
2196 3754 2297 3810 hac
2348 3755 2402 3808 in
2457 3771 2641 3810 rerum
2688 3764 2882 3810 natura
2932 3771 3055 3811 esse
3112 3758 3304 3826 possit,
3363 3758 3467 3812 nisi
3500 3758 3718 3814 animus

471 3848 523 3900 in
550 3847 802 3901 universo
825 3844 985 3900 fuerit
1011 3861 1132 3900 cum
1176 3845 1317 3899 ratio
1343 3846 1438 3913 ad,
1459 3842 1744 3898 materiam
1780 3843 2044 3900 accedens
2081 3860 2282 3915 corpus
2327 3847 2542 3913 elliciat,
2597 3863 2696 3903 nec
2740 3849 2794 3902 in
2827 3863 2946 3902 eam
2991 3848 3207 3903 aliunde
3263 3849 3401 3903 ratio
3441 3864 3606 3918 quam
3649 3849 3716 3903 ab

469 3938 654 3992 animo
678 3936 918 4008 profecta
949 3935 1138 3992 subire
1169 3935 1362 4005 possit.

546 4047 565 4082 ι
593 4027 748 4094 Quod
800 4028 846 4082 si
882 4029 1004 4098 quis
1053 4028 1178 4094 erit,
1212 4028 1304 4098 qui
1347 4027 1508 4082 aliam
1545 4027 1808 4086 insnstens
1859 4029 2031 4093 viam,
2059 4031 2106 4090 C

468 4136 534 4174 ex
563 4119 763 4174 atomis
796 4132 889 4173 aut
921 4119 1214 4173 individuis
1248 4120 1574 4188 quibusdam
1610 4121 1750 4175 inter
1778 4135 1897 4176 sese
1915 4136 2039 4175 con-

467 4209 817 4264 currentibus
844 4209 1087 4263 animum
1110 4208 1246 4262 etiici
1273 4208 1448 4274 malit,
1475 4209 1520 4263 is
1543 4208 1627 4262 vel
1650 4209 2038 4278 conjunctione

466 4305 606 4372 ipsa,
639 4313 695 4358 et
737 4302 1084 4357 affectionum
1133 4301 1542 4367 communione,
1589 4300 1834 4371 adeoque
1881 4315 2034 4355 com-

466 4394 728 4448 missione
760 4403 948 4446 mutua
993 4390 1154 4446 facile
1206 4391 1554 4445 revincatur:
1613 4405 1738 4446 cum
1792 4407 1858 4445 ex
1908 4391 2033 4458 illis,

465 4500 588 4554 qua:
616 4499 715 4539 nec
745 4484 908 4537 ullam
943 4483 1128 4537 subire
1162 4481 1524 4549 aﬂ‘ectionem,
1579 4497 1680 4536 nec
1721 4483 1866 4538 inter
1915 4497 2037 4539 sese

465 4573 724 4644 conjungi
759 4577 974 4644 possint
1003 4574 1347 4644 corporibus,
1379 4588 1550 4628 unum
1581 4572 1808 4642 aliquid,
1847 4581 1902 4628 et
1937 4573 2037 4629 iis-

463 4668 587 4721 dem
613 4665 992 4720 aﬂ'ectionibus
1034 4665 1356 4731 obnoxium,
1391 4665 1698 4735 cujusmodi
1735 4677 1880 4719 certe
1914 4665 2038 4719 ani-

463 4774 590 4814 mus
635 4766 737 4825 est,
768 4758 884 4812 ﬁeri
938 4759 1087 4813 nullo
1145 4759 1308 4812 modo
1363 4767 1560 4827 queat;
1622 4771 1798 4825 neque
1832 4771 1897 4810 ex
1944 4756 2033 4824 iis,

461 4866 586 4920 quae
622 4851 871 4920 partibus
905 4859 1144 4915 careant,
1189 4859 1281 4903 aut
1303 4863 1526 4918 corpus,
1567 4855 1661 4900 aut
1717 4847 2035 4917 magnitudo

465 4943 574 4997 ulla
615 4942 888 5013 generari.
942 4940 1085 5007 Jam,
1138 4944 1181 4997 si
1240 4941 1388 5012 quod
1440 4941 1495 4994 in
1541 4939 1772 5008 simplici
1810 4953 2037 5007 corpore

465 5033 712 5087 materia:
737 5033 1005 5086 rationem
1054 5033 1274 5095 habeat,
1328 5029 1796 5100 (quandoquidem
1844 5029 2036 5082 incon-

463 5126 635 5178 ditum
671 5125 804 5193 quid
839 5133 893 5178 et
953 5123 1244 5178 confusum
1295 5123 1521 5176 materia
1567 5121 1698 5190 est,)
1747 5121 1915 5174 vitam
1966 5134 2035 5174 ex

465 5230 588 5269 sese
616 5215 819 5269 nullam
852 5214 1051 5268 habere
1087 5213 1404 5267 fatebuntur
1433 5212 1508 5265 illi
1539 5211 1783 5281 quidem,
1821 5210 1916 5265 sed
1952 5219 2037 5263 ta-

664 5352 922 5422 νΠρῶτον
952 5351 1019 5403 δὲ
1051 5347 1366 5422 σκεπτέον.
1416 5346 1541 5422 Ηῳο
1569 5346 1815 5402 Plotinus
1849 5345 2030 5411 addit,

462 5420 764 5475 rectissime
793 5438 805 5472 :
836 5423 970 5474 alias
997 5436 1191 5474 sensus
1219 5420 1375 5487 plane
1405 5420 1604 5472 nullus.

534 5491 646 5561 (54)
683 5492 950 5560 Στοιχεῖα
974 5531 986 5553 ,
1035 5485 1258 5544 τούτωὶι
1315 5489 1505 5561 ἕτερα,
1544 5487 1837 5561 adipata.“
1873 5485 2029 5561 Apud

461 5557 732 5614 Plutinum
772 5557 853 5613 ita'
888 5562 1002 5614 haec
1033 5561 1285 5614 distincta
1336 5560 1606 5628 reperies,
1638 5559 1872 5627 στοιχεῖα
1896 5557 2029 5628 τού-

460 5647 590 5694 των,
618 5631 781 5700 ἕτερα
811 5629 1056 5701 σώματα,
1093 5632 1234 5699 quod
1270 5625 1866 5701 Ficinusseeutus’est.
1894 5625 2025 5701 Mihi

459 5709 653 5756 neutra
699 5698 972 5754 distinctio
1023 5698 1232 5771 placere
1266 5709 1462 5770 potest.
1496 5699 1674 5754 Malim
1724 5713 1853 5767 ergo
1905 5698 2023 5761 sic,

2212 4045 2231 4077 ι
2262 4025 2326 4078 Εἰ
2347 4023 2404 4076 δέ
2429 4039 2513 4085 τις
2559 4021 2632 4093 μὴ
2652 4020 2843 4086 οὕτως,
2881 4020 3014 4074 ἀλλά
3043 4021 3333 4092 ἀτόμουςῆ
3366 4021 3550 4093 ἀμερῆ
3587 4040 3716 4076 συν-

2140 4117 2362 4172 ελθόντα
2421 4115 2599 4186 ψυχὴν
2638 4119 2808 4170 ποιεῖν
2859 4115 3023 4184 λέγοι,
3067 4116 3134 4184 τῇ
3182 4112 3370 4165 ένώσει
3419 4112 3514 4166 καὶ
3537 4114 3719 4182 ὁμοιο-

2139 4209 2337 4281 παθείᾳ
2366 4207 2626 4277 ὲλέγχοιτ’
2656 4206 2741 4271 ἂν,
2794 4209 2888 4260 καὶ
2907 4209 2972 4277 τῇ
3011 4204 3308 4276 παραθέσει
3351 4202 3425 4274 μὴ
3478 4203 3545 4256 δι’
3567 4205 3714 4269 ὅλου,

2137 4304 2196 4354 οὐ
2227 4301 2508 4371 γινομένου
2541 4299 2678 4364 ἐνὸς,
2712 4299 2832 4352 οὐδὲ
2860 4295 3176 4368 συμπαθοῦς
3222 4295 3282 4360 ἐξ
3326 4294 3571 4359 ἀπαθῶν,
3619 4297 3714 4349 καὶ

2143 4395 2217 4466 μὴ
2273 4393 2521 4447 ένοῦσθαι
2571 4391 2879 4462 δυναμένων
2929 4390 3214 4460 σωμάτων·
3259 4388 3404 4460 ψυχὴ
3448 4388 3504 4440 δὲ
3548 4388 3711 4457 ἑαυτῇ

2140 4484 2452 4555 συμπαθής·
2479 4483 2543 4534 ὲκ
2565 4480 2620 4533 δὲ
2651 4480 2870 4551 ἀμερῶν
2891 4479 3001 4550 (55)
3035 4478 3191 4549 σῶμα
3222 4478 3342 4531 οὐδὲ
3384 4477 3608 4548 μέγεθος
3644 4473 3711 4528 ἂν

2138 4577 2366 4645 γένοιτο.
2398 4574 2509 4627 Καὶ
2562 4573 2667 4644 μὴν
2717 4576 2783 4636 εἰ,
2821 4571 2992 4625 ἁπλοῦ
3039 4571 3190 4633 ὄντος
3221 4570 3313 4623 τοῦ
3350 4569 3618 4639 σώματος,
3650 4566 3713 4620 τὸ

2144 4665 2242 4734 μὲν
2265 4665 2389 4717 ὅσον
2417 4663 2624 4729 ὑλικὸν,
2660 4665 2790 4735 παρ’
2815 4661 2976 4715 αὑτοῦ
3013 4659 3154 4732 ζωὴν
3181 4661 3325 4730 ἔχειν
3341 4660 3402 4713 οὐ
3426 4661 3708 4732 φήσουσιν

2141 4755 2262 4826 (ὕλη
2287 4755 2394 4826 γὰρ
2421 4755 2654 4824 άποιον’)
2689 4754 2750 4806 τὸ
2803 4752 2860 4805 δὲ
2920 4752 3060 4805 κατά
3104 4751 3162 4804 τὸ
3195 4747 3332 4814 εἶδος
3385 4748 3716 4817 τεταγμένον

2139 4849 2418 4918 ἐπιφέρειν
2447 4848 2545 4919 τὴν
2575 4847 2738 4919 ζωήν·
2774 4848 2822 4899 εἰ
2851 4846 2948 4916 μὲν
2977 4845 3160 4898 οὐσίαν
3209 4847 3437 4915 φήσουσι
3485 4843 3545 4895 τὸ
3577 4839 3715 4906 εἶδος

2137 4938 2293 4991 τοῦτο
2317 4935 2474 5001 εἶναι,
2509 4939 2570 4990 οὑ
2601 4938 2664 4989 τὸ
2702 4937 3124 5007 συναμφότερον,
3170 4934 3394 5004 θάτερον
3425 4934 3482 4986 δὲ
3508 4932 3714 4988 τούτων

2139 5029 2290 5082 ἔσται
2320 5031 2352 5100 ἡ
2379 5029 2545 5100 ψυχή’
2583 5030 2678 5082 καὶ
2712 5029 2811 5081 οὐκ
2843 5024 3029 5081 ἐστάὗ
3064 5027 3240 5098 σῶμαο
3275 5029 3335 5080 οὐ
3364 5027 3472 5098 γὰρ
3505 5025 3564 5090 ἐξ
3579 5025 3714 5095 ὕλης

2137 5120 2232 5173 καὶ
2263 5121 2412 5174 αὑτό·
2442 5122 2475 5191 ἢ
2508 5119 2668 5174 πάλιν
2696 5119 2788 5171 τὸν
2814 5119 2974 5172 αὐτὸν
3003 5119 3200 5190 τρόπον
3232 5117 3588 5186 ἀναλύσομεν.
3647 5116 3713 5168 Εἰ

2137 5211 2193 5264 δὲ
2219 5213 2450 5282 πάθημα
2476 5213 2572 5282 τῆς
2594 5211 2746 5282 ὕλης,
2781 5209 2894 5263 ἀλλ’
2920 5211 3020 5263 οὐκ
3053 5210 3238 5264 οὐσίαν
3263 5212 3521 5281 φήσουσιν
3541 5205 3709 5262 εἶναι’

2141 5347 2412 5413 στοιχεῖα.
2459 5343 2662 5397 τούτων
2695 5344 2885 5413 ἕτερα,
2930 5345 3185 5414 σώματα,
3219 5345 3280 5397 οὐ
3323 5343 3506 5414 ψυχαί.
3550 5342 3714 5414 Verte

2141 5412 2324 5484 igitur,
2369 5414 2436 5467 Et
2469 5417 2514 5467 si
2542 5415 2748 5483 quibus,
2785 5412 2974 5481 prwter
3005 5412 3113 5468 Irazc
3134 5453 3148 5476 ,
3181 5417 3293 5466 alia
3332 5412 3574 5483 quadam
3607 5412 3714 5466 ele-

2138 5493 2313 5538 menta
2341 5501 2451 5539 esse
2477 5485 2675 5554 placet,
2712 5501 2774 5537 ea
2808 5495 2981 5538 tamen
3020 5502 3110 5538 nec
3135 5486 3337 5537 animos
3365 5484 3468 5553 ipsi
3498 5493 3711 5547 vocant,

2136 5557 2225 5608 sed
2257 5571 2497 5623 corpora,
2529 5570 2618 5608 nec
2645 5557 2806 5607 vitam
2827 5570 2892 5608 ea:
2919 5571 3026 5609 sese
3057 5556 3243 5610 habere
3273 5554 3471 5609 volunt.

2206 5625 2316 5697 (55)
2351 5625 2506 5682 Forte
2538 5627 2661 5680 add.
2692 5625 2833 5678 οὐδέ.
