4144 6412
448 330 587 386 1557

1589 325 1907 381 PR/EPAR.
1949 325 2200 388 EVANG.
2242 323 2368 379 ΜΒ.
2415 323 2525 379 XV.

3549 319 3684 375 1353

446 448 538 515 ἀφ’
561 439 620 500 οὕ
647 447 706 496 τὸ
734 447 962 517 πάθημα
1015 448 1164 515 καὶὴ
1201 445 1312 515 ζωὴ
1363 445 1444 508 εἰς
1489 446 1588 514 τὴν
1638 445 1770 516 ὕλην
1801 443 2009 516 ἐλήλυθε

2129 459 2250 498 men
2277 443 2421 513 quod
2453 443 2507 496 in
2540 455 2604 496 eo
2645 439 2832 495 forma:
2859 440 3038 494 locum
3071 445 3270 496 teneat.
3319 435 3371 490 id
3405 435 3569 490 vitam
3599 438 3686 491 af-

446 535 661 599 λεξιτέον
691 537 892 600 αὐτοῖς.
927 537 1000 588 06
1035 535 1143 607 γὰρ
1167 535 1228 605 δὴ
1257 537 1289 603 ἡ
1325 534 1422 605 ὕλη
1452 535 1648 606 ἑαυτὴν
1667 535 2018 606 μορφοϊ,οὕδὲ

447 626 611 696 ἑαυτῇ
633 627 810 697 ψυχὴν
841 627 1098 692 ἐντίθησι.
1136 628 1227 677 Δεῖ
1259 625 1323 696 δὴ
1355 625 1462 696 ἄρα
1493 643 1544 678 τι
1588 623 1724 680 εἶναι
1754 627 1814 678 τὸ
1858 644 2022 697 χορη-

445 715 538 784 γὸν
572 716 735 786 ζωῆς,
766 717 873 768 εἴτε
903 718 966 785 τῇ
999 715 1098 786 ὕλῃ
1134 717 1165 785 ἡ
1209 715 1461 786 χορηγία,
1521 715 1618 769 εἶθ’
1651 716 1853 786 ὁτῳοῦν
1911 716 2019 769 τῶν

447 807 736 875 σωμάτων,
770 807 874 872 ἔξω
898 807 977 869 ὃν,
1001 808 1093 858 καὶ
1140 806 1392 859 ἐπέκεινα
1416 805 1526 876 (56)
1572 807 1889 876 σωματικῆς
1916 807 2018 876 φύ-

445 914 603 960 σεως.
647 897 799 949 Ἐπεὶ
823 897 928 948 οὐδ’
954 896 1019 949 ἂν
1057 895 1144 965 εἴη
1177 896 1335 966 σῶμα
1371 897 1544 960 οὐδὲν,
1577 896 1812 967 ψυχικῆς
1864 898 2021 950 δυνά-

448 1005 593 1059 μεως
619 989 718 1040 οὐκ
743 988 928 1058 οὕσης.
973 989 1084 1040 Ῥεῖ
1115 990 1244 1058 γὰρ,
1303 987 1396 1040 καὶ
1441 989 1497 1039 ὲν
1525 990 1667 1060 φορᾷ
1853 988 2017 1041 αὕτοῦ

445 1081 478 1151 ή
513 1079 699 1148 φύσις,
728 1080 820 1133 καὶ
853 1078 1087 1132 ἀπόλοιτ’
1121 1078 1186 1131 ἂν
1222 1078 1294 1141 ὡς
1333 1078 1583 1148 τάχιστα,
1622 1080 1671 1130 εί
1712 1079 1887 1131 πάντα
1916 1077 2019 1130 σώ-

447 1186 593 1239 ματα
627 1171 732 1240 εἴη,
769 1169 871 1223 κᾶν
893 1171 940 1222 εἰ
969 1169 1138 1239 ὄνομα
1168 1170 1248 1221 ἐνὶ
1277 1169 1453 1222 αὐτῶν
1478 1169 1656 1240 ψυχήν
1682 1186 1765 1232 τις
1795 1167 2012 1223 τιθοῖτο.

444 1260 525 1312 Τά
550 1260 688 1313 αὐτὰ
719 1261 827 1332 γὰρ
862 1261 926 1314 ἂν
972 1261 1131 1314 πάθοι
1188 1265 1300 1322 τοῖς
1345 1260 1522 1323 ἄλλοις
1567 1260 1834 1330 σώμασιν,
1885 1260 2018 1332 ὕλης

445 1354 572 1420 μιᾶς
593 1351 761 1422 οὕσης
788 1352 988 1414 αὐτοῖς.
1017 1351 1231 1404 Μᾶλλον
1265 1353 1320 1404 δὲ
1343 1352 1449 1404 066‘
1482 1351 1545 1404 ἂν
1609 1351 1836 1419 γένοιτο,
1881 1351 2017 1404 ἀλλὰ

444 1444 698 1512 στήσεται
725 1445 782 1496 ἐν
810 1443 908 1514 ὕλῃ
933 1442 1002 1496 τὰ
1033 1445 1229 1505 πάντα,
1265 1444 1338 1514 μὴ
1371 1443 1523 1506 ὄντος
1553 1442 1647 1496 τοῦ
1685 1444 2017 1514 μορφοῦντος

441 1537 629 1607 αὑτήν.
668 1535 818 1605 Τάχα
870 1537 914 1588 δ’
947 1536 1012 1589 ἂν
1045 1536 1152 1589 066‘
1209 1535 1274 1588 ἂν
1321 1536 1353 1605 ἡ
1403 1534 1500 1605 ὕλη
1531 1535 1590 1587 τὸ
1611 1536 1869 1606 παράπαν
1907 1538 2012 1607 εἴη,

441 1626 728 1698 λυθήσεται
753 1628 808 1680 δὲ
842 1630 934 1682 καὶ
963 1629 1077 1681 τόδε
1108 1629 1168 1680 τὸ
1210 1627 1447 1697 σύμπαν,
1481 1627 1535 1679 εί
1571 1645 1654 1690 τις
1710 1629 1846 1699 αύτῇ
1903 1631 2013 1702 (58)

443 1718 747 1772 πιστεύσειε
808 1718 1056 1788 σώματος
1103 1719 1367 1790 συνέρξει,
1419 1720 1592 1783 διδοὺς
1636 1719 1784 1790 αὐτῷ
1837 1720 2014 1792 ψυχῆς

439 1806 612 1874 τάξιν,
646 1809 805 1879 μέχρι
834 1808 940 1860 τῶν
971 1809 1272 1878 ὀνομάτων,
1313 1809 1433 1880 ἀέρι
1465 1809 1558 1862 καὶ
1591 1808 1861 1880 πνεύματι
1887 1827 2012 1863 σκε-
2045 1795 2085 1848 Β

438 1897 765 1966 δαστοτάτῳ,
797 1899 890 1950 καὶ
933 1897 1010 1967 τῷ
1062 1899 1142 1950 ἐνὶ
1197 1895 1333 1952 εἶναι
1380 1899 1553 1969 ἔχοντι
1577 1901 1636 1952 06
1673 1902 1800 1970 παρ’
1823 1899 2007 1954 αὐτοῦ.

439 1987 564 2050 Πῶς
584 1987 690 2059 γάρ
721 1989 1060 2058 τεμνομένων
1080 1987 1185 2039 τῶν
1207 1989 1420 2042 πάντων
1451 1991 1736 2060 σωμάτων,
1766 1989 2011 2060 ᾡτινιοῦν

437 2096 520 2143 τις
553 2079 822 2142 ἀνατιθεὶς
857 2081 971 2133 τόδε
1003 2079 1063 2132 τὸ
1113 2081 1241 2143 πᾶν,
1275 2083 1376 2135 06x
1399 2082 1621 2152 ἀνόητόν
1656 2100 1715 2134 τε
1738 2084 1831 2134 καὶ
1853 2083 2013 2155 φερό-

439 2188 600 2240 μενον
627 2172 746 2242 εἰκῆ
773 2173 1017 2240 ποιήσει;
1054 2173 1148 2236 Τίς
1180 2173 1286 2244 γὰρ
1334 2173 1484 2238 τάξις
1513 2175 1572 2226 ὲν
1601 2175 1867 2245 πνεύματι
1893 2175 2009 2228 δεο-

441 2261 586 2331 μένῳ
619 2263 769 2334 παρά
794 2262 970 2333 ψυχῆς
993 2264 1218 2329 τάξεως,
1275 2265 1307 2334 ἦ
1357 2265 1530 2333 λόγος,
1565 2265 1597 2336 ἢ
1654 2266 1810 2332 νοῦς;
1851 2267 2007 2319 Ἀλλά

435 2351 615 2422 ψυχῆς
669 2355 765 2422 μὲν
799 2353 979 2424 οὕσης,
1012 2357 1258 2426 ὑπουργά
1314 2355 1484 2410 ταῦτα
1531 2357 1705 2410 πάντα
1761 2359 1896 2428 αὐτῇ
1929 2359 2008 2422 εἰς

439 2443 695 2496 σύστασιν
719 2445 944 2514 κόσμου,
981 2446 1074 2497 καὶ
1096 2444 1234 2508 ζῴου
1257 2445 1508 2507 ἑκάστου,
1537 2445 1701 2514 ἄλλης
1746 2447 1874 2515 παρ’
1909 2445 2004 2498 ἄλο

434 2531 528 2584 λου
563 2532 841 2602 δυνάμεως
870 2536 947 2596 εἰς
974 2535 1034 2585 τὸ
1062 2534 1180 2586 ὅλον
1212 2533 1584 2604 συντελούσης
1611 2534 1812 2603 ταύτης
1839 2535 1893 2586 δὲ
1931 2533 2006 2604 μὴ

435 2623 718 2692 παρούσης
741 2625 798 2675 ὲν
822 2627 930 2686 τοῖς
957 2624 1116 2687 ὅλοις,
1142 2625 1293 2677 οὐδὲν
1318 2625 1383 2678 ἂν
1429 2625 1515 2696 εἴη
1561 2626 1754 2688 ταῦτα,
1788 2627 1886 2695 οὐχ
1926 2626 2005 2678 ὅτι

433 2711 492 2764 ὲν
521 2714 690 2778 τάξει.

2122 533 2264 588 ferre
2287 534 2502 587 dicent:
2541 533 2585 586 si
2622 533 2852 585 formam
2880 529 3024 582 illam
3058 542 3156 597 pro
3191 526 3429 580 es<entia
3459 537 3684 579 natura-

2121 641 2224 694 que
2256 635 2480 694 ponant,
2514 639 2620 678 non
2648 623 2760 692 jam
2790 633 3084 690 utrumque
3111 619 3294 683 simul,
3331 618 3422 671 sed
3449 619 3678 671 alterum

2122 719 2383 772 duntaxat
2421 716 2638 769 animus
2669 725 2756 768 est
2795 712 3034 777 futurus,
3065 725 3164 764 nec
3195 710 3245 762 id
3280 711 3458 778 ipsum
3488 722 3684 777 corpo-

2120 809 2197 862 ris
2254 807 2490 876 amplius
2539 805 2910 860 conditionem
2959 803 3232 865 retinebit,
3285 801 3484 869 quippe
3539 799 3682 868 quod

2119 899 2266 952 omni
2289 899 2515 952 materia
2541 909 2757 962 careat;
2788 912 2948 951 secus
2978 895 3147 955 enim,
3187 892 3316 946 illud
3358 892 3548 946 eodem
3582 893 3683 944 ite-

2117 1005 2240 1043 rum
2272 991 2436 1043 modo
2467 990 2812 1058 partiremur.
2865 987 2960 1039 Sin
3009 996 3212 1045 autem,
3252 983 3302 1036 id
3338 982 3682 1036 affectionem

2119 1080 2358 1136 materiae
2399 1082 2605 1150 potius,
2655 1095 2816 1150 quam
2856 1077 3150 1132 essentiam
3182 1076 3355 1144 ipsam
3391 1088 3513 1128 esse
3546 1072 3686 1126 mal-

2121 1173 2264 1238 lent;
2300 1182 2582 1240 exponant
2613 1171 2842 1239 proinde
2871 1183 3096 1223 necesse
3127 1175 3230 1231 est,
3261 1181 3372 1236 quo
3415 1180 3482 1218 ex
3534 1164 3687 1217 fonte

2120 1264 2173 1317 in
2204 1264 2487 1318 materiam
2512 1263 2605 1317 illa
2637 1277 2761 1316 cum
2799 1260 3034 1324 affectio,
3061 1267 3180 1313 tum
3207 1259 3371 1311 etiam
3399 1257 3510 1310 vita
3541 1255 3687 1310 deri-

2122 1366 2296 1411 vetur.
2359 1355 2466 1408 Nec
2499 1354 2644 1408 enim
2675 1353 2777 1406 sibi
2809 1352 2912 1420 ipsi
2947 1351 3173 1404 materia
3203 1358 3296 1403 aut
3338 1347 3568 1402 formam
3601 1347 3686 1399 in-

2118 1447 2316 1509 fundit,
2354 1455 2449 1499 aut
2482 1445 2748 1498 animum.
2781 1443 3074 1496 Auctorem
3109 1440 3272 1511 igitur
3296 1439 3416 1493 vitae
3449 1438 3684 1506 aliquem

2119 1553 2240 1593 esse
2288 1537 2582 1604 Oportebit,
2620 1550 2713 1590 seu
2770 1535 3012 1587 materiae
3056 1529 3374 1585 beneficium
3421 1529 3525 1583 hoc
3570 1528 3686 1591 ﬁet,

2118 1644 2214 1683 seu
2252 1627 2474 1682 cuilibet
2501 1625 2752 1695 corpori;
2782 1624 2949 1694 826
2971 1630 3023 1675 et
3067 1637 3196 1675 vero
3223 1630 3498 1674 auctorem
3533 1618 3685 1688 ejus-

2116 1715 2285 1781 modi,
2313 1715 2406 1784 qui
2452 1722 2507 1768 et
2561 1729 2791 1781 corpore
2839 1727 3048 1767 vacuus
3113 1712 3206 1775 sit,
3257 1719 3310 1764 et
3365 1724 3683 1779 corpoream

2116 1822 2333 1862 omnem
2361 1815 2609 1860 naturam
2641 1805 2960 1875 longissime
2993 1789 3433 1874 praetergressus.
3497 1800 3686 1855 Enim-

2117 1912 2244 1952 vero
2302 1896 2348 1950 si
2404 1896 2573 1950 animi
2623 1895 2770 1949 nulla
2839 1895 2923 1950 vis
2974 1905 3139 1959 esset,
3189 1908 3388 1963 corpus
3434 1892 3686 1947 similiter

2116 2003 2279 2044 omne
2308 1987 2604 2041 tolleretur.
2659 1985 2806 2040 Fluit
2837 1987 2984 2040 enim
3033 1985 3188 2050 illud,
3218 1994 3381 2053 atque
3424 1989 3479 2038 in
3531 1992 3684 2037 motu

2116 2089 2229 2135 tota
2257 2079 2374 2150 ejus
2413 2093 2609 2134 natura
2657 2088 2944 2133 versatur:
2982 2079 3226 2146 adeoque
3251 2077 3298 2132 si
3338 2090 3570 2145 corpora
3595 2091 3683 2128 es-

2116 2181 2237 2227 sent
2277 2171 2484 2235 omnia,
2520 2171 2803 2226 celerrime
2856 2171 3040 2225 omnia
3100 2170 3406 2235 interirent,
3463 2167 3681 2221 tametsi

2115 2264 2212 2318 uni
2289 2263 2502 2317 cuidam
2552 2277 2744 2316 eorum
2801 2261 2970 2314 animi
3034 2275 3228 2314 nomen
3279 2260 3674 2328 imponeretur.

2115 2355 2272 2410 Tunc
2299 2354 2444 2408 enim
2495 2353 2689 2407 eadem
2721 2354 2968 2417 omnino,
3021 2368 3142 2422 quae
3183 2359 3376 2406 caetera
3425 2365 3680 2419 corpora,

2113 2443 2332 2498 animus
2395 2443 2496 2496 iste
2542 2449 2838 2510 pateretur,
2897 2457 3020 2496 cum
3081 2456 3191 2495 una
3226 2440 3472 2494 omnium
3538 2448 3683 2493 esset

2114 2533 2531 2602 communisque
2585 2533 2838 2587 materia.
2885 2533 3000 2586 lmo
3055 2545 3220 2598 certe,
3272 2531 3409 2585 nihil
3465 2530 3682 2600 penitus

2113 2625 2287 2689 fieret,
2313 2634 2475 2694 atque
2509 2624 2561 2678 in
2602 2625 2831 2678 materia
2855 2625 3105 2680 universa
3139 2625 3527 2688 consisterent,
3553 2637 3680 2676 cum

2114 2725 2261 2772 esset
2336 2715 2492 2780 nihil,
2530 2731 2560 2770 a
2590 2731 2700 2785 quo
2739 2717 2854 2786 ipsa
2900 2715 3132 2770 formam
3200 2715 3486 2784 acciperet.
3532 2713 3680 2779 Quin

434 2804 596 2858 etiam
652 2807 875 2860 materia
933 2806 1071 2861 forte
1118 2809 1264 2862 nulla
1320 2823 1546 2877 prorsus
1609 2810 1732 2868 erit.
1781 2810 1990 2878 hocque
2029 2809 2344 2862 universum
2407 2805 2634 2860 omnino
2683 2805 3030 2872 dissolvetur,
3075 2807 3119 2859 si
3167 2805 3291 2874 quis
3336 2805 3513 2873 ipsum
3555 2818 3680 2858 cor-

432 2895 584 2963 poris
645 2897 875 2965 alicujus
918 2901 1250 2969 colligationi
1295 2901 1622 2969 permiserit,
1667 2902 1756 2955 cui
1807 2903 2027 2956 nomine
2063 2909 2223 2955 tenus
2279 2899 2446 2954 animi
2488 2898 2595 2951 vim
2658 2905 2713 2951 et
2741 2898 3007 2952 rationem
3053 2897 3314 2952 attribuat
3351 2898 3492 2951 aeris
3533 2896 3679 2950 verbi

432 3002 622 3052 causa,
647 2999 701 3043 et
719 2991 962 3059 spiritus,
997 2992 1091 3061 qui
1135 3001 1188 3046 et
1216 2990 1474 3047 facillime
1507 2992 1764 3062 dissipari
1799 3002 1984 3062 queat,
2027 3007 2127 3046 nec
2156 3001 2214 3046 ut
2261 3006 2429 3046 unum
2462 2988 2666 3059 aliquid
2710 2989 2802 3054 sit,
2835 3003 2929 3056 per
2981 3002 3101 3042 sese
3145 2987 3358 3042 habeat.
3389 2985 3523 3041 Nam
3553 3001 3678 3041 cum

431 3081 616 3158 dividi
647 3098 876 3152 carpora
907 3085 1112 3150 omnia,
1162 3087 1446 3155 secarique
1478 3086 1711 3155 possint,
1771 3087 1893 3156 quis
1937 3102 2129 3141 eorum
2183 3085 2280 3140 ulli
2326 3084 2431 3137 hoc
2492 3081 2798 3136 committat
2837 3079 3173 3146 universum,
3238 3079 3371 3150 quin
3431 3079 3572 3135 idem
3603 3079 3680 3134 si-

432 3176 545 3228 mul
572 3184 625 3230 et
659 3186 839 3234 mente
860 3195 1088 3234 vacuum
1154 3179 1336 3248 faciat,
1371 3189 1426 3235 et
1479 3183 1768 3238 temerario
1807 3183 2042 3253 quodam
2085 3191 2234 3236 motu
2295 3179 2598 3250 agitatum?
2637 3176 2776 3243 Quid
2813 3177 2957 3232 enim
2993 3191 3058 3232 eo
3088 3177 3142 3231 in
3168 3177 3363 3246 spiritu
3390 3187 3484 3232 aut
3529 3176 3679 3231 ordi-

431 3270 520 3325 nis
546 3271 636 3337 sit,
688 3283 781 3327 aut
827 3275 1076 3340 rationis,
1119 3285 1214 3330 aut
1263 3279 1484 3341 mentis,
1531 3293 1693 3346 quem
1743 3293 1852 3334 non
1906 3279 2013 3332 nisi
2053 3277 2217 3332 animi
2265 3274 2528 3330 beneflcio
2576 3273 2823 3328 ordinem
2881 3271 3083 3326 habere
3121 3271 3401 3341 oporteat?
3460 3269 3537 3324 Ac
3579 3282 3679 3338 po-

430 3360 538 3416 sito
566 3365 731 3418 semel
755 3365 958 3429 animo,
985 3375 1181 3421 cuncta
1211 3369 1325 3422 hzec
1373 3368 1751 3423 administram
1812 3369 1913 3438 ipsi
1970 3369 2228 3424 continuo
2257 3375 2460 3421 navant
2509 3379 2750 3435 operam,
2805 3371 2868 3417 ut
2911 3377 3019 3418 non
3056 3362 3161 3431 ipsi
3209 3370 3418 3416 tantum
3449 3361 3676 3427 mundo,

428 3453 524 3509 sed
553 3455 715 3508 etiam
739 3456 1002 3511 animanti
1047 3474 1144 3512 sua
1170 3460 1368 3528 cuique
1433 3461 1714 3530 integritas
1739 3460 2110 3531 perfectioque
2159 3467 2388 3525 constet,
2444 3457 2510 3512 ad
2560 3470 2852 3511 commune
2871 3454 3110 3509 universi
3136 3454 3337 3509 bonum
3380 3454 3488 3508 vim
3513 3456 3678 3511 aliam

429 3546 540 3600 alio
588 3545 923 3603 conferente.
975 3547 1078 3615 Qui
1132 3551 1351 3606 animus
1404 3551 1450 3607 si
1495 3553 1564 3606 ab
1619 3552 1808 3608 eodem
1844 3552 2018 3607 aberit
2056 3551 2334 3615 universo,
2386 3558 2600 3603 tantum
2655 3547 2812 3601 abest
2853 3545 2932 3600 uti
2964 3560 3124 3600 suum
3159 3561 3384 3616 qumque
3429 3547 3675 3604 ordinem

431 3638 679 3693 habitura
717 3639 846 3702 sint,
880 3653 939 3695 ut
972 3643 1152 3710 potius
1189 3644 1324 3697 nihil
1353 3645 1580 3699 omnino
1625 3645 1734 3700 sint
1768 3645 1972 3701 futura.

507 3747 526 3780 ι
551 3731 902 3802 Μαρτυροῦσι
931 3733 987 3786 δὲ
1029 3735 1123 3787 καὶ
1146 3737 1298 3789 αὐτοὶ
1327 3737 1431 3790 ὑπὸ
1463 3738 1563 3808 τῆς
1587 3737 1842 3809 ἀληθείας
1873 3739 2001 3808 ἁγό-
2028 3746 2071 3804 C,

430 3836 606 3890 μενοι,
635 3821 710 3884 ὡς
741 3822 822 3875 δεῖ
864 3841 915 3876 τι
963 3826 1068 3896 πρὸ
1118 3826 1226 3879 τῶν
1260 3829 1527 3898 σωμάτων
1583 3825 1721 3884 εἶναι
1759 3835 2004 3902 κρεῖττον

429 3913 608 3968 αὐτῶν
633 3914 811 3985 ψυχῆς
841 3910 1000 3980 εἶδος,
1032 3917 1211 3972 ἔννουν
1269 3919 1328 3972 τὸ
1361 3921 1576 3992 πνεῦμα
1601 3923 1696 3975 καὶ
1757 3923 1868 3996 πῦρ
1900 3942 2007 3978 voe-

428 4004 524 4075 ρὸν
551 4005 844 4076 τιθέμενοι,
895 4007 1084 4080 ὥσπερ
1129 4010 1256 4064 ἄνευ
1315 4013 1483 4084 πυρὸς
1531 4013 1564 4083 ἢ
1617 4015 1921 4086 πνεύματος
1943 4018 2004 4069 06

427 4097 729 4168 δυναμένης
745 4099 845 4169 τῆς
874 4101 1180 4172 κρείττονος
1217 4103 1410 4174 μοίρας
1437 4107 1495 4158 ὲν
1525 4108 1636 4170 τοῖς
1669 4103 1820 4161 οὖσιν
1841 4106 2002 4171 εἶναι,

427 4186 587 4242 τόπον
618 4188 676 4241 δὲ
707 4189 973 4264 ζητούσης
991 4193 1069 4255 είς
1094 4193 1154 4244 τὸ
1185 4193 1481 4265 ἱδρυθῆναι·
1513 4196 1630 4250 δέον
1664 4197 1844 4270 ζητεῖν
1869 4200 2002 4254 ὅπου

427 4277 495 4332 τά
524 4278 750 4350 σώματα
799 4281 1125 4353 ίδρύσουσιν,
1157 4285 1232 4348 ὡς
1266 4285 1374 4356 ἄρα
1404 4287 1482 4339 δεῖ
1535 4288 1704 4342 ταῦτα
1736 4291 1794 4342 ὲν
1825 4289 2002 4362 ψυχῆς

425 4371 716 4442 δυνάμεσιν
743 4373 1004 4444 ἱδρῦσθαι.
1059 4377 1122 4429 El
1175 4377 1230 4429 δὲ
1265 4377 1426 4447 μηδὲν
1479 4379 1630 4449 παρά
1659 4380 1720 4432 τὸ
1748 4381 1966 4452 πνεῦμα
1985 4423 1999 4445 ,

428 4462 523 4516 καὶ
553 4461 649 4534 τὴν
683 4463 847 4533 ζωὴν,
879 4466 972 4518 καὶ
1004 4467 1102 4537 τὴν
1124 4465 1302 4538 ψυχὴν
1332 4467 1587 4531 τίθενται,
1637 4470 1688 4521 τί
1745 4471 1808 4523 τὸ
1836 4471 1999 4524 πολυ-

429 4551 720 4624 θρύλλητον
744 4555 942 4618 αὐτοῖς,
971 4575 990 4606 r
1016 4557 1132 4618 πῶς
1166 4556 1311 4626 ἔχον,
1348 4576 1365 4606 ι
1396 4558 1518 4620 εξςό
1543 4559 1996 4628 καταφεύγουσιν,

429 4643 855 4714 ἀναγκαζόμενοι
894 4644 1134 4699 τίθεσθαι
1162 4647 1290 4701 ἀλλο
1316 4649 1464 4720 παρά
1483 4648 1551 4702 τά
1584 4649 1810 4720 σώματα
1841 4652 1999 4720 φύσει

426 4733 784 4806 δραστήριον;
815 4737 876 4789 Εἰ
906 4733 998 4790 οὖν
1023 4738 1082 4790 06
1128 4740 1236 4792 πᾶν
1281 4740 1378 4810 μὲν
1429 4740 1646 4811 πνεῦμα
1681 4741 1861 4813 ψυχὴ,
1919 4743 1998 4794 ὅτι

431 4826 600 4897 μυρία
631 4826 915 4897 πνεύματα
940 4827 1141 4899 ἄψυχα.
1178 4829 1238 4882 τὸ
1263 4830 1318 4882 δέ
1346 4847 1463 4892 πως
1489 4830 1610 4900 ἔχον
1649 4830 1861 4901 πνεῦμα
1897 4832 1998 4901 φή-

429 4934 598 4971 σουσι⁸
623 4918 684 4970 τὸ
711 4918 825 4981 πῶς
842 4919 962 4989 ἔχον
983 4920 1160 4982 τοῦτο,
1199 4921 1292 4974 καὶ⁵
1329 4920 1528 4991 ταύτην
1567 4923 1665 4992 τὴν
1711 4922 1914 4992 σχέσιν,
1961 4922 1994 4992 ἢ

424 5007 533 5060 τῶν
563 5007 730 5062 ὄντων
751 5025 804 5060 τι
837 5010 1118 5078 φήσουσιν,
1149 5007 1183 5078 ἢ
1218 5009 1401 5079 μηδέν.
1445 5009 1580 5062 Ἀλλ’
1611 5011 1659 5062 εἰ
1686 5009 1784 5080 μὲν
1810 5010 1992 5081 μηδὲν,

427 5097 641 5168 πνεῦμα
663 5097 769 5166 (59)
786 5097 851 5151 ἂν
872 5098 956 5168 εἴη
992 5099 1170 5169 μόνον,
1203 5100 1264 5152 τὸ
1293 5099 1351 5152 δέ
1379 5117 1494 5163 πως
1524 5099 1663 5170 ἔχον,
1688 5101 1875 5171 ὄνομα·
1901 5101 1993 5154 καὶ

425 5187 566 5241 οὕτω
593 5188 926 5260 συμϐήσεται
951 5189 1134 5252 αὐτοῖς
1165 5190 1286 5242 οὐδὲ
1315 5189 1441 5244 ἄλλο
1463 5191 1613 5245 οὐδὲν
1645 5187 1785 5245 εἶναι
1813 5192 1991 5259 λέγειν

426 5279 586 5350 ἥτὴν
611 5278 763 5350 ὕλην·
788 5281 880 5333 καί
935 5279 1132 5351 ψυχὴν,
1188 5283 1283 5336 καὶ
1333 5282 1488 5347 Θεὸν,
1543 5285 1636 5338 καὶ
1694 5284 1862 5354 ὄνομα
1923 5285 1991 5337 τὰ

425 5371 602 5424 ⁴πάντα
627 5369 759 5440 (60),
795 5371 970 5426 ἐκεῖνο
990 5371 1047 5424 δὲ
1078 5371 1254 5442 μόνον.
1295 5375 1358 5428 Εἰ
1393 5373 1448 5426 δὲ
1483 5374 1590 5427 τῶν
1610 5375 1778 5428 ὄντων
1809 5375 1988 5446 ὴσχέ-

425 5479 608 5602 θηξὲθ)
648 5481 966 5538 Ἐπέκεινα.
998 5482 1078 5538 Ita
1113 5500 1180 5538 ex
1211 5483 1442 5549 Plotina,
1490 5501 1597 5540 non
1645 5487 1881 5554 ἀπέσχον
1925 5495 1984 5540 ut

634 5620 739 5698 ,Ἐν
764 5620 944 5698 φορᾷ..
964 5621 1036 5676 Ut
1066 5620 1287 5689 Plotin.,
1308 5639 1417 5678 non
1449 5626 1510 5678 06
1546 5626 1705 5698 φορά,
1731 5633 1791 5680 ut
1812 5628 1981 5696 prius.

491 5689 604 5758 (38)
631 5689 790 5744 Forte
816 5693 966 5746 αὐτό.

495 5757 605 5828 1⁷59)
634 5761 892 5830 Πνεῦμα,
919 5773 1024 5817 etc.
1056 5762 1290 5818 Duarum
1320 5779 1511 5818 vocum
1548 5765 1853 5828 mctathesi,
1885 5766 1985 5820 hoc

2181 3735 2274 3790 «Et
2317 3734 2537 3805 quidem
2581 3731 2810 3788 veritate
2869 3731 3133 3801 compulsi
3191 3732 3515 3800 profitentur
3563 3731 3668 3801 ipsi

2109 3843 2349 3898 quoque,
2380 3835 2505 3880 ante
2533 3840 2758 3895 corpora
2781 3833 2987 3880 certam
3018 3823 3312 3893 quamdam
3347 3823 3517 3878 animi
3543 3837 3672 3892 spe-

2107 3920 2269 3985 ciem,
2319 3919 2427 3972 illis
2488 3917 2742 3971 omnibus
2797 3915 3230 3984 praestantiorem
3281 3930 3403 3971 esse
3451 3915 3671 3979 debere,

2106 4010 2236 4064 dum
2264 4010 2514 4080 spiritum
2555 4009 2705 4062 illum
2736 4016 2918 4061 mente
2949 4007 3232 4074 praeditum
3284 4016 3448 4076 atque
3493 4006 3673 4075 ignem

2107 4100 2460 4170 intelligentia
2483 4099 2750 4152 valentem
2777 4105 2984 4166 ponunt
3009 4115 3024 4162 ;
3052 4097 3274 4166 perinde
3305 4107 3363 4152 ut
3387 4099 3432 4151 si
3466 4098 3674 4166 absque

2105 4194 2190 4247 vel
2224 4193 2346 4264 igne
2377 4192 2460 4246 vel
2498 4191 2714 4260 spiritu,
2743 4191 2843 4243 hac
2881 4189 2933 4242 in
2970 4204 3150 4242 rerum
3181 4189 3532 4244 universitate
3562 4205 3669 4244 non

2107 4295 2290 4355 posset
2318 4283 2667 4338 excellentior
2712 4283 2801 4336 illa
2829 4281 3176 4350 diviniorque
3237 4290 3429 4335 natura
3487 4285 3670 4337 consi-

2105 4386 2269 4442 stere,
2319 4375 2415 4430 sed
2467 4373 2645 4428 locum
2698 4373 2790 4427 ubi
2845 4371 3071 4442 gradum
3107 4371 3280 4426 solide
3330 4372 3535 4443 ﬁgeret,
3571 4377 3671 4429 ali-

2102 4484 2264 4540 quem
2301 4467 2416 4537 ipsa
2454 4467 2774 4536 requireret,
2809 4479 2933 4519 cum
2965 4479 3059 4518 eos
3092 4464 3271 4532 potius
3299 4464 3391 4518 ubi
3423 4480 3519 4518 sua
3547 4481 3669 4519 eor-

2102 4558 2328 4628 poribus
2374 4558 2604 4612 firmitas
2655 4571 2776 4611 esse
2812 4564 3016 4625 posset,
3052 4556 3330 4625 requirere
3373 4566 3664 4626 Oporteret,

2102 4651 2300 4719 quippe
2332 4665 2496 4719 quam
2523 4649 2650 4703 alibi
2683 4662 2954 4716 nusquam
3002 4656 3361 4717 praeterquam
3406 4649 3579 4716 ipsius
3610 4649 3666 4703 in

2101 4742 2270 4795 animi
2330 4741 2542 4795 viribus
2607 4741 2853 4796 obtinere
2920 4739 3149 4808 possint.
3219 4739 3322 4805 Qui
3381 4742 3427 4796 si
3475 4751 3668 4811 praeter

2101 4835 2377 4904 spiritum,
2408 4833 2555 4887 aliud
2603 4833 2740 4887 nihil
2764 4843 2818 4887 et
2862 4833 3029 4886 vitam
3059 4841 3114 4886 et
3159 4833 3398 4886 animum
3431 4849 3553 4888 esse
3578 4835 3664 4888 di-

2100 4933 2244 4987 cent,
2279 4925 2630 4994 quaerendum
2653 4939 2718 4978 ex
2760 4923 2867 4978 illis
2901 4934 3003 4987 est,
3047 4923 3174 4992 quid
3211 4924 3312 4978 sibi
3347 4925 3476 4978 velit
3502 4940 3662 4981 suum

2100 5017 2232 5071 illud
2264 5026 2404 5070 certo
2437 5033 2490 5070 se
2521 5016 2673 5070 modo
2707 5013 2923 5078 habens,
2971 5023 3079 5067 tam
3129 5013 3271 5082 apud
3314 5029 3408 5070 eos
3454 5017 3665 5074 celebre

2025 5083 2070 5138 θ
2099 5107 2367 5178 totiesque
2394 5107 2678 5176 iactatum,
2716 5105 2782 5160 ad
2807 5105 2949 5174 quod
2983 5119 3150 5158 unum
3183 5104 3285 5174 ipsi
3317 5105 3659 5177 confugiunt,

2098 5197 2301 5265 aliquid
2334 5196 2479 5251 aliud
2505 5205 2699 5268 praeter
2725 5209 2975 5263 corpora,
3005 5193 3150 5262 quod
3184 5192 3489 5250 effectivum
3536 5213 3660 5254 sua-

2095 5298 2186 5359 pte
2248 5297 2441 5342 natura
2513 5289 2622 5352 sit,
2695 5283 2940 5355 proferre
3011 5282 3298 5351 compulsi.
3369 5282 3660 5341 Enimvero

2095 5379 2141 5432 si
2214 5391 2316 5433 nec
2395 5376 2620 5445 spiritus
2675 5373 2852 5429 omnis
2936 5370 3151 5427 animus
3207 5381 3308 5435 est,
3374 5389 3498 5428 cum
3576 5379 3660 5433 vis

2090 5498 2194 5551 est,
2221 5487 2436 5558 πνεῦμα
2473 5497 2528 5542 et
2555 5487 2744 5558 ὄνομα,
2773 5501 2934 5540 sensu
2967 5484 3167 5558 _omn_is_
3194 5486 3334 5558 apud
3363 5486 3657 5558 Eusebium

2091 5554 2444 5628 perturbatus
2475 5567 2603 5628 erat
2634 5554 2851 5626 {bvopa
2893 5555 3037 5610 enim
3095 5554 3283 5622 initio,
3331 5557 3547 5628 πνεῦμα
3601 5562 3655 5613 in

2092 5626 2197 5685 iine
2225 5626 2448 5680 membri
2474 5627 2765 5696 legebatur.

2163 5696 2270 5767 (60)
2309 5692 2625 5767 Ὀνοματὰ
2650 5698 2862 5749 πάντα.
2893 5692 3084 5759 Recte;
3115 5709 3222 5749 non
3251 5696 3488 5767 ὀνόματα
3522 5698 3658 5750 πάν--

2090 5784 2178 5832 τα,
2211 5765 2268 5821 ut
2297 5767 2436 5836 apud
2470 5765 2760 5819 Plotinum.
