4132 6426
473 337 611 396 1359

471 451 717 519 quaedam
799 453 869 506 sit
949 453 1316 510 inauimorum

469 543 633 613 827
668 552 721 598 et
756 557 932 599 tamen
960 546 1208 616 spiritum
1231 547 1282 600 id
1308 547 1449 617 quod
1480 557 1630 602 certo
1665 563 1723 602 se
1747 547 1910 601 modo
1935 548 2032 601 lia-

471 636 596 691 beat
629 652 748 693 esse
776 639 972 707 velint;
1016 640 1119 694 hoc
1150 642 1324 710 ipsum
1360 641 1602 711 quidem,
1626 652 1768 695 certo
1798 658 1852 694 se
1877 641 2032 695 modo

469 725 698 791 habens,
753 729 856 784 hoc
901 738 984 785 est
1050 731 1379 801 peculiarem
1424 733 1574 786 illam
1627 732 2036 795 habitudinem.

467 827 562 872 aut
580 819 785 890 aliquid
813 837 933 878 esse
966 823 1150 879 dicant
1176 839 1400 879 necesse
1428 835 1512 880 est
1531 865 1546 890 ,
1572 835 1665 880 aut
1710 825 1935 879 omnino
1964 823 2041 878 ni-

467 908 563 962 hil.
597 907 654 963 Si
684 910 841 979 nihil,
867 912 1092 982 spiritus
1127 929 1256 985 ergo
1287 915 1439 969 solus
1479 931 1604 970 vere
1635 923 1740 980 est,
1775 915 1906 970 illud
1940 930 2040 969 au-

467 1004 572 1052 tem
601 1008 748 1054 certo
779 1015 838 1055 se
868 1002 1031 1057 modo
1068 1002 1274 1059 habens
1295 1046 1309 1070 ,
1343 1020 1576 1060 vacuum
1621 1012 1675 1059 et
1726 1005 1890 1059 iuaue
1934 1019 2036 1058 no-

466 1105 608 1144 men.
658 1089 734 1144 Ex
766 1107 876 1162 quo
910 1094 1136 1163 proinde
1180 1096 1462 1166 sequitur,
1493 1097 1572 1151 uti
1614 1104 1808 1166 prazter
1866 1105 2040 1150 mate-

464 1179 602 1233 riam
627 1180 775 1236 aliud
802 1182 940 1237 nihil
966 1198 1087 1240 esse
1116 1183 1336 1252 dicant,
1368 1193 1536 1254 atque
1564 1184 1638 1239 ita
1660 1194 1714 1238 et
1748 1185 1992 1238 animum
2019 1225 2032 1251 ,

460 1274 517 1320 et
551 1265 749 1336 Deum,
775 1282 828 1324 et
857 1279 1049 1326 caetera
1111 1288 1336 1344 prorsus
1379 1274 1564 1329 omnia
1603 1275 1986 1329 nominetenus
2019 1317 2033 1342 ,

464 1357 715 1426 spiritum
747 1363 965 1432 proprie
998 1363 1173 1419 solum
1234 1366 1514 1422 exsistere.
1555 1368 1622 1422 At
1671 1368 1717 1422 si
1772 1368 2035 1423 habitudo

463 1450 554 1506 illa
585 1469 772 1509 verum
812 1456 1016 1526 aliquid
1048 1468 1164 1526 cst,
1202 1468 1256 1514 et
1303 1460 1371 1514 ab
1409 1476 1474 1515 eo
1523 1459 1667 1531 quod
1709 1461 2033 1532 subjicitur,

462 1545 704 1616 adeoque
731 1563 760 1601 a
787 1550 1011 1604 materia
1039 1551 1155 1620 ipsa
1177 1551 1452 1607 diversum
1470 1594 1484 1618 ,
1509 1553 1656 1622 quod
1688 1567 1812 1607 cum
1837 1553 1892 1607 in
1917 1568 2037 1607 ma-

464 1640 596 1694 teria
630 1641 733 1708 sit,
779 1645 1016 1699 materia:
1048 1654 1226 1699 tamen
1260 1660 1454 1716 expers
1485 1654 1742 1711 maneat,
1778 1655 2035 1717 propter-

1128 339 1398 394 EUSEBII
1439 336 1921 394 CAISARIENSIS
1958 336 2107 392 OPP.
2152 336 2330 390 PARS
2369 338 2430 391 ll.
2472 370 2537 378 —
2573 339 3075 396 APOLOGETICA.

1401 455 1692 525 spirituum
1782 454 1994 509 inﬁnita
2024 499 2026 508 ι

2145 471 2246 519 σις,
2275 456 2369 508 καὶ
2402 455 2528 507 ἄλλο
2554 458 2707 526 παρὰ
2734 454 2795 508 τὸ
2819 456 3196 527 ὑποκείμενον,
3228 459 3324 512 καὶ
3344 458 3443 529 τὴν
3477 457 3630 532 ὔλην,
3662 463 3720 514 ὲν

3581 348 3721 402 1560

2142 544 2240 617 ὕλῃ
2267 545 2386 615 μὲν,
2423 545 2582 600 ἄῦλον
2608 546 2665 598 δὲ
2691 545 2840 611 αὐτὸ,
2878 546 2955 616 τῷ
2972 548 3082 616 (61)
3110 548 3183 619 μὴ
3207 548 3368 602 πάλιν
3400 551 3718 618 συγκεῖσθαι

2139 638 2198 705 ἐξ
2225 638 2372 710 ὔλης·
2411 638 2568 706 λόγος
2597 638 2661 690 ἂν
2695 639 2779 708 εἴη
2822 657 2927 703 τις,
2957 641 3048 692 καὶ
3103 641 3162 692 οὐ
3197 641 3376 710 σῶμα,
3431 642 3526 696 καὶ
3559 641 3720 710 φύσις

2139 731 2319 802 ἑτέρα.
2359 732 2478 783 Ἔτι
2498 731 2553 784 δὲ
2583 731 2677 784 καὶ
2704 732 2768 783 ὲκ
2790 730 2954 783 τῶνδε
2985 731 3097 802 (62)
3150 733 3247 802 οὐχ
3278 729 3439 804 ἦττον
3471 733 3720 802 φαίνεται

2139 824 2392 878 ἀδύνατον
2414 823 2494 887 ὃν,
2524 821 2620 892 τὴν
2645 821 2820 893 ψυχὴν
2854 818 2993 877 εἶναι
3053 821 3213 891 σῶμα
3257 823 3454 876 ότιοῦν.
3493 825 3565 875 Ἦ
3611 822 3721 894 γὰρ

2139 914 2340 988 θερμόν
2369 915 2569 985 ἐστινῆ
2594 914 2816 985 ψυχρὸν,
2845 913 2877 984 ἢ
2911 913 3142 984 σκληρὸν
3178 913 3211 984 ἢ
3257 914 3518 984 μαλακὸν,
3553 914 3720 986 ὑγρόν

2137 1026 2195 1062 τε
2229 1009 2261 1079 ἢ
2298 1007 2564 1078 πεπηγὸς,
2620 1007 2786 1078 μέλαν
2817 1023 2875 1058 τε
2923 1007 2957 1076 ἢ
3004 1006 3214 1072 λευκὸν,
3258 1009 3353 1060 καὶ
3398 1008 3575 1061 πάντα
3618 1009 3720 1060 ὅσα

2138 1101 2420 1170 ποιότητες
2455 1099 2720 1170 σωμάτων
2749 1096 2904 1151 ἄλλαι
2939 1099 2997 1150 ὲν
3028 1097 3225 1160 ἄλλοις.
3255 1100 3366 1151 Καὶ
3394 1100 3441 1150 εἰ
3473 1099 3570 1168 μὲν
3597 1098 3720 1170 θερ-

2140 1193 2260 1264 μὸν,
2279 1193 2435 1262 μόνον
2460 1191 2738 1262 θερμανεῖ,
2752 1189 2957 1261 ψυχρὸν
2976 1189 3033 1243 δὲ
3060 1190 3215 1260 μόνον
3237 1190 3414 1260 ψύξει,
3438 1191 3530 1242 καὶ
3545 1191 3721 1260 κοῦφα

2139 1284 2354 1354 ποίησει
2399 1282 2461 1336 τὸ
2512 1280 2713 1350 κοῦφον
2759 1280 3191 1352 προσγενόμενον
3221 1279 3315 1332 καὶ
3373 1280 3567 1350 παρὸν,
3627 1281 3721 1334 καὶ

2140 1374 2359 1446 βαρυνεϊ
2379 1373 2440 1426 τὸ
2472 1373 2631 1444 βαρὺ,
2662 1371 2756 1425 καὶ
2785 1371 3007 1443 μελανεῖ
3019 1371 3079 1423 τὸ
3110 1371 3297 1442 μέλαν,
3325 1370 3420 1422 καὶ
3446 1371 3506 1422 τὸ
3527 1369 3719 1423 λευκὸν

2137 1467 2328 1520 λευκὸν
2362 1465 2594 1535 ποιήσειν.
2629 1464 2701 1517 Οὐ
2735 1462 2844 1534 γὰρ
2896 1461 3067 1533 πυρὸς
3119 1463 3178 1515 τὸ
3206 1461 3420 1532 ψύχειν,
3472 1461 3591 1514 οὐδὲ
3623 1460 3719 1513 τοῦ

2136 1555 2344 1629 ψυχροῦ
2372 1555 2550 1628 θερμὰ
2581 1556 2771 1608 ποιεῖν.
2815 1553 2950 1606 Ἀλλ’
2977 1554 3012 1623 ἦ
3068 1569 3130 1622 γε
3158 1551 3302 1623 ψυχὴ
3339 1552 3432 1604 κα)⁸
3459 1553 3517 1603 ὲν
3538 1551 3720 1614 ἄλλοις

2139 1647 2298 1713 ζώοις
2326 1647 2456 1702 ἄλλα
2483 1663 2543 1698 τε
2591 1646 2684 1699 καὶ
2723 1644 2858 1698 ἄλλα
2914 1646 3076 1707 ποιεῖ,
3121 1644 3216 1696 καὶ
3256 1645 3314 1694 ὲν
3341 1641 3420 1711 τῷ
3467 1641 3614 1711 αύτῷ
3661 1640 3721 1692 δὲ

461 1747 525 1787 ea
570 1733 716 1803 quod
759 1749 956 1792 rursus
983 1751 1050 1791 ex
1107 1738 1337 1793 materia
1395 1739 1761 1808 compositum
1807 1738 2026 1793 minime

2137 1739 2205 1793 τὰ
2227 1738 2460 1792 ἐναντία·
2493 1736 2562 1789 τὰ
2597 1736 2694 1808 μὲν
2733 1734 3034 1806 πηγνοῦσα,
3063 1733 3131 1787 τὰ
3158 1734 3215 1787 δὲ
3242 1732 3461 1804 χέουσα,
3514 1733 3608 1785 καὶ
3650 1731 3719 1784 τὰ

459 1828 530 1883 sit
560 1847 572 1882 :
603 1844 804 1899 corpus
836 1831 1026 1901 utique
1071 1847 1180 1886 non
1207 1839 1325 1897 est,
1364 1831 1458 1887 sed
1505 1833 1672 1896 ratio,
1704 1831 2026 1901 corporique

2142 1831 2238 1902 μὲν
2289 1828 2489 1893 πυκνὰ,
2541 1829 2610 1882 τὰ
2665 1828 2722 1881 δὲ
2771 1827 2959 1898 ἀραιὰ,
3014 1825 3238 1898 μέλανα,
3291 1823 3482 1886 λευκὰ,
3517 1823 3718 1892 κοῦφα,

460 1931 658 1975 natura
689 1921 994 1978 dissimilis.
1032 1921 1301 1978 Praeterea
1329 1939 1495 1994 quam
1549 1923 1766 1978 animus
1818 1921 2026 1976 nullum

2141 1922 2313 1994 βαρέα
2339 1922 2585 1975 ποιοῦσα.
2622 1921 2812 1973 Καίτοι
2847 1919 2905 1975 ἓν
2959 1919 3064 1972 ἔδει
3107 1921 3300 1982 ποιεῖν,
3329 1916 3470 1970 κατὰ
3493 1915 3592 1986 τὴν
3623 1912 3718 1966 τοῦ

457 2013 684 2069 omnino
707 2029 907 2086 corpus
939 2031 1061 2071 esse
1098 2017 1306 2086 possit,
1332 2016 1416 2070 vel
1442 2016 1567 2070 inde
1611 2015 1793 2086 quivis
1827 2014 2026 2070 intelli-

2140 2014 2390 2086 σώματος
2417 2014 2676 2085 ποιότητά
2707 2030 2766 2066 τε
2795 2013 2896 2084 τὴν
2926 2011 3114 2083 ἄλλην,
3159 2009 3254 2062 καὶ
3303 2007 3489 2080 χρόαν·
3525 2006 3619 2061 νῦν
3662 2007 3720 2060 δὲ

455 2116 582 2177 gat:
617 2117 711 2162 aut
734 2109 880 2163 enim
909 2108 1144 2164 calidum
1166 2117 1248 2165 est
1275 2119 1366 2164 aut
1389 2109 1681 2180 frigidum,
1710 2109 1909 2164 durum
1936 2115 2034 2162 aut
2138 2105 2326 2160 πολλά.

456 2204 639 2270 molle,
669 2205 954 2260 humidum
984 2213 1436 2271 autconcretum,
1482 2207 1699 2276 nigrum
1754 2214 1847 2260 aut
1909 2203 2115 2268 album,
2159 2216 2223 2256 ac
2256 2199 2466 2256 caeteris
2504 2199 2557 2253 id
2597 2215 2769 2270 genus
2808 2198 3092 2268 praeditum
3148 2196 3537 2267 qualitatibus,
3597 2210 3722 2264 quae

455 2298 577 2352 aliae
603 2297 809 2368 passim
858 2297 915 2350 in
946 2297 1067 2351 aliis
1117 2311 1238 2352 esse
1291 2297 1487 2352 solent.
1541 2295 1665 2351 Jam
1703 2297 1751 2352 si
1779 2294 2016 2352 calidum
2054 2292 2179 2358 erit,
2238 2290 2617 2346 tantummodo
2647 2290 2972 2357 calefaciet;
3035 2288 3414 2360 refrigerabit,
3452 2288 3498 2342 si
3565 2286 3720 2358 frigi—

458 2391 626 2458 dum;
661 2391 708 2447 si
735 2391 854 2446 leve
882 2430 898 2457 ,
936 2390 1209 2446 levitatem
1241 2390 1430 2445 aﬂ‘eret
1468 2391 1779 2460 ubicunque
1809 2389 2021 2454 aderit;
2064 2387 2109 2440 si
2145 2401 2308 2456 grave
2332 2427 2346 2451 ,
2406 2385 2765 2457 gravitatem;
2807 2384 3058 2453 nigrore,
3103 2381 3149 2438 si
3197 2381 3452 2452 nigrum;
3489 2383 3534 2436 si
3582 2396 3717 2436 can-

456 2485 684 2552 didum,
749 2482 988 2540 candore
1031 2481 1279 2539 similiter
1331 2482 1547 2542 adiciet.
1593 2481 1705 2539 Nec
1746 2483 1892 2538 enim
1937 2491 2030 2537 aut
2066 2481 2207 2551 ignis
2236 2489 2351 2548 est,
2383 2479 2676 2550 frigidum,
2724 2486 2818 2532 aut
2863 2476 3044 2548 frigidi
3078 2476 3316 2532 calidum
3344 2475 3575 2531 eilicere.
3619 2479 3720 2530 At-

454 2579 548 2650 qui
578 2580 827 2644 animus,
853 2593 977 2634 cum
1011 2576 1068 2631 in
1106 2576 1336 2632 diversis
1389 2577 1760 2632 animantibus
1825 2577 1930 2631 alia
1969 2584 2130 2645 atque
2169 2574 2272 2628 alia
2321 2572 2546 2639 elliciat,
2581 2581 2694 2626 tum
2734 2572 2895 2626 etiam
2950 2571 3004 2624 in
3071 2586 3181 2625 uno
3243 2571 3546 2640 eodemque
3587 2585 3718 2625 con-

457 2672 662 2726 traria:
688 2671 851 2727 modo
872 2671 1018 2726 enim
1045 2671 1221 2740 cogit,
1253 2669 1417 2725 modo
1483 2668 1762 2740 liquefacit
1791 2687 1804 2723 :
1833 2671 2061 2724 densum
2099 2667 2305 2738 aliquid
2341 2667 2599 2736 aliudque
2633 2681 2820 2719 rarum
2843 2705 2856 2729 ,
2894 2665 3113 2735 nigrum
3175 2665 3310 2727 hoc,
3343 2663 3477 2718 illud
3509 2663 3718 2729 album,

454 2765 602 2820 aliud
648 2765 800 2832 leve,
856 2780 1018 2837 grave
1065 2763 1212 2820 aliud
1256 2763 1418 2820 eﬂicit
1478 2783 1492 2819 :

1549 2779 1783 2834 cumque
1827 2777 1928 2834 pro
1991 2763 2211 2818 diverso
2268 2761 2513 2831 corporis
2573 2760 2789 2827 colore,
2854 2759 3090 2829 aliisque
3139 2759 3391 2814 similiter
3443 2759 3720 2830 qualitati-

457 2858 560 2913 bus
579 2897 596 2923 ,
631 2873 801 2912 unum
827 2857 1095 2912 duntaxat
1119 2855 1324 2926 aliquid
1351 2855 1564 2911 edicere
1595 2855 1837 2920 deberet,
1859 2854 2028 2908 multa
2067 2852 2230 2908 simul
2255 2858 2531 2920 operatur.

530 2969 550 3004 ι
581 2949 760 3007 Motus
784 2966 910 3007 vero
939 2960 1049 3006 tam
1076 2951 1402 3022 multiplices
1427 2958 1592 3021 atque
1616 2951 1883 3016 diversos,
1907 2965 2017 3005 non

454 3043 690 3112 aliquem
717 3041 982 3096 duntaxat
1010 3056 1180 3096 unum
1207 3084 1220 3106 ,
1257 3040 1352 3110 qui
1383 3041 1600 3096 tandem
1637 3055 1750 3094 una
1776 3040 2023 3110 cujusvis

2200 2947 2340 3009 «Τὰς
2373 2945 2429 2999 δὲ
2459 2945 2524 3016 δὴ
2559 2945 2804 3016 κινήσεις
2830 2943 2948 3008 πῶς
2979 2944 3294 3016 διαφόρους,
3329 2943 3445 2998 ἀλλ’
3471 2945 3533 2997 οὗ
3567 2944 3720 3016 μίαν,

2132 3039 2259 3108 μιᾶς
2275 3035 2440 3106 οὔσης
2473 3033 2672 3097 παντὸς
2703 3033 2952 3103 σώματος
2975 3035 3276 3104 κινήσεως;
3311 3034 3374 3087 Εἰ
3408 3034 3464 3087 δὲ
3490 3032 3598 3087 τῶν
3618 3035 3721 3103 μὲν

453 3135 508 3189 in
537 3133 781 3202 corporis
811 3132 1050 3187 motione
1071 3131 1396 3187 defendent?
1420 3129 1555 3187 Nam
1579 3131 1626 3186 si
1668 3146 1862 3187 eorum
1894 3147 2026 3186 cau-

2131 3126 2502 3198 προαιρέσεις,
2529 3125 2636 3179 τῶν
2668 3125 2725 3179 δὲ
2777 3125 2968 3194 λόγους
3017 3125 3372 3188 αἰτιάσονται,
3415 3125 3591 3197 ὀρθῶς
3621 3126 3722 3196 μὲν

453 3241 576 3292 sas,
611 3226 809 3296 partim
835 3225 1164 3290 electiones,
1217 3225 1417 3294 partim
1464 3233 1810 3293 antegressas
1857 3239 2028 3294 quas-

451 3318 576 3372 dam
613 3317 855 3370 rationes
885 3328 1005 3370 esse
1037 3314 1442 3384 respondebunt
1462 3331 1476 3380 ;
1500 3313 1668 3383 probe
1697 3313 1753 3368 id
1776 3311 2024 3382 quidem.

451 3407 522 3461 At
551 3405 793 3474 corporis
826 3404 990 3460 unius
1027 3403 1328 3471 praesertim
1353 3417 1417 3458 ac
1439 3403 1704 3472 simplicis
1766 3418 1868 3458 nec
1911 3402 2025 3457 ele-

453 3496 598 3562 ctio,
628 3510 728 3550 nec
770 3495 998 3549 diversae
1034 3493 1138 3548 illa:
1188 3493 1433 3549 rationes
1467 3495 1702 3564 propriae
1735 3493 2028 3564 suntquod

451 3586 719 3653 ejusmodi
744 3587 974 3642 rationis
999 3587 1223 3642 omnino
1273 3587 1408 3641 nihil
1436 3587 1664 3653 habeat,
1698 3587 1806 3641 nisi
1856 3602 2028 3656 quan-

454 3687 567 3733 tum
601 3678 670 3732 ab
695 3693 760 3734 eo
791 3678 1093 3748 acceperit,
1125 3693 1157 3733 a
1208 3692 1318 3748 quo
1349 3677 1434 3732 vel
1475 3677 1712 3732 calidum
1763 3677 1848 3732 vel
1880 3675 2030 3747 frigi-

452 3771 582 3824 dum
618 3769 866 3826 effectum
891 3778 992 3826 est.
1028 3769 1192 3825 Certo
1216 3769 1436 3840 quidem
1459 3777 1512 3824 et
1539 3768 1714 3839 spatio
1741 3769 2024 3838 temporis,

453 3872 508 3917 et
531 3877 800 3918 mensurae
834 3863 996 3919 modo
1032 3877 1268 3934 augere,
1299 3876 1410 3932 quo
1446 3869 1606 3932 pacto
1643 3861 1860 3931 corpori
1895 3875 2026 3916 con-

451 3954 668 4009 veniat?
693 3954 876 4025 augeri
931 3955 1076 4009 enim
1123 3955 1296 4024 ipsius
1327 3962 1448 4023 est,
1497 3954 1732 4024 augendi
1787 3953 1896 4007 vim
1929 3968 2027 4024 per

453 4063 573 4103 sese
597 4049 800 4102 nullam
833 4047 1024 4114 habet,
1055 4048 1151 4104 sed
1185 4057 1392 4104 tantum
1417 4056 1688 4118 quatenus
1733 4063 1852 4102 eam
1899 4062 2024 4102 cum

451 4141 570 4210 ipso
601 4140 819 4195 animus
843 4140 899 4194 in
926 4139 1166 4194 materiae
1189 4154 1304 4194 sure
1327 4140 1470 4194 mole
1491 4138 1864 4193 communicat
1889 4177 1906 4204 ,
1934 4136 2025 4191 cui

449 4245 545 4301 per
576 4247 634 4287 sc
667 4233 1062 4287 incrementum
1087 4230 1218 4286 illud
1236 4229 1484 4285 eﬂicienti
1510 4229 1890 4284 administram
1922 4242 2024 4280 na-

447 4331 539 4375 vat
571 4337 810 4392 operam.
857 4321 1068 4376 Etenim
1126 4321 1173 4376 si
1211 4330 1266 4376 et
1308 4334 1508 4390 corpus
1560 4325 1708 4374 esset
1764 4317 2020 4382 animus,

448 4411 618 4481 828
649 4411 901 4481 idemque
923 4411 1086 4466 simul
1111 4417 1366 4480 augeret,
1403 4424 1527 4463 cum
1568 4416 1631 4463 ut
1661 4416 1824 4462 aucto
1847 4407 1898 4461 vi
1923 4421 2022 4462 sua

2129 3215 2307 3269 τοῦτο·
2340 3215 2453 3269 ἀλλ’
2488 3217 2549 3268 οὑ
2603 3214 2855 3286 σώματος
2885 3217 2918 3286 ἡ
2953 3215 3287 3287 προαίρεσις,
3332 3217 3450 3269 οὐδὲ
3477 3219 3525 3270 οἰ
3571 3217 3722 3286 λόγοι

2127 3307 2370 3379 διάφοροί
2391 3325 2453 3376 γε
2483 3307 2632 3372 ὄντες
2655 3307 2773 3371 ἑνὸς
2806 3307 2958 3371 ὄντος
2993 3307 3086 3361 καὶ
3123 3307 3292 3361 ἀπλοῦ
3323 3307 3416 3360 τοῦ
3445 3307 3718 3380 σώματος,

2128 3401 2222 3454 καὶ
2254 3401 2312 3454 οὔ
2346 3399 2507 3471 μετὸν
2539 3401 2687 3472 αὐτῷ
2732 3400 2973 3454 τοιούτου
3032 3418 3095 3470 γε
3143 3402 3324 3470 λόγου,
3368 3402 3401 3473 ἢ
3450 3404 3573 3466 ὅσος
3608 3403 3718 3474 (65)

2126 3491 2332 3545 δέδοται
2359 3491 2504 3562 αὐτῷ
2556 3491 2708 3563 παρὰ
2755 3491 2849 3544 τοῦ
2885 3493 3208 3563 ποιήσαντος
3249 3493 3451 3565 θερμὸν
3506 3495 3636 3548 αὐτὸ
3682 3495 3720 3566 ἢ

2126 3583 2334 3655 ψυχρὸν
2374 3579 2534 3636 εἶναι.
2590 3581 2663 3635 Τὸ
2705 3582 2762 3635 δὲ
2791 3584 2882 3636 καὶ
2936 3584 2993 3636 ὲν
3026 3585 3203 3656 χρόνῳ
3237 3584 3348 3657 (64)
3385 3586 3589 3654 αὔξειν,
3624 3588 3719 3641 καὶ

2131 3675 2291 3746 μέχρι
2323 3673 2576 3726 τοσούτου
2607 3673 2827 3745 μέτρου,
2869 3675 3030 3728 πόθεν
3057 3677 3124 3730 ἂν
3162 3678 3240 3749 τῷ
3300 3678 3510 3749 σώματι
3567 3681 3720 3753 αὐτῷ

2125 3766 2369 3834 γένοιτο;
2405 3760 2449 3834 ᾧ
2477 3770 2740 3841 προσήκει
2767 3769 2866 3840 μὲν
2900 3768 3177 3835 αὔξεσθαι,
3224 3771 3374 3842 αὔτῷ
3402 3771 3460 3824 δὲ
3503 3774 3717 3847 ἀμοίρῳ

2126 3858 2218 3912 τοῦ
2253 3858 2436 3924 αὔξειν
2496 3857 2656 3925 εἶναι,
2708 3861 2740 3932 ἢ
2801 3863 2924 3915 ὅσον
2968 3864 3351 3936 παραληφθείη
3387 3865 3454 3919 ἂν
3494 3868 3552 3920 ἐν
3585 3868 3717 3937 ὔλης

2125 3949 2292 4021 ὄγκῳ,
2325 3950 2629 4022 ὑπηρετοῦν
2654 3952 2729 4022 τῷ
2747 3953 2990 4006 διἀὔτοῦ
3020 3953 3117 4026 τὴν
3140 3954 3307 4023 αὔξην
3335 3954 3714 4027 ἐργαζομένῳ.

2125 4043 2237 4096 Καὶ
2273 4041 2382 4114 γὰρ
2436 4045 2484 4095 εἰ
2517 4046 2549 4114 ὴ
2581 4044 2725 4115 ψυχὴ
2770 4045 2928 4116 σῶμα
2985 4043 3122 4100 οὖσα
3152 4045 3324 4112 αὔξοι,
3381 4048 3594 4120 ἀνάγκη
3622 4050 3718 4102 καὶ

2125 4132 2292 4204 αὐτὴν
2320 4130 2597 4200 αὔξεσθαι,
2623 4135 2912 4207 προσθήκῃ
2942 4137 3185 4208 δηλονότι
3214 4136 3405 4206 ὁμοίου
3438 4136 3714 4208 σώματος,

2124 4225 2172 4276 εἰ
2201 4223 2380 4294 μέλλει
2403 4227 2483 4287 εἰς
2511 4226 2625 4278 ἴσον
2679 4227 2814 4279 ἰέναι
2836 4227 2913 4297 τῷ
2945 4227 3228 4298 αὐξομένῳ
3254 4229 3346 4281 ὑπ’
3382 4229 3571 4300 αὐτῆς.
3604 4231 3716 4283 Καὶ

2123 4316 2156 4386 ἢ
2191 4314 2335 4387 ψυχὴ
2359 4315 2512 4369 ἔσται
2536 4316 2596 4369 τὸ
2627 4317 3073 4389 προστιθέμενον,
3099 4317 3132 4389 ἢ
3161 4318 3366 4389 ἄψυχον
3406 4319 3585 4390 σῶμα.
3604 4322 3715 4374 Καὶ

2126 4407 2298 4477 εἰμὲν
2352 4405 2518 4477 ψυχὴ,
2575 4407 2740 4461 πόθεν
2790 4411 2885 4462 καὶ
2941 4409 3060 4472 πῶς
3114 4409 3408 4480 εἰσιούσης,
3467 4413 3562 4464 καὶ
3597 4411 3713 4475 πῶς

448 4499 662 4568 corpori
686 4514 784 4569 par
806 4513 928 4553 esse
955 4509 1176 4568 posset,
1209 4512 1315 4551 una
1345 4496 1589 4567 profecto
1622 4496 1818 4552 similis
1837 4510 2023 4550 acces-

2131 4499 2586 4571 προστιθεμένης
2618 4501 2664 4553 εἰ
2690 4500 2746 4553 δὲ
2783 4501 2989 4572 ἄψυχον
3033 4502 3096 4555 τὸ
3121 4503 3546 4575 προστιθέμενον
3569 4503 3709 4575 (65),

447 4590 604 4644 sione
635 4589 878 4658 corporis
913 4589 1100 4659 augeri
1134 4603 1356 4646 necesse
1379 4597 1549 4644 esset.
1585 4586 1742 4654 Quod
1763 4601 1926 4656 porro
1952 4585 2020 4640 ad

446 4699 568 4739 eam
605 4680 916 4747 accederet,
975 4681 1026 4736 id
1068 4691 1162 4736 aut
1211 4683 1427 4738 animus
1481 4680 1668 4735 itidem
1700 4687 1879 4746 esset,
1927 4687 2022 4732 aut

445 4787 650 4843 corpus
679 4771 1002 4827 inanimum.
1039 4768 1096 4825 Si
1131 4771 1348 4826 animus
1371 4811 1387 4837 ,
1421 4769 1565 4824 unde
1608 4769 1693 4822 vel
1747 4767 2022 4838 quomodo

444 4875 540 4920 aut
570 4864 812 4920 illabitur
833 4902 848 4928 ,
867 4873 960 4919 aut
988 4862 1241 4918 additur?
1272 4862 1366 4917 Sin
1394 4861 1578 4916 animo
1607 4869 1827 4926 careat,
1875 4874 2009 4930 quo-

447 4957 612 5014 modo
659 4965 756 5011 aut
815 4955 967 5010 illum
1008 4956 1269 5026 accipiet,
1323 4964 1415 5008 aut
1463 4952 1634 5023 priori
1679 4951 2020 5006 consentiet?

449 5049 726 5120 quomodo
755 5064 879 5104 cum
901 5048 1091 5103 eodem
1122 5055 1177 5101 et
1202 5060 1373 5100 unum
1401 5043 1532 5115 quid
1572 5041 1764 5098 eiliciet
1784 5083 1800 5108 ,
1829 5051 1883 5096 et
1916 5042 2016 5097 iis-

446 5143 569 5196 dem
611 5141 665 5196 in
695 5141 980 5197 sententiis
1028 5137 1376 5210 acquiescet?
1409 5153 1473 5192 ac
1511 5151 1624 5190 non
1676 5134 1862 5206 potius
1895 5143 2019 5189 tan—

445 5248 608 5301 quam
642 5233 842 5304 hospes
871 5233 1095 5303 quidam
1124 5240 1179 5286 et
1206 5230 1556 5302 peregrinus,
1592 5245 1716 5300 qua:
1754 5229 1903 5298 prior
1928 5227 2018 5282 ille

447 5331 708 5388 noverat,
759 5322 1074 5394 ignorabit:
1107 5330 1162 5377 et
1206 5318 1666 5390 quemadmodum
1728 5319 1786 5372 in
1823 5327 2018 5373 castera

516 5497 628 5570 (6i)
657 5498 731 5551 Δὲ
759 5494 925 5563 adad,
955 5497 1053 5566 τῷ.
1081 5497 1138 5554 ld
1163 5513 1229 5570 ea
1250 5497 1466 5552 Plotino
1489 5493 1861 5570 supplevimus
1883 5509 1897 5557 ;
1922 5488 2017 5546 οὖν

443 5568 976 5638 (ιιιοάεθίιυθωωιο,
1019 5585 1086 5624 ex
1133 5569 1324 5624 eodem
1375 5568 1740 5638 expuuximus
1785 5583 1800 5619 :
1835 5573 1886 5619 et
1928 5579 2017 5619 se-

441 5636 630 5708 quenti
666 5636 829 5700 linea,
861 5640 956 5693 καὶ
986 5639 1071 5702 οὑ,
1094 5655 1159 5708 ex
1182 5639 1372 5693 eodem
1401 5636 1731 5708 addidimus.

516 5707 624 5780 (62)
648 5708 856 5780 Καίίὲκ
885 5709 1090 5765 τῶνδε.
1119 5707 1258 5766 A-nte
1289 5708 1590 5780 legebatur,
1623 5705 1718 5761 καὶ
1746 5702 1913 5776 οὔσης
1949 5705 2015 5758 ἐκ

443 5778 631 5844 τῶνδε,
667 5779 814 5836 nullo
843 5794 1028 5835 sensu.

2131 4591 2249 4654 πῶς
2281 4591 2440 4644 τοῦτο
2470 4590 2813 4662 ψυχὼσεται,
2839 4594 2934 4647 καὶ
2956 4594 3035 4664 τῷ
3062 4595 3297 4666 πρόσθεν
3326 4597 3714 4668 όμογνωμονή-

2130 4697 2232 4745 σει,
2268 4681 2360 4734 καὶ
2393 4681 2451 4734 ἓν
2479 4681 2652 4746 ἔσται,
2690 4683 2781 4735 καὶ
2808 4682 2917 4736 τῶν
2974 4684 3155 4740 αὐτῶν
3204 4685 3371 4752 δοξῶν
3417 4689 3482 4758 τῇ
3519 4685 3715 4760 πρώτῃ

2132 4770 2531 4841 μεταλήψεται;
2577 4771 2714 4823 Ἀλλ’
2733 4771 2831 4841 οὔχ
2859 4771 3047 4844 ὥσπερ
3079 4772 3204 4844 ξένη
3237 4775 3371 4845 (66),
3403 4775 3550 4847 ψυχὴ
3571 4775 3712 4847 αὔτη

2128 4859 2193 4912 ὲν
2217 4862 2409 4932 ἀγνοίᾳ
2440 4862 2592 4915 ἔσται
2619 4857 2693 4916 ὧν
2727 4866 2760 4934 ἡ
2793 4863 2958 4936 ἑτέρα
2985 4861 3112 4917 οἶδε·
3147 4867 3240 4919 καὶ
3270 4866 3460 4939 ὥσπερ
3492 4871 3520 4921 ό
3553 4867 3714 4931 ἄλλος

2126 4951 2288 5021 ὄγκος
2315 4952 2491 5024 ἡμῶν,
2512 4954 2573 5006 τὸ
2623 4955 2721 5024 μέν
2752 4973 2804 5008 τι
2829 4957 3227 5029 ἀπορῤεύσεται
3262 4959 3451 5024 αὐτοῦ,
3482 4960 3542 5013 τὸ
3572 4960 3630 5013 δέ
3658 4978 3713 5013 τι

2128 5043 2569 5115 προσελεύσεται,
2605 5045 2757 5098 οὐδὲν
2809 5047 2864 5100 δὲ
2921 5048 3074 5102 ἔσται
3125 5049 3186 5101 τὸ
3246 5051 3410 5116 αὐτό;
3459 5051 3584 5114 Πῶς
3616 5049 3711 5105 οὖν

2127 5135 2256 5204 ἡμῖν
2284 5136 2339 5187 αἰ
2373 5135 2615 5205 μνῆμαι;
2644 5137 2768 5200 Πῶς
2795 5137 2851 5189 δὲ
2877 5141 2911 5208 ἡ
2940 5138 3139 5208 γνῶσις
3171 5141 3406 5208 οἰκείων,
3453 5143 3712 5197 οὐδέποτε

2124 5229 2190 5298 τῇ
2243 5227 2378 5297 αὐτῇ
2413 5226 2557 5298 ψυχῇ
2594 5229 2923 5299 χρωμένων;
2978 5232 3090 5284 Καὶ
3147 5232 3246 5302 μὲν
3275 5235 3324 5285 εἰ
3367 5233 3527 5304 σῶμα
3566 5237 3705 5300 ἐστι,

2126 5320 2286 5390 φύσις
2309 5320 2366 5374 δὲ
2398 5321 2649 5392 σώματος
2698 5321 3053 5394 μεριζομένου
3114 5326 3194 5389 εἰς
3249 5325 3438 5391 πλείω,
3480 5327 3710 5382 ἕκαστον

2193 5495 2306 5565 (65)
2335 5493 2376 5565 ξ’
2381 5501 2499 5548 orte
2527 5496 2672 5547 ὅσον.

2335 5563 2558 5636 Ριλοιὶιιη
2583 5565 2814 5636 χρόνοις.

2193 5631 2307 5704 (65)
2340 5633 2409 5687 Τὸ
2438 5631 2921 5705 προστιθέμενον.
2965 5631 3037 5690 Ex
3068 5636 3283 5692 Plotino
3314 5639 3556 5694 additum
3579 5646 3702 5704 est;

2123 5704 2407 5793 ὲιξίύχὲιρτειν
2429 5716 2851 5793 verq‘mt'i‘tatum
2881 5709 2933 5760 in
2962 5707 3293 5793 ψυχώοσεται.

2195 5774 2306 5846 (66)
2330 5774 2507 5844 Ξένη.
2541 5776 2618 5830 Ita
2650 5774 3082 5844 Plotiu.,noi18é
3107 5780 3161 5848 ή.
