4132 6400
410 367 534 424 1561

1589 369 1909 424 ΡΒᾸΞΡΑΒ.
1942 368 2192 423 EVANG.
2224 370 2348 425 LIB.
2389 370 2501 426 XV.

3532 379 3556 432 1
3566 380 3672 434 562

405 487 482 558 μὴ
508 488 569 540 τὸ
602 488 732 541 αὐτὸ
754 483 893 541 εἶναι
929 489 1033 541 τῶν
1067 489 1249 561 μερᾶΝ
1296 489 1372 560 τῷ
1401 489 1525 560 ὅλῳ·
1560 491 1607 542 εί
1638 489 1852 542 τοσόνδε
1897 490 1972 560 μέ·

2092 493 2337 562 corporis
2371 494 2543 548 nostri
2569 494 2709 550 mole
2730 496 3016 558 usuvenit,
3067 513 3196 568 pars
3246 498 3348 568 ipsi
3377 498 3484 554 alia
3527 495 3670 553 dila~

401 579 561 648 γεθος
581 580 748 651 ψυχὴ,
779 581 807 632 ὅ
829 581 895 634 ἂν
926 582 1144 634 ἔλαττον
1175 577 1232 652 ᾗ,
1259 581 1404 652 ψυχὴ
1439 582 1537 634 οὐκ
1591 580 1764 643 ἔσται,
1798 581 1987 654 ὥσπερ

402 673 508 724 πᾶν
533 671 716 735 ποσὸν,
741 673 1046 743 ἀφαιρέσει,
1064 672 1157 725 τοῦ
1181 667 1322 725 εἶναι
1353 673 1412 725 τὸ
1443 671 1677 743 πρόσθεν
1702 671 1985 742 ἠλλάξατο.

401 766 464 818 Ei
497 765 553 818 δέ
579 784 628 819 τι
651 766 758 820 τῶν
789 766 1018 836 μέγεθος
1047 767 1299 837 ἐχόντων,
1346 767 1436 819 τὸν
1467 766 1630 835 ὄγκον
1663 765 1982 832 ἐλαττωθὲν,

399 860 463 928 τῇ
493 859 736 929 ποιότητι
767 859 961 912 ταυτὸν
998 859 1170 929 μένει,
1287 859 1385 929 μὲν
1417 857 1596 929 σῶμα,
1631 858 1818 929 ἕτερόν
1848 860 1984 922 ἐστι,

401 944 558 1023 καὶῇ
599 951 781 1012 ποσὸν,
826 953 892 1020 τῇ
921 950 976 1002 δὲ
1030 951 1294 1020 ποιότητι,
1346 951 1511 1021 ἑτέρᾳ.
1549 953 1649 1022 τῆς
1691 951 1987 1021 ποσότητος

397 1041 552 1114 οῠσῃ,
573 1041 635 1094 τὸ
664 1042 858 1096 ταύτὸν
885 1041 1188 1105 ἀποσώζειν
1213 1041 1453 1096 δύναται.
1485 1043 1549 1096 Τί
1573 1042 1752 1095 τοίνυν
1785 1043 1987 1112 φήσου-

399 1149 482 1186 σιν
511 1134 560 1184 οἱ
587 1133 685 1204 τὴν
710 1133 886 1204 ψυχὴν
917 1133 1076 1205 σῶμα
1115 1131 1254 1189 εἶναι
1289 1134 1538 1202 λέγοντες
1568 1152 1582 1200 ;
1616 1133 1839 1206 Πρῶτον
1888 1134 1986 1206 μὲν

398 1225 536 1295 ὑπὲρ
557 1225 786 1278 ἑκάστου
818 1226 1018 1296 μέρους
1050 1227 1150 1297 τῆς
1179 1228 1358 1298 ψυχῆς
1389 1227 1488 1297 τῆς
1509 1230 1564 1279 ὲν
1593 1226 1670 1297 τῷ
1699 1225 1848 1297 αὐτῷ
1879 1225 1985 1279 σώ-

399 1330 550 1383 ματι,
581 1314 807 1384 πότερον
839 1315 1070 1369 ἕκαστον
1093 1315 1258 1387 ψυχὴ,
1307 1316 1396 1370 οἵα
1443 1316 1560 1368 ἐστὶ
1615 1317 1710 1369 καὶ
1765 1318 1799 1386 ὴ
1852 1315 1982 1384 ὅλη;

397 1406 488 1457 καὶ
513 1405 672 1458 πάλιν
704 1405 799 1458 τοῦ
838 1406 1037 1478 μέρους
1067 1407 1128 1460 τὸ
1171 1409 1368 1480 μέρος;
1412 1409 1582 1462 Οὐδὲν
1636 1409 1745 1479 ἄρα
1785 1407 1848 1461 τὸ
1898 1408 1986 1478 μέ-

395 1494 553 1563 γεθος
584 1495 939 1550 συνεϐάλλετο
976 1501 1040 1569 τῇ
1076 1499 1236 1570 οὐσία
1281 1499 1471 1569 αὐτῆς·
1507 1497 1703 1569 (καίτοι
1735 1499 1840 1551 ἔδει
1868 1498 1982 1572 (67)

394 1603 478 1655 γε,
512 1587 678 1641 ποσοῦ
715 1605 858 1652 τινος
885 1589 1083 1660 ὅντος,)
1123 1591 1218 1644 καὶ
1240 1591 1359 1645 ὅλον
1410 1590 1674 1660 πολλαχῇ,
1713 1590 1849 1660 ὅπερ
1881 1588 1985 1641 σώ-

395 1697 526 1749 ματι
564 1683 815 1752 παρεῖναι
867 1681 1148 1747 ἀδύνατον,
1189 1685 1246 1736 ὲν
1277 1682 1484 1736 πλείοσι
1512 1683 1574 1735 τὸ
1604 1681 1733 1734 αὐτὸ
1763 1681 1881 1734 ὅλον
1910 1677 1984 1734 εἶ-

391 1790 499 1835 ναι,
528 1773 621 1826 καὶ
639 1773 701 1826 τὸ
735 1775 895 1845 μέρος
927 1776 1064 1846 ὅπερ
1091 1776 1152 1829 τὸ
1185 1777 1305 1829 ὅλον
1332 1776 1620 1847 ὑπάρχειν.
1657 1775 1721 1827 El.
1761 1775 1818 1827 δὲ
1848 1775 1980 1828 ἕκα-

393 1883 516 1919 στον
544 1866 651 1920 τῶν
681 1867 863 1938 μερῶν
888 1869 948 1921 οὐ
982 1869 1160 1941 ψυχὴν
1211 1870 1495 1940 φήσουσιν,
1532 1865 1593 1932 ἐξ
1618 1865 1840 1937 ἀψύχων
1872 1866 1977 1936 ψυ-

389 1957 458 2027 χὴ
489 1959 672 2022 αὐτοῖς
709 1957 958 2031 ὑπάρξει.
1007 1962 1116 2013 Καὶ
1168 1960 1414 2032 προσέτι,
1444 1961 1492 2012 εἰ
1519 1960 1697 2031 ψυχῆς
1740 1959 1976 2029 ἑκάστης

386 2049 448 2102 τὸ
481 2049 708 2119 μέγεθος
729 2051 1032 2122 ὡρισμένον
1057 2052 1212 2104 ἔσται
1240 2052 1324 2121 ἐφ’
1357 2053 1597 2124 ἑκάτερα
1652 2051 1786 2120 (68),
1817 2049 1849 2120 ἢ
1883 2051 1976 2102 ἐπὶ

385 2139 448 2191 τὸ
464 2139 682 2193 ἔλαττόν
717 2157 799 2208 γε,
840 2141 872 2211 ἢ
902 2142 993 2194 ἐπὶ
1015 2142 1076 2194 τὸ
1105 2142 1288 2212 μεῖζον
1323 2142 1454 2213 (69),
1504 2140 1649 2211 ψυχὴ
1674 2141 1773 2193 οὐκ
1799 2139 1971 2192 ἔσται.

389 2231 558 2285 Ὅταν
580 2231 756 2286 τοίνυν
781 2234 845 2285 ὲκ
885 2233 1103 2286 συνόδου
1161 2235 1308 2303 μιᾶς,
1360 2233 1455 2286 καὶ
1499 2231 1619 2294 ἑνὸς
1662 2230 1974 2302 σπέρματος

385 2322 577 2394 δίδυμα
608 2324 833 2396 γένηται
873 2325 1265 2396 γεννήματα,ἢ
1296 2325 1389 2377 καὶ
1412 2324 1603 2394 ὥσπερ
1640 2325 1697 2377 ὲν
1729 2325 1840 2384 τοῖς
1878 2322 1972 2374 ἂλ-

385 2412 496 2476 λοις
520 2413 701 2480 ζώοις,
733 2415 980 2480 πλεῖστα,
1010 2414 1104 2468 τοῦ
1141 2415 1455 2487 σπέρματος
1515 2418 1595 2475 είς
1625 2415 1850 2478 πολλοὺς
1885 2414 1972 2468 τό-

383 2521 518 2567 πους
554 2506 932 2577 μεριζομένου,
960 2501 1021 2561 οὗ
1075 2507 1140 2578 δὴ
1174 2507 1293 2560 ὅλον
1324 2507 1555 2560 ἕκαστόν
1584 2509 1720 2560 ἐστι’
1760 2507 1876 2569 πῶς
1914 2506 1974 2559 οὐ

381 2595 620 2651 διδάσκει
649 2599 806 2652 τοῦτο
836 2602 962 2663 τοὺς
988 2599 1346 2670 βουλομένους
1394 2600 1708 2671 μανθάνειν,
1740 2601 1816 2664 ὡς
1839 2600 1974 2653 ὅπου

379 2689 442 2742 τὸ
479 2689 642 2760 μέρος
673 2693 867 2744 ταύτόν
896 2693 1013 2744 ἐστι
1037 2692 1116 2764 τῷ
1144 2692 1272 2763 ὅλῳ,
1330 2693 1488 2746 τοῦτο
1521 2693 1578 2746 ὲν
1599 2696 1666 2765 τῇ
1697 2692 1862 2746 αὐτοῦ
1884 2693 1976 2746 οὐ·

383 2781 475 2852 σίᾳ
497 2783 556 2835 τὸ
581 2784 745 2837 ποσὸν
807 2778 946 2836 εἶναι
1001 2785 1415 2855 ὑπερϐέϐηκεν,
1471 2784 1671 2839 ἅποσον
1736 2784 1794 2838 δὲ
1843 2783 1976 2836 αὐτὸ

381 2873 520 2928 εἶναι
559 2876 618 2942 ἐξ
653 2877 936 2947 ἁνάγκης;
968 2878 1126 2933 Οὕτω
1154 2879 1262 2948 γὰρ
1297 2878 1364 2932 ἂν
1393 2877 1544 2948 μένοι
1563 2878 1625 2930 τὸ
1658 2876 1813 2943 αὐτὸ,
1878 2875 1970 2928 τοῦ

380 2963 550 3017 ποσοῦ
579 2965 944 3036 κλεπτομένου
979 2966 1114 3037 (70),
1182 2967 1278 3022 ᾶτε
1317 2967 1392 3038 μὴ
1435 2966 1594 3037 μέλον
1625 2965 1772 3037 αὐτῷ
1811 2965 1972 3018 ποσό-

378 3075 540 3128 τητος
567 3060 660 3112 καὶ
679 3060 866 3126 ὄγκου,
895 3060 970 3124 ὼς
996 3060 1061 3114 ἂν
1081 3061 1183 3132 τῆς
1221 3061 1410 3124 οὐσίας
1446 3060 1556 3130 (71)
1583 3059 1770 3130 ἕτερόν
1801 3077 1853 3112 τι
1881 3059 1972 3111 οὕ-

381 3167 502 3222 σης.
537 3154 774 3207 Ἀποσον
805 3155 912 3225 ἄρα
949 3157 982 3226 ὴ
1017 3155 1163 3227 ψυχὴ
1193 3155 1288 3208 καὶ
1313 3155 1362 3207 οἱ
1395 3154 1563 3223 λόγοι.

2094 584 2280 651 betur,
2331 586 2586 641 succedet
2635 587 2776 654 alia,
2829 589 3027 659 sicque.
3062 591 3198 644 nihil
3236 605 3462 660 prorsus
3495 608 3666 647 unum

2092 675 2354 730 exsistet?
2383 675 2672 742 Quomodo
2703 687 2884 732 autem
2918 679 2973 733 in
3025 681 3182 736 nobis
3223 681 3308 736 vel
3370 683 3669 750 memoria,

2091 765 2173 818 vel
2215 781 2396 819 rerum
2433 767 2496 820 ad
2527 781 2627 822 nos
2655 768 3048 836 pertinentium
3071 770 3310 841 cognitio
3339 769 3522 824 futura
3547 781 3668 837 est,

2091 857 2137 912 si
2170 856 2362 912 eodem
2404 859 2590 914 animo
2618 874 2898 926 nunquam
2937 861 3199 916 utemur?
3235 859 3502 918 Praeterea
3533 863 3580 919 si
3613 872 3669 918 et

2089 964 2291 1018 corpus
2328 949 2417 1002 ille
2442 959 2564 1016 est,
2607 958 2662 1004 et
2712 962 2911 1007 natura
2963 954 3213 1023 corporis
3246 955 3550 1025 ejusmodi,
3607 965 3668 1012 ut

2090 1041 2183 1094 illo
2219 1041 2400 1110 plures
2430 1042 2482 1096 in
2516 1053 2698 1112 partes
2723 1045 2932 1110 diviso,
2966 1045 3112 1100 nulla
3149 1047 3290 1101 idem
3326 1047 3551 1104 omnino
3593 1050 3666 1106 sit

2089 1135 2236 1202 quod
2287 1144 2463 1190 totum
2523 1137 2700 1206 ipsum
2754 1147 2916 1208 atque
2977 1137 3281 1209 integrum;
3337 1140 3574 1211 itemque
3617 1143 3664 1198 si

2089 1235 2251 1282 tantae
2283 1227 2507 1282 omnino
2547 1229 2938 1299 magnitudinis
2957 1239 3058 1297 est,
3087 1241 3303 1301 quanta:
3331 1233 3377 1287 si
3403 1249 3512 1287 non
3537 1234 3662 1298 erit,

2086 1316 2305 1371 animus
2336 1332 2558 1386 quoque
2596 1333 2702 1372 non
2728 1318 2870 1383 erit;
2909 1320 3098 1390 utique
3125 1321 3269 1389 quod
3313 1321 3464 1376 omni
3503 1333 3666 1379 certae

2086 1407 2408 1478 quantitatis
2438 1407 2514 1462 rei
2565 1411 2704 1462 solet
2738 1410 3028 1476 accidere,
3082 1411 3320 1480 priorem
3366 1412 3666 1468 exsistendi

2087 1499 2308 1554 modum
2339 1499 2682 1569 quantalibet
2700 1501 3040 1556 detractione
3074 1503 3324 1558 mutabit.
3352 1503 3449 1558 Sin
3483 1512 3665 1559 autem

2086 1589 2294 1658 aliquid
2327 1599 2474 1646 certa
2508 1592 2888 1662 magnitudine
2916 1594 3233 1662 praeditum,
3265 1603 3324 1649 ut
3357 1595 3516 1651 molis
3551 1611 3666 1651 suae

2085 1694 2239 1754 parte
2263 1685 2446 1754 aliqua
2481 1685 2830 1752 decurtetur,
2865 1687 3009 1742 idem
3033 1696 3214 1742 tamen
3251 1689 3508 1757 qualitate
3547 1705 3666 1744 ma-

2088 1783 2180 1828 net
2216 1792 2230 1829 :
2268 1774 2320 1828 id
2355 1775 2536 1844 ipsum
2587 1791 2720 1847 ergo
2755 1783 2809 1830 et
2858 1777 3104 1846 corporis
3155 1776 3400 1833 diversas
3446 1777 3666 1832 habebit

2087 1866 2392 1936 quantique
2416 1867 2689 1932 rationes,
2720 1876 2774 1922 et
2797 1877 2978 1922 tamen
3021 1868 3162 1922 idem
3199 1878 3257 1924 ut
3284 1871 3387 1937 sit,
3431 1872 3664 1941 qualita-

2085 1956 2157 2011 tis
2192 1957 2358 2010 unius
2383 1971 2413 2009 a
2445 1955 2753 2026 quantitate
2785 1957 3015 2011 diversae
3038 1957 3088 2010 vi
3131 1957 3501 2028 beneﬁcioque
3529 1958 3661 2012 reti-

2085 2046 2252 2101 nebit.
2287 2045 2428 2112 Quid
2466 2046 2630 2115 igitur
2662 2046 2863 2100 dicturi
2894 2055 3065 2113 sunt,
3108 2047 3203 2117 qui
3255 2047 3500 2101 animum
3544 2063 3663 2102 cor-

2082 2153 2183 2207 pus
2206 2151 2328 2192 esse
2352 2135 2543 2190 aiunt?
2578 2136 2657 2190 Ac
2689 2137 2924 2203 primum
2969 2136 3187 2206 quidem
3208 2177 3222 2203 ,
3259 2145 3442 2192 utrum
3491 2136 3662 2191 animi

2081 2229 2198 2299 ejus
2221 2230 2316 2299 qui
2354 2229 2544 2284 eodem
2581 2237 2830 2284 versatur
2857 2229 2912 2282 in
2942 2244 3206 2298 corpore,
3238 2244 3365 2298 pars
3408 2229 3664 2300 quaelibet

2080 2320 2298 2374 animus
2319 2330 2432 2386 est,
2461 2319 2707 2390 ejusdem
2745 2321 2971 2375 omnino
2993 2320 3150 2391 cujus
3182 2322 3391 2391 integer
3423 2337 3487 2376 ac
3513 2330 3662 2376 totus

2081 2413 2196 2484 ipse
2228 2413 2458 2469 rationis
2480 2454 2496 2480 ,
2530 2414 2770 2484 itemque
2794 2413 3022 2489 singulae
3053 2414 3222 2484 partis
3244 2414 3510 2484 cujusque
3530 2429 3659 2484 par—

2081 2505 2204 2560 tes?
2227 2503 2375 2559 Nihil
2397 2520 2526 2577 ergo
2573 2504 2642 2560 ad
2673 2505 2842 2560 animi
2885 2515 3136 2560 naturam
3186 2506 3506 2576 magnitudo
3535 2521 3660 2575 per—

2080 2597 2275 2652 tineret
2329 2596 2566 2670 (tametsi
2597 2597 2904 2667 quantitate
2954 2597 3214 2667 praeditus
3244 2612 3370 2651 cum
3401 2597 3500 2663 sit,
3535 2611 3661 2665 per-

2080 2691 2252 2744 tinere
2276 2690 2504 2744 omnino
2531 2689 2779 2759 debeat);
2837 2703 3010 2758 eaque
3052 2697 3166 2743 tota
3214 2689 3400 2743 multis
3431 2697 3577 2743 esset
3603 2688 3660 2742 in

2077 2780 2213 2834 locis
2236 2820 2250 2844 ,
2282 2780 2428 2850 quod
2455 2780 2510 2833 in
2545 2793 2749 2849 corpus
2771 2779 2921 2832 nullo
2952 2777 3117 2832 modo
3145 2777 3438 2832 convenire
3457 2783 3658 2845 potest,

2079 2884 2140 2927 ut
2170 2873 2310 2926 idem
2342 2873 2396 2926 in
2427 2872 2674 2942 pluribus
2699 2880 2870 2926 totum
2892 2871 3055 2937 insit;
3077 2869 3539 2939 quemadmodum
3558 2883 3660 2924 nec

2078 2965 2134 3020 in
2161 2973 2372 3034 partem
2400 2963 2565 3018 ullam
2589 3003 2606 3030 ,
2643 2969 2701 3016 ut
2745 2961 2887 3016 idem
2935 2961 3007 3015 sit
3042 2959 3187 3030 quod
3239 2968 3412 3014 totum
3453 2961 3655 3030 ipsum.

2081 3058 2185 3124 Qui
2224 3056 2271 3112 si
2307 3063 2516 3125 partem
2545 3053 2851 3124 quamlibet
2882 3052 3126 3107 animum
3158 3067 3278 3108 esse
3303 3053 3656 3122 negaverint,
3751 3101 3757 3107 .

2080 3149 2324 3204 animum
2359 3145 2586 3217 proinde
2609 3145 2870 3200 inanimis
2896 3159 2958 3199 ex
2983 3144 3148 3199 rebus
3171 3152 3424 3200 constare
3447 3143 3651 3198 dicent.

379 3244 588 3310 Porro,
624 3246 670 3302 si
698 3248 940 3317 cujusvis
971 3249 1139 3304 animi
1180 3248 1496 3318 magnitudo
1530 3246 1646 3302 suis
1692 3245 1948 3316 utrinque
1995 3243 2243 3299 terminis
2295 3239 2710 3308 circumscripta
2768 3237 2901 3301 erit,
2943 3235 3190 3307 profecto
3260 3235 3352 3290 ubi
3385 3233 3561 3305 major
3586 3250 3652 3290 ea

381 3339 632 3394 minorve
687 3341 811 3407 ﬁet,
853 3342 1072 3397 animus
1129 3350 1244 3396 tum
1309 3355 1432 3397 esse
1477 3340 1708 3394 desinet.
1753 3337 1892 3392 Cum
1938 3345 2120 3392 autem
2184 3347 2485 3403 congressu
2551 3346 2620 3385 ex
2664 3346 2812 3397 uno,
2846 3345 3067 3400 unoque
3139 3343 3205 3383 ex
3260 3328 3502 3394 semine,
3557 3335 3655 3384 aut

378 3430 612 3501 gemini,
649 3441 745 3486 aut
803 3433 966 3488 etiam
992 3474 1006 3499 ,
1060 3444 1120 3490 ut
1169 3435 1224 3488 in
1264 3432 1476 3489 czeteris
1509 3431 1880 3487 animantibus
1939 3430 2158 3486 evenire
2188 3427 2352 3490 solet,
2418 3426 2604 3495 plures
2627 3433 2885 3480 creantur
2911 3423 3054 3479 fetus
3077 3463 3092 3490 ,
3142 3423 3350 3478 semine
3375 3431 3488 3476 tum
3511 3420 3655 3476 mul-

377 3533 434 3581 ta
468 3527 520 3580 in
547 3527 664 3582 loca
694 3528 994 3596 distracto,
1057 3530 1149 3584 ubi
1200 3545 1334 3585 sane
1370 3529 1803 3598 unumquodque
1846 3537 2020 3582 totum
2059 3524 2280 3593 aliquod
2326 3531 2409 3578 est
2452 3540 2465 3575 :
2501 3521 2594 3590 qui
2624 3520 2741 3575 ﬁeri
2766 3527 2978 3590 potest,
3009 3527 3070 3574 ut
3089 3534 3153 3574 ea
3181 3534 3239 3573 re
3273 3533 3384 3572 non
3421 3517 3657 3590 docean-

377 3625 468 3670 tur
490 3618 584 3687 qui
613 3619 860 3674 discendi
913 3619 1076 3675 modo
1127 3620 1310 3690 cupidi
1345 3619 1490 3684 sint,
1552 3618 1646 3673 ubi
1687 3633 1814 3688 pars
1848 3615 2039 3674 eadem
2073 3616 2191 3685 ipsa
2221 3613 2366 3684 quod
2392 3621 2566 3667 totum
2589 3619 2695 3674 est,
2717 3609 2790 3665 ibi
2823 3618 2994 3665 totum
3016 3609 3144 3664 illud
3166 3609 3440 3680 propriam
3464 3607 3655 3680 quanti

376 3711 648 3765 rationem
684 3724 879 3782 suapte
925 3721 1121 3768 natura
1173 3709 1746 3784 prmtergredi,829
1767 3711 2014 3778 adeoque
2052 3708 2121 3762 ab
2171 3706 2321 3760 omni
2355 3718 2584 3774 prorsus
2629 3702 2936 3774 quantitate
2994 3711 3264 3758 secretum
3311 3717 3434 3756 esse
3484 3716 3651 3770 opor-

376 3805 530 3859 tere?
561 3804 652 3860 Sic
691 3807 837 3860 euim
902 3807 1123 3863 demum
1185 3808 1327 3862 idem
1386 3807 1548 3878 plane
1606 3820 1892 3862 remanere
1929 3804 2164 3876 poterit,
2211 3803 2374 3857 etiam
2418 3803 2722 3870 quantitate
2763 3799 3065 3863 subducta,
3100 3799 3300 3869 quippe
3340 3797 3499 3868 cujus
3553 3812 3654 3853 nec

376 3899 701 3969 quantitatis
736 3901 876 3954 ratio
925 3899 1226 3970 quidquam
1259 3914 1360 3954 nec
1415 3897 1579 3953 molis
1628 3897 1883 3964 intersit,
1913 3911 2038 3952 cum
2080 3903 2334 3949 naturam
2371 3892 2570 3948 babeat
2590 3891 2807 3962 penitus
2840 3892 2909 3948 ab
2946 3901 3176 3961 utraque
3197 3892 3490 3946 diversam.
3527 3888 3656 3945 Ani-

377 4006 502 4045 mus
543 3991 708 4060 igitur
751 3999 915 4060 atque
945 3999 1274 4062 antegressae
1326 3991 1432 4046 illa:
1486 3993 1730 4047 rationes
1773 3989 2097 4061 quantitatis
2127 3988 2310 4042 omnis
2332 3997 2583 4056 expertes
2616 3993 2804 4042 sunto.

453 4103 472 4136 σ
517 4086 640 4139 ’Ὁτι
665 4085 721 4138 δὲ
747 4088 794 4139 sl
812 4086 970 4157 σῶμα
986 4085 1071 4157 εἴη
1101 4086 1320 4159 ἡψυχὴ,
1349 4085 1472 4140 οὔτε
1504 4087 1566 4141 τὺ
1590 4085 1963 4148 αἰσθάνεσθαι,

2147 4102 2165 4134 ι
2203 4081 2324 4138 Jam
2370 4097 2535 4147 vero,
2585 4080 2632 4134 si
2693 4094 2892 4148 corpus
2943 4078 3189 4133 animum
3224 4092 3346 4132 esse
3380 4084 3646 4146 ponetur,

373 4178 499 4232 οὒτε
533 4179 593 4232 τὸ
622 4181 784 4244 νοεῖν,
817 4177 941 4232 οὔτε
975 4179 1034 4232 τὸ
1057 4179 1404 4243 ἐπίστασθαι,
1433 4179 1558 4234 οὔτε
1589 4179 1804 4251 ἀρεταὶ,
1842 4176 1965 4233 οὔτε

2078 4173 2273 4228 nullam
2299 4172 2534 4242 amplius
2557 4178 2651 4224 aut
2673 4170 2944 4226 sentiendi
2966 4210 2980 4235 ,
3013 4179 3106 4223 aut
3131 4168 3465 4238 intelligendi
3499 4167 3604 4220 vim
3628 4208 3646 4236 ,

371 4289 427 4323 τι
470 4270 581 4324 τῶν
629 4269 808 4324 καλῶν
830 4270 1005 4336 ἔσται,
1040 4274 1104 4324 ἐκ
1153 4270 1322 4324 τῶνδε
1370 4271 1553 4341 δῆλον.
1598 4273 1668 4326 Εἴ
1691 4289 1741 4325 τι
1779 4269 1964 4342 μέλλει

2078 4265 2270 4320 nullam
2317 4264 2636 4327 scientiam,
2701 4261 3070 4330 virtutemque
3124 4259 3329 4314 nullam
3356 4299 3371 4324 ,
3405 4261 3651 4328 adeoque

376 4359 727 4414 αἰσθάνεσθαί
751 4379 915 4426 τινος,
949 4361 1007 4414 ἓν
1037 4362 1173 4416 αὐτὸ
1224 4363 1307 4416 δεῖ
1360 4359 1520 4430 εἶναι,
1557 4362 1654 4416 καὶ
1707 4362 1785 4432 τῷ
1815 4360 1964 4432 αὐτῷ

371 4453 576 4516 παντὸς
603 4453 1116 4524 ἀντιλαμϐάνεσθαι·
1169 4455 1265 4508 καὶ
1295 4457 1346 4509 εἰ
1376 4454 1468 4509 διὰ
1515 4453 1726 4508 πολλῶν
1769 4455 1963 4527 αἰσθη-

371 4548 578 4620 τηρίων
611 4546 782 4599 πλείω
833 4546 904 4600 τὰ
968 4547 1204 4601 εἰσιόντα
1265 4547 1374 4618 εἴη,
1415 4547 1450 4620 ἢ
1497 4547 1691 4602 πολλαὶ
1743 4547 1872 4620 περὶ
1905 4546 1964 4602 ἓν

376 4638 678 4709 ποιότητες,
711 4637 806 4691 καὶ
831 4637 896 4691 δι’
927 4637 1046 4701 ἐνὸς
1081 4637 1345 4704 ποικίλον,
1392 4633 1504 4692 οἷον
1538 4639 1850 4711 πρόσωπον.
1885 4640 1960 4692 Οὐ

371 4729 480 4800 γὰρ
513 4728 640 4784 ἄλλο
675 4728 773 4799 μὲν
815 4730 978 4802 ῥινὸς,
1009 4729 1136 4784 ἄλλο
1169 4729 1228 4783 δὲ
1252 4729 1553 4802 ὀφθαλμοῦ,
1589 4729 1726 4784 ἀλλὰ
1767 4730 1961 4784 ταύτὸν

371 4821 508 4893 ὁμοῦ
533 4822 771 4876 πάντων.
812 4822 922 4875 Καὶ
961 4824 1012 4876 εξ
1045 4823 1106 4876 τὸ
1145 4823 1244 4894 μὲν
1269 4823 1336 4876 δι’
1356 4823 1638 4894 ὀμμάτων,
1675 4823 1738 4875 τὸ
1787 4823 1844 4876 δὲ
1893 4822 1960 4876 δι’

372 4916 564 4986 ἀκοῆς,
599 4916 656 4968 ἓν
686 4933 740 4968 τι
767 4915 849 4968 δεῖ
870 4910 1008 4968 εἶναι
1037 4917 1119 4979 εἰς
1146 4915 1174 4969 ὃ
1221 4915 1409 4986 ἄμφωο
1449 4915 1483 4987 ἢ
1535 4915 1653 4980 πῶς
1689 4914 1758 4968 ἂν
1780 4915 1958 4978 εἴποι,

370 5007 453 5060 ὅτι
476 5007 640 5078 ἕτερα
662 5007 854 5071 ταῦτα,
892 5006 967 5078 μὴ
992 5009 1070 5071 εἰς
1094 5007 1155 5060 τὺ
1200 5008 1332 5062 αὐτὸ
1363 5006 1500 5078 ὁμοῦ
1533 5007 1642 5060 τῶν
1688 5006 1961 5078 αἰσθημά-

371 5116 480 5151 των
500 5099 794 5164 ὲλθόντων;
819 5102 909 5152 Δεῖ
932 5099 1111 5152 τοίνυν
1135 5098 1293 5153 τοῦτο
1322 5099 1512 5170 ὥσπερ
1537 5099 1760 5172 κέντρον
1795 5095 1955 5164 εἶναι,

371 5189 634 5260 γραμμὰς
666 5189 724 5242 δὲ
755 5188 1170 5260 συμϐαλλούσας
1209 5192 1274 5243 ἐκ
1325 5189 1682 5261 περιφερείας
1733 5189 1956 5253 κύκλου,

370 5280 470 5344 τὰς
495 5279 830 5351 πανταχόθεν
880 5281 1182 5353 αἰσθήσεις,
1243 5282 1380 5353 πρὸς
1443 5280 1603 5334 τοῦτο
1656 5281 1955 5352 περαίνειν,

371 5371 465 5424 καὶ
495 5371 735 5426 τοιοῦτον
762 5372 823 5425 τὸ
875 5372 1413 5444 ἀντιλαμϐανόμενον
1474 5368 1614 5426 εἶναι
1657 5371 1715 5426 ἓν
1764 5372 1952 5436 ὅντως.

443 5523 554 5596 (67)
610 5527 814 5580 Καίτοι
860 5526 1002 5593 ἔδει,
1049 5537 1154 5583 etc.
1201 5526 1359 5582 Prior
1395 5527 1562 5584 editio
1600 5529 1768 5585 miras
1824 5530 1951 5585 huic

371 5593 492 5650 loCo
523 5593 774 5653 tenebras
803 5597 1091 5652 oti‘uderat.

445 5664 553 5741 (6_8)
594 5667 711 5734 Ἐφ’
746 5667 1024 5741 ⁸ἑκάτερα.
1074 5666 1355 5741 Plotinus,
1402 5669 1509 5741 οὐδ’
1553 5671 1636 5738 ἐφ’
1691 5670 1948 5741 ἑκάτερα,

374 5737 516 5802 quod
545 5737 759 5811 tametsi
795 5748 1071 5811 utcunque
1102 5736 1316 5811 deieudi
1351 5740 1542 5807 possit,
1576 5736 1841 5811 particula
1859 5736 1952 5796 ἰιι-

375 5820 496 5859 men
529 5805 651 5858 οὐδέ
680 5807 838 5880 longe
875 5805 1069 5863 melius
1104 5805 1357 5862 abfuerit.

2065 4372 2167 4412 nec
2196 4354 2322 4410 boni
2363 4353 2590 4409 omnino
2630 4353 2927 4423 quidquam
2964 4351 3244 4418 futurum,
3279 4367 3343 4406 ex
3375 4351 3651 4420 sequenti-

2065 4448 2168 4503 bus
2199 4445 2487 4500 manifeste
2515 4444 2810 4500 constabit.
2842 4442 3119 4513 Quidquid
3141 4443 3287 4497 enim
3306 4443 3453 4497 aliud
3481 4457 3646 4499 sensu

2065 4539 2368 4609 percipiat,
2397 4537 2532 4592 illud
2582 4551 2706 4592 cum
2756 4551 2929 4591 unum
2980 4534 3189 4604 aliquid
3247 4542 3458 4604 oportet
3488 4548 3644 4602 esse,

2066 4639 2180 4683 tum
2210 4629 2399 4685 eadem
2428 4644 2650 4700 quoque
2696 4629 2749 4682 vi
2789 4627 3044 4682 universa
3079 4627 3389 4697 percipere;
3429 4624 3645 4680 tametsi

2065 4730 2158 4774 aut
2188 4735 2284 4791 per
2311 4721 2513 4775 multos
2547 4735 2808 4776 sensuum
2842 4719 3025 4775 aditus
3049 4717 3335 4789 complura
3378 4717 3642 4780 subeant,

2077 4824 2174 4870 aut
2200 4815 2445 4886 ejusdem
2473 4815 2550 4870 rei
2581 4815 2873 4885 qualitates
2909 4814 3126 4879 multae,
3173 4821 3268 4867 aut
3294 4827 3390 4882 per
3415 4811 3468 4865 id
3499 4811 3644 4881 quod

2063 4923 2235 4962 unum
2265 4907 2370 4970 sit,
2409 4907 2695 4977 multiplex
2743 4915 2926 4960 tamen
2981 4904 3242 4976 quiddam
3293 4913 3347 4958 et
3390 4903 3601 4958 varium
3627 4946 3641 4970 ,

2061 4999 2373 5069 cujusmodi
2405 4999 2590 5055 vultus
2617 5006 2720 5054 est.
2745 4997 2858 5052 Nec
2879 4998 3026 5051 enim
3059 4996 3204 5050 aliud
3236 4994 3366 5066 quid
3407 5009 3602 5050 nasum
3624 5036 3640 5062 ,

2064 5091 2212 5145 aliud
2246 5089 2434 5145 oculos
2458 5089 2722 5160 percipit,
2747 5087 2843 5143 sed
2871 5103 3041 5140 unum
3074 5086 3323 5156 idemque
3359 5085 3638 5140 universa.

2065 5182 2131 5238 Et
2163 5183 2208 5238 si
2241 5183 2388 5238 aliud
2420 5198 2516 5252 per
2543 5182 2733 5236 oculos
2759 5222 2774 5246 ,
2811 5195 2907 5249 per
2937 5181 3184 5235 auditum
3222 5178 3370 5233 aliud
3413 5177 3639 5241 subeat,

2061 5275 2285 5330 unicum
2322 5283 2504 5330 tamen
2541 5274 2596 5329 id
2642 5289 2766 5328 esse
2797 5287 3025 5328 necesse
3061 5281 3181 5337 est,
3215 5270 3281 5326 ad
3313 5271 3458 5342 quod
3491 5280 3643 5326 utra-

2063 5384 2171 5438 que
2212 5379 2493 5440 postremo
2546 5365 2884 5436 perveniant.
2923 5364 3210 5433 Quomodo
3251 5367 3397 5420 enim
3427 5365 3640 5422 diversa

2133 5525 2244 5596 (69)
2280 5525 2347 5579 Ἢ
2371 5523 2468 5575 ἐπὶ
2494 5522 2560 5575 τὸ
2578 5520 2798 5596 licitam»;
2829 5521 2910 5576 Ex
2935 5522 3148 5596 Plottno
3177 5521 3566 5596 supplevimus.

2117 5590 2251 5676 ,ΠΨ
2281 5590 2723 5662 Κλεπτομένου.
2755 5593 2822 5647 Et
2855 5596 2958 5649 hoc
2985 5593 3190 5646 furtum
3215 5590 3288 5646 et
3309 5590 3529 5646 Plotino
3555 5605 3642 5645 re-

2062 5674 2523 5804 διιῖξίῖὶῧῗσιάς,
2555 5734 2691 5788 Addi
2725 5733 2898 5804 possit
2935 5748 3000 5787 ex
3037 5731 3159 5786 eod.
3189 5730 3425 5788 Plotino.
3451 5729 3637 5787 αὐτου.
