4132 6426
482 379 509 433 1
520 378 622 434 565

1116 379 1389 437 EUSEBII
1426 380 2091 444 CESARIENSISDPP.
2134 384 2313 442 PARS
2352 384 2418 441 ll.
2458 417 2528 427 —
2560 384 3063 442 APOLOGETICA.

3599 387 3736 445 1564

480 494 573 547 illa
599 507 722 547 esse
746 493 1125 563 pronuntiaret
1142 534 1159 559 ,
1193 496 1299 551 nisi
1321 496 1388 551 ad
1415 513 1584 552 unum
1608 507 1662 553 et
1702 498 1845 553 idem
1868 502 2044 556 omnia

2151 500 2289 554 Εἰδὲ
2316 501 2542 567 διεστὼς
2573 501 2731 555 τοῦτο
2759 500 2990 570 γένοιτο,
3045 498 3140 554 καὶ
3185 494 3294 553 οἷον
3339 498 3432 552 ἐπὶ
3469 499 3737 571 γραμμῆς

480 584 736 639 sensibus
761 593 1012 669 percepta
1044 585 1428 643 confluerent?
1451 588 1588 646 Illud
1629 591 1891 647 nimirum
1927 602 2051 649 tan-

475 690 644 745 quam
673 687 917 732 centrum
948 679 1169 749 aliquod
1204 681 1275 735 sit
1306 692 1552 752 oportet;
1584 699 1693 754 quo
1733 685 1953 755 quidem
1986 702 2054 742 ex

475 767 628 820 omni
674 777 831 837 parte
881 784 1114 837 sensus,
1160 773 1319 843 quasi
1362 773 1523 830 lineae
1546 776 1792 845 quaedam
1827 792 1893 832 ex
1939 787 2053 834 toto

475 858 670 914 circuli
689 860 899 915 ambitu
923 872 1181 919 coeuntes
1206 865 1281 919 ita
1308 867 1639 935 pertineant,
1675 877 1734 923 ut
1757 871 1905 939 quod
1931 872 2053 928 illos

471 951 712 1020 excipiat
739 968 908 1007 unum
934 970 1124 1010 revera
1153 956 1244 1011 sit.
1282 956 1419 1012 Nam
1455 960 1501 1014 si
1527 960 1801 1017 divulsum
1834 977 1899 1017 ac
1940 964 2053 1018 dis-

471 1046 710 1094 tractum
755 1042 895 1109 erit,
962 1057 1027 1098 ac
1080 1045 1232 1101 velut
1285 1046 1342 1101 in
1392 1049 1534 1104 linea
1584 1061 1889 1107 extremum
1933 1056 2053 1125 ejus

471 1141 769 1203 utrumque
800 1151 996 1193 sensus
1035 1139 1413 1209 occupabunt;
1460 1155 1594 1197 sane
1639 1152 1735 1198 aut
1780 1145 1836 1198 in
1881 1161 2052 1202 unum

471 1226 731 1299 idemque
765 1246 958 1287 rursus
980 1270 996 1295 ,
1034 1242 1295 1302 tauquam
1333 1235 1388 1288 in
1432 1236 1672 1291 medium
1697 1238 1915 1308 ali-quod
1942 1239 2050 1310 ipsi

472 1332 828 1391 concurrent,
864 1333 960 1379 aut
988 1322 1230 1380 ferentur
1255 1326 1556 1395 aliorsum;
1599 1329 1784 1400 itaque
1817 1332 2049 1387 alterum

471 1413 700 1470 alterius
724 1415 991 1471 duntaxat
1021 1432 1246 1473 sensum
1286 1419 1544 1485 habebit,
1579 1422 1805 1492 perinde
1839 1434 1899 1479 ut
1925 1439 2048 1479 cum

469 1517 575 1576 ego
594 1504 732 1571 alia,
752 1514 810 1561 tu
832 1506 1075 1562 vicissim
1103 1508 1211 1563 alia
1234 1523 1398 1565 sensu
1429 1511 1868 1581 comprehendis.
1894 1511 2050 1580 Quod

475 1594 526 1650 si
555 1610 722 1650 unum
756 1597 811 1652 id
848 1596 1048 1666 fuerit,
1081 1594 1251 1669 quod
1274 1615 1442 1657 sensu
1479 1603 1781 1675 percipitur
1804 1646 1820 1673 ,
1862 1611 2052 1677 cujus-

2154 593 2322 664 ἄμφω
2345 594 2415 647 τά
2445 594 2660 668 πέρατα
2711 594 2769 646 αἰ
2815 591 3094 664 αἰσθήσεις
3156 591 3643 664 προσλαμϐάνοιεν·
3697 590 3734 663 ἢ

2156 683 2540 755 συνδραμεϊται
2569 687 2647 749 εἰς
2663 682 2723 737 ἓν
2753 684 2847 738 κα)⁹
2893 683 2955 737 τὸ
2986 682 3117 737 αὐτὸ
3142 683 3322 747 πάλιν,
3376 677 3489 735 οἷον
3520 681 3582 735 τὸ
3633 682 3734 752 μέ-

2156 792 2267 840 σον,
2289 777 2323 847 ή
2348 776 2474 829 ἄλλο
2496 776 2752 848 ἑκάτερον
2770 775 3029 848 ἑκατέρου
3049 775 3300 845 αἴσθησιν
3331 775 3460 840 ἕξει,
3478 773 3737 846 ὡσπερὰν

2153 871 2201 923 εἰ
2234 867 2344 937 ἐγὼ
2379 869 2483 939 μὲν
2506 868 2700 932 ἄλλων,
2732 870 2797 923 σὺ
2829 868 2887 922 δὲ
2946 868 3120 923 ἄλλων
3152 867 3380 921 αἴσθοιο.
3432 867 3544 919 Καὶ
3594 869 3643 920 εἰ
3675 866 3736 922 ἓν

2154 960 2241 1032 εἴη
2266 960 2329 1013 τὸ
2362 961 2630 1032 αῖσθημα,
2670 955 2784 1015 οἷον
2811 959 3122 1033 πρόσωπον,
3152 961 3233 1023 εἰς
3262 958 3320 1012 ἓν
3349 957 3736 1031 συναιρεθήσε-

2152 1068 2266 1115 ται,
2292 1052 2428 1123 ὅπερ
2450 1051 2544 1104 καὶ
2571 1052 2840 1122 φαίνεται·
2882 1053 3215 1122 ωναιρεῖται
3260 1049 3370 1122 γάρ
3402 1051 3497 1103 καὶ
3528 1051 3587 1102 ὲν
3634 1050 3736 1102 αύ-

2152 1144 2272 1207 ταῖς
2301 1145 2422 1206 ταῖς
2447 1142 2658 1214 κόραις,
2688 1141 2745 1211 (ἢ
2772 1140 2891 1206 πῶς
2922 1142 2989 1195 ἂν
3029 1141 3101 1195 τάν
3132 1141 3364 1211 μέγιστα
3396 1140 3484 1195 διά
3509 1139 3738 1194 ταύταιν

2151 1232 2323 1306 ὁρῷτο
2345 1236 2392 1302 ;)
2420 1232 2582 1300 ὥστε,
2640 1231 2724 1286 ἔτι
2768 1232 2969 1305 μᾶλλον
3021 1234 3101 1297 εἰς
3138 1235 3202 1286 τὸ
3230 1231 3531 1303 ἡγεμονοῦν
3568 1231 3735 1295 ἰόντα,

2152 1321 2260 1379 οἷον
2276 1325 2458 1397 ἀμερῆ
2491 1325 2738 1396 νοήματα
2761 1324 3025 1394 γίνεσθαι.
3064 1324 3174 1378 Καὶ
3204 1323 3359 1377 ἔσται
3388 1323 3591 1395 ἀμερὲς
3616 1321 3739 1376 τοῦ-

2150 1435 2230 1471 το·
2258 1419 2291 1490 ἢ
2326 1418 2542 1491 μεγέθει
2567 1417 2679 1472 ὄντι
2700 1418 2875 1489 τούτῳ
2904 1417 3293 1488 συμμερίζοιτο
3310 1415 3398 1480 ἂν,
3420 1414 3561 1468 ὥστε
3581 1414 3738 1469 ἄλλον

2149 1509 2311 1563 ἄλλου
2341 1509 2540 1581 μέρους
2565 1509 2698 1581 (72),
2730 1509 2826 1563 καὶ
2858 1508 3058 1580 μηδένα
3084 1509 3240 1580 ήμῶν
3258 1508 3380 1561 ὅλου
3419 1507 3512 1560 τοῦ
3548 1506 3738 1579 αἰσθη-

2148 1599 2241 1653 τοῦ
2274 1599 2372 1672 τὴν
2404 1598 2687 1671 ἀντίληψιν
2714 1598 2906 1670 ἴσχειν.
2947 1598 3109 1678 Ἀλλά
3136 1597 3247 1667 γάρ
3274 1599 3333 1652 ἓν
3366 1599 3482 1651 ἐστι
3506 1597 3619 1668 (75)
3673 1598 3735 1650 ea

467 1687 619 1742 modi
649 1688 831 1744 vultus
851 1700 969 1759 est,
1006 1701 1118 1747 tum
1150 1694 1314 1748 etiam
1340 1711 1511 1751 unum
1564 1697 1619 1752 in
1643 1698 1848 1769 aliquid
1890 1700 2044 1755 colli-

2150 1693 2279 1746 πᾶν·
2308 1690 2424 1756 πῶς
2453 1690 2560 1763 γάρ
2592 1690 2659 1745 ἂν
2690 1690 2784 1744 καὶ
2812 1690 3101 1762 διαιροῖτο;
3141 1689 3215 1744 Οὖ
3245 1688 3355 1760 γὰρ
3381 1688 3446 1761 δὴ
3482 1687 3621 1743 -ῐσον
3658 1689 3737 1759 τῷ

470 1789 630 1850 getur
651 1821 667 1846 ,
692 1780 774 1836 uti
808 1797 869 1837 re
893 1781 1011 1853 ipsa
1060 1783 1179 1840 ﬁeri
1217 1796 1435 1842 constat
1472 1803 1637 1858 :qua:
1670 1790 1818 1844 enim
1868 1792 2044 1845 cerui-

2152 1785 2253 1854 ῐσῳ
2278 1783 2601 1856 ἐφαρμόσει,
2623 1781 2706 1835 ὅτι
2729 1783 2831 1835 οὐκ
2882 1784 2996 1835 ῐσον
3018 1781 3078 1834 τὸ
3100 1780 3400 1852 ἡγεμονοῦν
3443 1781 3609 1834 παντὶ
3655 1783 3737 1834 αἰ-

467 1849 629 1939 mus,
664 1888 729 1929 ea
770 1849 1058 1945 utramque
1102 1877 1155 1930 in
1208 1878 1470 1947 pupillam
1513 1849 1875 1951 colliguntur,
1913 1880 2044 1953 (qui

2158 1849 2358 1947 σθητῷ
2389 1849 2564 1933 ’Κατά
2626 1873 2830 1945 πηλίκα
2861 1867 2954 1927 οὖν
3014 1875 3049 1944 ή
3083 1849 3345 1944 διαίρεσις
3379 1871 3529 1943 (74);
3576 1871 3610 1943 ἢ
3658 1874 3739 1935 εἰς
3799 1940 3814 1952 θ

466 1963 613 2017 enim
641 1963 801 2019 aliter
838 1980 935 2035 per
962 1982 1056 2023 eas
1085 1968 1322 2023 maxima
1362 1985 1593 2041 quaeque
1633 1972 2044 2036 cerneremus?)

2153 1965 2392 2019 τοσαῦτα
2422 1965 2847 2038 διαιρεθήσεται,
2882 1963 3115 2019 καθόσον
3136 1962 3202 2018 ἂν
3223 1962 3460 2035 ἀριθμοῦ
3494 1961 3591 2034 ἔχῃ
3623 1962 3737 2034 (75)

467 2053 550 2108 uti
581 2055 753 2109 multo
782 2056 960 2113 adhuc
984 2058 1157 2129 magis
1202 2059 1504 2131 principem
1550 2060 1605 2115 in
1641 2059 1953 2117 facultatem
1989 2063 2044 2117 il-

2153 2061 2234 2124 εἰς
2260 2050 2534 2111 ποικιλίαν
2579 2057 2641 2111 τὸ
2668 2058 2836 2110 εἰσιὸν
2891 2055 3176 2127 αἰσθημα;
3234 2054 3346 2109 Καὶ
3407 2054 3640 2109 ἕκαστον
3672 2053 3738 2123 δὴ

464 2145 622 2215 lapsa
647 2186 664 2212 ,
690 2146 987 2203 individua:
1009 2150 1255 2219 quaedam
1281 2153 1536 2207 notiones
1560 2153 1891 2209 elﬁciuntur.
1918 2153 2044 2221 Qua:

2152 2151 2376 2206 ἐκείνων
2397 2149 2506 2204 τῶν
2532 2149 2715 2223 μερῶν
2734 2149 2834 2221 τῆς
2864 2149 3045 2222 ψυχῆς
3097 2148 3229 2219 ἄρα,
3258 2148 3352 2201 καὶ
3389 2150 3501 2212 τοῖς
3529 2147 3739 2218 μορίοις

466 2236 689 2306 quidem
717 2237 947 2295 facultas
972 2242 1220 2311 partibus
1246 2244 1455 2299 carebit
1478 2246 1592 2314 ipsa
1615 2261 1836 2316 quoque
1860 2266 1874 2299 :
1913 2247 2044 2302 alio-

2151 2240 2317 2297 αὐτοῦ
2350 2241 2670 2313 αἰσθήσεται
2700 2241 2832 2315 (76).
2866 2241 2939 2294 Ἦ
2986 2239 3288 2310 ἀναίσθητα
3327 2238 3441 2311 (77)
3469 2238 3538 2291 τά
3595 2238 3733 2309 μέρη

465 2326 563 2397 qui
589 2329 637 2384 si
662 2331 981 2400 magnitudo
1009 2334 1260 2402 quaedam
1289 2342 1437 2390 esset
1457 2376 1471 2402 ,
1502 2350 1608 2389 una
1651 2352 1777 2390 cum
1812 2337 1903 2392 illa
1943 2353 2044 2393 no-

2149 2334 2257 2388 τῶν
2291 2334 2495 2407 μορίων
2553 2334 2741 2400 serat;
2796 2331 2957 2386 Ἀλλά
3011 2331 3291 2385 ἀδύνατον.
3347 2331 3411 2384 Εἰ
3459 2329 3517 2383 δὲ
3557 2327 3739 2382 ὁτιοῦν

466 2421 646 2476 tiones
679 2422 812 2493 ipsa:
833 2421 1244 2480 dividerentur:
1282 2437 1446 2495 atque
1490 2427 1565 2481 ita
1606 2437 1814 2497 partem
1847 2429 2044 2485 dunta-

2150 2427 2351 2490 παντὸς
2371 2426 2711 2498 αἰσθήσεται,
2738 2427 2817 2489 εἰς
2842 2425 3044 2497 ἄπειρα
3081 2422 3406 2496 διαιρεῖσθαι
3444 2420 3537 2474 τοῦ
3572 2420 3738 2493 μεγέ-

469 2520 564 2567 xat
596 2513 737 2570 alius
762 2514 924 2569 aliam
947 2554 964 2581 ,
997 2523 1171 2571 totum
1209 2516 1262 2571 id
1296 2518 1440 2588 quod
1469 2520 1722 2575 sensibus
1750 2521 2008 2590 objicitur
2027 2564 2043 2587 ,

2149 2517 2274 2581 θους
2303 2518 2625 2587 πεφυκότος,
2649 2517 2909 2587 ἀπείρους
2931 2516 3027 2569 καὶ
3060 2514 3338 2587 αἰσθήσεις
3359 2514 3480 2567 καθ’
3505 2513 3738 2566 ἕκαστον

466 2620 631 2661 nemo
686 2600 1123 2677 perciperetCAt
1166 2610 1444 2666 enimvero
1479 2627 1649 2665 unum
1700 2613 1830 2682 quid
1874 2624 2044 2670 totum

2149 2609 2402 2681 αἰσθητὸν
2438 2609 2775 2680 συμϐήσεται
2811 2607 3055 2678 γίνεσθαι
3107 2607 3322 2678 ἑκάστῳ
3363 2600 3476 2658 οἷον
3504 2604 3599 2658 τοῦ
3633 2605 3743 2659 αύ-η

464 2707 581 2767 est;
613 2701 889 2770 quomodo
919 2700 1066 2755 enim
1101 2701 1258 2756 aliter
1286 2702 1624 2758 divideretur
1641 2702 1797 2758 lNon
1823 2704 1899 2760 ita
1922 2706 2044 2775 qui-

2149 2699 2237 2754 τοῦ
2271 2700 2531 2771 ἀπείρους
2553 2702 2610 2754 ὲν
2646 2698 2725 2770 τῷ
2774 2697 3132 2770 ήγεμονοῦντι
3160 2695 3317 2768 ἡμῶν
3357 2696 3593 2759 εἰκόνας.
3625 2696 3737 2748 Καὶ

464 2796 587 2850 dem
608 2834 629 2862 ,
661 2801 722 2847 ut
746 2808 873 2849 cum
903 2794 1101 2864 aequali
1130 2793 1339 2864 aequale
1365 2804 1669 2865 congruat,
1700 2811 1824 2851 cum
1851 2799 1932 2851 vis
1953 2797 2042 2853 illa

2149 2795 2255 2865 μὴν
2290 2792 2539 2864 σώματος
2565 2793 2715 2857 ὄντος
2750 2792 2845 2847 τοῦ
2880 2790 3300 2862 αἰσθανομένου,
3355 2790 3456 2843 οὐκ
3497 2788 3564 2841 ἂν
3589 2787 3737 2858 ἄλλῳ

465 2885 727 2956 princeps
762 2884 882 2954 ejus
904 2884 1086 2942 omnis
1109 2886 1221 2951 rei,
1250 2900 1375 2956 quae
1414 2902 1576 2942 sensu
1619 2888 2039 2957 comprehendi-

2149 2887 2327 2959 τρόπῳ
2349 2887 2559 2955 γένοιτο
2587 2886 2649 2939 τὸ
2677 2883 3048 2948 αἰσθάνεσθαι,
3080 2883 3114 2954 ἢ
3166 2877 3277 2936 οἷον
3304 2884 3360 2934 ὲν
3394 2879 3551 2952 κηρῷ
3578 2882 3741 2949 ὲνσηη

441 2988 587 3046 ,ιιιιδ,
610 2977 840 3048 aqualis
861 2993 971 3032 non
1003 2978 1094 3039 sit.
1121 2977 1266 3044 Quot
1307 2978 1474 3049 igitur
1510 2979 1565 3033 in
1618 2987 1801 3049 partes
1853 2977 2039 3035 futura

2149 2977 2430 3050 μαίνεσθαι
2482 2978 2591 3033 ἀπὸ
2649 2976 2948 3032 δακτυλίων
3015 2975 3332 3049 σφραγῖδες,
3389 2973 3488 3026 εἰτ’
3528 2968 3622 3025 οὖν
3654 2973 3739 3034 εἰς

461 3078 548 3126 est
573 3070 678 3126 ista
711 3068 944 3126 divisio?
974 3066 1172 3125 Utrum
1201 3069 1257 3124 in
1311 3070 1568 3136 totidem,
1623 3079 1759 3140 quot
1808 3086 2038 3127 numero

2149 3065 2297 3140 εἷμα,
2332 3069 2428 3122 εἰτ’
2459 3063 2551 3122 οὖν
2576 3070 2656 3132 είς
2684 3068 2824 3139 ἀέρα
2853 3065 2964 3120 τῶν
3013 3065 3368 3136 αἰσθημάτων
3414 3065 3737 3134 ὲνσημαινο-

458 3162 645 3218 varias
665 3202 681 3228 ,
702 3176 791 3217 res
817 3176 982 3217 sensu
1020 3170 1277 3231 percepta
1303 3169 1359 3216 et
1387 3161 1580 3232 illapsa
1609 3161 2036 3232 complectetur?

2149 3161 2339 3233 μένων.
2367 3161 2431 3215 Εἰ
2467 3160 2565 3232 μὲν
2591 3157 2684 3215 οὖν
2708 3161 2783 3225 ὡς
2809 3162 2867 3213 ὲν
2922 3156 3170 3230 σώμασιν
3209 3157 3430 3241 ὑγροῖς,
3470 3155 3608 3225 ὅπερ
3636 3147 3737 3208 καὶ

460 3252 604 3324 Ergo
633 3255 868 3323 partium
885 3253 1052 3325 830
1074 3253 1290 3308 illarum
1322 3253 1580 3323 quaelibet
1611 3253 1666 3307 in
1696 3254 1881 3310 animo
1906 3271 2039 3326 quo-

2149 3253 2388 3323 εὕλογον,
2421 3253 2610 3327 ὥσπερ
2665 3255 2746 3318 εἰς
2799 3253 2963 3327 ὕδωρ,
3014 3238 3439 3324 συγχυθήσεται,
3501 3249 3598 3303 καὶ
3634 3249 3737 3303 οὐκ

459 3359 568 3414 que
597 3343 780 3399 futura
809 3352 926 3409 est,
964 3344 1189 3413 ipseque
1219 3341 1359 3397 adeo
1387 3356 1485 3412 per
1512 3341 1731 3398 easdem
1757 3342 1878 3412 ejus
1911 3358 2041 3412 par-

2149 3346 2299 3400 Εσται
2328 3348 2536 3419 μνήμη·
2566 3349 2616 3401 εἰ
2662 3345 2708 3399 δ’
2730 3345 3059 3418 ἐμμενοῦσιν
3084 3344 3135 3399 οί
3172 3342 3355 3408 τύποι,
3389 3343 3423 3414 ἢ
3460 3342 3561 3394 οὐκ
3585 3341 3736 3393 ἔστιν

460 3436 661 3491 ticulas
680 3435 901 3491 sentiet.
934 3433 1018 3488 An
1053 3433 1196 3490 forte
1223 3435 1461 3503 partium
1493 3434 1726 3489 istarum
1758 3435 2042 3505 particulae

2149 3438 2341 3502 ἄλλους
2364 3436 2803 3510 ἐνσημαίνεσθαι,
2836 3436 3058 3490 ἐκείνων
3087 3435 3447 3505 κατεχόντων,
3479 3431 3621 3485 ὥστε
3640 3430 3736 3483 ἀλ-

2148 3529 2239 3583 λαι
2299 3530 2583 3601 αἰσθήσεις
2621 3530 2722 3583 οὐκ
2795 3527 3028 3582 ἔσονται·
3082 3527 3138 3599 ἢ,
3186 3525 3486 3596 γινομένων
3532 3523 3732 3588 ἄλλων,

2148 3622 2346 3675 ἐκεῖνοι
2377 3622 2427 3674 οἱ
2458 3620 2724 3692 πρότερον
2750 3617 3098 3682 ἀπολοῦνται,
3123 3615 3265 3671 ὥστε
3286 3615 3436 3669 οὐδὲν
3491 3614 3642 3668 ἔσται
3669 3614 3735 3667 τὸ

2147 3712 2525 3785 μνημονεύειν.
2560 3712 2625 3765 Εἰ
2651 3711 2704 3764 δέ
2742 3711 2858 3763 ἐστι
2910 3708 2972 3763 τὸ
3006 3707 3386 3780 μνημονεύειν,
3430 3706 3525 3759 καὶ
3558 3704 3735 3759 ἄλλων

2142 3803 2491 3858 αἰσθάνεσθαι
2554 3802 2642 3855 ἐπ’
2693 3800 2909 3865 ἄλλοις,
2972 3800 3073 3853 οὐκ
3150 3797 3557 3870 ἐμποδιζόντων
3621 3796 3733 3849 τῶν

2139 3894 2396 3968 πρόσθεν,
2440 3893 2698 3949 ἀδύνατον
2717 3892 2816 3963 τὴν
2835 3891 3012 3964 ψυχήν
3042 3890 3201 3962 σῶμα
3230 3885 3390 3945 εἶναι.

462 3543 629 3585 sensu
653 3528 953 3583 carebunt?
972 3526 1118 3582 Fieri
1142 3543 1251 3582 non
1271 3536 1469 3599 potest.
1484 3526 1642 3594 Quod
1672 3529 1718 3583 si
1741 3543 1870 3599 pars
1892 3544 2043 3599 quae-

460 3616 594 3672 libet
611 3617 755 3671 nihil
783 3631 892 3671 non
946 3618 1150 3673 sentire
1178 3626 1363 3687 queat,
1392 3633 1516 3672 cum
1535 3617 1842 3673 infinitasin
1857 3627 2039 3687 partes

462 3718 658 3780 suapte
683 3719 879 3764 natura
910 3710 1076 3765 dividi
1102 3710 1422 3781 magnitudo
1455 3709 1664 3779 possit,
1710 3716 1765 3765 et
1795 3709 2036 3765 inﬁnitos

459 3802 732 3870 cujusque
757 3817 987 3868 sensus,
1017 3802 1165 3857 circa
1213 3817 1327 3857 rem
1373 3801 1674 3872 quamlibet
1725 3802 1909 3856 sensui
1939 3801 2038 3857 ob-

460 3895 687 3949 noxiam
710 3895 919 3951 versari
952 3895 1256 3965 oportebit,
1281 3904 1337 3950 et
1365 3895 1421 3949 in
1454 3894 1700 3964 principe
1735 3904 1923 3949 nostra
1948 3894 2031 3950 fa-

458 3987 662 4044 cultate
688 3990 767 4043 rei
793 3987 1037 4057 ejusdem
1060 3987 1324 4058 imagines
1355 4001 1476 4042 esse
1507 4001 1735 4056 prorsus
1762 3986 2023 4044 inﬁnitas.
2059 3988 2141 4042 Ad
2172 3991 2322 4055 haec,
2374 3987 2421 4043 si
2445 4002 2643 4057 corpus
2707 3986 2839 4041 illud
2896 3992 2982 4040 est
3008 3984 3154 4053 quod
3197 3983 3437 4049 sentiat,
3468 3996 3577 4036 non
3630 3980 3733 4034 ali.-

458 4080 545 4135 ter
569 4080 843 4136 sentiendi
865 4079 1174 4151 perﬁcietur
1220 4081 1402 4148 actio,
1459 4094 1625 4150 quam
1674 4078 1753 4134 uti
1789 4095 1915 4137 cera
1966 4080 2247 4152 impressis
2306 4080 2633 4135 annulorum
2689 4078 2877 4149 ﬁguris
2897 4077 3271 4148 consignatur,
3326 4084 3421 4130 aut
3464 4075 3733 4144 sanguine

458 4170 547 4225 vel
573 4185 720 4237 aere,
745 4185 868 4241 quae
914 4185 1109 4226 sensus
1138 4169 1257 4241 ipse
1312 4171 1579 4241 percipit,
1612 4168 1997 4230 informantur.
2056 4171 2123 4227 Et
2160 4172 2378 4242 quidem
2407 4172 2485 4239 si,
2513 4171 2660 4241 quod
2713 4171 2901 4240 utique
2954 4176 3382 4225 consentaneum
3431 4177 3549 4231 est,
3599 4173 3732 4221 tan-

457 4278 625 4334 quam
695 4264 937 4320 bumidis
1000 4264 1057 4319 in
1102 4265 1459 4334 corporibus,
1496 4272 1558 4319 ut
1599 4274 1684 4320 est
1727 4279 1904 4335 aqua,
1944 4265 2372 4335 perturbabitur,
2430 4264 2691 4334 nullaque
2746 4263 2861 4334 jatn
2924 4263 3029 4318 erit
3069 4260 3356 4316 memoria.
3399 4257 3494 4313 Sin
3543 4257 3732 4329 ﬁgurae

458 4358 567 4415 illae
594 4360 993 4431 permanebunt
1025 4379 1040 4415 :
1072 4370 1168 4416 aut
1201 4361 1448 4431 quandiu
1492 4361 1647 4417 locus
1689 4376 1725 4417 a
1759 4360 2038 4432 prioribus
2072 4361 2466 4430 occupabitur,
2520 4358 2810 4415 informari
2866 4358 2986 4414 alia;
3040 4355 3204 4411 nulla:
3232 4361 3531 4425 poterunt,
3564 4363 3729 4422 atque

460 4455 538 4509 ita
568 4469 834 4510 sensuum
870 4455 993 4511 alia:
1044 4456 1304 4512 tollentur
1354 4458 1634 4525 actiones;
1668 4460 1776 4530 (aut
1829 4457 1952 4514 aliis
1988 4458 2439 4525 succedentibus,
2497 4456 2824 4512 delebuntur
2883 4454 3096 4525 priores
3138 4453 3272 4518 illae,
3309 4448 3497 4518 sicque
3523 4464 3730 4502 memo-

459 4548 547 4602 ria
578 4548 727 4603 nulla
750 4548 1106 4619 relinquetur.
1137 4549 1301 4616 Quod'
1321 4551 1367 4606 si
1420 4560 1477 4605 et
1527 4550 1810 4607 recordari
1877 4565 2174 4621 possumus
2196 4591 2212 4614 ,
2273 4559 2331 4607 et.
2352 4550 2598 4605 vicissim
2631 4548 2741 4603 alia
2797 4547 3003 4603 sentire
3053 4554 3178 4617 post
3207 4544 3314 4600 alia
3337 4585 3353 4611 ,
3400 4561 3502 4601 nec
3526 4560 3557 4599 a
3580 4540 3729 4613 prio-

457 4639 613 4695 ribus
640 4626 1013 4710 impedimenti
1039 4642 1341 4711 quidquam
1371 4642 1657 4713 objicitur;
1677 4658 1876 4713 corpus
1896 4659 2018 4701 esse
2055 4646 2273 4700 animus
2317 4644 2467 4698 nullo
2506 4642 2670 4697 modo
2692 4649 2890 4711 potest.

540 4752 559 4786 ι
595 4722 867 4789 Caeterum
902 4735 956 4790 id
994 4736 1177 4805 ipsum
1208 4736 1417 4793 doloris
1447 4752 1511 4792 ex
1560 4753 1728 4794 sensu
1756 4739 2042 4796 manifeste

2222 4760 2254 4795 ι,
2285 4720 2413 4793 Ἰδοι
2437 4739 2482 4793 δ’
2503 4738 2569 4792 ἄν
2595 4755 2680 4802 τις
2698 4738 2792 4791 καὶ
2813 4739 2878 4790 ὲκ
2897 4737 2997 4807 τῆς
3011 4735 3105 4789 τοῦ
3131 4735 3317 4805 ἀλγεῖν
3336 4735 3639 4807 αἰσθήσεως
3665 4732 3731 4787 τὸ

458 4826 640 4896 quivis
662 4826 952 4898 intelligat.
980 4826 1119 4883 Nam
1150 4843 1277 4884 cum
1300 4828 1471 4900 digito
1487 4830 1675 4886 dolere
1706 4831 1872 4886 homo
1893 4832 2037 4888 dici-

2149 4833 2276 4888 αύτὸ
2302 4830 2479 4887 τοῦτο.
2507 4833 2679 4885 Ὅταν
2710 4828 2972 4883 δάκτυλον
3005 4827 3230 4898 λέγηται
3277 4827 3461 4895 ἀλγεῖν
3518 4824 3731 4896 ἄνθρω-

456 4930 582 4983 tur,
611 4920 769 4975 dolor
793 4921 1013 4989 quidem
1052 4921 1222 4976 haeret
1248 4921 1303 4976 in
1331 4921 1532 4992 digito,
1561 4931 1618 4978 at
1646 4924 1853 4980 doloris
1892 4924 2039 4981 iliius

2149 4941 2264 4989 πος,
2296 4925 2331 4994 ἡ
2364 4923 2464 4994 μὲν
2494 4923 2655 4993 ὀδύνη
2704 4922 2831 4992 περὶ
2860 4921 2954 4974 τὸν
3001 4919 3262 4973 δάκτυλον
3290 4917 3577 4988 δήπουθεν,
3605 4920 3638 4988 ή
3671 4916 3731 4971 δὲ

457 5027 681 5068 sensum
707 5012 763 5067 in
809 5014 1060 5085 principe
1117 5013 1359 5070 hominis
1408 5013 1667 5071 facultate
1702 5016 1921 5083 haberi,
1953 5018 2037 5073 vel

2149 5014 2392 5086 αἴσθησις
2420 5013 2517 5067 τοῦ
2558 5012 2765 5081 ἀλγεῖν,
2800 5011 2959 5084 δῆλον
3012 5012 3096 5065 ὃτι
3152 5009 3601 5081 ὁμολογήσουσιν,
3650 5007 3730 5071 ὡς

459 5101 614 5171 ipsos
646 5103 815 5159 etiam
842 5103 1199 5162 confessuros
1230 5121 1351 5163 esse
1380 5107 1570 5178 liquet.
1622 5105 1732 5175 lta,
1762 5108 1904 5186 dum
1931 5109 2039 5165 alia

2149 5103 2282 5177 περὶ
2302 5104 2365 5157 τὸ
2396 5100 2700 5175 ἡγεμονοῦν
2728 5102 2958 5171 γίνεται.
2991 5099 3187 5152 Ἀλλου
3232 5097 3298 5169 δὴ
3328 5096 3482 5159 ὄντος
3502 5093 3594 5153 τοῦ
3628 5108 3730 5147 πο·-
3818 5088 3827 5101 ’

531 5275 1137 5353 (ἾβλΪΑᾷλονᾼᾷλλου
1172 5281 1413 5352 μέρους.
1467 5281 1635 5339 Recte
1682 5300 1695 5337 :
1748 5298 2033 5353 perperam

459 5347 602 5425 apud
633 5347 854 5427 Plotin.,
882 5348 1010 5427 ἄλλο
1232 5347 1421 5427 μέρος,
1445 5347 2032 5427 ηυω-Ιεριίόιῖὶὲὶηιιιη

461 5421 518 5468 in
555 5432 794 5493 errorem
843 5422 1073 5493 induxit.
1127 5421 1317 5478 Vertit'
1342 5421 1521 5478 enim:
1556 5423 1742 5493 Itaque
1770 5441 1892 5490 pars
1921 5424 2034 5478 alia

459 5487 649 5538 sentiet
688 5488 873 5564 aliam,
903 5492 1137 5564 nihilque
1169 5494 1225 5546 in
1267 5495 1419 5549 nobis
1457 5487 1781 5548 sentiendum
1821 5511 1930 5550 rem
1964 5506 2039 5549 ιο-

452 5564 575 5635 tam
601 5561 891 5635 percipiet,
931 5559 1032 5617 Ubi
1050 5559 1228 5619 ’etiam
1261 5579 1362 5635 pro
1393 5564 1615 5635 μηδένα,
1643 5566 1790 5635 quod
1827 5577 2037 5620 rectum

459 5627 725 5700 est,_l_egit
760 5627 943 5700 μηδὲν.
1030 5699 1035 5700 γ
1054 5676 1059 5681 .

461 5695 799 5816 ενεςτῖἰξἜὼ·
823 5695 980 5755 ἐστι.
1021 5699 1223 5771 Recte,
1259 5712 1323 5759 ut
1365 5703 1587 5772 Plotin.,
1620 5719 1762 5772 non,
1794 5713 1855 5761 ut
1882 5715 2034 5773 ante,

490 5781 659 5820 νεστι.

535 5838 645 5908 (7-5)
689 5838 750 5895 Ἠ
774 5838 1090 5909 διαίρειν-ια
1115 5840 1174 5912 ἢ.
1205 5843 1463 5901 Additum
1490 5859 1556 5900 ex
1584 5843 1816 5902 Plotino.

2216 5283 2330 5355 (75)
2364 5281 2630 5355 Ἀριθμοῦ
2657 5280 2803 5355 ἔχῃ.
2836 5278 2906 5333 Ει
2942 5279 3086 5333 hanc
3116 5277 3405 5355 desperato
3442 5273 3728 5355 loc_o.me-

2141 5341 2378 5409 dicinam
2413 5341 2867 5417 'Pldtiuus'ﬁicit,
2898 5366 3024 5405 cum
3057 5357 3184 5405 ante
3216 5341 3442 5419 ἄριστον
3480 5345 3551 5418 χῇ
3582 5341 3730 5412 lege-

2142 5436 2328 5565 ιὊιᾶιίῖ)
2369 5494 2476 5548 Καὶ
2511 5492 2637 5559 τοῖς
2677 5491 2935 5565 μορίοιςῇ
2953 5487 3141 5565 αὐτοῦ
3178 5484 3554 5565 αἰσθήσετᾳῇ
3570 5482 3726 5565 ,ϐοτ-

2146 5552 2635 5632 ῐιιριέιθεθιιοιυιί,
2666 5552 2837 5616 καῖεἰ
2868 5552 3217 5633 τῶν-μορίων
3236 5553 3399 5610 αὐτοῦ
3432 5552 3653 5633 αἰσθήῑσ.

2219 5628 2333 5704 (77)
2361 5628 2428 5689 Ἦ
2450 5634 2940 5704 ἀναίσθηταηθιο.
2976 5628 3346 5704 Totam_l_ianc
3374 5628 3727 5704 sententiam,

2146 5695 2324 5774 usque
2371 5705 2468 5758 ad.
2496 5695 2724 5774 alterum
2770 5700 3113 5774 αἰσθήσεται,
3169 5695 3724 5774 Plotino__debet_nus,

2142 5764 2312 5846 quam
2352 5776 2506 5846 prius
2536 5773 2859 5845 αἰσθήσεται
2889 5764 3238 5828 librariorum
3290 5766 3466 5824 oculis
3511 5764 3723 5820 subdu-

2139 5861 2235 5903 XCI
2239 5854 2312 5902 at.
