4132 6406
445 337 575 393 1565

1592 341 1908 397 PBEPAR.
1939 343 2188 402 EVANG.
2229 345 2355 402 LIB.
2400 345 2514 401 XV.

3533 350 3680 407 i566

436 455 648 519 νοῦντος
683 458 902 528 μέρους,
928 458 1020 511 τοῦ
1056 460 1361 530 πνεύματος
1382 460 1442 512 τὸ
1463 461 1762 532 ἡγεμονοῦν
1813 461 2003 515 αἰσθά-

2110 465 2349 534 quaedam
2381 481 2507 536 pars
2532 466 2764 531 laborat,
2795 464 2956 519 sentit
2987 462 3190 518 interea
3215 461 3438 531 spiritus
3470 463 3552 518 vis
3578 463 3671 518 illa

435 563 603 608 νεται,
639 549 730 600 καὶ
754 549 849 618 δλη
885 549 1029 620 ψυχὴ
1057 551 1118 602 τὸ
1172 551 1301 604 αὐτὸ
1335 552 1551 622 πάσχει.
1583 550 1705 613 Πῶς
1734 548 1824 604 οὖν
1850 552 2010 605 τοῦτο

437 635 749 706 συμϐαίνει;
783 640 1041 703 Διαδόσει,
1069 641 1321 710 φήσουσι,
1358 643 1620 704 παθόντος
1660 642 1756 712 μὲν
1780 642 2009 712 πρώτως

434 730 527 784 τοῦ
552 735 679 804 περὶ
711 735 799 787 τὸν
837 734 1094 788 δάκτυλον
1119 734 1350 805 ψυχικοῦ
1385 723 1712 806 πνεύματος,
1753 735 2006 806 μεταδόν-

434 841 525 888 τος
548 824 604 878 δὲ
635 825 712 895 τῷ
728 825 944 895 ἐφεξῆς,
995 827 1086 880 καὶ
1117 827 1304 880 τούτου
1349 827 1513 896 ἄλλῳ,
1545 827 1649 890 ἕως
1697 822 1756 880 οὗ
1781 827 1916 898 πρὸς
1947 828 2008 878 τὸ

436 915 733 987 ἡγεμονοῦν
781 917 1044 984 ἀφίκοιτο.
1089 918 1323 988 Ἀνάγκη
1371 919 1546 971 τοίνυν
1594 921 1643 971 εί
1689 919 1749 971 τὸ
1793 918 2006 990 πρῶτον

437 1005 600 1059 πόνου
633 1006 844 1076 ᾔσθετο,
864 1007 1025 1076 ἄλλην
1046 1008 1144 1079 τὴν
1172 1007 1419 1079 αἴσθησιν
1446 1008 1539 1060 τοῦ
1563 1008 1815 1079 δευτέρου
1846 1003 2003 1071 εἶναι,

439 1099 487 1149 εἰ
513 1096 652 1149 κατὰ
670 1096 901 1150 διάδοσιν
947 1099 979 1168 ή
1009 1098 1281 1170 αἴσθησις,
1339 1101 1433 1151 καὶ
1473 1099 1566 1152 τοῦ
1621 1099 1803 1169 τρίτου
1829 1116 1892 1167 γε
1916 1099 2010 1153 άλ-

438 1188 556 1259 λην,
581 1187 674 1241 καὶ
725 1187 922 1252 πολλὰς
951 1190 1227 1261 αἰσθήσεις
1282 1191 1376 1244 καὶ
1417 1191 1676 1262 ἀπείρους
1724 1193 1852 1263 περὶ
1889 1192 2007 1256 ἐνὸς

440 1280 748 1350 ἀλγήματος
771 1279 1035 1348 γίνεσθαι,
1083 1281 1398 1336 καὶτούτων
1429 1281 1654 1335 ἀπασῶν
1699 1283 1759 1335 τὸ
1785 1282 2010 1352 ὕστερον

439 1371 501 1424 τὸ
530 1372 829 1444 ἡγεμονοῦν
863 1372 972 1443 (78)
1004 1371 1373 1438 αἰσθάνεσθαι,
1406 1374 1498 1427 καὶ
1522 1373 1622 1442 τῆς
1647 1371 1837 1425 ἑαυτοῦ
1859 1370 2012 1442 παρά

437 1461 660 1526 ταύτας.
693 1463 765 1516 Τὸ
793 1463 852 1516 δὲ
879 1463 1103 1534 ἀληθὲς,⁸
1124 1464 1358 1534 ἑκάστην
1391 1463 1612 1517 ἐκείνων
1639 1464 1715 1534 μὴ
1742 1463 1832 1517 τοῦ
1856 1467 1912 1518 ὲν
1933 1465 2010 1536 τῷ

436 1557 682 1628 δακτύλῳ
713 1557 1043 1628 ἀλγήματοςο
1081 1557 1215 1610 ἀλλά
1270 1560 1369 1630 τὴν
1423 1559 1520 1629 μὲν
1549 1557 1744 1626 ἐφεξῆς
1776 1557 1884 1627 (79)
1931 1557 2010 1628 τῷ

439 1651 704 1722 δακτύλῳ,
729 1653 808 1705 ὅτι
834 1652 862 1704 ὁ
883 1652 1079 1723 ταρσὸς
1118 1652 1294 1720 ἀλγεῖ,
1320 1652 1416 1722 τὴν
1458 1651 1515 1705 δὲ
1545 1651 1756 1723 τρίτην,
1780 1651 1861 1703 ὅτι
1884 1649 2011 1704 ἀλλο

438 1743 498 1795 τὸ
528 1742 662 1814 πρὸς
683 1743 741 1796 τὸ
770 1744 993 1808 ἀνωθεν,
1025 1743 1118 1798 καὶ
1175 1743 1373 1805 πολλὰς
1425 1739 1564 1796 εἶναι
1593 1742 1911 1812 ἀλγηδόνας·
1947 1742 2008 1794 τό

2111 557 2397 626 princeps,
2429 557 2678 626 idemque
2715 555 2918 625 patitur
2954 553 3172 607 animus
3227 553 3341 622 ipse
3392 562 3556 607 totus.
3616 553 3671 607 ld

2111 661 2240 716 ergo
2275 646 2730 716 quemadmodum
2754 644 2972 700 evenit?
2998 643 3390 713 Propagatione
3409 643 3668 712 quadam,

2109 739 2355 809 inquient
2377 782 2392 805 ,
2421 742 2550 794 dum
2587 738 2840 794 animalis
2857 737 3098 807 primum
3128 735 3280 804 digiti
3310 736 3536 804 spiritus
3570 736 3672 788 do-

2106 828 2210 892 let,
2243 845 2365 883 mox
2392 845 2550 884 suum
2582 829 2729 882 hunc
2752 827 2993 881 dolorem
3018 841 3140 880 cum
3167 833 3426 893 sequente
3455 862 3469 885 ,
3517 824 3673 892 isque

2106 919 2359 989 deinceps
2387 935 2508 975 cum
2545 920 2652 974 alio
2709 918 3111 980 communicat,
3149 916 3322 970 donec
3371 914 3669 984 principem

2105 1011 2174 1065 ad
2205 1010 2511 1065 facultatem
2548 1024 2720 1080 usque
2749 1009 3075 1078 pervenerit.
3105 1006 3335 1062 Necesse
3356 1007 3516 1076 igitur
3543 1017 3666 1069 est,

2108 1101 2154 1156 si
2187 1117 2312 1172 pars
2363 1101 2456 1157 illa
2502 1101 2677 1172 prima
2706 1101 2947 1156 dolorem
2995 1100 3242 1162 senserit,
3285 1098 3360 1152 uti
3403 1098 3542 1152 alius
3588 1112 3676 1152 se-

2107 1193 2297 1248 cundae
2334 1208 2527 1248 sensus
2553 1192 2818 1258 exsistat,
2851 1193 2897 1246 si
2921 1189 3085 1245 modo
3117 1189 3506 1260 propagatione
3550 1204 3676 1244 sen-

2109 1300 2204 1339 sus
2237 1285 2336 1338 iste
2362 1284 2487 1349 ﬁet,
2523 1285 2760 1353 itemque
2784 1283 2926 1337 alius
2974 1281 3149 1337 tertiae
3173 1323 3188 1347 ,
3233 1280 3480 1350 adeoque
3525 1294 3680 1334 com-

2108 1373 2293 1442 plures
2321 1379 2376 1428 et
2408 1373 2606 1427 inﬁniti
2648 1373 2869 1442 quidam
2893 1387 2959 1426 ex
3008 1386 3117 1425 uno
3157 1371 3454 1439 eodemque
3489 1369 3682 1427 dolore

2109 1479 2303 1520 sensus
2330 1465 2608 1530 oriantur,
2640 1481 2777 1535 quos
2809 1467 3004 1522 deinde
3027 1481 3218 1522 omnes
3255 1466 3503 1535 princeps
3543 1479 3675 1520 con-

2109 1562 2368 1624 sequatur
2402 1552 2665 1617 facultas,
2689 1568 2810 1623 qua:
2858 1569 3017 1610 suum
3051 1561 3248 1624 praeter
3277 1552 3400 1606 illos
3455 1551 3674 1622 proprie

2109 1643 2388 1714 percipiat.
2421 1643 2512 1698 Sic
2544 1644 2786 1714 quidem,
2822 1655 2881 1699 ut
2910 1659 3106 1700 eorum
3135 1644 3362 1714 quilibet
3389 1660 3497 1697 non
3527 1643 3673 1697 illius

2110 1750 2236 1790 vere
2263 1735 2334 1789 sit
2361 1735 2568 1790 doloris
2591 1777 2605 1801 ,
2639 1752 2800 1806 quem
2836 1736 3040 1808 digitus
3071 1737 3304 1800 sentiat;
3330 1737 3423 1792 sed
3451 1743 3510 1790 ut
3538 1735 3674 1804 digi—

437 1850 497 1886 τε
531 1834 828 1904 ήγεμονοῦν
853 1834 926 1906 μὴ
957 1835 1049 1888 τοῦ
1109 1835 1244 1906 πρὸς
1271 1833 1348 1905 τῶ
1401 1833 1648 1906 δακτύλῳ
1693 1835 2005 1905 ἀλγήματος

2110 1835 2223 1878 tum
2250 1824 2498 1895 proxime
2520 1841 2866 1896 consequens
2886 1865 2901 1890 ,
2937 1826 3133 1896 palmae
3152 1867 3167 1892 ,
3194 1826 3495 1895 tertiusque
3522 1826 3676 1879 simi.

326 1925 340 1936 ’
439 1925 810 1990 αίσθάνεσθαι,
851 1926 988 1981 ἀλλὰ
1038 1925 1131 1979 τοῦ
1166 1927 1300 1998 πρὸς
1332 1925 1497 1996 αύτῷ,
1547 1925 1824 1979 καὶτοῦτο
1851 1923 2005 1993 γινώ-

441 2033 589 2070 σκειν
623 2017 798 2087 μόνον,
823 2019 890 2072 τὰ
916 2019 959 2072 δ’
989 2018 1120 2072 ἄλλα
1142 2020 1350 2090 χαίρειν
1379 2022 1494 2090 ὲᾷν,
1517 2018 1591 2089 μὴ
1620 2017 1998 2088 ἐπιστάμενον,

437 2104 518 2156 ὅτι
547 2105 703 2174 ἀλγεῖ
730 2107 758 2158 ὁ
783 2106 1062 2172 δάκτυλος.
1094 2109 1154 2160 Εί
1185 2108 1359 2162 τοίνυν
1408 2108 1548 2161 κατά
1596 2106 1848 2170 διάδοσιν,
1903 2107 2001 2176 τὴν

443 2196 691 2268 αἴσθησιν
747 2200 844 2269 οὐχ
884 2194 994 2253 οἷόν
1039 2217 1097 2252 τε
1145 2218 1240 2253 του
1297 2201 1536 2254 τοιούτου
1579 2200 1845 2268 γίνεσθαι,
1876 2198 2011 2268 μηδὲ

442 2287 691 2360 σώματος
753 2290 916 2360 ὄγκου
971 2291 1142 2356 ὄντος,
1175 2292 1333 2346 άλλου
1367 2293 1650 2357 παθόντος,
1703 2291 1860 2344 ἄλλου
1900 2289 2009 2360 (80)

439 2379 639 2448 γνῶσιν
660 2375 817 2434 εἶναι.
845 2381 1052 2444 Παντὸς
1077 2381 1184 2451 γὰρ
1207 2382 1469 2452 μεγέθους
1526 2384 1576 2435 εἰ
1618 2382 1678 2434 τὸ
1735 2380 1830 2451 μὲν
1863 2377 2009 2439 ἄλλο,

439 2471 498 2524 τὸ
529 2471 586 2524 δὲ
609 2471 735 2524 ἄλλο
762 2473 898 2535 ἐστὶ,
922 2473 1003 2525 δεῖ
1031 2471 1269 2524 τοιοῦτον
1300 2473 1540 2526 τίθεσθαι
1589 2472 1649 2525 τὸ
1689 2471 2012 2536 αἰσθανόμε-

439 2579 526 2614 νον
557 2562 692 2631 (81),
725 2557 836 2616 οἷον
869 2565 1142 2635 πανταχοῦ
1186 2567 1315 2620 αὐτὸ
1348 2565 1524 2635 ἑαυτῷ
1556 2564 1614 2617 τὸ
1663 2562 1794 2616 αὐτὸ
1847 2557 2004 2615 εἶναι·

437 2651 593 2706 τοῦτο
644 2653 699 2706 δὲ
749 2654 892 2726 ἄλλῳ
938 2657 1043 2709 τινὶ
1099 2657 1207 2710 τῶν
1252 2657 1418 2710 ὄντων
1470 2655 1504 2726 ἢ
1567 2652 1778 2724 σώματι
1835 2654 2008 2704 ποιεῖν

439 2743 726 2814 προσήκει.

2110 1915 2234 1969 liter
2257 1917 2428 1986 partis
2458 1917 2682 1972 alterius
2737 1917 3038 1987 superioris
3073 1917 3318 1971 dolorem
3378 1916 3637 1986 percipiat
3658 1958 3672 1978 ,

2112 2008 2377 2076 multique
2434 2023 2494 2062 re
2558 2008 2674 2078 ipsa
2721 2008 2934 2066 dolores
2967 2009 3268 2075 exsistant;
3319 2024 3382 2064 ac
3425 2009 3506 2064 vis
3559 2010 3691 2079 ipsa.

2107 2102 2358 2172 princeps
2388 2117 2496 2158 non
2524 2101 2637 2172 jam
2680 2102 2963 2171 ipsiusmet
3004 2103 3254 2174 digitum,
3286 2111 3342 2156 at
3374 2117 3532 2157 suum
3566 2111 3678 2156 tan-

2114 2193 2837 2264 tummodosentiat,831
2895 2194 3125 2263 aliisque
3191 2194 3448 2248 omnibus
3505 2193 3678 2249 faces-

2111 2297 2231 2338 sere
2255 2282 2426 2352 jussis
2445 2323 2459 2348 ,
2489 2298 2658 2337 unum
2688 2283 2835 2338 hunc
2861 2283 2938 2338 ita
2968 2293 3264 2354 cognoscat
3290 2323 3304 2348 ,
3333 2295 3391 2338 ut
3432 2300 3500 2339 ne
3538 2285 3675 2355 digi-

2112 2384 2225 2430 tum
2249 2373 2468 2443 quidem
2497 2375 2676 2443 ipsum
2697 2375 2879 2430 dolere
2901 2375 3056 2430 sciat.
3076 2374 3257 2442 Quare
3280 2419 3296 2444 ,
3331 2377 3376 2431 si
3406 2393 3676 2448 propaga-

2112 2466 2262 2521 tione
2293 2466 2480 2535 aliqua
2509 2464 2726 2520 futurus
2754 2475 2870 2532 est,
2897 2468 3080 2523 nullus
3107 2469 3330 2523 omnino
3358 2469 3560 2524 doloris
3583 2471 3679 2522 bu-

2110 2557 2202 2627 jus
2227 2571 2420 2612 sensus
2447 2555 2732 2622 exsistere,
2757 2571 2990 2627 cumque
3010 2573 3211 2628 corpus
3239 2559 3408 2614 moles
3433 2559 3676 2630 quaedam

2114 2647 2184 2702 sit
2203 2689 2218 2715 ,
2245 2657 2398 2717 parte
2425 2647 2594 2702 altera
2627 2649 2883 2717 patiente,
2911 2649 3137 2704 alterius
3155 2666 3277 2705 esse
3300 2652 3541 2721 cognitio
3562 2667 3676 2706 non

2114 2739 2330 2809 poterit.
2363 2735 2554 2794 Omnis
2579 2739 2777 2808 quippe
2808 2741 3197 2810 magnitudinis
3226 2750 3407 2811 partes
3439 2743 3558 2797 alia:
3604 2752 3678 2798 at-

439 2852 546 2905 que
586 2839 705 2893 alia:
733 2854 857 2894 cum
911 2841 1058 2908 sint,
1096 2843 1366 2913 ejusmodi
1414 2850 1632 2912 oportet
1684 2855 1806 2896 esse
1857 2837 2004 2910 quod
2043 2836 2310 2902 sentitur,
2373 2845 2436 2889 ut
2485 2850 2653 2889 unum
2689 2843 2743 2888 et
2799 2835 2939 2890 idem
2975 2836 3174 2906 ubique
3200 2847 3529 2907 permaneat.
3562 2836 3677 2894 Hoc

443 2943 623 2988 autem
651 2934 718 2989 ab
750 2935 858 2990 alio
886 2951 1048 3004 sane,
1097 2954 1262 3008 quam
1297 2955 1326 2993 a
1369 2953 1596 3008 corpore
1637 2937 1752 2991 ﬁeri
1787 2949 2010 2990 necesse
2047 2941 2150 2988 est.

517 3047 536 3079 ι
567 3028 688 3081 ’Ὁτι
709 3028 766 3082 δὲ
793 3030 912 3083 οὐδὲ
936 3034 1075 3084 νοεῖν
1103 3027 1212 3085 οἷόν
1233 3051 1315 3096 τε,
1340 3034 1389 3085 εί
1414 3033 1571 3103 σῶμα
1595 3034 1628 3103 ή
1657 3031 1802 3101 ψυχή
1831 3027 2009 3083 ὁτιοῦν

2192 3045 2210 3078 ι
2243 3026 2313 3080 At
2341 3040 2470 3080 vero
2500 3041 2569 3081 ne
2593 3026 2759 3080 ullum
2783 3023 3004 3094 quidem
3034 3064 3049 3090 ,
3075 3024 3121 3081 si
3177 3022 3375 3094 corpus
3432 3026 3687 3080 animum.

441 3117 548 3187 εἴη,
581 3117 817 3172 δεικτέον
849 3121 913 3173 ὲκ
936 3121 1121 3174 τῶνδε.
1158 3123 1220 3175 Ei
1265 3123 1373 3194 γὰρ
1414 3124 1475 3176 τὸ
1520 3121 1868 3176 αίσθάνεσθαί
1894 3124 2008 3174 ἐστι

2113 3132 2234 3172 esse
2257 3116 2538 3178 dicamus,
2571 3115 2940 3184 intelligentiae
2961 3115 3140 3169 locum
3186 3115 3454 3184 relinqui,
3488 3116 3679 3186 hujus-

375 3235 379 3239 -
439 3207 500 3260 τὺ
525 3206 734 3278 σώματι
762 3212 1185 3284 προσχρωμένην
1206 3213 1302 3284 τήν
1327 3213 1503 3285 ψυχὴν
1524 3213 2011 3283 ἀντιλαμϐάνεσθαι

438 3296 548 3351 τῶν
581 3297 873 3369 αἰσθητῶν,
906 3301 1004 3354 οὐκ
1025 3301 1090 3354 ἂν
1115 3301 1200 3373 εἴη
1262 3305 1354 3356 καὶ
1413 3304 1474 3356 τὸ
1522 3306 1660 3356 νοεῖν
1688 3303 1748 3355 τὸ
1779 3303 1864 3357 διὰ
1911 3302 2013 3356 σώ-

445 3405 610 3458 ματος
639 3391 1099 3462 καταλαμϐάνειν,
1134 3393 1167 3464 ἢ
1221 3394 1415 3447 ταύτὸν
1480 3394 1631 3447 ἔσται
1660 3395 1736 3465 τῶ
1765 3394 2012 3448 αἰσθάνε-

444 3479 586 3534 σθαι.
612 3483 673 3535 Εἰ
699 3478 792 3536 οῦν
818 3483 878 3537 τὺ
901 3487 1038 3538 νοεῖν
1071 3487 1186 3538 ἐστι
1216 3486 1277 3538 τὸ
1302 3486 1428 3539 ἄνευ
1463 3485 1712 3556 σώματος
1739 3487 2007 3558 ἀντιλαμ-

444 3572 716 3640 ϐάνεσθαι,
746 3577 878 3630 πολὺ
903 3578 1165 3650 πρότερον
1195 3579 1275 3632 δεῖ
1310 3578 1386 3650 μὴ
1413 3579 1572 3650 σῶμα
1629 3577 1695 3634 αὖ
1728 3582 1789 3634 τὸ
1820 3582 2011 3652 νοῆσον

442 3660 601 3729 εἶναι,
625 3667 746 3720 ἐπεὶ
767 3668 1038 3740 αἰσθητῶν
1074 3670 1185 3742 (8'2)
1213 3671 1309 3741 μὲν
1340 3672 1372 3740 ή
1407 3671 1676 3740 αἴσθησις,
1719 3672 1924 3743 νοητῶν
1955 3673 2011 3726 δὲ

441 3758 480 3826 ή
498 3757 699 3828 νόησις.
735 3760 797 3811 Εἰ
829 3760 885 3813 δὲ
910 3761 984 3831 μὴ
1017 3761 1312 3830 βούλονται,
1337 3763 1450 3816 ἀλλ’
1476 3759 1567 3816 οὖν
1585 3763 1797 3816 ἔσονταί
1827 3781 1889 3833 γε
1919 3767 2013 3818 καὶ

443 3849 645 3919 νοητῶν
679 3853 909 3922 νοήσεις,
939 3853 1032 3906 καὶ
1061 3854 1342 3924 ἀμεγέθων
1372 3855 1704 3926 ἀντιλήψεις.
1729 3855 1853 3919 Πῶς
1895 3853 2009 3923 οὖν,

447 3937 673 4006 μέγεθος
695 3939 775 4004 δν,
797 3941 857 3993 τὸ
893 3942 968 4013 μὴ
1009 3943 1234 4013 μέγεθος
1288 3948 1491 4017 νοήσει,
1527 3947 1621 4000 καὶ
1652 3946 1728 4018 τῷ
1774 3948 2012 4019 μεριστῷ

442 4028 503 4080 τὸ
531 4031 604 4099 μὴ
636 4032 887 4102 μεριστὸν
916 4035 1129 4104 νοήσει;
1163 4037 1230 4088 Ἢ
1273 4037 1427 4108 μέρει
1457 4039 1561 4090 τινὶ
1591 4039 1786 4110 άμερεῖ
1806 4039 1968 4092 αὐτοῦ
1994 4057 2010 4104 ;

443 4118 507 4171 Εἰ
527 4119 581 4170 δὲ
608 4119 764 4173 τοῦτο
784 4161 798 4184 ,
824 4121 885 4174 ού
937 4122 1095 4193 σῶμα
1136 4123 1286 4178 ἔσται
1335 4127 1396 4179 τὸ
1427 4125 1639 4194 νοῆσον.
1698 4131 1772 4181 Οὐ
1807 4128 1915 4201 γὰρ
1947 4129 2012 4201 δή

444 4209 536 4262 τοῦ
559 4210 681 4264 ὅλου
714 4211 867 4283 χρεία
891 4214 1028 4284 πρὸς
1056 4214 1116 4267 τὸ
1140 4215 1329 4283 θίγειν·
1361 4218 1520 4288 ἀρκεῖ
1565 4219 1674 4291 γὰρ
1705 4222 1797 4273 καὶ
1827 4219 1885 4272 ἓν
1935 4238 2009 4276 τι.

445 4300 508 4352 Εί
546 4301 643 4370 μὲν
672 4298 765 4355 οὖν
795 4305 1232 4375 συγχωρήσονται
1257 4307 1354 4370 τάς
1377 4307 1596 4380 πρώτας
1629 4311 1858 4381 νοήσεις,
1875 4314 2012 4385 ὅπερ

445 4390 640 4463 ἀληθές
673 4391 969 4457 ἐστι,.εἷναι
990 4396 1097 4450 τῶν
1120 4397 1296 4468 πάντη
1328 4398 1577 4470 σώματος
1614 4405 2026 4474 καθαρωτάτων,

2115 3208 2261 3262 modi
2293 3207 2597 3262 rationibus
2626 3206 2914 3276 perspicue
2940 3205 3248 3262 coniicitur.
3285 3205 3341 3260 Si
3373 3207 3520 3261 enim
3550 3223 3674 3264 sen-

2114 3301 2216 3354 tire
2244 3299 2388 3353 aliud
2441 3299 2577 3354 nihil
2613 3307 2733 3366 est,
2770 3315 2935 3369 quam
2979 3313 3206 3368 corpore
3259 3309 3498 3355 utentem
3559 3303 3679 3356 ani-

2113 3406 2263 3444 mum
2295 3406 2415 3459 qua:
2443 3390 2544 3445 sub
2579 3406 2798 3446 sensum
2827 3390 3030 3446 cadunt
3062 3391 3340 3460 percipere
3367 3407 3380 3456 ;
3430 3390 3700 3461 profecto-

2113 3490 2204 3535 aut
2229 3481 2527 3551 intelligere
2553 3523 2568 3548 ,
2603 3497 2708 3536 non
2757 3482 2862 3537 erit
2902 3483 3150 3550 corporis
3205 3498 3368 3551 opera
3427 3498 3679 3552 compre-

2113 3572 2385 3639 hendere,
2425 3582 2519 3628 aut
2557 3574 2697 3628 idem
2725 3574 2906 3644 ipsum
2941 3573 3046 3631 erit
3079 3575 3225 3645 quod
3250 3575 3474 3630 sentire.
3515 3574 3572 3629 Si
3593 3591 3680 3630 er-

2113 3681 2179 3735 go
2208 3664 2510 3734 intelligere
2566 3675 2650 3721 est
2679 3667 2798 3722 sine
2829 3680 3060 3736 corpore
3112 3665 3318 3735 aliquid
3366 3667 3675 3735 percipere,

2111 3756 2282 3810 multo
2315 3771 2446 3810 sane
2472 3755 2634 3825 prius.
2666 3772 2888 3812 necesse
2931 3765 3048 3824 est,
3099 3756 3153 3812 id
3190 3757 3334 3826 quod
3379 3758 3681 3814 intellectu-

2111 3859 2233 3898 rum
2270 3845 2342 3900 sit
2375 3860 2575 3914 corpus
2602 3861 2710 3898 non
2743 3861 2885 3912 esse,
2915 3846 3356 3916 quandoquidem
3386 3850 3461 3901 uti
3489 3864 3678 3903 eorum

2111 3950 2234 4004 qua;
2263 3935 2553 3990 sentiendo
2589 3936 2964 4005 percipiuntur
3001 3951 3197 3990 sensus
3227 3946 3306 3991 est
3337 3981 3348 4002 ,
3381 3939 3462 3992 sic
3489 3953 3696 3993 eorum.

2111 4041 2232 4094 qua:
2279 4027 2625 4097 intelligendo
2671 4027 3240 4096 comprehenduntur,
3301 4029 3677 4100 intelligentia.

2111 4115 2287 4184 Quam
2318 4117 2652 4172 discriminis
2681 4116 2944 4172 rationem
2979 4119 3026 4173 si
3050 4119 3283 4188 probare
3310 4119 3500 4173 nolunt
3521 4161 3535 4186 ,
3562 4122 3678 4189 spi-

2110 4210 2289 4265 ritalia
2336 4211 2552 4280 quidem
2594 4209 2863 4280 intelligi,
2909 4218 2966 4265 et
3018 4210 3390 4280 magnitudine
3439 4214 3679 4267 carentia

2111 4301 2314 4371 percipi
2342 4300 2675 4356 fatebuntur.
2716 4299 3003 4366 Quomodo
3047 4301 3214 4371 igitur
3265 4303 3410 4372 quod
3468 4305 3678 4373 magni-

2112 4391 2242 4445 tudo
2263 4391 2508 4461 quzedam
2539 4401 2656 4456 est,
2684 4390 2736 4445 id
2767 4391 2912 4461 quod
2967 4391 3339 4464 magnitudine
3377 4403 3592 4455 careat.
3627 4405 3682 4450 et

446 4482 574 4535 αὐτὸ
601 4483 844 4552 ἕκαστον,
879 4489 1090 4560 ἀνάγκη
1124 4490 1234 4560 (83)
1264 4493 1356 4546 καὶ
1383 4493 1443 4547 τὸ
1500 4495 1654 4548 νοοῦν
1681 4496 1790 4567 (84)
1823 4496 2008 4568 σώμα-

2113 4482 2257 4553 quod
2312 4482 2594 4537 dividuum
2648 4492 2762 4548 est,
2821 4499 2934 4538 rem
2988 4485 3248 4555 percipiet
3295 4486 3678 4542 individuam?

517 4638 641 4718 (Z8)
665 4641 758 4718 _Td
803 4643 1058 4712 ὕστερον
1088 4645 1154 4718 τὸ
1186 4649 1355 4718 ἡγεμ.
1374 4689 1389 4713 ,
1415 4659 1519 4705 etc.
1570 4650 1642 4705 Ita
1673 4656 2010 4712 correximus

445 4708 774 4797 gymnas),
804 4708 1502 4797 etim-pessimelegeretur,
1531 4721 1690 4794 εἴπερ
1721 4725 1787 4777 τὸ·

446 4778 626 4852 votivo
650 4781 793 4852 νοῦς,
826 4778 893 4852 ἦν
923 4778 1287 4840 αίσθάνεσθαιῖ

897 4853 1011 4936 τῂν
1045 4856 1162 4924 μὲν
1203 4859 1443 4936 ἐφεξῆςἶ
1491 4860 1698 4936 Haac_et
1731 4867 2028 4936 sequentia-

448 4920 588 4972 satis
591 4920 902 4995 impedita,
926 4920 1286 4995 lenge.|nagis
1322 4920 1575 4987 in‘t'ricare
1605 4920 1823 4990 Ficinus
1859 4920 2008 4991 vide?

449 4997 552 5041 tur.
583 4988 813 5072 Confer,
850 4993 908 5072 si
949 4988 1125 5072 vacat.
1160 4988 1334 5072 Burro
1379 5001 1476 5055 has
1524 5005 1764 5072 quinque
1801 4988 2005 5069 lineas.

450 5073 622 5127 usque
659 5061 724 5114 ad
753 5061 1122 5142 αίσθάνεσθαι,
1160 5064 1373 5142 Plotino
1405 5061 1618 5142 mecum
1649 5061 1896 5142 acceptas
1931 5061 2008 5130 le;

447 5132 1060 5264 ἓῗῗιῖὶέῗὶλῖἓῗξέὲῖῗὲ
1075 5139 1642 5261 iiiiii’éiaimm’“
1676 5144 2006 5216 “Vim”

450 5335 460 5346 .
663 5270 877 5352 "W32
906 5273 1218 5352 παρόντος,
1259 5277 1471 5352 ὤμου.
1497 5279 1750 5352 ﬂaret-te
1785 5283 2005 5352 Plotin.;

449 5340 502 5388 in
529 5340 706 5414 priori
717 5340 961 5414 editione
984 5340 1197 5414 desunt,
1229 5347 1514 5414 παθόντος,
1545 5350 1724 5406 ἄλλου.

520 5406 629 5486 (81)
653 5408 734 5486 ’Τὸ
758 5406 1208 5486 αὶσᾷανόμενονί.
1235 5415 1351 5470 Non
1386 5406 1557 5486 placet
1578 5424 1749 5477 active
1778 5425 1918 5477 sumi
1949 5425 2009 5477 τὸ

448 5474 874 5560 αἰσθανόμενον,⁵
886 5474 1120 5560 ὴοολξεει,
1143 5486 1280 5560 qnod
1321 5474 1532 5560 sentiet,
1558 5474 2005 5560 ρι-έέζςεί-ιῖιίἶὲῐιιίιί

448 5550 941 5633 εςηιι-ιιιυτητοῦτο
959 5550 1030 5633 ἑὲ
1072 5550 1443 5633 ποιεῖνμειο.-
1476 5550 1654 5622 Minus
1702 5565 1846 5617 enim
1888 5575 2008 5633 apte

446 5615 657 5699 dicatur
685 5618 902 5674 animus
924 5621 1148 5699 eﬂicere,
1179 5634 1234 5699 nt
1261 5615 1402 5699 idem
1429 5615 1660 5699 ipsemet
1683 5615 2002 5699 uiliiiiueﬁsriti

447 5694 725 5771 aptissime
767 5701 976 5771 contra,
1013 5701 1070 5744 ut
1117 5694 1272 5771 dplor
1315 5696 1424 5757 ille,
1452 5694 1560 5768 "qui
1614 5694 1864 5766 sentitur,
1914 5721 2006 5771 per

451 5769 801 5828 quascunque
852 5770 1034 5828 partes
1083 5765 1272 5820 subeat
1317 5765 1866 5842 alqtte'propagetur,
1903 5765 2007 5829 sibi

2110 4666 2291 4731 tamen
2337 4659 2536 4727 ubique
2581 4658 2778 4731 similis
2811 4670 3142 4729 permaneat.
3193 4661 3367 4731 Atque
3411 4663 3457 4717 is
3487 4675 3596 4728 est,
3626 4665 3682 4717 ni

2111 4729 2288 4792 fallor,
2327 4744 2620 4819 germanus
2651 4728 2848 4784 Plotini
2877 4746 3093 4785 sensus.

2185 4798 2289 4819 IDQ\
2357 4799 2491 4819 η..-ι
2539 4802 2742 4819 --ν-Λμ-
2810 4800 2825 4819 I
2853 4818 2858 4819 ,
2909 4816 2936 4819 ,Α
2963 4801 3072 4819 ,°_,,!

2182 4798 2291 4869 (δῖ)
2340 4798 2494 4851 Ἐπεὶ
2527 4802 2761 4866 alo-6m.
2810 4800 2865 4854 In
2909 4801 3074 4868 priori
3119 4800 3388 4865 editione,
3425 4801 3544 4852 ἐπεὶ
3585 4803 3679 4854 ἐπὶ

2111 4867 2280 4932 atad,
2306 4871 2450 4936 quod
2496 4883 2609 4940 non
2651 4867 3058 4940 emendassem,
3111 4873 3157 4925 si
3203 4879 3673 4940 postea‘seentum

2109 4951 2284 5010 esset,
2324 4940 2416 5010 sui.
2449 4938 2652 5010 νοητῶν
2681 4939 2758 4995 δέ.
2805 4939 2942 4994 Male
2985 4951 3163 4994 autem
3205 4937 3352 5010 apud
3384 4937 3671 5010 Plotinum

2110 5007 2263 5130 ετιὲι
2294 5008 2439 5130 aetati.
2475 5007 2709 5064 Dubium
2755 5026 2861 5066 non
2891 5019 2975 5065 est
3005 5014 3136 5080 quin
3179 5007 3261 5062 ετξ
3291 5010 3338 5061 εί
3375 5008 3574 5064 factum
3605 5014 3676 5065 sit

2110 5094 2174 5130 ex
2241 5095 2305 5130 πε
2335 5117 2348 5130 .

2109 5094 2174 5131 ex
2209 5080 2348 5132 ἐπεί.

2181 5147 2291 5217 (85)
2329 5146 2486 5201 Αὐτὸ
2530 5147 2824 5211 ἕκαστον,
2868 5148 3116 5217 ἀνάγκη.
3175 5147 3394 5204 Rectius
3453 5152 3676 5207 omnino

2109 5233 2296 5290 quam,
2330 5227 2389 5290 nt
2431 5219 2593 5290 apud
2613 5217 2905 5290 Plotinum:
2933 5219 3364 5290 καθαρωτάτων,
3396 5221 3526 5273 αὐτὸ
3551 5221 3678 5274 ἐκά-

2112 5304 2235 5339 στου
2269 5288 2502 5358 ἀνάγκη.
2549 5287 2820 5342 Marsilius
2862 5287 3032 5342 Ficin.
3074 5287 3205 5342 αὐτὸ
3237 5291 3467 5342 ἑκάστου
3515 5293 3677 5346 vertit

2109 5357 2308 5410 scilicet
2356 5357 2795 5430 uniuscujusque,
2821 5368 2893 5430 _ut
2927 5359 3033 5430 dici
3075 5361 3228 5422 solet,
3272 5361 3546 5425 abstracti,
3579 5377 3675 5430 pa-

2108 5443 2250 5487 rum,
2285 5429 2498 5496 opinor,
2523 5442 2588 5480 ex
2625 5437 2802 5480 mente
2821 5426 3039 5481 Plotini.

2181 5496 2292 5564 (84)
2327 5495 2395 5548 Τὸ
2429 5496 2630 5560 νοοῦν,
2653 5506 2758 5550 etc.
2798 5496 2910 5550 lloc
2939 5499 3100 5550 etiam
3139 5497 3259 5551 loco
3289 5498 3559 5553 Plotinum
3588 5515 3672 5553 se-

2108 5575 2268 5640 cutus
2302 5581 2444 5640 sunt.
2470 5566 2618 5640 Ante
2638 5566 2941 5640 legebatur,
2962 5568 3052 5620 τὸν
3078 5567 3202 5640 νοῦχ
3231 5568 3480 5640 σώματος
3507 5568 3676 5640 καθα-

2110 5635 2202 5704 ρὸν
2229 5635 2374 5698 ὄντα,
2404 5635 2784 5706 ἐγγιγνόμενον
2823 5636 3127 5702 γινώσκειν.
3157 5637 3196 5690 F
3201 5635 3325 5692 orte'
3341 5639 3400 5692 τὸ
3433 5639 3677 5706 ἐγγιγνιὶο

2111 5703 2298 5772 μενον,
2330 5703 2491 5774 ρι’οῆ
2537 5703 2884 5777 γιγνόμενον,
2937 5708 3034 5777 legi
3080 5718 3270 5776 queat,
3317 5709 3366 5762 id
3397 5703 3678 5777 cst—{quod

2107 5777 2223 5844 ipsa
2258 5777 2308 5829 in
2341 5791 2501 5827 meme
2531 5776 2875 5843 imprimitur.
