4132 6464
395 386 531 441 1367

1033 385 1305 443 EUSEBII
1344 384 1826 441 CESARIENSIS
1864 384 2011 440 OPP.
2071 384 2254 439 PARS
2292 382 2357 438 ll.
2396 414 2468 423 —
2502 379 3009 437 APOLOGETICA.

3509 375 3650 433 4363

395 502 588 559 Utrum
624 519 723 560 sua
754 506 986 575 quadam
1011 507 1287 562 individua
1317 506 1571 563 facultate
1592 508 1617 560 ἲ
1646 506 1761 563 Hoc
1784 508 1832 564 si
1872 508 1960 563 di-

2073 524 2149 571 τος
2167 506 2407 577 καθαρὸν
2436 505 2521 569 ὃν,
2549 504 2583 575 ἦ
2613 504 2933 574 γιγνόμενον
2964 499 3112 574 (85),
3160 500 3468 570 γινώσκειν
3503 500 3551 552 εί
3591 499 3651 552 δὲ

391 604 568 663 cetur,
599 611 799 666 corpus
821 597 874 651 id
906 612 1012 651 non
1045 599 1179 666 erit,
1209 600 1351 669 quod
1386 598 1672 670 intelliget.
1705 596 1841 653 Nam
1878 601 1955 654 uti

392 701 482 740 res
513 686 809 758 attingatur
855 687 1159 759 libeturqne
1203 689 1502 757 duntaxat,
1552 697 1670 745 toto
1723 690 1844 759 ipso
1873 691 1960 744 ni-

391 777 470 832 hil
496 794 633 849 opus
660 789 745 834 est
769 821 785 847 ,
812 795 945 850 pars
968 782 1051 835 vel
1080 797 1188 837 una
1227 780 1451 837 sufficit.
1487 781 1546 837 Si
1598 797 1727 852 ergo
1753 823 1769 848 ,
1815 782 1962 852 quod

392 869 552 938 plane
579 885 764 924 verum
787 882 899 938 est,
935 873 1208 942 principes
1239 872 1360 927 illas
1411 873 1667 928 notiones
1715 872 1961 942 singulas

391 976 489 1030 per
509 976 630 1017 sese
653 1003 670 1029 ,
695 964 763 1017 ab
784 964 930 1018 omni
963 966 1187 1019 omnino
1232 978 1461 1034 corpore
1506 963 1815 1020 liberrimas
1840 980 1961 1019 esse

391 1052 726 1117 concedent,
757 1053 809 1105 id
844 1052 1009 1108 etiam
1043 1055 1190 1123 quod
1226 1052 1492 1122 intelligat
1516 1088 1534 1115 ,
1584 1050 1660 1105 ita
1692 1050 1916 1104 demum
1946 1091 1962 1115 ,

393 1141 441 1196 si
472 1156 703 1212 corpore
753 1143 984 1198 liberum
1030 1152 1126 1199 aut
1154 1143 1227 1199 sit
1252 1185 1268 1210 ,
1319 1152 1414 1198 aut
1457 1142 1591 1207 ﬁat,
1633 1155 1966 1212 cognoscere

394 1252 619 1294 necesse
647 1247 750 1293 est.
793 1237 890 1295 Sin
917 1249 1098 1294 autem
1125 1238 1466 1306 formarum,
1508 1251 1629 1307 quae
1674 1236 1742 1291 ad
1796 1244 1971 1290 mate-

394 1327 535 1383 riam
557 1328 957 1397 adhaerescunt,
980 1329 1232 1385 notiones
1258 1328 1380 1384 illas
1398 1342 1520 1383 esse
1541 1325 1969 1397 respondebunt,

316 1464 321 1469 .
393 1432 473 1474 eae
507 1427 689 1475 tamen
742 1436 851 1475 non
890 1420 999 1476 nisi
1049 1422 1275 1477 secretis
1334 1418 1697 1487 corporibus,
1747 1418 1975 1472 mentis-

2066 598 2174 652 τῶν
2207 600 2265 652 ἐν
2294 597 2395 669 ὕλῃ
2430 597 2584 651 εἰδῶν
2618 595 2717 659 τὰς
2738 596 2953 666 νοήσεις
3000 595 3259 665 φήσουσιν
3296 588 3454 657 εἶναι,
3515 591 3652 646 ἀλλὰ

2068 690 2450 764 χωριζομένων
2506 707 2572 760 γε
2627 690 2735 743 τῶν
2785 687 3051 759 σωμάτων
3096 685 3356 754 γίνονται,
3394 680 3488 735 τοῦ
3554 678 3647 734 νοῦ

2069 784 2407 857 χωρίζοντος.
2442 783 2518 836 Ού
2541 781 2651 854 γὰρ
2690 781 2754 853 δὴ
2793 780 2930 852 μετά
2957 779 3195 852 σαρκῶν,
3227 776 3261 848 ἢ
3293 776 3430 840 ὅλως
3459 774 3589 845 ὕλης
3615 775 3646 826 ὁ

2068 874 2364 945 χωρισμὸς,
2394 873 2619 937 κύκλου,
2639 872 2748 926 ικαὶ
2776 869 3064 943 τριγώνου,
3096 870 3190 924 καὶ
3235 866 3519 939 γραμμῆς,
3555 866 3651 918 καὶ

2068 966 2312 1038 σημείου.
2362 968 2455 1020 Δεῖ
2474 967 2581 1039 ἄρα
2611 967 2703 1021 καὶ
2732 965 2830 1037 τὴν
2862 963 3041 1035 ψυχὴν
3094 961 3342 1033 σώματος
3386 957 3555 1030 αὐτὴν
3592 959 3655 1010 ὲν

2058 1058 2138 1129 τῷ
2161 1059 2388 1130 τοιούτῳ
2410 1060 2664 1130 χωρίσαι.
2684 1060 2780 1111 Δεῖ
2806 1057 2915 1129 ἄρα
2951 1055 3088 1127 μηδὲ
3113 1052 3282 1125 αὐτὴν
3310 1051 3467 1123 σῶμα
3487 1046 3647 1104 εἶναι.

2075 1150 2366 1222 Ἀμέγεθες
2397 1150 2509 1223 (86)
2531 1151 2588 1204 δὲ
2611 1146 2763 1222 οἶμαι
2785 1150 2881 1204 καὶ
2908 1148 2969 1201 τὸ
3000 1146 3184 1210 καλὸν,
3209 1146 3306 1200 κα.)⁷
3332 1143 3393 1197 τὺ
3422 1144 3657 1207 δίκαιον,

2065 1244 2159 1295 καὶ
2190 1244 2222 1313 ή
2262 1241 2470 1295 τούτων
2500 1241 2609 1313 ἄρα
2629 1242 2835 1311 νόησις.
2868 1239 3028 1292 Ὥστε
3079 1238 3173 1291 καὶ
3202 1235 3515 1308 προσιόντα,
3573 1230 3655 1301 τῷ

2069 1335 2270 1404 ἀμερεῖ
2300 1332 2410 1405 (87)
2438 1334 2607 1403 αὐτῆς
2639 1329 2976 1396 ὑποδέξεται,
3029 1328 3124 1383 καὶ
3180 1328 3237 1379 ὲν
3269 1324 3405 1395 αὐτῇ
3470 1322 3655 1395 ἀμερῆ

2069 1422 2334 1478 κείσεται.

394 1527 505 1581 que
560 1513 697 1568 adeo
741 1512 796 1567 vi
819 1512 1080 1581 secretis,
1126 1512 1312 1567 haberi
1366 1517 1615 1582 possunt.
1663 1505 1775 1564 Nec
1829 1507 1975 1564 enim
2035 1518 2132 1565 aut
2200 1512 2487 1584 corporis,
2546 1521 2640 1566 aut
2675 1510 2901 1568 omnino
2935 1510 3177 1566 materia:
3224 1506 3522 1578 quidquam
3553 1518 3655 1573 pa-

393 1603 550 1669 titur,
594 1605 683 1659 illa
715 1604 834 1661 ﬁeri
885 1605 1045 1661 solita
1102 1604 1325 1672 circuli,
1369 1604 1656 1676 trianguli,
1713 1604 1872 1659 lineae
1922 1606 2219 1677 punctique
2252 1607 2485 1663 secretio
2526 1627 2541 1663 :
2587 1607 2925 1677 proindeque
2979 1605 3222 1661 animum
3251 1602 3416 1657 etiam
3451 1601 3658 1669 ipsum,

394 1697 487 1766 qui
510 1713 631 1753 eam
655 1698 880 1763 efﬁciat,
911 1713 1197 1770 acorpore
1243 1712 1563 1763 secernere,
1617 1713 1796 1768 neque
1856 1698 1992 1754 adeo
2058 1714 2259 1770 corpus
2310 1715 2432 1756 esse
2484 1700 2773 1771 oportebit.
2831 1697 3123 1752 Enimvero
3156 1693 3478 1765 pulchrum,
3539 1690 3660 1759 opi-

395 1804 532 1855 nor,
596 1796 652 1846 ct
706 1790 955 1861 justum,
994 1791 1222 1862 ipsaque
1264 1790 1493 1862 proinde
1529 1790 1815 1845 amborum
1866 1789 2227 1859 intelligentia
2279 1788 2675 1862 magnitudinis
2731 1788 2932 1843 habent
2984 1786 3141 1841 nihil.
3170 1784 3352 1853 Quare
3384 1782 3548 1839 ambo
3601 1773 3660 1838 ετ

395 1882 675 1938 individua
706 1884 941 1954 quadam
974 1885 1121 1941 illius
1169 1886 1221 1940 vi
1273 1884 1644 1955 excipientur,
1675 1894 1729 1939 et
1765 1884 1821 1938 in
1873 1882 1966 1940 illa
2006 1885 2128 1941 sine
2174 1885 2423 1956 partibus
2454 1885 2579 1939 ullis
2608 1884 2714 1939 sita
2738 1880 3119 1938 remanebunt.

477 1996 496 2029 ι
533 1975 714 2043 Quid?
749 1977 795 2033 si
830 1991 1030 2047 corpus
1088 1978 1332 2032 animum
1381 1978 1682 2033 dixerimus
1706 2019 1721 2045 ,
1757 1985 1965 2048 tempe-

2145 1995 2168 2030 ι
2202 1975 2331 2040 Πῶς
2350 1975 2395 2029 δ’
2429 1975 2496 2029 ἂν
2524 1974 2619 2029 καὶ
2664 1972 2913 2044 σώματος
2931 1972 3083 2035 ὄντος
3112 1972 3212 2043 τῆς
3242 1970 3439 2042 ψυχῆς,
3466 1970 3659 2039 ἀρεταὶ

401 2069 615 2134 rantia,
641 2068 884 2137 iustitia,
927 2068 1222 2134 fortitudo,
1286 2084 1352 2125 ac
1405 2078 1647 2137 metet-te,
1696 2070 1972 2140 quomodo

399 2160 619 2215 tandem
641 2160 761 2230 ejus
784 2162 1013 2216 virtutes
1034 2176 1156 2216 esse
1179 2161 1476 2231 poterunt?
1507 2161 1717 2232 Quippe
1749 2162 1972 2232 spiritus

399 2252 653 2307 videlicet
679 2261 773 2307 aut
829 2253 1117 2323 sanguinis
1163 2254 1327 2324 832
1365 2253 1568 2323 aliquid
1602 2256 1833 2309 virtutes
1867 2243 1973 2310 illae

399 2351 550 2399 sunt.
601 2340 717 2397 Nisi
758 2342 898 2398 forte
918 2344 1146 2413 spiritus
1183 2346 1433 2399 molestia
1483 2345 1767 2415 quedam,
1816 2344 1973 2400 forti-

397 2435 533 2490 tudo
554 2435 663 2503 sit,
698 2437 1059 2504 temperantia
1092 2435 1338 2506 ejusdem
1381 2438 1668 2493 commoda
1706 2447 1974 2509 tempera-

403 2527 480 2581 tio
500 2565 517 2590 ,
553 2535 607 2581 et
635 2542 764 2581 vera
792 2526 887 2581 illa
918 2527 1271 2597 pulchritudo
1294 2569 1308 2593 ,
1340 2527 1586 2583 formosa
1630 2529 1876 2599 quaedam
1908 2545 1973 2584 ac

398 2618 593 2688 ﬁguris
622 2618 948 2673 adumbrata
977 2619 1217 2688 species,
1246 2635 1410 2689 quam
1440 2620 1494 2675 in
1527 2620 1806 2676 nonnullis
1841 2622 1971 2676 dum

401 2707 686 2772 videmus,
716 2708 991 2780 elegantes
1021 2707 1144 2765 illos
1178 2724 1519 2781 eorporeque
1564 2711 1825 2780 pulchros
1873 2725 1970 2766 vo-

402 2814 616 2856 camus.
644 2800 705 2855 Εἰ
743 2816 876 2857 sane
905 2804 1053 2871 quod
1082 2801 1427 2857 umbratilem
1463 2810 1673 2858 tantum
1709 2803 1970 2874 aliquam,

401 2900 456 2944 et
487 2889 658 2961 ﬁgura
682 2900 842 2947 tenus
864 2901 959 2947 aut
984 2890 1361 2947 fortitudinem
1392 2900 1488 2947 aut
1510 2892 1973 2962 pulchritudinem

402 2980 634 3047 habeat,
691 2981 916 3051 Spiritus
970 2983 1211 3038 conditio
1284 2990 1593 3053 naturaque
1658 2986 1967 3040 conveniat.

401 3070 782 3143 Temperantia
815 3088 944 3130 vero
997 3074 1130 3146 quid
1181 3088 1319 3145 opus
1365 3073 1620 3145 spiritui?
1661 3074 1777 3130 imo
1827 3086 1974 3130 certe

401 3172 622 3230 contra,
651 3166 706 3219 in
750 3167 1035 3236 complexu
1063 3173 1355 3237 tactuque,
1387 3167 1828 3223 commoditatem
1870 3182 1973 3238 po-

399 3256 512 3313 tius
540 3258 779 3328 aliquam
806 3267 1065 3329 sequetur
1085 3300 1101 3327 ,
1133 3260 1305 3315 sicubi
1331 3268 1427 3315 aut
1460 3259 1675 3316 caleliat
1696 3302 1711 3329 ,
1750 3270 1849 3315 aut
1875 3258 1972 3314 fri-

398 3362 502 3419 gus
540 3350 822 3404 moderate
841 3360 1051 3419 captet,
1084 3361 1181 3406 aut
1214 3352 1498 3418 mollibus,
1527 3353 1762 3416 teneris,
1794 3351 1970 3406 aclre-

397 3437 556 3492 vlbus
581 3437 877 3493 adhaereat.
909 3438 1082 3494 Suum
1124 3455 1259 3495 vero
1308 3441 1508 3511 cuique
1555 3456 1656 3512 pro
1707 3442 1971 3512 dignitate

397 3528 637 3583 tribuere
657 3569 672 3595 ,
696 3529 763 3583 ad
792 3530 970 3599 ipsum
994 3532 1124 3600 quid
1147 3533 1379 3587 attinet?
1414 3531 1611 3587 Utrum
1634 3547 1799 3602 perro
1828 3547 1973 3587 sem-

398 3618 625 3688 piterna:
651 3628 780 3674 sunt
811 3620 1027 3677 virtutis
1092 3622 1195 3677 illa:
1236 3624 1492 3691 notione,
1559 3633 1860 3693 caeteraque
1916 3622 1972 3678 id

403 3726 581 3782 genus
600 3713 864 3783 spiritalia
888 3752 903 3778 ,
934 3714 989 3768 in
1026 3715 1228 3785 quibus
1272 3716 1489 3772 animus
1537 3725 1871 3786 occupatur;
1903 3731 1973 3771 an

405 3811 598 3857 contra
646 3804 893 3859 nascitur
936 3806 1144 3873 virtus,
1208 3808 1511 3878 eademque
1561 3824 1754 3864 rursus
1804 3809 1973 3863 inter-

403 3895 638 3952 ibit?At
661 3898 788 3968 quis
836 3913 991 3967 eam,
1024 3911 1121 3956 aut
1145 3918 1254 3972 qua
1282 3917 1345 3957 ex
1397 3917 1456 3958 re
1488 3900 1969 3981 tandemcﬂiciat?

2073 2069 2243 2141 αὐτῆς
2291 2065 2638 2138 σωφροσύνη,
2667 2064 2977 2135 δικαιοσύνη
3011 2061 3148 2135 (88),
3180 2062 3400 2134 ἀνδρεία
3452 2079 3513 2115 τε
3564 2062 3661 2115 καὶ

2073 2161 2261 2225 auat;
2322 2156 2550 2229 Πνεῦμά
2603 2174 2657 2210 τι
2716 2155 2846 2228 γὰρ,
2897 2155 2931 2228 ἢ
2990 2149 3131 2225 αἷμά
3157 2171 3229 2216 τι,
3273 2154 3333 2206 τὸ
3362 2155 3659 2225 σωφρονεῖν

2073 2253 2180 2322 εἴη,
2212 2253 2246 2323 ἡ
2271 2249 2603 2320 δικαιοσύνη,
2638 2250 2673 2320 ἡ
2705 2247 2945 2318 ἀνδρεία,
2973 2248 3021 2299 εἰ
3056 2247 3130 2318 μὴ
3163 2245 3271 2318 ἄρα
3297 2247 3328 2317 ή
3352 2244 3573 2315 ἀνδρεία
3598 2246 3661 2298 τὸ

2076 2343 2350 2408 δυσπειθὲς
2400 2344 2494 2398 τοῦ
2536 2342 2847 2413 πνεύματος
2893 2343 3000 2413 εἴη,
3039 2342 3195 2412 καϊή
3257 2338 3579 2409 σωφροσύνη
3624 2340 3660 2409 ή

2075 2436 2362 2509 εὐκρασία,
2396 2436 2458 2490 τὸ
2488 2436 2547 2488 δὲ
2577 2434 2775 2498 κάλλος
2801 2432 3072 2505 εὐμορφία
3096 2449 3181 2496 τις
3211 2432 3270 2485 ἐν
3289 2430 3501 2494 τύποις,
3536 2429 3662 2483 καθ’

2072 2529 2141 2599 ἢν
2176 2527 2428 2598 λέγομεν,
2460 2526 2677 2591 ἰδόντες,
2698 2525 2931 2597 ὡραίους
2957 2524 3051 2577 καὶ
3077 2523 3274 2586 καλοὺς
3319 2522 3388 2575 τά
3409 2521 3656 2593 σώματα.

2087 2618 2313 2691 Ἰσχυρῷ
2343 2619 2440 2691 μὲν
2473 2615 2566 2672 οὖν
2594 2618 2691 2672 καὶ
2724 2616 2874 2689 καλῷ
2900 2618 2959 2670 ὲν
2986 2616 3179 2679 τύποις
3207 2612 3428 2684 πνεῦμά
3465 2630 3519 2666 τι
3545 2611 3657 2684 (89)

2073 2707 2212 2765 εἶναι
2247 2712 2517 2783 προσήκοι
2555 2711 2642 2765 ἄν’
2694 2711 2989 2781 σωφρονεῖν
3022 2708 3078 2761 δὲ
3112 2707 3165 2761 τί
3217 2708 3300 2761 δεῖ
3351 2705 3659 2777 πνεύματι;

2086 2803 2223 2856 Ἀλλ’
2252 2797 2345 2857 οὖν
2383 2802 2495 2874 (90)
2523 2802 2835 2855 τούναντίον
2864 2802 2922 2877 ὲν
2953 2797 3313 2873 περιπτύξεσι
3354 2797 3449 2851 καὶ
3495 2797 3662 2865 ἁφαῖς

2073 2892 2132 2951 εὖ
2161 2894 2378 2959 παθεῖν,
2409 2895 2544 2947 ὅπου
2577 2893 2611 2965 ἢ
2637 2891 3096 2965 θερμανθήσεται,
3147 2890 3181 2962 ἢ
3212 2890 3543 2961 συμμέτρως
3559 2887 3668 2956 ψύ-

2073 3005 2195 3059 χεος
2225 2987 2337 3059 (91)
2369 2986 2568 3057 ίμερεῖ,
2596 2985 2631 3056 ἢ
2657 2984 2922 3056 μαλακοῖς
2945 3000 3057 3036 τισι
3085 2984 3179 3036 καὶ
3207 2981 3400 3044 ἁπλοῖς
3426 2979 3536 3051 (92)
3565 2978 3664 3032 καὶ

2072 3079 2239 3142 λείοις
2265 3076 2527 3142 πελάσει;
2581 3077 2643 3129 τὸ
2667 3076 2725 3129 δὲ
2758 3077 2878 3129 κατ’
2906 3074 3063 3139 ἀξίαν
3087 3075 3292 3144 νεῖμαι,
3331 3072 3385 3125 τί
3418 3071 3485 3125 ἂν
3509 3069 3659 3142 αὐτῷ

2077 3171 2229 3244 μέλοι
2254 3187 2269 3236 ;
2296 3170 2531 3240 Πότερον
2552 3169 2609 3222 δὲ
2632 3168 2817 3222 ἀϊδίων
2845 3166 3014 3220 ὄντων
3039 3165 3147 3220 τῶν
3173 3165 3271 3236 τῆς
3298 3163 3501 3236 ἀρετῆς
3526 3161 3664 3217 θεω-

2077 3262 2357 3336 ρημάτων,
2394 3261 2488 3315 καὶ
2527 3260 2636 3314 τῶν
2667 3259 2844 3314 ἄλλων
2876 3257 2985 3311 τῶν
3017 3255 3222 3327 νοητῶν
3279 3256 3313 3326 ή
3364 3253 3511 3325 ψυχὴ
3561 3255 3661 3322 ξφ-

2075 3354 2324 3418 ἅπτεται,
2351 3353 2665 3424 ἢγίνεταιή
2688 3352 2876 3425 ἀρετὴ,
2900 3351 2994 3406 καὶ
3022 3349 3225 3419 ὀφείλει
3254 3346 3414 3402 πάλιν
3443 3345 3663 3417 φθείρε-

2076 3446 2235 3512 σθαι;
2281 3446 2440 3500 Ἀλλὰ
2485 3446 2570 3510 τίς
2598 3448 2627 3499 ὁ
2656 3444 2847 3509 ποιῶν,
2895 3445 2989 3498 καὶ
3037 3442 3235 3507 πόθενς
3264 3440 3421 3495 Οὕτω
3452 3438 3561 3509 γὰρ
3593 3436 3674 3492 ἂψ

2076 3539 2252 3592 ἐκεῖνο
2280 3537 2441 3591 πάλιν
2470 3537 2639 3608 μένοι.
2666 3539 2757 3589 Δεῖ
2786 3536 2894 3607 ἄρα
2938 3535 3123 3590 ἀϊδίων
3157 3529 3316 3597 εἶναι,
3345 3533 3440 3586 καὶ
3473 3529 3662 3602 μενόν-

2077 3647 2206 3694 των,
2232 3627 2321 3685 οἷα
2344 3632 2441 3684 καὶ
2463 3628 2539 3683 τά.
2560 3631 2619 3683 ὲν
2648 3629 2977 3700 γεωμετρίᾳ.
3012 3628 3076 3681 Εἰ
3108 3626 3165 3680 δὲ
3216 3625 3404 3681 ἀϊδίων
3428 3624 3522 3678 καὶ
3565 3640 3662 3694 με-

2078 3721 2297 3787 νόντων,
2321 3723 2381 3775 ού
2416 3720 2701 3792 σωμάτων.
2740 3720 2847 3775 Καὶ
2890 3720 2972 3774 δεῖ
3000 3720 3108 3790 ἄρα
3164 3720 3260 3773 καὶ
3313 3719 3371 3771 ὲν
3482 3715 3657 3777 ἔσται,

2076 3813 2316 3868 τοιοῦτον
2347 3809 2510 3867 εἴναι·
2553 3812 2635 3866 δεῖ
2687 3812 2796 3883 ἄρα
2854 3811 2928 3883 μὴ
2991 3810 3152 3881 σῶμα
3207 3807 3368 3864 εἶναι.
3425 3809 3502 3863 Οὐ
3547 3806 3667 3879 γὰρ

2079 3904 2249 3974 μένει,
2279 3902 2337 3957 ἀ)
2348 3901 2417 3956 λὰ
2450 3905 2534 3974 ῥεῖ
2562 3901 2868 3975 ήσώμάτος
2893 3901 3052 3970 φύσις
3087 3902 3253 3954 πᾶσα.

401 3985 542 4041 Tum
571 3989 716 4044 enim
748 3990 863 4046 hate
911 3993 1091 4049 adhuc
1138 3995 1368 4064 quaestio
1412 4004 1659 4062 maneat,
1690 4009 1913 4051 necesse
1934 4006 2039 4051 est.
2081 3994 2423 4065 Sempiterna
2448 3995 2810 4066 profectoilla
2848 4009 2970 4051 esse
3021 4003 3271 4065 Oportet,
3326 4006 3651 4060 semperque

401 4082 1044 4156 manentia,cujusmodi
1090 4102 1154 4143 ea
1188 4098 1352 4154 sunt,
1411 4104 1534 4161 quas
1588 4089 1655 4144 ad
1698 4088 2049 4162 geometriam
2085 4089 2378 4160 pertinent.
2410 4087 2569 4155 Quod
2611 4090 2658 4144 si
2689 4087 3021 4158 sempiterna
3070 4095 3234 4150 sunt,
3284 4093 3658 4156 perpetuoque

402 4176 678 4233 manentia
702 4217 717 4242 ,
745 4193 973 4250 corpora
996 4181 1162 4253 igitur
1183 4191 1329 4239 certe
1360 4199 1470 4239 non
1531 4192 1679 4240 sunt.
1723 4182 1792 4239 Et
1847 4183 1900 4239 id
1949 4194 2212 4254 praeterea
2235 4224 2250 4248 ,
2277 4180 2333 4236 in
2379 4198 2491 4254 quo
2526 4184 2893 4238 versabuntur
2915 4223 2931 4248 ,
2956 4181 3135 4238 simile
3169 4180 3301 4251 quid
3334 4194 3456 4236 esse
3494 4193 3658 4250 opor-

400 4268 563 4337 tebit,
589 4274 835 4342 adeoque
856 4287 1055 4345 corpus
1087 4288 1199 4330 non
1238 4289 1383 4331 esse.
1412 4273 1524 4331 Nec
1565 4275 1712 4331 enim
1745 4284 2067 4347 permanet,
2100 4274 2192 4330 sed
2226 4273 2347 4328 ﬂuit
2374 4274 2597 4330 assidue
2626 4274 2873 4341 corporis
2908 4282 3103 4328 natura
3138 4272 3367 4343 quaevis.

478 4379 499 4414 ι
528 4361 687 4429 Quod
719 4365 765 4421 si
792 4365 922 4420 dum
952 4381 1244 4436 corporum
1280 4369 1384 4440 ipsi
1414 4368 1723 4425 functiones
1751 4368 1968 4432 vident,

398 4469 522 4524 quae
542 4456 867 4513 calefaciant
883 4500 898 4526 ,
929 4460 1289 4531 refrigerent,
1314 4464 1651 4534 propellant,
1692 4478 1758 4519 ac
1784 4461 1970 4533 depri»

2153 4385 2171 4418 t
2194 4366 2258 4419 Εί
2279 4365 2335 4420 δὲ
2356 4366 2455 4430 τὰς
2475 4366 2582 4421 τῶν
2608 4368 2874 4438 σωμάτων
2894 4367 3139 4437 ποιήσεις
3151 4363 3406 4436 δρῶντες,
3429 4362 3657 4435 θερμαιοο

2076 4460 2292 4525 νούσας,
2318 4459 2411 4512 καὶ
2439 4458 2737 4531 ψυχούσας,
2772 4458 2867 4513 καὶ
2886 4458 3152 4521 ὠθούσας,
3176 4458 3271 4511 καὶ
3293 4455 3650 4529 βαρυνούσας,

398 4558 589 4616 mam;
611 4547 810 4604 ibidem
855 4551 1097 4606 animum
1128 4554 1504 4622 constituunt,
1537 4570 1660 4610 eum
1692 4554 1841 4610 velut
1883 4569 1970 4609 ac-

2077 4550 2308 4605 ὲνταῢθα
2332 4551 2584 4604 τάττουσι
2605 4550 2704 4623 τὴν
2735 4551 2933 4621 ψυχὴν,
2948 4545 3056 4603 οἷον
3085 4550 3143 4602 ὲν
3166 4547 3478 4620 δραστηρίῳ
3502 4546 3655 4616 τόπῳ

400 4648 564 4696 tuoso
594 4640 830 4710 quodam
858 4642 913 4696 in
939 4642 1059 4698 loco
1087 4643 1384 4716 derigentes
1413 4664 1427 4702 :
1458 4647 1711 4717 ignorant
1740 4647 1817 4701 illi
1859 4648 1977 4717 pri-

400 4748 552 4789 mum
576 4774 599 4802 ,
618 4732 851 4796 ipsamet
875 4748 1110 4791 corpora
1134 4777 1150 4803 ,
1194 4737 1311 4795 suis
1349 4739 1680 4809 quibusdam
1716 4739 1974 4810 incorpo-

475 4893 586 4964 (85)
614 4893 779 4951 Forte
805 4895 869 4949 τὸ
901 4896 1122 4964 ὲγγιγνό

473 4963 584 5037 (86)
620 4965 936 5037 14945th-

402 5031 653 5106 μέῂεθίος,

473 5104 584 5188 (87)
639 5104 723 5171 Τῷ
754 5107 979 5188 ἀμερεί
1020 5105 1096 5160 Ex
1146 5107 1334 5163 eodem
1375 5122 1474 5177 pro
1511 5107 1582 5161 τὰ
1627 5107 1791 5180 μέρη,
1831 5111 1975 5180 quod

403 5179 687 5245 perspicue
718 5179 972 5233 vitiosum
1006 5188 1143 5232 erat.

477 5243 587 5316 (88)
631 5248 1010 5322 ᾼωέ-αιοο-ιζινη.
1180 5247 1475 5322 ltacvoce,
1507 5263 1641 5322 quat
1673 5262 1977 5322 sequuntur

404 5314 495 5392 l_ti_e
515 5314 658 5392 apud
706 5314 1019 5392 Eusebium,
1065 5318 1133 5373 ad
1182 5318 1377 5392 capitis
1407 5314 1579 5392 usque
1616 5314 1798 5385 linem,
1831 5325 1974 5392 apud

403 5384 678 5460 Plotinum
710 5402 776 5441 eo
807 5391 925 5443 loco
970 5404 1077 5441 non
1113 5384 1382 5460 reperies,
1408 5384 1509 5444 nee
1537 5384 1819 5460 llepperus
1858 5384 1971 5459 illa,

405 5469 507 5534 nec
535 5452 755 5511 Ficinus
783 5467 1152 5534 reprzesentat.
1171 5452 1329 5534 'Sunt
1353 5452 1532 5513 tamen
1561 5452 1758 5516 Plotini
1780 5479 1846 5518 ex
1878 5452 1973 5534 ge;

406 5525 523 5588 nio,
551 5528 1078 5600 cumsuperiorihus
1116 5529 1395 5597 aptissime
1431 5541 1850 5600 connectuntur,
1880 5525 1965 5589 Ea-

404 5610 512 5664 que
532 5593 882 5674 _R£gii_mss.
933 5609 987 5652 et
1020 5593 1252 5674 Montac.
1299 5611 1619 5674 agnoscunt.
1670 5602 1814 5659 Sane
1837 5593 1973 5674 'quaa

405 5662 549 5730 apud
597 5662 866 5740 Plotinum
909 5675 1033 5737 post
1068 5662 1422 5740 δικαιοσύνη
1471 5684 1793 5740 sequuntur.
1821 5662 1980 5731 nullo

406 5749 609 5809 sensu,
644 5735 722 5787 vel
763 5735 1037 5809 dicuntur,
1070 5739 1151 5793 \el
1182 5740 1456 5794 desinunt.
1496 5735 1568 5793 ns
1608 5743 1711 5799 hoc
1744 5754 1852 5799 tam
1886 5747 1970 5799 in-

408 5804 562 5875 signe
589 5802 949 5875 llagmetttum
986 5805 1275 5878 Eusebius,
1307 5824 1427 5865 eum
1458 5809 1525 5863 iis
1560 5828 1679 5883 qua:
1708 5815 1970 5872 hactenus

1127 4915 1306 4968 μενον.

1013 4984 1043 5021 x
1070 4967 1304 5025 Pl’otino.
1332 4967 1575 5024 Pessime
1598 4967 1804 5023 editum
1833 4979 1973 5034 erat,

2078 4641 2348 4712 ἱδρύοντες
2369 4643 2561 4712 αὐτὴν
2590 4641 2805 4715 πρῶτον
2841 4643 2938 4712 μὲν
2964 4639 3270 4710 ἀγνοοῦσιν,
3320 4639 3395 4702 ὡς
3421 4638 3513 4691 καὶ
3540 4638 3651 4708 (95)

2075 4731 2247 4787 ταῦτα
2278 4733 2347 4787 τά
2381 4732 2607 4805 σώματα
2633 4734 2893 4807 δυνάμεσι
2922 4737 3039 4798 ταῖς
3058 4737 3115 4788 ὲν
3130 4733 3311 4796 αὐτοῖς
3339 4733 3652 4803 ἀσωμάτοις

2076 4908 2384 5033 εκὺξηοιίιιο
2409 4919 2688 4966 mutuatus
2713 4918 2851 4974 erat,
2884 4925 2988 4964 non
3025 4909 3142 4964 sine
3176 4907 3361 4963 fenore
3391 4922 3650 4978 compen-

2078 4996 2138 5033 sa
2181 4992 2237 5032 ιι.

2078 4992 2237 5035 salut.

2145 5048 2255 5120 (89)
2285 5048 2526 5120 Πιςεῦμά
2556 5067 2630 5103 τι.
2659 5048 2868 5102 Mallem
2895 5047 3180 5120 πνεύματι,

2171 5117 2260 5188 90)
2292 5117 2543 5173 ΟὗνζΕχ
2578 5130 2807 5188 utroque
2830 5135 2962 5174 mss.
2996 5134 3100 5172 non
3125 5118 3293 5188 obdit
3322 5127 3467 5174 ante.

2171 5122 2239 5174 90
2292 5122 2435 5173 our.
2465 5122 2543 5173 Ex
2578 5130 2807 5188 utroque
2830 5135 2962 5174 mss.
2996 5134 3100 5172 non
3125 5122 3206 5181 οὐ,
3234 5125 3293 5172 ιιι
3322 5127 3467 5174 ante.

2147 5122 2260 5259 (91)
2300 5191 2551 5259 Ψύχεος.
2604 5189 2677 5243 Ita
2748 5189 2898 5259 Regii
2956 5188 3065 5241 duo
3110 5197 3163 5240 et
3214 5186 3482 5252 Montac.,
3535 5202 3645 5241 non

2075 5258 2296 5329 ψύχους.
2366 5258 2710 5314 Homericum
2794 5258 2927 5313 illud
3006 5267 3252 5329 spectare
3313 5262 3465 5314 visus
3525 5268 3644 5322 cst,

2080 5278 2165 5327 φυ·
2186 5278 2296 5322 ους.
2366 5278 2636 5314 nomertet

2080 5278 2269 5398 Οιὼδε.
2302 5331 2372 5393 Κ,
2405 5330 2587 5384 v..555
2621 5346 2636 5381 :

2153 5403 2208 5453 Ψ
2209 5400 2381 5469 ύχεος
2413 5401 2650 5469 ἱμείρων
2677 5397 3054 5465 κατελέξατο,
3085 5400 3491 5469 οἰνοϐαρείων,

2149 5469 2260 5541 (92)
2311 5469 2563 5542 ’ᾼπλοῖςκ
2596 5468 2711 5542 lm_o
2744 5478 2908 5542 certe,
2938 5471 3183 5537 ἁπαλοῖς,
3232 5472 3437 5542 alioqui
3467 5469 3647 5540 dupli-

2074 5539 2273 5632 eial‘kit‘t
2303 5539 2595 5632 plurimum
2629 5539 2967 5632 simplicibus
2980 5545 3267 5632 't‘nollio'ra.‘
3362 5539 3376 5542 ”
3504 5605 3513 5611 ,

2144 5610 2255 5680 (95)
2303 5609 2664 5680 Ἀγνοοῦσιν,
2700 5610 2780 5675 ὡς
2822 5611 2940 5663 καί.
2976 5609 3212 5670 Paucula
3254 5613 3388 5677 lucc,
3424 5609 3516 5667 Sf‘d
3547 5623 3644 5680 iue-

2072 5679 2346 5756 ceSsaria,
2386 5695 2458 5756 ex
2502 5679 2733 5756 Montac.
2782 5682 2971 5756 codice
3021 5683 3411 5756 supplevimus.
3458 5679 3646 5736 Ταῦτα

2071 5752 2214 5822 quod
2246 5752 2491 5821 sequitur
2522 5750 2713 5808 melius
2747 5751 2976 5806 abesset.
