4132 6444
358 350 494 407 1569

1515 358 1837 417 ΡΒᾸΞΡΑΒ.
1878 361 2131 420 EVANG.
2174 362 2301 418 LIB.
2346 363 2440 418 XV

3481 371 3620 427 1370

353 472 526 528 ταῦτα
543 475 652 547 (94)
681 478 987 549 ἐργάζεται·
1016 481 1206 537 ἔπειτα
1231 482 1314 537 ὅτι
1340 484 1401 537 ού
1434 483 1641 548 ταύτας
1661 484 1759 549 τὰς
1785 485 1923 540 δυνά-

2034 479 2145 536 reis
2182 477 2534 535 faculta'ibis
2570 483 2686 540 haec
2744 485 2927 542 omnia
2980 488 3239 559 perﬁcere
3276 508 3290 545 :
3323 490 3519 547 deinde
3550 506 3621 548 ne

357 581 477 632 μεις
506 566 634 635 περὶ
650 566 826 639 ψυχὴν
858 571 971 641 (95)
997 567 1136 626 εἶναι
1175 573 1459 645 ἀξιοῦμεν,
1496 574 1633 630 ἀλλά
1679 576 1739 631 τὸ
1773 580 1934 642 νοεῖν,

354 654 724 723 αίσθάνεσθαι,
774 660 1103 729 λογίζεσθαι,
1181 664 1503 737 ἐπιθυμεῖν,
1561 668 1937 739 ἐπιμελεῖσθαι

353 748 641 820 ἐμφρόνως
691 751 782 805 καὶ
824 752 1003 817 καλῶς
1048 754 1286 820 ἅπαντα,
1317 756 1484 829 ἀλλην
1530 759 1718 813 οὐσίαν
1761 759 1933 831 ζητεῖ.

353 838 464 904 Τάς
494 834 588 893 οὖν
641 839 897 913 δυνάμεις
951 844 1061 899 τῶν
1107 846 1415 918 ἀσωμάτων
1473 850 1937 921 μεταδιδάσαντες

349 932 430 995 εἰς
461 930 531 985 τά
586 931 830 1004 σώματα,
899 937 1156 1008 οὐδεμίαν
1212 940 1442 1006 ἐκείνοις
1494 942 1931 998 καταλείπουσιν.

351 1022 473 1076 Ὀτι
500 1021 557 1077 δὲ
586 1026 680 1079 καὶ
705 1027 773 1081 τά
800 1026 1026 1099 σώματα
1076 1032 1391 1103 ἀσωμάτοις
1413 1034 1674 1106 δυνάμεσι
1713 1036 1934 1091 δύναται
1962 1062 1968 1069 -

346 1113 385 1169 ἃ
414 1115 633 1172 δύναται
661 1116 793 1187 (96),
825 1123 889 1175 ἐκ
910 1121 1076 1176 τῶνδε
1108 1122 1289 1192 δῆλον.
1340 1125 1766 1197 Ὀμολογήσουσι
1823 1127 1934 1200 γὰρ

344 1207 532 1281 ἕτερον
566 1210 849 1283 ποιότητα,
897 1215 990 1267 καὶ
1041 1216 1316 1287 ποσότητα
1361 1213 1523 1281 εἶναι,
1555 1219 1651 1273 καὶ
1679 1219 1788 1289 (97)
1822 1222 1932 1274 πᾶν

343 1298 509 1371 σῶμα
538 1303 703 1355 ποσὸν
733 1299 892 1368 εἶναι,
914 1307 1007 1359 καὶ
1034 1306 1116 1360 ἔτι
1175 1309 1236 1361 ού
1272 1310 1381 1363 πᾶν
1416 1308 1575 1380 σῶμα
1622 1311 1790 1365 ποσὸν
1819 1312 1931 1380 (98)

339 1385 504 1456 εἶναι,
541 1391 728 1465 ὥσπερ
756 1394 854 1466 τὴν
890 1396 1043 1467 ὕλην.
1087 1398 1273 1453 Ταῦτα
1303 1400 1359 1452 δὲ
1403 1401 1811 1472 ὁμολογοῦντες,
1832 1404 1931 1475 τὴν

340 1483 607 1556 ποιότητα
631 1487 1055 1558 ὁμολογήσουσιν
1083 1490 1169 1544 ἒτε
1180 1508 1269 1563 ρον
1302 1488 1468 1547 οὖσαν
1519 1494 1712 1559 ποσοῦ,
1743 1494 1931 1565 ἕτερον

340 1574 596 1648 σώματος
620 1574 781 1634 εἶναι.
818 1580 943 1646 Πῶς
974 1581 1082 1654 γὰρ
1116 1582 1189 1655 μὴ
1220 1584 1383 1639 ποσὸν
1412 1580 1547 1639 οὖσα
1575 1585 1733 1656 σῶμα
1753 1585 1927 1651 ἔσται,

336 1669 502 1740 εἴπερ
525 1671 633 1724 πᾶν
667 1671 825 1742 σῶμα
857 1674 1061 1740 ποσόν;
1091 1677 1202 1729 Καὶ
1244 1675 1350 1747 μὴν
1377 1676 1473 1730 καὶ
1506 1678 1645 1748 ὅπερ
1678 1677 1791 1731 ἀνω
1824 1696 1928 1732 που

336 1756 585 1826 ἐλέγετο,
635 1762 683 1814 εί
712 1763 820 1815 πᾶν
868 1762 1028 1834 σῶμα
1070 1766 1446 1838 μεριζόμενον,
1480 1768 1573 1822 καὶ
1596 1767 1759 1837 ὄγκος
1789 1770 1921 1834 πᾶς,

329 1849 650 1920 ἀφαιρεῖται
675 1853 811 1924 ὅπερ
836 1849 924 1926 ἦν·
956 1856 1420 1930 κερματιζομένου
1446 1859 1504 1913 δὲ
1533 1860 1628 1913 τοῦ
1653 1859 1921 1933 σώματος,

330 1941 425 2009 ἐφ’
454 1942 669 2015 ἑκάστῳ
704 1945 919 2019 μέρειή
974 1948 1111 2021 αὑτὴ
1164 1951 1260 2020 ὅλη
1303 1951 1526 2023 ποιότης
1589 1953 1760 2023 μένει·
1812 1950 1923 2008 οἷον

329 2031 614 2106 γλυκύτης
671 2038 704 2107 ὴ
764 2033 858 2089 τοῦ
923 2038 1135 2110 μέλιτος
1186 2041 1336 2095 οὐδὲν
1400 2041 1618 2098 ἔλαττον
1650 2043 1924 2117 γλυκύτης

331 2123 488 2178 ἐστὶν
510 2126 595 2194 ἐφ’
627 2126 861 2201 ἑκάστῳο
890 2131 989 2185 οὐκ
1010 2131 1074 2185 ἂν
1102 2129 1188 2204 εἴη
1220 2132 1379 2204 σῶμα
1405 2133 1699 2207 γλυκύτης·
1723 2137 1923 2207 ὁμοίως

329 2219 433 2271 καὶ
454 2218 511 2272 αἱ
543 2219 719 2275 ἄλλαι.
756 2222 990 2276 Ἔπειτα
1025 2225 1072 2276 εί
1116 2222 1343 2295 σώματα
1382 2219 1521 2296 ἦσαν
1551 2228 1605 2280 αί
1639 2226 1919 2297 δυνάμεις,

326 2311 630 2380 ἀναγκαῖον
666 2308 733 2385 ἦν
757 2314 856 2379 τάς
892 2315 989 2386 μὲν
1041 2316 1265 2389 ἰσχυράς
1310 2316 1418 2370 τῶν
1445 2317 1726 2389 δυνάμεων
1760 2320 1923 2390 μεγά-

323 2402 460 2467 λους
487 2405 706 2474 ὄγκους,
729 2406 827 2471 τὰς
878 2407 934 2461 δὲ
967 2408 1145 2477 ὀλίγον
1202 2410 1335 2481 δρᾷν
1365 2409 1690 2481 δυναμένας,
1723 2410 1921 2480 ὄγκους

327 2498 567 2568 μικροὺς
621 2493 782 2553 εἶναι.
831 2500 895 2553 Ei
946 2500 1004 2554 δὲ
1055 2500 1304 2572 μεγάλων
1333 2502 1431 2573 μὲν
1462 2502 1571 2556 τῶν
1613 2502 1793 2572 ὄγκων
1827 2520 1918 2573 μι-

323 2590 487 2660 κραὶ,
546 2588 655 2662 (99)
706 2592 876 2662 ὀλίγοι
920 2593 977 2647 δὲ
1036 2595 1354 2665 μικρότατοι
1413 2594 1593 2664 ὄγκων
1658 2594 1921 2665 μεγίστας

325 2680 518 2751 ἔχουσι
542 2682 642 2746 τὰς
671 2683 949 2754 δυνάμεις,
990 2684 1133 2756 ἄλλῳ
1167 2685 1333 2756 τινὶῆ
1390 2685 1608 2756 μεγέθει
1654 2685 1715 2739 τὸ
1744 2688 1919 2740 ποιεῖν

323 2772 643 2827 ἀναθετέον’
677 2774 937 2846 ἀμεγέθει
964 2774 1093 2848 ἀρα.
1125 2776 1198 2829 Τὸ
1229 2776 1285 2830 δὲ
1317 2776 1449 2848 ὕλην
1481 2777 1577 2848 μὲν
1618 2776 1717 2847 τὴν
1747 2777 1917 2849 αὐτὴν

325 2859 475 2918 εἶναι
510 2865 689 2936 σῶμα,
722 2866 800 2931 ὥς
828 2885 1014 2937 φασιν,
1043 2863 1208 2921 οὖσαν
1239 2868 1337 2940 (1),
1385 2868 1619 2939 διάφορα
1648 2869 1705 2921 δὲ
1743 2873 1917 2924 ποιεῖν

322 2954 623 3027 ποιότητας
668 2955 1098 3029 προσλαϐοῦσαν,
1149 2958 1267 3023 πῶς
1328 2960 1388 3013 ού
1444 2959 1601 3030 δῆλον
1652 2962 1814 3025 ποιεῖ,
1848 2960 1917 3013 τά

322 3046 740 3118 προσγενόμενα
768 3048 960 3118 λόγους
981 3050 1179 3115 αὐτοὺς
1240 3053 1335 3104 καὶ
1385 3051 1706 3123 ἀσωμάτους
1741 3046 1911 3118 εἷναι;

319 3137 493 3206 Μηδ’,
525 3137 626 3204 ὅτι,
659 3139 1030 3211 πνεύματοςῆ
1073 3130 1303 3213 αἵματος
1349 3141 1721 3208 ἀποστάντων,
1781 3143 1916 3197 ἀπο-

2038 575 2143 629 hoc
2169 575 2388 645 quidem
2429 591 2458 630 a
2485 577 2642 633 nobis
2675 578 2994 635 facultatum
3015 597 3184 650 genus
3214 583 3397 638 animo
3424 584 3616 650 tribui,

2038 667 2131 721 sed
2154 667 2337 737 potius
2372 667 2449 722 ita
2469 670 2671 736 statui,
2705 679 2766 725 ut
2811 671 3114 742 intelligere
3137 716 3150 735 ,
3183 674 3419 741 sentire,
3449 676 3619 731 ratio-

2036 757 2211 812 cinari
2231 798 2248 824 ,
2276 759 2668 829 concupiscere
2691 799 2706 825 ,
2734 771 2932 817 cuncta
2967 762 3202 833 denique
3244 764 3519 833 sapienter
3553 781 3619 820 ac

2036 850 2138 905 rite
2162 850 2459 917 moderari,
2494 851 2657 906 aliam
2692 853 2918 909 omnino
2947 869 3113 923 quam
3149 856 3400 924 corporis
3428 872 3619 911 essen-

2035 942 2167 996 tiam
2194 943 2496 1013 requirant.
2526 944 2621 999 Isti
2643 960 2772 1000 vero
2827 961 3011 1001 rerum
3055 948 3505 1018 incorporearum
3534 947 3618 1003 fa-

2034 1035 2270 1090 cultates
2298 1036 2367 1091 ad
2398 1051 2631 1106 corpora
2665 1039 3015 1094 transtulisse
3042 1040 3319 1105 contenti,
3354 1040 3615 1109 incorpo-

2033 1129 2142 1184 reis
2173 1130 2307 1198 ipsis
2346 1130 2552 1184 nullam
2603 1131 2937 1201 relinquunt.
2989 1130 3256 1187 Caeterum
3297 1132 3414 1202 ipsa
3448 1133 3614 1186 etiam

2033 1234 2301 1290 corpora,
2343 1220 2687 1290 ineorporeis
2736 1220 3088 1279 facultatibus
3146 1238 3210 1279 ea
3252 1239 3449 1293 posse,
3492 1239 3617 1293 quae

2034 1313 2279 1383 possint,
2345 1314 2421 1369 ita
2462 1315 2687 1386 planum
2753 1316 2948 1372 cilicio.
3028 1316 3371 1371 Fatebuntur
3424 1319 3616 1385 utique

2032 1398 2394 1466 quantitatem
2415 1416 2541 1458 esse
2561 1418 2592 1458 a
2614 1405 2881 1472 qualitate
2912 1406 3185 1460 diversam
3220 1422 3235 1457 :
3261 1406 3462 1475 quippe
3484 1420 3614 1460 cor-

2031 1505 2134 1560 pus
2158 1492 2305 1547 enim
2327 1506 2491 1548 omne
2516 1497 2824 1564 quantitate
2844 1538 2862 1563 ,
2918 1512 3017 1552 nec
3060 1511 3222 1551 omne
3256 1505 3436 1551 tamen
3482 1513 3617 1567 qua-

2038 1579 2191 1635 litate
2222 1580 2554 1638 instructum
2583 1600 2704 1640 esse
2725 1626 2740 1650 ,
2772 1586 2849 1641 uti
2883 1586 2949 1641 de
2996 1586 3222 1641 materia
3270 1595 3422 1642 certo
3477 1602 3614 1641 con-

2030 1679 2159 1726 stat.
2193 1670 2475 1741 Siquidem
2501 1674 2604 1729 lioc
2636 1684 2930 1747 utrumque
2953 1676 3083 1731 dum
3137 1675 3408 1741 fatentur,
3439 1674 3617 1731 faten-

2036 1771 2127 1818 tur
2158 1780 2263 1819 una
2307 1766 2662 1835 qualitatem,
2702 1785 2827 1825 cum
2871 1785 2904 1825 a
2941 1778 3148 1840 quanto
3172 1808 3187 1834 ,
3220 1778 3333 1823 tum
3376 1769 3543 1824 etiam
3579 1785 3615 1824 a

2031 1871 2262 1925 corpore
2298 1856 2570 1913 diversam
2602 1876 2744 1920 esse.
2772 1859 3061 1928 Quomodo
3099 1860 3247 1916 enim
3283 1876 3406 1931 qua:
3435 1876 3615 1931 quan-

2032 1946 2184 2000 titate
2218 1955 2431 2010 careat.
2464 1963 2664 2020 corpus
2723 1966 2845 2008 esse
2885 1952 3090 2023 possit,
3135 1968 3259 2008 cum
3291 1967 3455 2007 omne
3486 1967 3611 2008 cor-

2029 2053 2133 2108 pus
2167 2040 2473 2108 quantitate
2520 2041 2592 2095 sit
2622 2043 2944 2112 praeditum?
2978 2042 3279 2110 Praeterea,
3319 2044 3466 2114 quod
3518 2059 3614 2100 suv

2031 2145 2125 2198 pra
2152 2128 2264 2199 jam
2296 2132 2575 2200 attigimus
2595 2173 2609 2198 ,
2638 2132 2683 2187 si
2713 2148 2914 2204 corpus
2942 2136 3224 2205 molesque
3245 2134 3451 2201 omnis,
3478 2134 3610 2190 dum

2029 2218 2083 2273 in
2111 2228 2292 2288 partes
2318 2219 2482 2291 833
2514 2229 2732 2275 secatur
2755 2263 2770 2288 ,
2804 2222 2857 2276 id
2887 2222 3087 2278 desiuit
3113 2238 3236 2277 esse
3278 2221 3425 2292 quod
3456 2230 3610 2288 erat;

2028 2309 2075 2363 si
2099 2325 2327 2380 corpore
2349 2311 2404 2365 in
2450 2311 2818 2367 minutissima
2846 2329 3076 2383 quaeque
3111 2314 3320 2377 diviso,
3365 2313 3610 2382 qualitas

2033 2399 2221 2454 eadem
2259 2401 2568 2469 singulisin
2616 2403 2867 2472 partibus
2906 2404 3117 2473 integra
3153 2414 3502 2475 perseverat;
3533 2402 3613 2458 uti

2030 2494 2210 2549 mellis
2248 2494 2482 2551 dulcedo
2504 2535 2518 2559 ,
2550 2496 2724 2551 nihilo
2744 2497 2929 2553 minus
2947 2497 3192 2567 qualibet
3233 2496 3353 2566 ejus
3379 2496 3432 2550 in
3460 2506 3614 2565 parte

2026 2585 2257 2643 dulcedo
2283 2596 2364 2643 est
2398 2606 2412 2643 :
2445 2596 2594 2643 certe
2641 2604 2742 2645 nec
2787 2588 3024 2645 dulcedo
3077 2589 3205 2656 illa,
3249 2604 3351 2644 nec
3402 2587 3612 2643 similes

2026 2679 2146 2735 alia:
2177 2682 2473 2750 qualitates
2503 2697 2735 2752 corpora
2767 2681 2989 2741 fuerint.
3020 2680 3226 2736 Deinde
3248 2722 3264 2750 ,
3295 2680 3342 2736 si
3379 2694 3611 2749 corpora

2025 2779 2212 2827 essent
2234 2770 2527 2830 facultates
2559 2775 2664 2830 illte
2684 2814 2699 2840 ,
2724 2773 3053 2829 valentiores
3082 2773 3269 2844 utique
3319 2772 3612 2827 facultates

2024 2867 2262 2937 majori,
2314 2867 2699 2923 imbecilliores
2744 2865 2944 2920 minori
2996 2866 3140 2920 mole
3178 2864 3435 2934 praeditas
3486 2877 3611 2918 esse

2023 2968 2320 3029 oporteret.
2351 2957 2446 3014 Sin
2489 2967 2672 3015 autem
2693 2997 2710 3023 ,
2742 2966 2797 3014 et
2824 2965 2994 3013 vastae
3029 2956 3193 3012 molis
3216 2956 3363 3011 vires
3394 2954 3609 3025 exiguae

2022 3059 2184 3118 sunt,
2217 3059 2273 3107 et
2296 3051 2615 3117 immensae,
2654 3050 2816 3106 molis
2868 3049 3221 3121 perexiguae;
3269 3047 3424 3104 alteri
3470 3061 3607 3103 sane

2022 3142 2098 3197 rei
2121 3158 2287 3213 quam
2310 3142 2673 3212 magnitudini
2700 3140 3000 3209 ,eﬂiciendi
3034 3141 3125 3196 vis
3155 3139 3438 3195 tribuenda
3461 3138 3603 3193 erit:

320 3227 554 3300 θνήσκει
578 3230 647 3284 τά
671 3230 808 3296 ζῶα,
838 3232 1124 3301 λεγόντων.
1159 3235 1234 3288 UO
1261 3233 1369 3306 γάρ
1392 3234 1539 3289 ἔστιν
1561 3234 1687 3288 ἄνευ
1715 3233 1920 3289 τούτων

2025 3233 2101 3289 illi
2124 3247 2255 3304 ergo
2281 3240 2494 3289 tantum
2516 3248 2639 3302 quae
2670 3230 3047 3300 magnitudine
3063 3237 3268 3284 careat.
3297 3226 3478 3295 Quid?
3501 3228 3607 3282 hoc

319 3317 494 3385 εἶναι,
529 3322 639 3375 οὐδ’
670 3324 799 3378 ἄνευ
836 3324 1045 3378 πολλῶν
1072 3325 1267 3389 ἄλλων,
1299 3325 1419 3379 οὐδὲ
1460 3325 1527 3379 ἂν
1566 3326 1600 3397 ἡ
1628 3324 1771 3398 ψυχὴ
1804 3325 1912 3398 εῐη.

320 3411 432 3465 Καὶ
475 3411 580 3483 μὴν
628 3411 751 3466 οὔτε
775 3414 992 3487 πνεῦμα
1015 3415 1103 3469 διά
1127 3416 1365 3481 πάντων,
1397 3413 1519 3469 οὗτε
1553 3410 1713 3485 αἷμα.

2020 3322 2198 3393 ipsum
2238 3322 2384 3392 quod
2429 3322 2615 3389 aiunt,
2651 3320 2898 3377 eamdem
2946 3320 3174 3375 omnino
3226 3319 3511 3374 materiam
3553 3323 3611 3372 et

2016 3430 2219 3485 corpus
2238 3430 2361 3470 esse
2380 3456 2396 3482 ,
2425 3423 2480 3470 et
2510 3413 2782 3484 susceptis
2817 3412 3012 3467 deinde
3035 3410 3391 3482 qualitatibus
3433 3409 3608 3464 diver~

320 3506 548 3561 sitatem
582 3506 793 3564 ellicere
817 3550 832 3576 ,
874 3525 1006 3564 num
1031 3510 1176 3565 clare
1205 3511 1339 3566 satis
1384 3509 1657 3573 ostendit,
1716 3524 1839 3579 quae
1884 3507 1952 3563 ad
2006 3507 2290 3563 materiam
2357 3507 2735 3571 accesserint,
2770 3521 2834 3560 ea
2860 3503 3137 3575 principes
3177 3504 3324 3570 ipsas
3366 3501 3614 3556 rationes

321 3611 379 3658 et
410 3618 651 3674 corpore
696 3614 946 3661 carentes
998 3605 1163 3661 esse?
1204 3603 1391 3676 Neque
1433 3620 1566 3660 vero
1630 3604 1789 3660 nobis
1838 3603 2130 3674 objiciant,
2205 3602 2400 3673 spiritu
2461 3602 2799 3673 sanguineve
2833 3600 3088 3669 dilapso,
3115 3597 3419 3651 animantes
3470 3595 3609 3649 inteo

324 3695 461 3750 rire.
498 3690 653 3750 [licet
684 3697 830 3751 enim
864 3696 983 3752 sine
1012 3696 1120 3752 illis
1169 3712 1292 3753 esse
1334 3712 1445 3751 non
1497 3694 1748 3767 possint,
1795 3702 1941 3749 certe
1976 3708 2079 3748 nec
2128 3692 2247 3748 sine
2312 3691 2596 3761 permultis
2629 3691 2751 3746 aliis
2776 3730 2792 3757 ,
2821 3698 2881 3744 ut
2909 3689 3141 3760 ipsemet
3169 3687 3313 3742 adsit
3347 3685 3566 3740 animus
3588 3723 3609 3750 ,

326 3804 453 3847 esse
483 3806 595 3846 non
622 3799 872 3851 possunt.
898 3790 1222 3863 Quanquam
1271 3807 1371 3848 nec
1402 3792 1627 3863 spiritus
1688 3789 1824 3861 ipse,
1871 3804 1974 3845 nec
2001 3787 2264 3859 sanguis,
2304 3796 2487 3859 partes
2522 3802 2620 3858 per
2680 3799 2876 3841 omnes
2937 3797 3335 3855 usquequaque
3378 3779 3617 3837 dill‘usus

325 3889 433 3937 est.

406 3972 563 4025 «Ἔτι
584 3972 642 4026 δὲ
672 3972 772 4043 (2),
797 3974 845 4026 εί
872 3971 1031 4044 σῶμα
1052 3968 1186 4027 οὖσα
1223 3974 1258 4045 ἡ
1277 3972 1424 4046 ψυχὴ
1449 3974 1630 4046 διῆλθε
1659 3973 1750 4028 ὅιά
1779 3989 1916 4027 παν-

326 4062 443 4129 τὸς,
468 4064 574 4118 κᾶν
606 4064 870 4136 κραθεϊσα
899 4063 1009 4136 εἴη,
1039 4065 1098 4118 ὃν
1122 4064 1324 4136 τρόπον
1352 4068 1465 4129 τοῖς
1491 4065 1670 4129 ἄλλοις
1698 4064 1775 4137 (5)
1805 4062 1914 4116 σώ-

333 4172 504 4228 μασιν
535 4159 568 4228 ἡ
601 4158 817 4227 κρᾶσις.
842 4157 907 4210 El
933 4156 1042 4227 δὲή
1074 4156 1184 4210 τῶν
1208 4156 1478 4227 σωμάτων
1511 4157 1729 4229 κρᾶσις,
1762 4154 1917 4209 οὐδὲν

330 4246 585 4321 ἐνεργείᾳ
612 4247 837 4301 είσεῖναι
868 4246 942 4318 (4)
966 4247 1074 4300 τῶν
1104 4245 1437 4319 κραθέντων·
1468 4247 1576 4301 οὐδ’
1602 4246 1669 4302 ἂν
1707 4248 1741 4317 ἡ
1771 4245 1917 4317 ψυχὴ

330 4333 414 4389 ἔτι
434 4334 683 4407 ἐνεργείᾳ
708 4334 853 4405 ἐνείη
884 4337 998 4399 τοῖς
1026 4334 1293 4407 σώμασιν,
1317 4336 1452 4391 ἀλλά
1478 4336 1705 4408 δυνάμει
1736 4336 1916 4408 μόνον,

332 4426 649 4482 ἀπολέσασα
675 4427 735 4480 τὸ
759 4423 897 4481 εἶναι
919 4427 1084 4500 ψυχή.
1109 4429 1320 4501 ’Ὠσπερ
1338 4431 1386 4483 εἰ
1406 4429 1579 4498 γλυκὺ
1610 4430 1700 4483 καί⁵
1724 4429 1920 4500 πικρὸν

2098 3987 2117 4021 ι
2147 3966 2268 4023 Jam
2290 3982 2454 4030 vero,
2486 3965 2533 4019 si
2557 3977 2854 4033 corporeus
2915 3960 3135 4015 animus
3180 3967 3354 4013 totum
3405 3972 3609 4028 corpus

2021 4060 2264 4130 undique
2294 4057 2645 4128 pervaderet,
2668 4070 2789 4111 cum
2818 4068 2884 4108 eo
2918 4053 3146 4122 proinde
3184 4051 3480 4122 permistus
3518 4066 3608 4105 cs-

2022 4161 2142 4215 set,
2179 4151 2457 4222 quomodo
2520 4149 2731 4203 caeteris
2782 4147 2834 4201 in
2884 4144 3213 4216 corporibus
3260 4144 3444 4198 mistio
3489 4142 3606 4197 lleri

2022 4242 2323 4300 consuevit.
2349 4240 2564 4307 Quare,
2598 4254 2723 4294 cum
2765 4236 3035 4308 ejusmodi
3076 4249 3368 4303 corporum
3418 4233 3610 4288 mistio

2023 4337 2126 4400 sit,
2161 4342 2222 4389 ut
2253 4349 2320 4388 ex
2373 4333 2440 4388 iis
2465 4346 2586 4402 qua:
2624 4332 2914 4386 commista
2955 4339 3117 4394 sunt,
3148 4329 3356 4385 nullum
3411 4342 3605 4397 reapse

2024 4433 2388 4498 permaneat;
2424 4439 2493 4478 ne
2532 4422 2750 4478 animus
2776 4422 2995 4493 quidem
3031 4436 3220 4492 reapse
3266 4421 3318 4474 iu
3354 4418 3602 4489 corpori-

334 4520 671 4591 κραθείη,τὸ
698 4520 870 4589 γλυκὺ
889 4520 991 4575 οὐκ
1016 4520 1182 4575 ἔστιν*
1226 4524 1326 4576 οὐκ
1363 4522 1469 4594 ἄρα
1495 4521 1690 4593 ἔχομεν
1718 4521 1915 4592 ψυχήν.

2026 4518 2126 4572 bus
2153 4558 2168 4583 ,
2203 4515 2297 4573 sed
2318 4514 2515 4569 virtute
2539 4522 2749 4568 tantum
2774 4513 3009 4581 inesset,
3034 4512 3312 4581 animique
3349 4521 3603 4565 naturam

337 4610 411 4667 Τὸ
434 4614 490 4668 δὲ
521 4613 587 4685 δὴ
643 4614 802 4686 σῶμα
828 4614 887 4668 ὃν
922 4614 1133 4689 σώματι
1173 4615 1496 4688 κεκρᾶσθαι,
1526 4616 1646 4669 ὅλον
1672 4614 1738 4668 δι’
1770 4615 1915 4680 ὅλου,

334 4703 411 4769 ὡς
437 4706 573 4759 ὅπου
598 4704 664 4760 ἂν
757 4706 1006 4778 θάτερον,
1064 4703 1205 4762 εἶναι
1228 4702 1349 4761 ἴσον
1375 4707 1539 4777 ὄγκον
1570 4708 1915 4778 ἀμφοτέρων,

336 4802 429 4855 καὶ
459 4802 522 4855 τὸ
556 4803 664 4855 πᾶν
693 4801 1054 4872 κατεχόντων,
1111 4802 1207 4856 καὶ
1257 4801 1527 4873 μηδεμίαν
1580 4800 1807 4873 αὔξησιν
1828 4817 1920 4871 γε·

337 4892 548 4959 γονὲναι
575 4894 672 4947 ἐπε
681 4892 1011 4965 μὸληθὲντος
1033 4893 1127 4947 τοῦ
1180 4895 1265 4947 ἑτέ
1272 4910 1387 4966 ρου,
1439 4895 1589 4949 οὐδὲν
1639 4893 1917 4964 ἀπολείψει

336 4982 367 5036 δ
399 4984 475 5056 μὴ
496 4984 657 5059 τέμη.
690 4985 763 5039 Ού
789 4984 899 5055 γὰρ
945 4984 1085 5039 κατὰ
1119 4984 1329 5056 μεγάλα
1380 4988 1522 5057 μέρη
1566 4984 1847 5057 παραλλὰξ
1882 4986 1917 5056 ή

411 5158 524 5231 (94)
562 5162 925 5237 ᾊσωμάζρις
968 5162 1272 5237 ταῦτα.)ξῇ
1321 5165 1460 5220 lianc
1502 5174 1790 5237 utramque
1816 5182 1916 5223 vo-

340 5243 455 5283 cem
488 5233 676 5286 eodem
709 5250 771 5287 ex
806 5232 1037 5287 Montac.
1074 5234 1405 5288 addidimus.

410 5299 521 5436 (ἐξ)
553 5303 695 5371 Περὶ
722 5302 952 5372 ψυχήν.
987 5302 1062 5356 Ex
1094 5304 1281 5359 eodem
1316 5305 1581 5360 additum.

502 5372 518 5436 )
551 5375 609 5427 Ἀ
636 5373 903 5428 δύναται.
939 5372 1017 5427 Ex
1050 5373 1261 5431 eodem.

502 5372 518 5440 )
551 5375 609 5427 Ἀ
636 5373 903 5428 δύναται.
939 5372 1017 5427 Ex
1050 5373 1261 5431 eodem.

431 5439 521 5514 Ἦ)
554 5441 713 5514 Forte
743 5443 838 5497 καὶ
868 5444 995 5514 γάρ.

434 5510 522 5581 98)
553 5511 712 5568 Forte
739 5510 909 5567 ποιόν.

434 5579 525 5649 99)
556 5582 715 5638 Forte
742 5587 812 5638 οί.

438 5648 487 5725 1)
508 5648 744 5725 ρῦσαν.
776 5653 1086 5725 Legendum
1118 5651 1279 5710 εἶναι.

412 5717 487 5789 (2)
522 5723 645 5797 Ι[ἔξει
673 5722 761 5788 δέ,
791 5717 894 5797 σιξ.
933 5724 1072 5797 Ante
1103 5725 1383 5797 legebatur
1406 5724 1553 5797 ψυγὴ
1578 5726 1634 5780 δὲ
1673 5730 1718 5780 εί
1755 5727 1911 5797 σῶμα

340 5782 495 5842 οὖσα.
533 5782 790 5859 Μοιὶιπζ,
829 5792 979 5865 ψυχὴ
1018 5793 1075 5848 δὲ
1123 5782 1200 5848 ἔτι
1239 5796 1293 5847 εἴ
1318 5782 1432 5849 σουί
1476 5782 1604 5852 Milli
1632 5797 1691 5850 τὸ
1723 5798 1800 5851 ἔτι
1829 5783 1908 5862 δέ,

2022 4615 2075 4662 et
2130 4607 2395 4662 rationem
2454 4605 2729 4661 amitteret
2790 4623 2803 4659 :
2863 4602 3325 4675 quemadmodum
3375 4602 3421 4657 si
3475 4618 3601 4657 cum

2019 4699 2215 4755 acerbo
2248 4699 2408 4754 dulce
2429 4697 2751 4754 misceretur
2772 4739 2788 4763 ,
2821 4696 2981 4752 dulce
3009 4696 3246 4767 amplius
3269 4710 3378 4748 non
3412 4702 3559 4749 esset
3583 4712 3600 4748 :

2018 4791 2092 4846 ita
2125 4789 2330 4843 nullum
2357 4788 2472 4858 jam
2508 4787 2751 4842 animum
2780 4786 3130 4841 haberemus.
3187 4781 3518 4849 Enimvero,
3551 4782 3599 4836 si

2018 4897 2220 4951 corpus
2242 4895 2367 4935 cum
2392 4894 2651 4949 corpore,
2675 4889 2848 4934 tctum
2880 4893 3005 4933 cum
3039 4885 3152 4930 toto
3176 4876 3490 4937 misceatur,
3523 4873 3598 4928 ita

2018 4982 2080 5028 ut
2110 4972 2423 5043 ubicunque
2451 4970 2773 5027 alterutrum
2791 4969 2915 5037 erit,
2946 4967 3148 5023 ibidem
3175 4965 3462 5020 amborum
3485 4970 3605 5018 toto

2015 5172 2305 5243 probatum
2356 5179 2440 5225 est
2490 5168 2697 5243 :duxﬁ
2753 5168 3055 5243 abundare
3084 5167 3294 5243 yisnm,
3348 5167 3604 5243 sequitur

2014 5237 2160 5297 enim
2204 5258 2270 5295 ex
2309 5243 2500 5296 eodem
2534 5237 2727 5304 nunc,
2762 5242 2795 5309 ή
2839 5238 2983 5309 ψυχὴ
3030 5237 3234 5308 διῆλθε,
3265 5252 3387 5308 quae
3431 5238 3599 5292 verba

2014 5316 2236 5368 deerant
2273 5312 2328 5364 in
2360 5310 2527 5380 priori
2557 5309 2816 5380 editione.

2088 5382 2163 5451 (5)
2206 5380 2333 5447 Τοῖς
2360 5376 2596 5444 ἄλλοις.
2627 5379 2882 5451 Additum
2909 5394 2976 5431 ex
2998 5379 3199 5451 eodem
3217 5376 3451 5451 Montac.

2085 5445 2161 5523 (4)
2195 5445 2386 5523 Οὐδὲν
2413 5449 2987 5523 ἐνεργείᾳ-εἰράνας.
3026 5449 3080 5502 In
3120 5449 3288 5523 priori
3321 5448 3451 5523 edit.
3494 5445 3594 5523 de:

2012 5516 2167 5577 erant
2198 5523 2310 5576 haec
2354 5516 2616 5591 event-:qu
2648 5516 3171 5591 elaeiyattMoutac.
3206 5516 3596 5591 (legebatuowi

2012 5594 2261 5664 ἐνέργεια
2300 5588 2547 5664 εἰσεῖναι.
2578 5588 2801 5664 (ἔθεινοδὶ
2829 5588 2980 5664 ούδὲν
3004 5588 3470 5664 ἐνεργείᾳέάειιιόί
3498 5601 3598 5642 ca-

2012 5658 2362 5717 suCVerbum
2412 5661 2637 5713 εἰσεῖναι
2671 5658 2891 5714 retineri
2930 5658 3139 5727 potest;
3172 5658 3386 5713 mallem
3412 5668 3599 5727 tamen

2011 5733 2230 5797 ἐνεῖναι,
2265 5742 2320 5787 ut
2355 5730 2515 5801 paulo
2538 5738 2680 5799 post,
2717 5728 2861 5800 ἐνείη
2906 5726 3017 5793 τοῖς
3048 5728 3210 5801 σώμ.,
3243 5745 3351 5784 non
3397 5726 3594 5793 εἰσείη.
