4132 6458
485 376 618 430 15³11
1125 372 1391 427 EUSEBII
1432 371 1912 429 CIESARIENS‘S
1950 371 2098 428 OPP.
2143 369 2330 424 PARS
2369 369 2432 424 11.
2475 397 2545 408 -
2582 365 3089 424 APOLOGETICA.
3616 367 3753 422 132$

485 486 579 540 illo
605 488 780 556 spatio
799 487 1121 544 diﬂ'usorum
1150 489 1374 557 aequalis
1393 490 1561 544 moles
1589 491 1837 555 exsistat,
1860 505 1963 544 nec
1985 489 2059 543 ul-

2179 485 2556 557 ιρᾶσις(οὖτω
2583 485 2692 557 γάρ
2738 501 2869 554 φασι
2901 481 3204 555 παράθεσιν
3244 481 3516 552 ἔσεσθαι)’
3571 482 3749 552 διελη-

485 582 600 636 lum
635 582 1024 636 incrementum
1061 598 1124 637 ex
1156 583 1380 639 alterius
1409 583 1722 640 accessione
1759 597 2061 652 consequa-

2179 578 2321 642 ιυθὸς
2351 578 2409 630 δὲ
2429 577 2516 632 διὰ
2545 577 2766 640 παντὸς,
2817 578 2878 630 τὸ
2907 574 3250 646 ὲπεμϐληθὲν
3275 574 3366 627 ἐπὶ
3393 573 3751 646 σμικρότερον

490 684 608 726 tur:
633 673 770 726 nihil
801 673 868 727 ab
897 688 964 728 eo
983 674 1124 742 quod
1147 689 1254 728 non
1287 683 1433 730 secet
1459 690 1523 730 ac
1543 674 1769 741 dividat,
1786 675 2064 743 relinque-

2179 671 2320 740 ’ὅπερ
2343 668 2621 732 ἀδύνατον,
2639 669 2701 722 τὸ
2722 668 2940 722 ἔλαττον
2970 669 3083 722 ἴσον
3111 667 3364 737 γενέσθαι
3393 665 3470 736 τῷ
3496 665 3748 734 μείζονι)·

487 774 592 816 tur.
631 761 742 817 Nec
773 764 917 818 enim
954 765 1009 818 in
1044 764 1346 833 majoribus
1370 764 1635 819 duntaxat
1666 765 1912 834 partibus
1933 803 1947 827 ,
1981 763 2064 818 al-

2179 762 2276 814 ὶλλ⁹
2303 757 2395 815 οῦν
2419 760 2750 831 διεληλυθὸς,
2787 762 2894 814 πᾶν
2924 760 3112 832 τέμνει
3159 760 3301 814 κατὰ
3338 760 3466 814 πᾶν.
3514 757 3752 826 Ἀνάγκη

485 864 638 908 terna
671 856 906 922 quadam
959 856 1340 912 vicissitudine
1387 857 1570 912 mistio
1626 857 1684 910 [it
1742 856 1874 926 (sic
1915 857 2060 909 enim

2179 854 2344 908 ιοίνυν
2377 855 2425 906 εἰ
2449 853 2570 906 καθ’
2596 852 2776 906 ὁτιοῦν
2807 856 3054 924 σημεῖον,
3093 853 3187 906 καὶ
3241 851 3316 923 μὴ
3356 850 3557 922 μεταξὺ
3594 849 3753 920 σῶμα

486 943 892 1013 adjunctionem
924 948 1107 1015 potius
1135 947 1373 1002 futuram
1404 947 1571 1019 aient)
1603 965 1618 1000 :
1645 948 1740 1002 sed
1783 957 1955 1002 totum
1985 947 2065 1000 al-

2179 945 2370 999 ἔσταιό
2405 947 2479 1016 μὴ
2508 945 2793 1015 τέτμηται,
2840 946 2920 1006 εἰς
2975 947 3178 1014 σημεῖα
3230 945 3328 1016 τὴν
3385 943 3647 1014 διαίρεσιν
3690 943 3752 996 οὐ

486 1046 665 1090 terum
719 1040 1254 1110 permeans,majus
1305 1041 1430 1096 licet
1475 1041 1732 1109 injectum
1773 1039 1828 1094 in
1882 1040 2064 1094 minus

2179 1038 2424 1109 σώματος
2466 1039 2772 1106 γεγονέναι,
2817 1037 2955 1107 ὅπερ
2979 1036 3262 1090 ἀδύνατον.
3297 1037 3392 1099 Εἰς
3417 1035 3474 1087 δὲ
3526 1036 3754 1106 ἄπειρον

488 1129 658 1198 (quod
697 1130 918 1199 quidem
966 1131 1082 1186 ﬁeri
1116 1148 1224 1186 non
1265 1142 1476 1202 potest,
1534 1141 1594 1186 ut
1646 1131 1830 1186 minus
1859 1131 2067 1200 aequale

2179 1132 2267 1202 τῆς
2292 1130 2467 1201 τομῆς
2514 1127 2682 1200 οὔσης
2721 1128 2767 1199 (ὃ
2801 1129 2910 1200 γὰρ
2943 1128 3010 1181 ἂν
3041 1127 3213 1198 λάϐῃς
3264 1127 3443 1197 σῶμα,
3488 1126 3758 1196 διαίρετόν

490 1218 688 1288 majori
724 1220 873 1291 ﬁat);
909 1224 1002 1277 sed
1037 1238 1330 1293 permeans
1381 1232 1598 1290 tamen,
1647 1232 1822 1278 totum
1869 1224 2072 1292 ubique

2179 1223 2332 1290 ἐστι),
2355 1222 2416 1274 οὺ
2438 1219 2664 1290 δυνάμει
2703 1220 2883 1290 μόνον,
2910 1218 3160 1291 ἐνεργείᾳ
3183 1217 3241 1271 δὲ
3271 1216 3336 1270 τὰ
3359 1217 3560 1287 ἄπειρα
3581 1216 3755 1271 ἔσται.

495 1320 664 1365 secat.
700 1313 886 1383 Itaque
910 1331 1134 1372 necesse
1163 1327 1284 1383 est,
1324 1318 1372 1371 si
1422 1317 1527 1372 hoc
1569 1319 1751 1386 ipsum
1783 1317 1978 1386 quovis
2012 1315 2067 1368 in

2179 1317 2248 1370 Οὐ
2280 1315 2456 1368 τοίνυν
2484 1314 2604 1366 ὅλον
2627 1313 2692 1365 δι’
2722 1313 2844 1366 ὅλου
2897 1313 3094 1383 χωρεῖν
3151 1311 3374 1364 δυνατὸν
3413 1310 3472 1362 τὸ
3500 1309 3678 1380 σῶμαο
3724 1311 3760 1379 ἡ

492 1414 695 1472 puncto
727 1405 849 1475 ﬁet,
877 1424 979 1463 nec
1025 1410 1264 1464 medium
1319 1426 1519 1480 corpus
1563 1412 1735 1465 ullum
1789 1410 1895 1464 erit
1923 1409 2069 1478 quod

2179 1409 2231 1463 δὲ
2259 1409 2406 1480 ψυχὴ
2433 1407 2498 1460 δι’
2530 1407 2666 1460 ὅλων
2689 1405 2786 1476 (51·
2815 1404 3105 1476 ἀσώματος
3129 1405 3258 1474 ἄρα.

496 1515 605 1553 ιιοιι
637 1488 879 1569 secetur;
918 1510 976 1556 ut
1010 1501 1063 1556 in
1089 1513 1290 1573 puncta
1342 1519 1544 1573 corpus
1583 1504 1852 1574 integrum
1903 1500 2180 1557 dividatur
2206 1542 2222 1567 ,
2273 1501 2418 1571 quod
2446 1499 2562 1554 fieri
2621 1498 2774 1554 nullo
2803 1498 2965 1554 modo
3017 1506 3212 1568 potest.
3262 1495 3356 1552 Sin
3384 1504 3566 1551 autem
3621 1495 3764 1548 ι1ἰιί-

492 1594 665 1648 sionis
701 1594 847 1651 illius
876 1595 1086 1651 inﬁnita
1113 1599 1255 1652 ratio
1301 1597 1484 1654 futura
1547 1607 1631 1654 est
1674 1598 2058 1669 (quodcunque
2105 1597 2253 1652 enim
2302 1611 2504 1665 corpus
2541 1595 2848 1665 acceperis.
2910 1593 3195 1648 dividuum
3232 1607 3450 1662 semper
3485 1591 3760 1660 est),tum

490 1705 620 1744 vero
652 1706 762 1746 non
815 1697 1014 1747 virtute
1043 1693 1344 1758 duntaxat,
1390 1695 1484 1750 sed
1539 1694 1704 1749 etiam
1770 1708 1964 1764 reapse
2016 1693 2229 1748 inﬁnita
2289 1700 2470 1746 erunt.
2514 1689 2717 1744 Totum
2782 1705 2913 1759 ergo
2959 1690 3158 1757 corpus
3209 1694 3387 1741 totum
3447 1683 3599 1738 aliud
3641 1699 3766 1754 per-

491 1801 674 1842 meare
703 1803 810 1844 non
841 1797 1042 1859 potest.
1084 1790 1249 1861 Atqui
1299 1799 1473 1846 totum
1508 1791 1728 1845 animus
1779 1798 2027 1860 permeat
2058 1806 2072 1843 :
2116 1801 2348 1858 corpore
2378 1801 2509 1858 ergo
2540 1793 2689 1841 caret
2715 1785 2950 1839 animus.

560 1997 727 2070 83E,
757 2017 776 2050 ι
817 1997 976 2064 Quod
1027 2006 1207 2052 autem
1235 1997 1471 2067 priorem
1506 1997 1654 2050 illam
1687 1996 1860 2066 ipsius
1909 2003 2070 2050 natu-

2246 1991 2350 2044 «Τὸ
2388 1990 2445 2044 δὲ
2483 1991 2576 2043 καὶ
2598 1989 2756 2059 φύσει
2784 1989 2881 2060 μὲν
2897 1987 2976 2061 (6)
3002 1988 3274 2060 προτέραν
3297 1988 3360 2042 τὸ
3388 1990 3519 2043 αὐτὸ
3551 1992 3774 2063 πνεῦμα

496 2107 613 2146 ram
641 2131 655 2154 ,
685 2090 936 2160 spiritum
970 2090 1189 2159 proprie
1226 2105 1290 2143 ac
1313 2088 1665 2158 peculiariter
1692 2103 1814 2142 esse
1841 2087 2031 2142 dicunt
2054 2129 2072 2154 ,

499 2198 621 2252 quae
646 2179 857 2252 ψυχρῷ,
889 2182 994 2235 hoc
1028 2190 1112 2235 est
1151 2179 1346 2250 frigido
1390 2181 1443 2234 in
1479 2181 1601 2236 loco
1650 2181 1833 2250 posita
1857 2220 1871 2244 ,
1909 2189 2075 2244 atque

498 2275 672 2330 aciem
697 2275 888 2342 adepta
917 2272 1182 2342 majorem
1205 2271 1407 2345 ,ψυχὴ,
1438 2271 1543 2326 hoc
1572 2281 1656 2327 est
1683 2271 1900 2326 animus
1921 2311 1935 2335 ,
1971 2271 2074 2325 l‘ri-

496 2367 650 2438 goris
681 2365 733 2418 vi
773 2364 988 2418 tenuior
1019 2364 1382 2433 subtiliorque
1406 2363 1580 2419 factus
1603 2364 1830 2431 evadat;
1869 2365 1971 2418 hoc
1996 2365 2076 2433 ip-

499 2475 620 2513 sum
653 2457 870 2527 quidem
901 2456 1200 2510 absurdum
1225 2464 1339 2512 est.
1371 2471 1495 2510 cum
1524 2456 1796 2525 pleraeque
1819 2456 2074 2510 animan-

501 2558 583 2604 tes
622 2558 675 2603 et
704 2549 899 2602 calidis
932 2555 1233 2602 nascantur
1266 2546 1320 2598 in
1373 2545 1544 2608 locis,
1585 2555 1638 2600 ει
1695 2546 1936 2599 animum
1981 2546 2078 2600 ha-

499 2641 664 2694 beant
695 2637 1006 2707 hujnsmodi
1054 2634 1470 2706 refrigeratione
1523 2636 1819 2690 carentem.
1850 2635 1916 2689 At
1939 2636 2080 2705 prio-

502 2746 617 2784 rem
661 2741 878 2797 quoque
913 2726 1081 2780 animi
1128 2735 1378 2780 naturam
1401 2767 1416 2790 ,
1447 2740 1512 2779 ex
1567 2724 1856 2794 multiplici
1892 2741 2075 2779 rerum

499 2828 848 2875 externarum
881 2833 1011 2873 casu
1054 2817 1318 2872 exsistere
1358 2832 1421 2871 ac
1448 2817 1684 2886 pendere
1732 2818 1943 2872 volunt.
1996 2817 2077 2872 Illi

501 2928 632 2983 ergo
664 2911 810 2982 quod
837 2910 1078 2965 deterius
1113 2918 1235 2974 est,
1281 2909 1334 2963 id
1390 2911 1627 2979 primum
1676 2910 1922 2977 faciunt,
1968 2925 2080 2979 quo

503 3005 625 3075 ipso
645 3013 900 3075 praeterea
933 3001 1193 3072 quiddam
1247 3001 1431 3066 aliud,
1484 3003 1666 3056 minus
1715 3002 1880 3067 licet,
1927 3003 2080 3070 prius

504 3109 685 3153 tamen
720 3096 1092 3159 constituunt,
1117 3109 1278 3165 quem
1308 3093 1550 3148 habitum
1587 3095 1894 3148 nominant.
1930 3093 2081 3147 Mens

507 3200 688 3244 autem
719 3196 994 3259 postremo
1021 3187 1089 3241 ab
1129 3189 1198 3243 iis
1225 3188 1348 3242 loco
1385 3197 1709 3242 numeratur
1730 3230 1745 3254 ,
1797 3188 1865 3242 ab
1897 3189 2082 3243 animo

508 3284 720 3339 scilicet
766 3283 884 3350 ipso
922 3281 1184 3352 profecta.
1244 3278 1380 3335 Nam
1444 3281 1489 3335 si
1541 3281 1793 3349 princeps
1832 3281 2078 3335 omnium

2175 2081 2374 2150 λέγειν’
2405 2082 2462 2134 ἐν
2490 2080 2545 2134 δὲ
2573 2079 2768 2151 ψυχρῷ
2795 2079 3098 2150 γενομένην
3123 2081 3219 2134 καὶ
3247 2081 3642 2150 στομωθεῖσαν,
3663 2085 3768 2154 ψυ-

2176 2174 2276 2246 χὴν
2321 2172 2600 2241 γίνεσθαι,
2676 2171 3008 2242 λεπτοτέραν
3061 2173 3120 2225 ὲν
3180 2171 3373 2244 ψυχρῷ
3448 2176 3764 2246 γενομένην·

2174 2266 2270 2318 ὡδὶ
2300 2265 2375 2336 (7)
2405 2266 2500 2318 καὶ¹
2532 2265 2663 2318 αὐτὸ
2705 2264 2922 2319 ἄτοπον·
2967 2263 3138 2317 πολλὰ
3169 2264 3278 2336 γάρ
3331 2264 3446 2328 ζῶα
3490 2270 3547 2320 ὲν
3579 2267 3768 2339 θερμῷ

2175 2357 2442 2426 γίνεσθαι,
2478 2358 2571 2410 καὶ
2609 2356 2787 2428 ψυχὴν
2844 2356 2959 2427 ἔχει
2996 2357 3058 2410 οὐ
3109 2356 3426 2428 ψυχθεῖσαν.
3478 2360 3630 2424 ιἈλλ’
3676 2358 3769 2415 οῦν

2179 2450 2308 2518 φασί
2336 2466 2401 2517 γε
2435 2447 2708 2520 προτέραν
2738 2447 2899 2517 φύσιν
2928 2447 3106 2531 ψυχῇς
3144 2445 3286 2501 εἶναι
3312 2448 3452 2502 κατὰ
3484 2453 3771 2522 συντυχίας

2176 2543 2276 2605 τὰς
2308 2540 2411 2608 ἔξω
2438 2541 2750 2611 γινομένην.
2814 2539 3116 2610 Συμὸαίνει
3145 2535 3240 2594 οῦν
3287 2543 3472 2606 αὐτοῖς
3499 2542 3561 2596 τὸ
3591 2547 3774 2614 χεῖρον

2180 2632 2396 2705 πρῶτον
2417 2633 2610 2693 ποιεῖν,
2633 2630 2729 2682 καὶ
2768 2630 2875 2702 πρὸ
2906 2629 3095 2682 τούτου
3129 2629 3257 2684 ἄλλο
3309 2631 3552 2695 ἔλαττον,
3583 2634 3648 2703 ἣν
3682 2635 3772 2688 λέ·-

2179 2739 2366 2791 γουσιν
2390 2721 2524 2786 ἓξιν.
2564 2721 2622 2773 '0
2655 2721 2711 2774 δὲ
2740 2721 2866 2784 νοῦς
2899 2720 3148 2784 ὕστατος,
3189 2721 3297 2774 ἀπὸ
3337 2724 3436 2794 τῆς
3463 2723 3644 2795 ψυχῆς
3675 2727 3775 2797 δη-

2180 2817 2355 2870 λονότι
2375 2816 2684 2886 γενόμενος’
2744 2814 2776 2884 ἢ
2833 2814 2884 2866 εἰ
2942 2813 3048 2885 πρὸ
3102 2814 3320 2868 πάντων
3376 2815 3522 2880 νοῦς,
3576 2815 3774 2888 ἐφεξῆς

2184 2909 2290 2963 ἔδει
2315 2909 2491 2980 ψυχὴν
2534 2909 2744 2970 ποιεῖν,
2789 2902 2907 2959 εἶτα
2937 2905 3117 2976 φύσιν·
3153 2907 3248 2959 καὶ
3301 2908 3412 2960 αἰεὶ
3461 2907 3523 2960 τὸ
3550 2908 3776 2981 ὕστερον

2181 3007 2384 3076 χεῖρον,
2415 3003 2573 3074 εἴπερ
2629 3002 2894 3071 πέφυκεν.
2926 3001 2990 3054 Εἰ
3041 2996 3136 3054 οῦν
3207 3003 3302 3055 καὶ
3345 3005 3372 3055 ὁ
3419 3003 3551 3067 Θεὸς
3593 3005 3778 3067 αὐτοῖς

2185 3097 2329 3150 κατὰ
2353 3096 2443 3149 τὸν
2470 3095 2594 3148 νοῦν
2623 3093 2868 3166 ὕστερος,
2895 3095 2987 3148 καὶ
3007 3095 3282 3166 γεννητὸς,
3310 3096 3403 3148 καὶ
3424 3097 3658 3150 ἐπακτὸν
3682 3098 3775 3148 τὸν

2185 3188 2310 3243 νοῦν
2336 3188 2496 3259 έχων,
2536 3188 2803 3258 ἐνδέχοιτο
2867 3188 2933 3242 ἂν
2991 3187 3126 3260 μηδὲ
3177 3187 3378 3259 ψυχὴν,
3435 3191 3570 3261 μηδὲ
3629 3190 3775 3252 νοῦν,

2190 3281 2322 3354 μηδὲ
2349 3281 2481 3334 Θεὸν
2515 3277 2675 3333 εἶναι·
2707 3283 2754 3332 εί
2788 3280 2849 3332 τὸ
2894 3279 3120 3350 δυνάμει
3157 3280 3254 3351 (8),
3323 3280 3395 3352 μὴ
3437 3281 3588 3344 ὄντος
3642 3281 3778 3352 πρό-

506 3390 661 3430 mens
687 3375 904 3443 ponitur
933 3413 948 3437 ,
980 3372 1221 3428 secundo
1251 3373 1306 3426 in
1337 3371 1506 3442 gradu
1531 3370 1798 3436 animum,
1830 3379 2079 3424 naturam

2185 3391 2342 3446 τερον
2373 3373 2467 3426 τοῦ
2518 3372 2788 3444 ἐνεργείᾳ,
2819 3374 2916 3426 καὶ
2966 3373 3081 3440 νοῦ,
3123 3373 3352 3443 γένοιτο,
3379 3375 3499 3427 οὐδὲ
3547 3373 3666 3444 ἥξει
3699 3374 3782 3436 εἰς

507 3466 746 3535 denique
780 3465 832 3518 in
861 3464 1022 3518 tertio
1060 3463 1329 3518 collocare
1351 3472 1630 3532 oporteat;
1664 3463 1849 3532 itaque
1873 3477 2079 3530 semper

2183 3459 2490 3538 ἐνέργειαν·’
2528 3467 2580 3518 τί
2630 3464 2738 3537 γὰρ
2769 3465 2921 3518 ἔσται
2951 3465 3013 3517 τὸ
3071 3465 3223 3533 ἄγον,
3282 3464 3357 3536 μὴ
3402 3466 3554 3528 ὄντος
3587 3463 3780 3534 ἑτέρου

509 3556 654 3628 quod
682 3555 922 3610 deterius
957 3553 1046 3619 sit,
1086 3554 1286 3608 habere
1308 3554 1602 3621 posterius,
1626 3554 1669 3608 si
1694 3552 1916 3622 quidem
1938 3553 2079 3622 ejus-

2185 3561 2312 3630 παρ’
2330 3559 2461 3612 αὐτὸ
2496 3558 2762 3630 προτέρου
2784 3575 2799 3622 ;
2825 3557 2889 3609 Εἰ
2909 3557 2952 3610 δ’
2993 3557 3154 3611 ἑαυτὸ
3195 3556 3312 3622 ἄξει
3360 3560 3440 3621 εἰς
3474 3557 3777 3629 ἐνέργειαν,

514 3649 661 3705 modi
699 3657 886 3703 natum
911 3657 1013 3703 est.
1049 3646 1104 3701 Si
1133 3661 1262 3718 ergo
1301 3646 1443 3702 Deus
1466 3648 1581 3717 ipse
1610 3662 1830 3716 quoque
1850 3688 1864 3712 ,
1901 3661 1997 3715 pro
2022 3662 2079 3700 eo

2185 3651 2322 3720 ὅπερ
2349 3651 2570 3713 ἄτοπον,
2599 3649 2734 3703 ἀλλὰ
2767 3649 2966 3720 βλέπον
2996 3667 3059 3720 γε
3097 3651 3233 3723 πρός
3271 3669 3326 3705 τι
3372 3650 3511 3716 ἄξει,
3543 3652 3571 3704 ὃ
3598 3651 3660 3703 οὐ
3689 3650 3779 3702 δυ-

515 3755 578 3794 ac
615 3748 797 3793 mente
824 3739 1084 3808 praeditus
1114 3747 1228 3804 est,
1273 3740 1544 3808 posterior
1579 3739 1720 3793 idem
1764 3754 1828 3793 ac
1871 3740 2079 3809 genitus

2194 3745 2356 3814 νάμει
2387 3743 2485 3812 (9),
2521 3744 2774 3816 ἐνεργείᾳ
2807 3744 2863 3796 δὲ
2918 3743 3091 3798 ἔσται.
3150 3747 3341 3800 Καίτοι
3371 3747 3431 3800 τὸ
3472 3747 3560 3800 ἀεὶ
3601 3747 3779 3817 μένειν

518 3835 626 3896 sit,
658 3842 820 3902 atque
842 3831 1194 3886 adventitiam
1232 3840 1467 3884 mentem
1490 3831 1662 3900 ipsam
1693 3831 1932 3898 habeat;
1965 3847 2079 3886 con-

2195 3836 2256 3889 τὸ
2289 3837 2440 3900 αὐτὸ,
2474 3837 2631 3908 εἴπερ
2663 3836 2723 3890 τὸ
2748 3836 2972 3907 δυνάμει
3005 3837 3135 3904 ἕξει,
3184 3837 3304 3891 καθ’
3328 3839 3488 3891 ἑαυτὸ
3523 3840 3601 3902 είς
3633 3837 3782 3908 ένέρ-
3847 3844 3854 3850 ’

518 3926 662 3981 cludi
698 3925 838 3980 forte
858 3926 1062 3995 possit,
1101 3941 1276 3994 neque
1313 3924 1557 3978 animum
1580 3965 1594 3987 ,
1625 3940 1802 3994 neque
1829 3935 2079 3986 mentem1

2199 3947 2351 3998 γειαν
2381 3929 2521 3998 ἥξει,
2550 3931 2642 3983 καὶ
2671 3928 2827 3982 τοῦτο
2869 3932 3114 4000 κρεῖττον
3157 3930 3308 3984 ἔσται
3339 3931 3433 3984 τοῦ
3462 3931 3781 4001 δυναμένου,

518 4033 696 4088 neque
740 4016 908 4072 Deum
959 4031 1100 4073 esse.
1150 4017 1444 4086 Nunquam
1495 4019 1642 4072 enim
1691 4017 1838 4089 quod
1897 4019 2079 4073 virtutt

2191 4015 2302 4074 οἷον
2359 4021 2580 4093 ὀρεκτὸν
2627 4021 2684 4074 ὃν
2723 4022 2953 4075 ἐκείνου.
3004 4023 3275 4096 Πρότερον
3331 4025 3439 4094 ἄρα
3493 4024 3554 4077 τὸ
3605 4025 3785 4094 κρεῖτ-

518 4111 896 4166 tantummodo
925 4119 1036 4174 est,
1066 4110 1172 4165 nisi
1196 4111 1348 4181 prius
1375 4111 1428 4164 id
1456 4108 1655 4177 fuerit,
1677 4111 1822 4180 quod
1843 4121 1969 4166 actu
1999 4112 2079 4166 sit.

2190 4130 2282 4166 τον
2315 4114 2450 4181 (10),
2485 4115 2579 4168 καὶ
2627 4114 2823 4187 ἑτέραν
2851 4116 3012 4186 φύσιν
3051 4115 3174 4186 ἔχον
3208 4115 3476 4188 σώματος,
3513 4117 3608 4170 καὶ
3631 4117 3783 4186 ὲνερ-

520 4213 645 4260 actu
667 4205 785 4274 ipso
819 4202 1062 4257 futurum
1098 4211 1199 4257 est.
1227 4202 1397 4272 Cujus
1444 4202 1589 4256 enim
1630 4202 1683 4256 vi
1713 4203 1947 4257 exsistat
1995 4203 2079 4258 ali-

2191 4207 2315 4278 γείᾳ
2342 4205 2400 4259 ὃν
2421 4207 2526 4260 ἀεί’
2573 4207 2838 4279 πρότερον
2871 4206 2981 4279 ἄρα
3009 4207 3102 4260 καὶ
3134 4207 3279 4272 νοῦς,
3326 4207 3623 4278 καὶψυχὴ,
3678 4205 3775 4275 φύ-

519 4297 770 4366 quando,
795 4295 844 4352 si
878 4295 1026 4351 aliud
1054 4305 1249 4366 praeter
1305 4296 1483 4365 ipsum
1533 4295 1671 4349 nihil
1727 4311 1902 4366 eoque
1941 4298 2079 4366 prius

2192 4317 2352 4363 σεως.
2375 4301 2488 4352 Οὐκ
2515 4300 2622 4370 ἄρα
2653 4299 2796 4354 οὕτω
2840 4299 2987 4372 ψυχὴ
3014 4301 3089 4364 ὼς
3119 4299 3356 4371 πνεῦμα,
3380 4300 3489 4353 οὐδ’
3503 4300 3578 4366 ὡς
3603 4299 3782 4367 σῶμα.

520 4387 724 4442 fuerit?
771 4388 865 4442 Sin
918 4395 1097 4441 autem
1151 4402 1211 4442 se
1258 4385 1528 4456 proferet,
1576 4387 1949 4458 producetque
1996 4406 2079 4459 per

2214 4391 2351 4444 Ἀλλ·
2376 4394 2456 4445 ὃτι
2488 4393 2588 4463 μὲν
2613 4394 2672 4445 οὐ
2707 4393 2886 4464 σῶμα,
2929 4393 3127 4461 λέγοιτ’
3164 4390 3252 4456 ἂν,
3302 4391 3396 4446 καὶ
3443 4392 3655 4445 εῐοτιται
3689 4392 3787 4443 καὶ

523 4495 643 4536 sese
673 4478 851 4550 (quod
888 4479 1064 4548 ipsum
1093 4488 1270 4532 tamen
1297 4477 1595 4532 absurdum
1618 4481 1732 4550 est)
1759 4519 1773 4544 ,
1797 4489 1943 4535 certe
1965 4481 2079 4536 dun

2199 4484 2375 4548 ἄλλοις
2407 4485 2591 4556 ἕτερα,
2627 4485 2786 4539 ἱκανὰ
2813 4485 2870 4538 δὲ
2905 4485 2998 4538 καὶ⁵
3036 4484 3226 4538 ταῦτα.

529 4592 589 4633 se
635 4574 709 4629 ita
741 4573 1010 4644 proferct,
1077 4573 1281 4643 aliquid
1344 4574 1675 4639 intuebitur,
1715 4575 1862 4644 quod
1913 4593 2022 4630 non
2075 4579 2314 4644 virtute,
2355 4581 2448 4634 sed
2502 4589 2624 4634 actu
2676 4580 2801 4634 erit.
2855 4579 3225 4649 Quanquam,
3282 4580 3332 4634 id
3391 4579 3536 4649 quod
3589 4577 3790 4632 virtute

521 4679 640 4735 est,
673 4669 719 4724 si
774 4669 972 4723 habeat
1022 4670 1162 4722 idem
1218 4677 1276 4722 ut
1302 4669 1384 4722 sui
1425 4684 1637 4738 semper
1669 4670 1846 4724 simile
1889 4682 2139 4737 maneat,
2177 4675 2398 4730 exsistet
2426 4684 2550 4730 actu
2581 4690 2675 4745 per
2702 4690 2844 4738 sese,
2873 4685 3038 4746 atque
3071 4675 3123 4730 id
3147 4675 3253 4729 erit
3281 4675 3455 4730 solam
3479 4673 3784 4728 exsistendi

525 4771 846 4836 potestatem
895 4761 1126 4816 habente
1187 4761 1568 4832 praastantius,
1616 4777 1740 4816 cum
1819 4763 1888 4818 ab
1939 4764 2030 4818 illo
2063 4775 2372 4836 appetatur.
2441 4767 2657 4822 Maneat
2722 4768 2924 4838 igitur,
2971 4767 3126 4838 prius
3175 4766 3225 4822 id
3283 4781 3408 4822 esse
3453 4765 3598 4836 quod
3657 4773 3793 4834 prze'

526 4861 760 4917 stantius
783 4859 885 4924 sit,
922 4860 1159 4928 itemque
1191 4858 1337 4928 quod
1408 4858 1679 4915 diversam
1729 4875 1758 4914 a
1809 4875 2034 4929 corpore
2075 4873 2324 4919 naturam
2359 4864 2587 4930 habeat,
2653 4865 2909 4935 quodque
2937 4873 3062 4919 actu
3100 4877 3315 4932 semper
3353 4863 3598 4917 exsistat.
3659 4860 3790 4915 lnde

525 4956 702 5021 enim,
725 4963 962 5010 mentem
995 4963 1050 5008 et
1068 4955 1342 5018 animum,
1373 4962 1567 5008 natura
1599 4955 1808 5024 priores
1864 4970 2005 5021 esse,
2063 4974 2164 5014 nec
2201 4961 2460 5028 Spiritus,
2509 4969 2603 5015 aut
2637 4961 2886 5029 corporis
2939 4959 3172 5014 similem
3210 4959 3456 5013 animum
3498 4972 3621 5012 esse
3651 4971 3790 5012 con-

528 5050 728 5105 ﬁcitur.
776 5046 842 5102 Et
873 5046 1092 5118 quidem
1139 5047 1204 5100 ad
1258 5045 1500 5099 animum
1562 5061 1839 5116 corporeae
1884 5058 2092 5104 natura:
2129 5052 2562 5120 subducendum,
2628 5054 2696 5107 ab
2757 5052 2882 5108 aliis
2914 5067 3039 5108 cum
3071 5060 3126 5107 ει
3151 5049 3379 5122 proferri
3405 5051 3508 5104 alia
3533 5057 3790 5119 possunt,

531 5152 586 5200 et
613 5142 822 5214 prolata
852 5141 964 5212 jam
1003 5150 1163 5208 sunt,
1196 5150 1310 5194 tum
1338 5140 1454 5194 hate
1480 5156 1700 5212 quoque
1736 5151 1923 5200 nostra
1969 5147 2102 5201 satis
2140 5159 2320 5204 erunt.

607 5412 684 5482 (5i
709 5407 872 5482 Forte
903 5407 1044 5482 ὅλου.
1107 5478 1126 5482 _
1300 5479 1312 5482 _
1483 5478 1530 5482 __
1758 5475 1770 5482 Δ
1954 5477 1964 5482 _
2214 5408 2480 5482 particula
2523 5407 2796 5482 ydp‘nihil
2819 5420 2965 5482 _opus
3000 5405 3120 5469 erit,
3157 5419 3257 5458 nec
3286 5403 3582 5472 quidquam
3615 5389 3794 5455 deeri‘

613 5475 688 5554 (6)
719 5481 903 5532 Φύσει
939 5477 1070 5548 μέν.
1105 5478 1410 5550 Legendum
1446 5478 1656 5533 videtur
1703 5475 1864 5546 φύσιν
1903 5477 2020 5549 μέν,
2051 5494 2079 5532 u

617 5553 704 5601 nlo
733 5560 852 5601 post
885 5548 1022 5601 linea
1053 5551 1101 5601 7.

2216 5475 2282 5531 ad
2309 5478 2412 5532 loci
2444 5475 2614 5544 hujus
2637 5478 2747 5532 inte
2787 5477 3024 5530 ritatem.

2291 5547 2366 5601 t9)
2407 5549 2467 5599 Ὃ
2493 5550 2564 5601 οὐ
2590 5547 2725 5601 δυν.
2751 5493 2833 5601 ita
2872 5554 3014 5600 recte
3044 5545 3277 5601 Montac.
3305 5543 3364 5598 In
3392 5542 3567 5601 priori
3596 5539 3676 5595 edi

541 5538 704 5624 paulo
733 5560 852 5624 post
885 5538 1022 5624 lirjea
1053 5551 1109 5624 7._
1333 5619 1346 5624 _
1409 5619 1420 5624 _
1463 5618 1512 5624 μ
1548 5618 1561 5624 _
1716 5538 1726 5546 ’
1903 5538 1915 5549 ’
2008 5538 2017 5544 ’
2291 5547 2366 5624 (9)
2407 5549 2467 5624 '_‘0
2493 5538 2564 5601 ὀύ
2590 5538 2833 5604 δυν.1ιιι
2872 5554 3014 5600 recte
3044 5545 3277 5601 Montac.
3305 5543 3364 5598 In
3392 5542 3567 5614 priori
3596 5539 3726 5595 edit.
3759 5538 3795 5592 ὅ

615 5622 692 5690 (7)
733 5617 1054 5690 ὨδίηΜδεη
1079 5619 1114 5690 ὃ
1137 5619 1224 5690 δή,
1254 5619 1347 5673 sed
1376 5619 1435 5690 τὸ
1458 5618 1521 5689 δή
1548 5618 1706 5687 longe
1733 5625 1972 5690 praestat.

2219 5626 2272 5670 et
2305 5619 2364 5690 οὐ
2387 5617 2640 5690 deerant.

621 5682 804 5770 (8)}?!
840 5688 903 5770 τὸ
939 5682 1216 5770 δυνάμεις
1249 5699 1357 5743 ete.
1407 5682 2033 5770 Leg'endtimiexistimp,
2069 5707 2079 5739 ε

2255 5757 2265 5768 .
2291 5687 2402 5770 μθ)
2421 5688 2505 5770 [ὁ
2535 5689 2818 5770 remittor.
2855 5686 2978 5743 Haec
3011 5703 3184 5757 usque
3213 5687 3278 5742 ad
3307 5686 3367 5737 ὸν
3397 5685 3504 5751 ἀεί,
3530 5682 3797 5738 debentur

547 5757 653 5833 γὰρ
683 5757 746 5814 τὸ
775 5759 1020 5833 δρνάμει,
1055 5757 1100 5833 si
1141 5757 1552 5833 *{év0tro.__(|1md
1593 5758 1862 5833 sequitur,
1895 5758 2079 5833 retinm

2221 5757 2392 5813 cidem
2421 5757 2650 5814 Monlac.

552 5827 744 5903 placet.
793 5828 910 5895 Sin,
945 5830 1090 5897 quod
1141 5846 1239 5898 ego
1293 5829 1528 5892 mallem,
1579 5827 1787 5893 γένοιτο
1834 5827 2116 5891 delebilur,
