4132 6446
391 382 529 438 1575

385 593 550 667 αὕτη.
580 593 704 667 ⁷Αρ’
749 595 840 652 οὖν
872 599 1055 669 ἕτερον
1093 600 1190 669 μὲν
1222 599 1490 670 σώματος,
1529 599 1778 670 σώματος
1806 601 1861 652 δέ
1886 617 1961 665 τι,

385 682 501 742 οἷον
524 690 790 760 ἁρμονία;
825 691 995 744 Τοῦτο
1024 691 1132 760 γὰρ
1163 692 1430 761 ἁρμονίαν
1468 691 1576 744 τῶν
1609 693 1751 762 ἀμφὶ
1781 692 1962 744 Πυθα-

386 783 555 854 γόραν
574 784 838 853 λεγόντων
870 786 1054 857 ἓτερον
1089 786 1315 857 τρόπον,
1351 784 1604 856 ᾠήθησαν
1637 784 1767 837 αὑτὸ
1791 785 1966 837 τοιοῦ-

385 874 479 927 τόν
507 892 558 928 τι
597 871 755 940 εἶναι,
784 871 892 929 οἷον
939 879 1093 948 καὶὴ
1152 877 1276 949 περὶ
1332 877 1527 947 χορδὰς
1575 877 1826 948 ἁρμονία.
1878 878 1964 940 Ὠς

384 967 498 1038 γὰρ
523 969 755 1022 ἐνταῦθα
783 971 1152 1041 ἐντεταμένων
1207 970 1316 1023 τῶν
1373 971 1599 1042 χορδῶν,
1663 972 1964 1038 ἐπιγίνεταί

384 1074 440 1111 τι
468 1053 580 1112 οἷον
605 1061 830 1132 πάθημα
862 1063 946 1115 ἐπ’
969 1065 1181 1127 αὑταῖς,
1233 1064 1260 1116 ὃ
1304 1063 1519 1132 λέγεται
1566 1065 1818 1135 ἁρμονία·
1871 1065 1963 1118 τὸν

386 1150 552 1204 αὑτὸν
578 1154 776 1224 τρόπον
805 1155 899 1208 καὶ
920 1155 1014 1208 τοῦ
1049 1157 1322 1228 ἡμετέρου
1366 1157 1636 1228 σώματος,
1679 1161 1736 1211 ὲν
1768 1158 1961 1228 κράσει

386 1243 651 1313 ἀνομοίων
678 1247 998 1316 γινομένων,
1022 1249 1119 1319 τὴν
1150 1250 1308 1302 ποιὰν
1335 1252 1549 1320 κρᾶσιν,
1586 1251 1733 1320 ζωήν
1770 1267 1830 1304 τε
1873 1253 1962 1321 ὲρ-

388 1333 668 1402 γάζεσθαι,
686 1338 780 1390 καὶ
811 1339 988 1409 ψυχὴν
1004 1336 1168 1393 οὖσαν
1196 1341 1256 1394 τὸ
1276 1343 1368 1394 ἐπὶ
1395 1345 1459 1412 τῇ
1488 1343 1683 1412 κράσει
1710 1341 1959 1412 πάθημα.

387 1427 507 1479 Ὅτι
542 1427 596 1480 δὲ
630 1428 886 1482 ἀδύνατον
911 1430 1044 1499 (l2),
1083 1432 1248 1485 πολλὰ
1291 1433 1388 1503 ἤδη
1448 1434 1585 1503 πρὸς
1628 1433 1829 1504 ταύτην
1862 1433 1961 1504 τὴν

382 1517 540 1583 δόξαν
568 1518 802 1591 εἴρηται.
837 1523 947 1581 Καὶ
974 1523 1084 1595 γὰρ
1113 1526 1194 1577 ὅτι
1230 1527 1328 1594 μὲν
1349 1526 1612 1597 πρότερον
1640 1528 1671 1597 ἡ
1702 1527 1866 1597 ψυχὴ,
1925 1529 1959 1597 ὴ

383 1609 428 1662 δ’
453 1610 684 1681 ἁρμονία
707 1612 947 1686 ὕστερονο
976 1618 1069 1669 καὶ
1091 1618 1166 1681 ὡς
1195 1618 1258 1670 τὸ
1285 1619 1382 1689 μὲν
1411 1620 1567 1690 ἄρχει
1609 1621 1703 1672 καὶ
1735 1622 1960 1673 ὲπιστα-

383 1705 467 1755 τετ
495 1703 574 1774 τῷ
608 1703 839 1777 σώματι,
893 1709 987 1761 καὶ
1035 1709 1267 1779 μάχεται
1322 1711 1584 1782 πολλαχῆ,
1641 1713 1871 1782 ἁρμονία
1903 1712 1960 1764 δὲ

383 1794 482 1848 οὐκ
511 1794 575 1848 ἂν
595 1793 728 1850 οὖσα
756 1799 928 1852 ταῦτα
954 1805 1114 1853 ποιοῖ·
1159 1804 1253 1855 καὶ
1276 1803 1352 1867 ὡς
1383 1805 1444 1857 τὸ
1495 1806 1595 1876 μὲν
1629 1807 1810 1869 οὑσία,
1843 1809 1875 1877 ὴ
1902 1805 1958 1857 δὲ

382 1885 616 1956 ἁρμονία
643 1890 742 1943 οὑκ
768 1891 944 1944 οὐσία·
967 1895 1060 1946 καὶ
1092 1895 1172 1948 ὅτι
1206 1897 1238 1966 ἡ
1294 1899 1486 1969 κρᾶσις
1508 1898 1616 1951 τῶν
1669 1901 1956 1970 σωμάτων,

382 1977 444 2044 ἐξ
469 1973 544 2033 ὧν
578 1983 931 2055 συνέσταμεν,
966 1987 1024 2040 ὲν
1047 1987 1188 2058 λόγῳ
1230 1985 1384 2054 οὖσα,
1414 1992 1572 2059 ὑγεία
1616 1993 1682 2045 ἂν
1711 1995 1794 2064 εἴη
1823 1994 1956 2063 (13)·

382 2071 477 2124 καὶ
504 2072 585 2125 ὅτι
635 2075 755 2128 καθ’
801 2078 1026 2132 ἕκαστον
1079 2083 1244 2154 μέρος
1299 2084 1475 2148 ἄλλως
1523 2087 1744 2160 κραθὲν,
1775 2089 1860 2159 εἴη
1893 2088 1960 2141 ἂν

379 2162 524 2235 ψυχὴ
557 2166 741 2238 έτέρα,
765 2168 906 2223 ὥστε
937 2173 1137 2237 πολλὰς
1164 2171 1323 2228 εἶναι·
1356 2179 1453 2230 καὶ
1503 2179 1619 2232 τόδε
1659 2181 1770 2251 (14)
1805 2183 1959 2252 μέγι-

381 2273 525 2322 στον,
557 2258 632 2321 ὡς
657 2261 868 2334 ἀνάγκη
903 2265 1038 2336 πρὸς
1062 2267 1159 2338 τῆς
1185 2267 1363 2340 ψυχῆς
1410 2270 1616 2340 ταύτης
1663 2273 1828 2343 ἄλλην
1855 2274 1958 2343 ψυ-

379 2349 481 2436 χην
505 2345 664 2416 εἶναι,
689 2353 784 2425 τὴν
817 2357 1072 2410 ποιοῦσαν
1129 2360 1228 2430 τὴν
1279 2362 1543 2432 ἁρμονίαν
1576 2363 1686 2433 (15)
1732 2367 1958 2436 ταυτήνο

377 2434 488 2493 οἷον
521 2444 614 2496 ἐπὶ
646 2445 754 2498 τῶν
781 2448 1045 2518 ὀργάνων,
1091 2452 1151 2504 τὸ
1201 2455 1458 2522 μουσικὸν
1508 2453 1642 2525 (16),
1677 2457 1768 2510 τὸν
1821 2434 1960 2510 ἐντι-

377 2531 540 2586 θέντα
567 2539 686 2598 ταῖς
708 2539 923 2609 χορδαῖς
946 2542 1045 2612 τὴν
1088 2544 1372 2613 ἁρμονίαν,
1426 2547 1580 2614 λόγον
1613 2548 1799 2616 ἔχοντα
1828 2550 1958 2621 παρ’

375 2623 544 2694 αὑτῷ,
576 2627 697 2680 καθ’
726 2629 784 2682 ὃν
834 2633 1085 2702 ἁρμόσει.
1134 2635 1270 2689 Οὗτε
1333 2639 1442 2710 γὰρ
1494 2641 1611 2692 ἐκεῖ
1657 2642 1713 2694 αί
1773 2644 1960 2714 χορδαὶ

374 2720 507 2787 παρ’
537 2719 736 2784 αὑτῶν,
778 2721 890 2777 οὕτ’
921 2725 1153 2780 ἐνταῦθα
1178 2728 1379 2798 (17)τὰ
1411 2729 1639 2801 σώματα
1674 2733 1841 2787 ἑαυτὰ
1881 2738 1960 2798 είς

374 2808 643 2882 ἁρμονίαν
697 2814 848 2883 ἄγειν
899 2817 1207 2888 δυνήσεται.
1263 2822 1442 2885 Ὅλως
1499 2823 1558 2876 δὲ
1609 2826 1704 2877 καὶ
1732 2820 1874 2878 οὗτοι
1902 2825 1960 2892 ἐξ

373 2901 600 2974 ἀψύχων
638 2905 856 2977 ἔμψυχα
883 2910 1116 2975 ποιοῦσι,
1171 2913 1262 2964 καὶ
1288 2913 1346 2978 ἐξ
1378 2913 1626 2966 ἀτάκτων
1659 2914 1802 2967 κατὰ
1833 2933 1957 2969 συν-

374 2997 564 3066 τυχίαν
592 2997 660 3052 τὰ
698 3003 1000 3071 τεταγμένα
1029 3003 1126 3073 τὴν
1156 3005 1305 3069 τάξιν
1330 3007 1346 3074 (
1356 3004 1440 3070 18)
1463 3004 1556 3057 καὶ
1580 3004 1678 3074 τὴν
1723 3007 1960 3060 ὑπόστα-

377 3106 464 3143 σιν
494 3091 793 3164 εἰληφέναι.
843 3094 1014 3148 Τοῦτο
1072 3096 1128 3148 δὲ
1171 3095 1295 3148 οὒτε
1352 3098 1408 3149 ἐν
1440 3099 1550 3158 τοῖς
1587 3095 1726 3148 κατὰ
1759 3098 1954 3168 μέρος,

1550 387 1871 442 ΡΒίΕΡΑΒ.
1913 387 2162 444 EVANG.
2205 387 2333 443 LIB.
2369 387 2479 443 XV.

464 521 482 552 ι
533 503 686 555 Ἐπεὶ
717 503 772 556 δὲ
797 503 904 573 (11)
961 504 1053 556 καὶ
1081 505 1246 574 ἄλλης
1280 505 1512 573 φύσεως,
1536 505 1617 557 δεῖ
1667 505 1848 575 ζητεῖν
1876 506 1960 569 τίς
1991 510 2037 567 Α

3500 386 3637 444 1571
3704 394 3706 396 ⁷

2143 526 2161 557 ι
2196 508 2260 561 At
2291 505 2644 577 quaerendum
2678 521 2884 574 porro,
2944 507 3226 576 cujusnam
3262 506 3484 562 alterius
3538 523 3636 560 na-

2071 607 2204 651 tura:
2235 595 2420 650 fuerit.
2455 595 2593 649 Num
2621 597 2784 665 igitur
2813 599 2886 651 ita
2916 598 3167 652 diversus
3196 614 3226 652 a
3258 614 3488 668 corpore
3510 609 3632 661 est,

2067 697 2127 742 ut
2165 696 2343 741 tamen
2377 686 2581 756 aliquid
2622 687 2716 750 sit,
2754 688 2898 756 quod
2935 688 3109 742 eidem
3136 690 3351 757 corpori
3399 689 3635 742 maxime

2064 778 2382 843 conveniat,
2438 776 2742 846 cujusmodi
2805 777 3086 832 harmonia
3136 779 3258 832 est?
3308 779 3446 832 Cum
3486 779 3632 833 enim

2066 867 2400 938 Pythagoras
2439 867 2598 938 longe
2642 867 2798 922 aliter
2825 869 2927 923 hoc
2978 868 3043 923 de
3096 869 3395 923 harmoniae
3439 883 3634 938 genere

2063 959 2383 1028 disputaret,
2406 959 2458 1013 id
2486 960 2573 1013 isti
2595 959 2734 1029 ejus,
2765 975 2886 1028 qua:
2915 961 2966 1013 in
2996 960 3190 1015 (idibus
3216 961 3284 1014 sit
3311 959 3633 1022 harmoniae,

2065 1050 2243 1104 simile
2298 1050 2430 1119 quid
2463 1065 2584 1104 esse
2632 1059 2977 1118 putaverunt.
3034 1049 3104 1105 Ut
3141 1051 3295 1105 enim-
3343 1052 3452 1114 hic,
3503 1051 3632 1104 dum

2069 1142 2204 1196 fides
2279 1143 2685 1208 intenduntur,
2759 1143 3006 1210 quadam
3064 1143 3172 1198 illis
3247 1144 3455 1198 accedit
3508 1143 3636 1196 aﬂ‘e—

2063 1231 2208 1297 ctio,
2269 1247 2434 1300 quam
2512 1228 2853 1288 harmoniam
2927 1248 3186 1288 vocamus
3240 1251 3255 1288 :
3305 1234 3381 1287 ita
3432 1233 3634 1303 plane,

2061 1340 2184 1380 cum
2251 1327 2388 1380 inter
2441 1343 2560 1383 sese
2619 1339 2811 1383 mutuo
2858 1327 3179 1382 dissidentia
3224 1335 3630 1396 temperantur,

2059 1417 2224 1487 835
2260 1427 2462 1472 certam
2498 1419 2638 1474 hanc
2669 1423 2912 1490 corporis
2951 1431 3120 1475 nostri
3144 1413 3632 1488 ‘temperationem,

2061 1509 2224 1561 vitam
2255 1509 2418 1563 simul
2441 1518 2496 1563 et
2531 1511 2770 1564 animam
2801 1510 3029 1576 efﬁcere,
3062 1525 3183 1580 qua:
3212 1508 3357 1563 aliud
3386 1509 3521 1562 nihil
3542 1509 3632 1573 sit,

2060 1615 2228 1668 quam
2267 1601 2356 1654 illa
2383 1617 2448 1654 ex
2479 1602 2870 1671 temperatione
2896 1602 3139 1672 profecta
3165 1602 3456 1672 singularis
3485 1615 3635 1671 qure-

2060 1690 2184 1744 dam
2229 1701 2282 1745 et
2325 1693 2618 1762 peculiaris
2663 1694 2895 1750 aﬂ‘ectio.
2960 1693 3156 1749 Verum
3191 1694 3452 1749 adversus
3491 1694 3638 1750 hanc

2062 1783 2372 1851 opinionem
2417 1792 2676 1854 tanquam
2709 1787 2858 1840 omni
2905 1786 3286 1856 probabilitate
3331 1793 3632 1852 carentem,

2061 1875 2232 1928 multa
2265 1890 2482 1945 quoque
2507 1878 2783 1948 disputata
2811 1879 2926 1948 jam
2964 1886 3110 1934 sunt.
3159 1878 3468 1948 Principio,
3509 1877 3632 1932 ani-

2061 1982 2206 2020 mam
2237 1968 2392 2035 prius
2417 1983 2540 2024 esse
2572 1971 2798 2038 aliquid,
2829 1971 3280 2039 harmoniamque
3312 1969 3585 2039 posterius
3616 1985 3632 2022 :

2060 2056 2257 2112 deinde
2285 2058 2529 2112 animum
2559 2075 2669 2112 non
2700 2059 2914 2130 corpori
2941 2074 3175 2131 praeesse
3199 2067 3408 2114 tantum
3432 2073 3496 2112 ac
3517 2071 3641 2110 mo-

2060 2148 2262 2214 derari,
2300 2150 2396 2204 sed
2437 2151 2598 2204 etiam
2631 2167 2754 2206 cum
2788 2167 2854 2206 eo
2891 2167 3138 2222 pugnare
3163 2166 3304 2220 saepe
3325 2190 3340 2216 ,
3375 2149 3520 2219 quod
3550 2149 3634 2202 fa-

2061 2248 2214 2292 ctura
2245 2255 2522 2309 nunquam
2557 2252 2721 2306 esset,
2754 2243 2799 2296 si
2828 2251 2972 2296 esset
3004 2243 3289 2296 harmonia
3321 2260 3334 2296 :
3364 2248 3502 2305 tum,
3523 2241 3639 2294 ani-

2060 2348 2204 2385 mam
2235 2347 2355 2386 esse
2387 2335 2748 2388 substantiam
2770 2375 2784 2395 ,
2825 2335 3004 2402 qualis
3038 2333 3325 2387 harmonia
3359 2347 3467 2386 non
3510 2333 3583 2386 sit
3617 2349 3640 2386 τ

2061 2424 2127 2476 ad
2160 2424 2294 2489 haec,
2318 2424 2465 2477 illam
2498 2425 2672 2493 ipsam
2706 2441 3024 2494 corporum,
3054 2440 3117 2478 ex
3158 2423 3362 2494 quibus
3388 2423 3633 2477 concreti

2062 2533 2276 2580 sumus,
2304 2527 2504 2573 rectam
2539 2519 2850 2589 justamque
2880 2519 3348 2588 temperationem,
3373 2517 3641 2571 valetudi—

2061 2609 2149 2663 nis
2199 2610 2379 2678 potius
2421 2610 2780 2680 integritatem
2811 2626 2934 2666 esse
2962 2630 2975 2665 :
3009 2612 3140 2676 imo,
3166 2609 3409 2679 partibus
3438 2608 3492 2662 in
3522 2609 3637 2664 sin--

2059 2702 2223 2773 gulis,
2252 2702 2468 2757 diversa
2496 2703 2730 2771 quadam
2770 2704 2980 2757 ratione
3009 2702 3341 2771 temperatis,
3392 2701 3632 2756 animam

2059 2807 2278 2861 quoque
2301 2793 2595 2856 diversam,
2620 2795 2950 2863 proindeque
2977 2793 3159 2862 plures
3183 2808 3294 2846 uno
3324 2793 3378 2845 in
3405 2807 3634 2860 corpore

2060 2881 2273 2936 futuras
2306 2898 2427 2938 esse
2465 2901 2478 2937 :
2511 2892 2806 2952 postremo,
2833 2883 2976 2952 quod
3011 2883 3114 2937 hoc
3145 2883 3202 2935 in
3231 2895 3428 2952 genere
3459 2881 3634 2950 potis-

2060 2972 2260 3024 simum
2290 2983 2392 3036 est,
2422 2981 2546 3026 ante
2576 2973 2718 3027 hanc
2745 2974 2916 3042 ipsam
2944 2974 3206 3036 animam,
3241 2972 3403 3025 aliam
3453 2971 3635 3026 inesse

2058 3062 2348 3130 quamdam
2389 3072 2637 3132 oportere
2661 3104 2678 3129 ,
2717 3079 2838 3133 qua:
2877 3063 3222 3117 harmoniam
3265 3064 3411 3116 illam
3455 3061 3636 3116 elﬁce-

1984 3182 2026 3238 ρ
2059 3161 2173 3217 ret;
2202 3154 2416 3221 qualem
2441 3155 2662 3223 organis
2691 3170 2922 3224 pratesse
2949 3155 3221 3209 musicum
3248 3155 3521 3208 hominem
3552 3154 3636 3206 vi-

373 3180 500 3234 οὑτε
533 3184 588 3236 ὲν
627 3187 741 3247 τοῖς
769 3185 951 3250 ἄλλοις
997 3186 1107 3257 (19)
1141 3187 1367 3240 δυνατόν
1400 3186 1669 3256 γενέσθαι.
1701 3189 1812 3241 Οὑκ
1848 3189 1956 3260 ἄρα

374 3272 410 3314 Ἀ
449 3269 590 3314 dmv-in
625 3273 856 3314 rimimo!”
931 3296 948 3314 ι

2062 3180 2138 3206 [Cl
2161 3195 2173 3217 ,
2202 3180 2416 3221 quantum
2441 3180 2662 3223 UI‘SHIIIS
2692 3180 2922 3224 pl'wcssc
2949 3180 3221 3209 IIIUSICUIII
3249 3180 3521 3208 ιιυιιιιιιιςιιι
3556 3180 3636 3206 νι-

2064 3242 2276 3310 demus,
2293 3243 2386 3313 qui
2411 3244 2748 3299 harmoniam
2768 3245 2965 3300 tidihus
2982 3245 3259 3313 immittat,
3279 3257 3509 3314 eamque
3543 3259 3636 3299 ra-

374 3272 410 3340 ὴ
449 3269 591 3343 ψυχὴ
625 3273 880 3344 ἁρμονία.
929 3296 948 3327 ι

376 3363 581 3419 tionem
626 3382 790 3436 penes
831 3385 952 3424 sese
991 3371 1206 3438 habeat,
1243 3388 1350 3442 qua
1411 3373 1558 3428 illam
1610 3389 1827 3430 omnem
1873 3377 1976 3434 rite
2013 3381 2348 3436 moderetur.
2401 3381 2510 3438 Nec
2553 3385 2698 3437 enim
2729 3393 2836 3438 aut
2866 3384 3000 3440 ﬁdes
3043 3384 3156 3440 illic
3213 3399 3311 3454 per
3358 3399 3417 3440 se
3463 3383 3632 3454 ipsas,

375 3468 472 3514 aut
497 3476 726 3531 corpora
771 3463 861 3519 hic
893 3479 1015 3519 eam
1071 3467 1136 3520 ad
1181 3468 1521 3522 harmoniam
1551 3485 1610 3524 se
1647 3471 1764 3539 ipsa
1819 3473 2114 3540 perducere
2149 3492 2388 3545 unquam
2423 3489 2695 3546 poterunt.
2728 3478 3017 3544 Caeterum,
3063 3479 3144 3534 uti
3209 3480 3315 3534 hoc
3381 3480 3636 3533 universe

375 3553 611 3620 dicatur,
665 3555 994 3612 exinanimis
1045 3559 1134 3613 isti
1181 3560 1422 3614 animata
1475 3561 1836 3626 constituunt,
1865 3574 2028 3634 atque
2065 3582 2130 3621 ex
2167 3568 2486 3625 inordinatis
2537 3571 2788 3625 ordinata
2835 3587 2995 3626 suum
3045 3572 3190 3627 hunc
3236 3571 3482 3627 ordinem
3512 3587 3637 3641 pro-

376 3647 666 3718 priamque
692 3659 943 3704 naturam
996 3665 1125 3704 casu
1161 3652 1396 3720 quodam
1455 3653 1734 3723 accepisse
1794 3657 2004 3712 volunt.
2047 3657 2202 3725 Quod
2244 3669 2424 3717 tamen
2473 3677 2572 3718 nec
2613 3663 2845 3734 singulis
2881 3663 2936 3717 in
2988 3663 3264 3734 partibus,
3311 3679 3411 3720 nec
3442 3667 3550 3722 ullo
3578 3667 3633 3721 in

379 3752 492 3796 toto
544 3743 760 3798 evenire
811 3753 1006 3813 potest.
1063 3743 1182 3799 Non
1228 3755 1313 3800 est
1356 3746 1522 3817 igitur
1562 3749 1778 3805 animus
1819 3751 2124 3809 harmonia.
2166 3775 2186 3808 ›

448 3853 633 3908 Ταῦτα
696 3856 794 3927 μὲν
850 3855 957 3910 ἀπὸ
1013 3856 1122 3910 τῶν
1181 3858 1455 3912 Πλωτίνου
1523 3861 1659 3932 πρὸς
1706 3863 1803 3932 τὴν
1847 3863 1956 3917 τῶν

377 3945 629 4035 Στωῖκῶν
657 3948 787 4018 περὶ
803 3946 978 4018 ψυχῆς
1001 3948 1157 4014 δόξαν
1193 3951 1512 4035 σωματικὴν.
1535 3953 1704 4023 αὐτὴν
1731 3951 1968 4022 φασκόν-¹

377 4053 485 4090 των
516 4033 672 4092 εἶναι.
720 4038 858 4090 Ἀλλ’
899 4039 1021 4090 ἐπεὶ
1043 4040 1328 4110 αὐτάρκως
1367 4043 1434 4094 τά
1456 4033 1515 4094 τε
1544 4044 1680 4114 πρὸς
1721 4045 1961 4114 Ἀριστο-

377 4129 558 4200 τέλην,
594 4131 687 4184 καὶ
723 4131 814 4184 τὸν
854 4131 1178 4201 Περίπατον,
1206 4133 1272 4186 τά
1305 4150 1363 4185 τε
1397 4133 1537 4205 πρὸς
1581 4137 1681 4206 τὴν
1705 4137 1956 4192 Στωϊκῶν

379 4223 608 4293 αἵρεσιν,
636 4223 712 4286 ὡς
755 4225 816 4278 ὲν,
869 4225 1102 4294 ἐπιτομῇ
1153 4225 1575 4295 παρατέθειμαι·
1637 4226 1754 4298 ὥρα
1797 4229 1956 4283 πάλιν

381 4313 789 4379 ἐπανελθόντας,
826 4313 937 4368 τῶν
979 4315 1242 4384 γενναίων
1298 4316 1600 4386 φιλοσόφων
1636 4318 1771 4387 ὁμοῦ
1819 4320 1955 4373 πάν-

379 4421 487 4461 των
535 4403 634 4468 τὰς
678 4404 994 4476 θαυμαστὰς
1051 4405 1443 4476 ἐπισκέψασθαι
1489 4406 1812 4476 φιλολογίας·
1874 4412 1954 4464 ὃτι

384 4495 619 4565 μάλιστα
643 4495 836 4560 κοινῶς
855 4498 1054 4560 πάντες
1074 4497 1329 4565 Ἕλληνες
1349 4497 1504 4562 θεοὺς
1521 4501 1766 4569 ὁρατοὺς,
1785 4500 1952 4570 ἥλιον,

2129 3847 2308 3918 Atque
2365 3849 2632 3907 hactenus
2681 3866 2747 3908 ex
2818 3850 3034 3906 Plotino
3078 3861 3267 3906 contra
3325 3850 3632 3908 Stoicorum

2060 3940 2126 3996 de
2159 3944 2346 3996 animo
2374 3945 2718 4010 sententiam,
2745 3945 2839 4014 qui
2865 3959 3188 4015 corporeum
3217 3945 3369 3998 illum
3398 3961 3519 4000 esse
3545 3947 3631 4000 di-

2060 4044 2266 4090 cerent.
2312 4034 2418 4090 Sed
2443 4024 2702 4105 quoniam
2744 4038 3007 4092 adversus
3028 4037 3394 4103 Aristotelem,
3420 4035 3634 4106 Peripa-

2061 4127 2254 4182 teticos
2295 4141 2520 4194 omnes,
2557 4127 2980 4198 Stoicorumque
3019 4137 3260 4195 sectam,
3308 4130 3634 4197 compendio

2062 4217 2211 4280 licet,
2248 4226 2333 4272 sat
2363 4218 2533 4271 multa
2567 4219 2898 4287 protulimus
2933 4236 2948 4273 :
2985 4227 3234 4288 superest
3265 4218 3341 4272 uti
3367 4218 3434 4272 ad
3467 4227 3634 4288 caput

2063 4310 2242 4364 denuo
2280 4317 2635 4376 revertentes,
2681 4310 2926 4380 egregias
2956 4309 3077 4364 illas
3105 4309 3477 4380 praestantium
3511 4311 3635 4380 phi-

2062 4401 2414 4470 l050phorum
2445 4400 2611 4455 simul
2649 4401 2893 4456 omnium
2940 4401 3424 4456 commentationes
3449 4403 3633 4456 vidca-

2062 4513 2185 4551 mus
2218 4514 2233 4551 :
2271 4512 2394 4552 cum
2428 4505 2482 4551 et
2513 4496 2685 4552 Graeci
2711 4497 2872 4566 plane
2904 4495 3166 4560 universi,
3203 4495 3392 4561 solem,
3420 4496 3628 4557 lunam,

381 4589 478 4640 καὶ
509 4588 757 4659 σελήνην,
787 4589 882 4642 καὶ
913 4591 1039 4652 τοὺς
1071 4589 1292 4652 λοιποὺς
1337 4590 1594 4662 ἀστέρας,
1621 4592 1690 4644 τά
1723 4609 1783 4644 τε
1809 4569 1956 4646 Ῠὰλλα

2059 4599 2362 4658 ceteraque
2412 4589 2614 4654 sidera,
2650 4597 2940 4657 partesque
2983 4587 3173 4642 mundi
3203 4586 3473 4655 reliquas,
3508 4600 3630 4655 qua:

385 4680 525 4751 μέρη
555 4680 651 4733 τοῦ
673 4681 878 4750 κόσμου
924 4681 1198 4752 ήγήσαντό
1247 4697 1309 4733 τε
1357 4681 1449 4734 καὶ
1487 4681 1812 4752 ὲσέςρθησαν·
1865 4685 1958 4736 καὶ

381 4771 482 4834 τάς
506 4787 569 4839 γε
606 4771 837 4842 μυθικὰς
863 4773 955 4825 καὶ
985 4772 1246 4843 ληρώδεις
1270 4772 1448 4826 αὑτῶν
1476 4775 1604 4846 περὶ
1647 4775 1744 4845 τῆς
1803 4775 1958 4827 πολυ-

457 4925 567 4997 (ιι)
612 4925 767 4999 ἐςτει
811 4924 916 4999 δέ.Δ
943 4926 1120 4999 Ambo
1142 4926 1484 4999 mss._Regii,
1507 4927 1650 4999 fiant
1705 4928 1761 4981 δὲ
1791 4929 1959 4999 ἄλλης

386 4995 618 5066 φύσεως.
653 4995 837 5051 Reme.
884 4995 1036 5062 Quod
1083 4997 1126 5051 si
1177 4997 1297 5049 ὲπεί
1333 4997 1669 5062 retinebitur,
1713 4995 1958 5054 sumetur

384 5065 484 5136 pro
515 5065 725 5129 ἔπειτα,
754 5075 814 5120 ιιι
859 5083 1024 5136 supra
1058 5068 1112 5120 in
1161 5066 1386 5122 Platone
1433 5077 1485 5121 et
1529 5066 1822 5122 Plutarcho
1872 5085 1957 5124 me

387 5137 676 5208 observare
723 5138 988 5208 memini;
1034 5146 1268 5208 tuncque
1312 5139 1598 5208 legendum
1633 5139 1755 5202 erit,
1803 5139 1957 5192 Ἐπεὶ

387 5205 443 5259 δὲ
473 5205 638 5276 ἄλλης
666 5205 881 5274 φύσεως
920 5208 1068 5330 πέρι,
1113 5205 1212 5272 δεῖ,
1243 5205 1389 5268 etc.,'
1418 5209 1518 5260 nisi
1570 5218 1747 5261 tamen
1781 5208 1832 5261 in
1864 5211 1957 5264 illo

387 5276 638 5330 aianendi
663 5292 814 5330 casu.
840 5277 922 5330 vel
950 5295 982 5330 γ
1027 5293 1129 5330 ριν.
1157 5279 1241 5330 vel
1271 5278 1435 5330 ἕνεκα
1455 5279 1732 5330 subaudiri
1758 5279 1952 5330 nlacet.

387 5276 638 5348 gignendi
663 5292 815 5348 casu,
840 5277 922 5348 vel
950 5276 1129 5348 χάριν,
1157 5279 1241 5331 vel
1271 5278 1435 5331 ἕνεκα
1455 5279 1732 5331 subaudiri
1758 5279 1952 5346 placet.

460 5345 570 5467 (12)
601 5345 722 5398 Ὀτι
756 5344 825 5427 δέ
851 5344 1169 5399 ἀδύνατον.
1209 5350 1463 5434 liamdem
1499 5344 1836 5428 harmoniam
1873 5365 1957 5402 re-

485 5423 581 5467 unt
609 5413 764 5467 Plato
798 5433 851 5467 m
883 5415 1167 5467 Pha’doue.
1195 5417 1318 5467 388.
1342 5417 1464 5467 390.
1486 5417 1608 5467 59L
1639 5420 1956 5467 Aristoteles

387 5412 581 5469 fellunt
609 5413 764 5469 Plato
798 5417 851 5469 in
883 5415 1167 5477 Pha'doue.
1195 5417 1318 5480 588,
1342 5417 1464 5481 590,
1486 5417 1608 5473 591.
1639 5419 1956 5473 Aristoteles

389 5483 484 5540 lib.
521 5499 538 5538 ι
568 5483 643 5539 De
672 5485 872 5551 anima,
900 5501 1020 5555 cap.
1059 5487 1111 5540 4.
1149 5487 1346 5540 Plotini
1379 5487 1638 5550 rationes,
1670 5487 1712 5541 si
1745 5497 1954 5556 postre-

389 5569 533 5626 mam
563 5557 821 5624 excipias,
852 5558 1052 5609 eaedem
1081 5555 1190 5610 fere
1213 5572 1335 5626 cum
1366 5556 1677 5623 Platonicis,
1714 5555 1806 5612 sed
1840 5560 1954 5612 hrc-

387 5625 510 5677 vius
537 5628 887 5692 pressiusque
919 5627 1172 5680 collectae.

462 5694 574 5826 213)
613 5696 797 5763 Ὑγεία
826 5695 902 5748 ἂν
939 5697 1050 5760 εἴη.
1102 5697 1416 5750 Aristoteles
1451 5698 1569 5751 loco
1598 5699 1783 5760 citato,
1826 5698 1946 5767 Ἀρ-

498 5781 546 5815 ει
595 5764 649 5816 δὲ
695 5765 893 5826 μᾶλλον
924 5766 1044 5818 καθ’
1073 5767 1279 5826 ὑγιείας
1321 5766 1495 5826 λέγειν
1530 5767 1826 5826 ἁρμονίαν,
1863 5768 1946 5819 καὶ

433 5763 563 5826 όςει
593 5764 649 5836 δὲ
695 5765 893 5834 μᾶλλον
924 5766 1044 5818 καθ’
1073 5767 1279 5832 ὑγιείας
1321 5766 1495 5834 λέγειν
1530 5767 1826 5836 ἁρμονίαν,
1863 5763 1954 5819 καὶ

409 5832 524 5897 tim:
550 5833 657 5887 τῶν
687 5832 1010 5906 σωματικῶν
1036 5836 1241 5909 ἀρετῶν
1274 5837 1306 5905 ἢ
1345 5832 1482 5891 κατά
1510 5832 1704 5906 445271;-

2058 4683 2178 4737 visu
2211 4683 2330 4752 ipso
2370 4681 2739 4751 percipiantur
2760 4723 2774 4746 ,
2811 4681 3038 4735 deorum
3079 4680 3199 4735 loco
3230 4679 3518 4733 habuerint
3547 4686 3630 4732 at-

2057 4788 2163 4843 que
2191 4773 2462 4828 coluerint
2508 4790 2521 4826 :
2575 4781 2630 4826 et
2677 4772 2952 4827 fabulosas
2982 4787 3170 4826 eorum
3211 4771 3529 4840 ineptasque
3560 4768 3631 4823 de

2129 4926 2239 4998 (14)
2271 4928 2431 4982 Forlc
2455 4927 2516 4980 τὸ
2541 4927 2626 4998 δή.

2129 4992 2240 5065 (15)
2278 4999 2398 5064 Τὴν
2427 4992 2736 5066 ἀρμθῷυἰαν.
2775 4994 3020 5064 'l‘rajecta
3056 4995 3170 5066 haec
3194 5002 3348 5066 erant
3376 4992 3628 5066 indpriori

2056 5063 2312 5122 editio—ne.
2349 5063 2652 5136 [.egebatur
2683 5067 2826 5136 enim
2857 5063 2976 5128 ταῖς
3005 5064 3220 5136 χορδαῖς
3253 5063 3406 5131 λόγον
3436 5063 3627 5136 ἔχοντα

2056 5136 2152 5207 τὴν
2185 5134 2450 5210 ἁρμονίαν
2497 5139 2626 5208 παρ’
2658 5135 2827 5210 αὐτῷ..
2865 5136 3046 5205 Longe
3084 5135 3260 5203 aptior
3308 5149 3482 5188 nexus
3517 5134 3626 5199 ille,

2057 5208 2314 5278 quem‘ex
2343 5208 2576 5261 Montac.
2613 5208 2968 5278 restituimus.

2271 5279 2430 5356 [forte
2453 5279 2544 5356 τον
2565 5295 2633 5356 μ.
2669 5277 2754 5356 vel
2773 5276 2880 5356 τῶν
2906 5290 3060 5356 μουρδσΣ

2129 5342 2242 5419 (17)
2271 5349 2411 5416 Παρ’
2439 5342 2654 5410 αὐτῶν,
2676 5346 2811 5419 ,οὔτ’
2840 5342 3117 5400 ἐνταῦθα.
3149 5342 3274 5399 Haec
3304 5344 3466 5399 etiam
3499 5351 3626 5396 ante

2057 5417 2262 5472 hiantia
2295 5419 2524 5473 Montac.
2560 5417 2818 5484 implevit.

2127 5491 2237 5558 (18)
2278 5489 2395 5556 Τὴν
2428 5488 2620 5551 τάξιν,
2643 5483 2756 5558 etc.
2788 5483 3015 5558 Brevius
3041 5483 3624 5558 ac_mc_lius,_quam_nt

2056 5565 2109 5618 in
2137 5552 2381 5613 Montac.
2418 5561 2538 5612 cod.
2563 5598 2576 5616 ,
2622 5555 2715 5607 καὶ
2748 5555 2846 5624 τὴν
2875 5554 3027 5618 τάξιν
3070 5555 3168 5624 οὑκ
3205 5555 3268 5605 ὲκ
3296 5556 3395 5623 τῆς
3425 5552 3623 5621 ψυχῆς,

2055 5633 2169 5687 ἀλλ’
2216 5631 2386 5698 αὑτὴν
2431 5630 2496 5680 ἐκ
2541 5627 2640 5696 τῆς
2691 5623 2992 5694 αὐτομάτου
3039 5623 3242 5687 τάξεως
3287 5626 3384 5692 τὴν
3432 5624 3621 5675 ὑποστ.

2056 5704 2232 5771 εἰληφ.

2266 5769 2423 5823 Forte
2447 5767 2605 5830 ὅλοις.
