  <div class='ocr_page' id='page_1' title='image "/cluster/home/n/w/nwhite01/storage/ocr_20150623/21:no.3/coo.31924054873017/703.png"; bbox 0 0 4132 6472; ppageno 0'>
   <div class='ocr_carea' id='block_1_1' title="bbox 476 384 617 441">
    <p class='ocr_par' dir='ltr' id='par_1_1' title="bbox 476 384 617 441">
     <span class='ocr_line' id='line_1_1' title="bbox 476 384 617 441; baseline 0.007 -1"><span class='ocrx_word' id='word_1_1' title='bbox 476 384 617 441; x_wconf 75' lang='grc'><strong>1375</strong></span> 
     </span>
    </p>
   </div>
   <div class='ocr_carea' id='block_1_2' title="bbox 1109 386 3026 448">
    <p class='ocr_par' dir='ltr' id='par_1_2' title="bbox 1109 386 3026 448">
     <span class='ocr_line' id='line_1_2' title="bbox 1109 386 3026 448; baseline 0.002 -5"><span class='ocrx_word' id='word_1_2' title='bbox 1109 386 1381 443; x_wconf 85' lang='lat' dir='ltr'><strong>EUSEBII</strong></span> <span class='ocrx_word' id='word_1_3' title='bbox 1420 388 1907 446; x_wconf 69' lang='lat' dir='ltr'><strong>CASSARIENSIS</strong></span> <span class='ocrx_word' id='word_1_4' title='bbox 1939 388 2086 446; x_wconf 84' lang='lat' dir='ltr'><strong>OPP.</strong></span> <span class='ocrx_word' id='word_1_5' title='bbox 2130 392 2309 447; x_wconf 82' lang='lat' dir='ltr'><strong>PARS</strong></span> <span class='ocrx_word' id='word_1_6' title='bbox 2346 392 2407 447; x_wconf 90' lang='lat' dir='ltr'><strong>ll.</strong></span> <span class='ocrx_word' id='word_1_7' title='bbox 2435 425 2496 435; x_wconf 92' lang='lat'><strong>—</strong></span> <span class='ocrx_word' id='word_1_8' title='bbox 2532 390 3026 448; x_wconf 78' lang='lat' dir='ltr'><strong>APOLOGETICA.</strong></span> 
     </span>
    </p>
   </div>
   <div class='ocr_carea' id='block_1_3' title="bbox 3580 388 3721 445">
    <p class='ocr_par' dir='ltr' id='par_1_3' title="bbox 3580 388 3721 445">
     <span class='ocr_line' id='line_1_3' title="bbox 3580 388 3721 445; baseline 0.014 -3"><span class='ocrx_word' id='word_1_9' title='bbox 3580 388 3721 445; x_wconf 75' lang='grc'>1576</span> 
     </span>
    </p>
   </div>
   <div class='ocr_carea' id='block_1_4' title="bbox 470 502 2050 583">
    <p class='ocr_par' dir='ltr' id='par_1_4' title="bbox 470 502 2041 580">
     <span class='ocr_line' id='line_1_4' title="bbox 470 502 2041 580; baseline 0.008 -27"><span class='ocrx_word' id='word_1_10' title='bbox 470 517 610 555; x_wconf 84' lang='lat' dir='ltr'><strong>vana</strong></span> <span class='ocrx_word' id='word_1_11' title='bbox 643 502 924 557; x_wconf 90' lang='lat' dir='ltr'><strong>numinum</strong></span> <span class='ocrx_word' id='word_1_12' title='bbox 973 505 1321 560; x_wconf 73' lang='lat' dir='ltr'><strong>multitudine</strong></span> <span class='ocrx_word' id='word_1_13' title='bbox 1366 508 1743 571; x_wconf 76' lang='lat' dir='ltr'><strong>narrationes,</strong></span> <span class='ocrx_word' id='word_1_14' title='bbox 1776 511 2041 580; x_wconf 73' lang='lat' dir='ltr'><strong>speciosis</strong></span> 
     </span>
    </p>
   </div>
   <div class='ocr_carea' id='block_1_5' title="bbox 2156 502 3723 583">
    <p class='ocr_par' dir='ltr' id='par_1_5' title="bbox 2156 507 3723 583">
     <span class='ocr_line' id='line_1_5' title="bbox 2156 507 3723 583; baseline -0.003 -19"><span class='ocrx_word' id='word_1_15' title='bbox 2156 510 2273 565; x_wconf 79' lang='grc' dir='ltr'>θέου</span> <span class='ocrx_word' id='word_1_16' title='bbox 2309 512 2516 582; x_wconf 78' lang='grc' dir='ltr'><strong>πλάνης</strong></span> <span class='ocrx_word' id='word_1_17' title='bbox 2560 511 2866 583; x_wconf 78' lang='grc' dir='ltr'><strong>διηγήσεις,</strong></span> <span class='ocrx_word' id='word_1_18' title='bbox 2917 510 3270 580; x_wconf 83' lang='grc' dir='ltr'>σεμνοτέραις</span> <span class='ocrx_word' id='word_1_19' title='bbox 3324 508 3389 579; x_wconf 82' lang='grc' dir='ltr'>δὴ</span> <span class='ocrx_word' id='word_1_20' title='bbox 3435 507 3532 560; x_wconf 75' lang='grc' dir='ltr'><strong>καὶ</strong></span> <span class='ocrx_word' id='word_1_21' title='bbox 3561 524 3723 577; x_wconf 87' lang='grc' dir='ltr'>φυσι-</span> 
     </span>
    </p>
   </div>
   <div class='ocr_carea' id='block_1_6' title="bbox 472 593 2040 671">
    <p class='ocr_par' dir='ltr' id='par_1_6' title="bbox 472 593 2040 671">
     <span class='ocr_line' id='line_1_6' title="bbox 472 593 2040 671; baseline 0.006 -24"><span class='ocrx_word' id='word_1_22' title='bbox 472 594 564 647; x_wconf 90' lang='lat' dir='ltr'><strong>istl</strong></span> <span class='ocrx_word' id='word_1_23' title='bbox 606 593 1058 663; x_wconf 77' lang='lat' dir='ltr'><strong>explicationibus</strong></span> <span class='ocrx_word' id='word_1_24' title='bbox 1088 597 1152 649; x_wconf 89' lang='lat' dir='ltr'><strong>ad</strong></span> <span class='ocrx_word' id='word_1_25' title='bbox 1183 598 1446 653; x_wconf 85' lang='lat' dir='ltr'><strong>elementa</strong></span> <span class='ocrx_word' id='word_1_26' title='bbox 1492 609 1547 655; x_wconf 90' lang='lat' dir='ltr'><strong>et</strong></span> <span class='ocrx_word' id='word_1_27' title='bbox 1585 602 1690 655; x_wconf 87' lang='lat' dir='ltr'><strong>alia</strong></span> <span class='ocrx_word' id='word_1_28' title='bbox 1724 602 1889 671; x_wconf 88' lang='lat' dir='ltr'><strong>hujus</strong></span> <span class='ocrx_word' id='word_1_29' title='bbox 1918 604 2040 656; x_wconf 91' lang='lat' dir='ltr'><strong>uui-</strong></span> 
     </span>
    </p>
   </div>
   <div class='ocr_carea' id='block_1_7' title="bbox 471 684 2042 755">
    <p class='ocr_par' dir='ltr' id='par_1_7' title="bbox 471 684 2042 755">
     <span class='ocr_line' id='line_1_7' title="bbox 471 684 2042 755; baseline 0.006 -18"><span class='ocrx_word' id='word_1_30' title='bbox 471 684 614 738; x_wconf 84' lang='lat' dir='ltr'><strong>versi</strong></span> <span class='ocrx_word' id='word_1_31' title='bbox 645 685 886 739; x_wconf 88' lang='lat' dir='ltr'><strong>membra</strong></span> <span class='ocrx_word' id='word_1_32' title='bbox 929 688 1344 742; x_wconf 87' lang='lat' dir='ltr'><strong>transtulerunt.</strong></span> <span class='ocrx_word' id='word_1_33' title='bbox 1399 688 1581 755; x_wconf 85' lang='lat' dir='ltr'><strong>Quare</strong></span> <span class='ocrx_word' id='word_1_34' title='bbox 1608 692 1750 746; x_wconf 81' lang='lat' dir='ltr'><strong>factu</strong></span> <span class='ocrx_word' id='word_1_35' title='bbox 1783 692 1916 745; x_wconf 86' lang='lat' dir='ltr'><strong>mibi</strong></span> <span class='ocrx_word' id='word_1_36' title='bbox 1949 708 2042 747; x_wconf 93' lang='lat' dir='ltr'><strong>ne-</strong></span> 
     </span>
    </p>
   </div>
   <div class='ocr_carea' id='block_1_8' title="bbox 470 778 2043 848">
    <p class='ocr_par' dir='ltr' id='par_1_8' title="bbox 470 778 2043 848">
     <span class='ocr_line' id='line_1_8' title="bbox 470 778 2043 848; baseline 0.004 -18"><span class='ocrx_word' id='word_1_37' title='bbox 470 778 769 831; x_wconf 81' lang='lat' dir='ltr'><strong>cessarium</strong></span> <span class='ocrx_word' id='word_1_38' title='bbox 801 778 1047 844; x_wconf 88' lang='lat' dir='ltr'><strong>videtur,</strong></span> <span class='ocrx_word' id='word_1_39' title='bbox 1099 787 1161 833; x_wconf 90' lang='lat' dir='ltr'><strong>ut</strong></span> <span class='ocrx_word' id='word_1_40' title='bbox 1208 782 1451 848; x_wconf 88' lang='lat' dir='ltr'><strong>ipsorum</strong></span> <span class='ocrx_word' id='word_1_41' title='bbox 1484 782 1567 837; x_wconf 91' lang='lat' dir='ltr'><strong>his</strong></span> <span class='ocrx_word' id='word_1_42' title='bbox 1596 784 1760 837; x_wconf 87' lang='lat' dir='ltr'><strong>etiam</strong></span> <span class='ocrx_word' id='word_1_43' title='bbox 1787 785 1853 838; x_wconf 85' lang='lat' dir='ltr'><strong>de</strong></span> <span class='ocrx_word' id='word_1_44' title='bbox 1880 785 2043 838; x_wconf 85' lang='lat' dir='ltr'><strong>rebus</strong></span> 
     </span>
    </p>
   </div>
   <div class='ocr_carea' id='block_1_9' title="bbox 470 868 2045 943">
    <p class='ocr_par' dir='ltr' id='par_1_9' title="bbox 470 868 2045 943">
     <span class='ocr_line' id='line_1_9' title="bbox 470 868 2045 943; baseline 0.004 -20"><span class='ocrx_word' id='word_1_45' title='bbox 470 868 753 937; x_wconf 89' lang='lat' dir='ltr'><strong>opiniones</strong></span> <span class='ocrx_word' id='word_1_46' title='bbox 781 883 1165 940; x_wconf 85' lang='lat' dir='ltr'><strong>eongeramus,</strong></span> <span class='ocrx_word' id='word_1_47' title='bbox 1201 873 1477 943; x_wconf 86' lang='lat' dir='ltr'><strong>simulque</strong></span> <span class='ocrx_word' id='word_1_48' title='bbox 1506 875 1755 941; x_wconf 90' lang='lat' dir='ltr'><strong>dissidia,</strong></span> <span class='ocrx_word' id='word_1_49' title='bbox 1791 885 1848 929; x_wconf 90' lang='lat' dir='ltr'><strong>et</strong></span> <span class='ocrx_word' id='word_1_50' title='bbox 1889 891 2045 929; x_wconf 87' lang='lat' dir='ltr'><strong>arro-</strong></span> 
     </span>
    </p>
   </div>
   <div class='ocr_carea' id='block_1_10' title="bbox 472 962 2044 1037">
    <p class='ocr_par' dir='ltr' id='par_1_10' title="bbox 472 962 2044 1037">
     <span class='ocr_line' id='line_1_10' title="bbox 472 962 2044 1037; baseline 0.006 -24"><span class='ocrx_word' id='word_1_51' title='bbox 472 969 684 1029; x_wconf 86' lang='lat' dir='ltr'><strong>gantem</strong></span> <span class='ocrx_word' id='word_1_52' title='bbox 736 962 1019 1015; x_wconf 90' lang='lat' dir='ltr'><strong>hominum</strong></span> <span class='ocrx_word' id='word_1_53' title='bbox 1085 964 1377 1020; x_wconf 80' lang='lat' dir='ltr'><strong>vanitatem</strong></span> <span class='ocrx_word' id='word_1_54' title='bbox 1439 968 1662 1036; x_wconf 86' lang='lat' dir='ltr'><strong>propius</strong></span> <span class='ocrx_word' id='word_1_55' title='bbox 1709 969 2044 1037; x_wconf 84' lang='lat' dir='ltr'><strong>contemple-</strong></span> 
     </span>
    </p>
   </div>
   <div class='ocr_carea' id='block_1_11' title="bbox 472 1050 2043 1127">
    <p class='ocr_par' dir='ltr' id='par_1_11' title="bbox 472 1050 2043 1127">
     <span class='ocr_line' id='line_1_11' title="bbox 472 1050 2043 1127; baseline 0.006 -24"><span class='ocrx_word' id='word_1_56' title='bbox 472 1065 616 1105; x_wconf 87' lang='lat' dir='ltr'><strong>mur.</strong></span> <span class='ocrx_word' id='word_1_57' title='bbox 672 1050 840 1121; x_wconf 74' lang='lat'><strong>836</strong></span> <span class='ocrx_word' id='word_1_58' title='bbox 898 1052 1164 1107; x_wconf 69' lang='lat' dir='ltr'><strong>Caeterum</strong></span> <span class='ocrx_word' id='word_1_59' title='bbox 1215 1056 1316 1111; x_wconf 87' lang='lat' dir='ltr'><strong>ista</strong></span> <span class='ocrx_word' id='word_1_60' title='bbox 1363 1072 1581 1127; x_wconf 85' lang='lat' dir='ltr'><strong>quoque</strong></span> <span class='ocrx_word' id='word_1_61' title='bbox 1623 1074 1729 1112; x_wconf 93' lang='lat' dir='ltr'><strong>non</strong></span> <span class='ocrx_word' id='word_1_62' title='bbox 1784 1059 2043 1122; x_wconf 85' lang='lat' dir='ltr'><strong>aliunde,</strong></span> 
     </span>
    </p>
   </div>
   <div class='ocr_carea' id='block_1_12' title="bbox 472 1141 2048 1215">
    <p class='ocr_par' dir='ltr' id='par_1_12' title="bbox 472 1141 2048 1215">
     <span class='ocr_line' id='line_1_12' title="bbox 472 1141 2048 1215; baseline 0.008 -24"><span class='ocrx_word' id='word_1_63' title='bbox 472 1155 635 1208; x_wconf 81' lang='lat' dir='ltr'><strong>quam</strong></span> <span class='ocrx_word' id='word_1_64' title='bbox 662 1156 727 1195; x_wconf 74' lang='lat' dir='ltr'><strong>ex</strong></span> <span class='ocrx_word' id='word_1_65' title='bbox 752 1142 845 1195; x_wconf 93' lang='lat' dir='ltr'><strong>illo</strong></span> <span class='ocrx_word' id='word_1_66' title='bbox 876 1141 1153 1198; x_wconf 81' lang='lat' dir='ltr'><strong>Plutarchi</strong></span> <span class='ocrx_word' id='word_1_67' title='bbox 1185 1160 1347 1215; x_wconf 82' lang='lat' dir='ltr'><strong>Opere</strong></span> <span class='ocrx_word' id='word_1_68' title='bbox 1376 1148 1691 1204; x_wconf 82' lang='lat' dir='ltr'><strong>hauriemus</strong></span> <span class='ocrx_word' id='word_1_69' title='bbox 1710 1190 1726 1215; x_wconf 96' lang='lat'><strong>,</strong></span> <span class='ocrx_word' id='word_1_70' title='bbox 1768 1150 1858 1204; x_wconf 90' lang='lat' dir='ltr'><strong>ubi</strong></span> <span class='ocrx_word' id='word_1_71' title='bbox 1885 1150 2048 1204; x_wconf 80' lang='lat' dir='ltr'><strong>colle-</strong></span> 
     </span>
    </p>
   </div>
   <div class='ocr_carea' id='block_1_13' title="bbox 471 1233 2049 1307">
    <p class='ocr_par' dir='ltr' id='par_1_13' title="bbox 471 1233 2049 1307">
     <span class='ocr_line' id='line_1_13' title="bbox 471 1233 2049 1307; baseline 0.004 -19"><span class='ocrx_word' id='word_1_72' title='bbox 471 1242 591 1288; x_wconf 77' lang='lat' dir='ltr'><strong>etas</strong></span> <span class='ocrx_word' id='word_1_73' title='bbox 616 1233 768 1289; x_wconf 85' lang='lat' dir='ltr'><strong>hisce</strong></span> <span class='ocrx_word' id='word_1_74' title='bbox 792 1234 860 1289; x_wconf 92' lang='lat' dir='ltr'><strong>de</strong></span> <span class='ocrx_word' id='word_1_75' title='bbox 887 1235 1050 1292; x_wconf 85' lang='lat' dir='ltr'><strong>rebus</strong></span> <span class='ocrx_word' id='word_1_76' title='bbox 1073 1240 1446 1307; x_wconf 80' lang='lat' dir='ltr'><strong>antiquiorum</strong></span> <span class='ocrx_word' id='word_1_77' title='bbox 1496 1256 1605 1295; x_wconf 88' lang='lat' dir='ltr'><strong>una</strong></span> <span class='ocrx_word' id='word_1_78' title='bbox 1650 1242 2049 1296; x_wconf 86' lang='lat' dir='ltr'><strong>recentiorum-</strong></span> 
     </span>
    </p>
   </div>
   <div class='ocr_carea' id='block_1_14' title="bbox 472 1324 1689 1400">
    <p class='ocr_par' dir='ltr' id='par_1_14' title="bbox 472 1324 1689 1400">
     <span class='ocr_line' id='line_1_14' title="bbox 472 1324 1689 1400; baseline 0.01 -26"><span class='ocrx_word' id='word_1_79' title='bbox 472 1340 579 1396; x_wconf 88' lang='lat' dir='ltr'><strong>que</strong></span> <span class='ocrx_word' id='word_1_80' title='bbox 601 1324 902 1383; x_wconf 84' lang='lat' dir='ltr'><strong>sententias</strong></span> <span class='ocrx_word' id='word_1_81' title='bbox 933 1325 1080 1382; x_wconf 86' lang='lat' dir='ltr'><strong>hunc</strong></span> <span class='ocrx_word' id='word_1_82' title='bbox 1105 1328 1159 1382; x_wconf 92' lang='lat' dir='ltr'><strong>in</strong></span> <span class='ocrx_word' id='word_1_83' title='bbox 1193 1330 1417 1383; x_wconf 90' lang='lat' dir='ltr'><strong>modum</strong></span> <span class='ocrx_word' id='word_1_84' title='bbox 1447 1333 1689 1400; x_wconf 79' lang='lat' dir='ltr'><strong>exponit.</strong></span> 
     </span>
    </p>
   </div>
   <div class='ocr_carea' id='block_1_15' title="bbox 1033 1419 1490 1478">
    <p class='ocr_par' dir='ltr' id='par_1_15' title="bbox 1033 1419 1490 1478">
     <span class='ocr_line' id='line_1_15' title="bbox 1033 1419 1490 1478; baseline 0.009 -4"><span class='ocrx_word' id='word_1_85' title='bbox 1033 1419 1263 1475; x_wconf 77' lang='lat' dir='ltr'><strong>CAPUT</strong></span> <span class='ocrx_word' id='word_1_86' title='bbox 1296 1420 1490 1478; x_wconf 72' lang='lat' dir='ltr'>XXIII.</span> 
     </span>
    </p>
   </div>
   <div class='ocr_carea' id='block_1_16' title="bbox 545 1506 1975 1579">
    <p class='ocr_par' dir='ltr' id='par_1_16' title="bbox 545 1506 1975 1579">
     <span class='ocr_line' id='line_1_16' title="bbox 545 1506 1975 1579; baseline 0.008 -18"><span class='ocrx_word' id='word_1_87' title='bbox 545 1506 897 1563; x_wconf 73' lang='lat' dir='ltr'><strong>Naturalium</strong></span> <span class='ocrx_word' id='word_1_88' title='bbox 930 1510 1357 1579; x_wconf 75' lang='lat' dir='ltr'><strong>philosOphorum</strong></span> <span class='ocrx_word' id='word_1_89' title='bbox 1389 1516 1662 1570; x_wconf 68' lang='lat' dir='ltr'><strong>sententiae</strong></span> <span class='ocrx_word' id='word_1_90' title='bbox 1686 1556 1700 1578; x_wconf 92' lang='lat'><strong>,</strong></span> <span class='ocrx_word' id='word_1_91' title='bbox 1748 1516 1814 1569; x_wconf 85' lang='lat' dir='ltr'><strong>de</strong></span> <span class='ocrx_word' id='word_1_92' title='bbox 1847 1517 1975 1573; x_wconf 79' lang='lat' dir='ltr'><strong>sole.</strong></span> 
     </span>
    </p>
   </div>
   <div class='ocr_carea' id='block_1_17' title="bbox 547 1595 2052 1673">
    <p class='ocr_par' dir='ltr' id='par_1_17' title="bbox 547 1595 2052 1673">
     <span class='ocr_line' id='line_1_17' title="bbox 547 1595 2052 1673; baseline 0.005 -24"><span class='ocrx_word' id='word_1_93' title='bbox 547 1614 567 1649; x_wconf 71' lang='grc' dir='ltr'><strong>ι</strong></span> <span class='ocrx_word' id='word_1_94' title='bbox 602 1595 785 1651; x_wconf 88' lang='lat' dir='ltr'><strong>Solem</strong></span> <span class='ocrx_word' id='word_1_95' title='bbox 836 1599 1243 1654; x_wconf 80' lang='lat' dir='ltr'><strong>Anaximander</strong></span> <span class='ocrx_word' id='word_1_96' title='bbox 1285 1601 1551 1655; x_wconf 89' lang='lat' dir='ltr'><strong>circulum</strong></span> <span class='ocrx_word' id='word_1_97' title='bbox 1605 1618 1726 1657; x_wconf 90' lang='lat' dir='ltr'><strong>esse</strong></span> <span class='ocrx_word' id='word_1_98' title='bbox 1773 1603 1921 1669; x_wconf 86' lang='lat' dir='ltr'><strong>vult,</strong></span> <span class='ocrx_word' id='word_1_99' title='bbox 1957 1603 2052 1673; x_wconf 88' lang='lat' dir='ltr'><strong>qui</strong></span> 
     </span>
    </p>
   </div>
   <div class='ocr_carea' id='block_1_18' title="bbox 473 1689 2055 1763">
    <p class='ocr_par' dir='ltr' id='par_1_18' title="bbox 473 1689 2055 1763">
     <span class='ocr_line' id='line_1_18' title="bbox 473 1689 2055 1763; baseline 0.005 -23"><span class='ocrx_word' id='word_1_100' title='bbox 473 1694 632 1741; x_wconf 65' lang='lat' dir='ltr'><strong>terrae</strong></span> <span class='ocrx_word' id='word_1_101' title='bbox 678 1689 1106 1757; x_wconf 72' lang='lat' dir='ltr'><strong>magnitudinem</strong></span> <span class='ocrx_word' id='word_1_102' title='bbox 1163 1699 1287 1745; x_wconf 90' lang='lat' dir='ltr'><strong>octo</strong></span> <span class='ocrx_word' id='word_1_103' title='bbox 1330 1705 1396 1745; x_wconf 90' lang='lat' dir='ltr'><strong>ac</strong></span> <span class='ocrx_word' id='word_1_104' title='bbox 1448 1692 1637 1761; x_wconf 81' lang='lat' dir='ltr'><strong>viginti</strong></span> <span class='ocrx_word' id='word_1_105' title='bbox 1685 1692 1931 1763; x_wconf 89' lang='lat' dir='ltr'><strong>partibus</strong></span> <span class='ocrx_word' id='word_1_106' title='bbox 1961 1709 2055 1748; x_wconf 89' lang='lat' dir='ltr'><strong>su-</strong></span> 
     </span>
    </p>
   </div>
   <div class='ocr_carea' id='block_1_19' title="bbox 474 1778 2049 1853">
    <p class='ocr_par' dir='ltr' id='par_1_19' title="bbox 474 1778 2049 1853">
     <span class='ocr_line' id='line_1_19' title="bbox 474 1778 2049 1853; baseline 0.004 -22"><span class='ocrx_word' id='word_1_107' title='bbox 474 1784 645 1845; x_wconf 70' lang='lat' dir='ltr'><strong>peret,</strong></span> <span class='ocrx_word' id='word_1_108' title='bbox 682 1778 1011 1832; x_wconf 88' lang='lat' dir='ltr'><strong>instructum</strong></span> <span class='ocrx_word' id='word_1_109' title='bbox 1057 1779 1235 1835; x_wconf 88' lang='lat' dir='ltr'><strong>orbita</strong></span> <span class='ocrx_word' id='word_1_110' title='bbox 1270 1781 1405 1835; x_wconf 88' lang='lat' dir='ltr'><strong>rotis</strong></span> <span class='ocrx_word' id='word_1_111' title='bbox 1454 1798 1714 1837; x_wconf 89' lang='lat' dir='ltr'><strong>curruum</strong></span> <span class='ocrx_word' id='word_1_112' title='bbox 1763 1784 2049 1853; x_wconf 89' lang='lat' dir='ltr'><strong>persimili,</strong></span> 
     </span>
    </p>
   </div>
   <div class='ocr_carea' id='block_1_20' title="bbox 2143 599 3724 672">
    <p class='ocr_par' dir='ltr' id='par_1_20' title="bbox 2143 599 3724 672">
     <span class='ocr_line' id='line_1_20' title="bbox 2143 599 3724 672; baseline -0.003 -16"><span class='ocrx_word' id='word_1_113' title='bbox 2143 606 2265 667; x_wconf 85' lang='grc' dir='ltr'>καῖς</span> <span class='ocrx_word' id='word_1_114' title='bbox 2296 604 2612 656; x_wconf 84' lang='grc' dir='ltr'>ἀποδόσεσιν</span> <span class='ocrx_word' id='word_1_115' title='bbox 2650 604 2744 655; x_wconf 77' lang='grc' dir='ltr'><strong>ἐπὶ</strong></span> <span class='ocrx_word' id='word_1_116' title='bbox 2770 601 2837 655; x_wconf 88' lang='grc' dir='ltr'><strong>τά</strong></span> <span class='ocrx_word' id='word_1_117' title='bbox 2880 604 3116 672; x_wconf 83' lang='grc' dir='ltr'>στοιχεῖα</span> <span class='ocrx_word' id='word_1_118' title='bbox 3153 601 3247 654; x_wconf 81' lang='grc' dir='ltr'>καὶ</span> <span class='ocrx_word' id='word_1_119' title='bbox 3276 600 3347 653; x_wconf 87' lang='grc' dir='ltr'><strong>τά</strong></span> <span class='ocrx_word' id='word_1_120' title='bbox 3377 599 3470 652; x_wconf 88' lang='grc' dir='ltr'><strong>τοῦ</strong></span> <span class='ocrx_word' id='word_1_121' title='bbox 3521 599 3724 663; x_wconf 81' lang='grc' dir='ltr'>παντὸς</span> 
     </span>
    </p>
   </div>
   <div class='ocr_carea' id='block_1_21' title="bbox 2143 686 3724 765">
    <p class='ocr_par' dir='ltr' id='par_1_21' title="bbox 2143 686 3724 765">
     <span class='ocr_line' id='line_1_21' title="bbox 2143 686 3724 765; baseline -0.003 -18"><span class='ocrx_word' id='word_1_122' title='bbox 2143 693 2344 763; x_wconf 85' lang='grc' dir='ltr'>κόσμου</span> <span class='ocrx_word' id='word_1_123' title='bbox 2378 695 2537 765; x_wconf 90' lang='grc' dir='ltr'>μόρια</span> <span class='ocrx_word' id='word_1_124' title='bbox 2572 694 2975 765; x_wconf 82' lang='grc' dir='ltr'>μετενηνόχασι.</span> <span class='ocrx_word' id='word_1_125' title='bbox 3003 693 3092 745; x_wconf 88' lang='grc' dir='ltr'>Διό</span> <span class='ocrx_word' id='word_1_126' title='bbox 3124 710 3211 763; x_wconf 91' lang='grc' dir='ltr'><strong>μοι</strong></span> <span class='ocrx_word' id='word_1_127' title='bbox 3244 692 3535 760; x_wconf 85' lang='grc' dir='ltr'>ἀναγκαῖον</span> <span class='ocrx_word' id='word_1_128' title='bbox 3583 686 3724 743; x_wconf 77' lang='grc' dir='ltr'>εἶναι</span> 
     </span>
    </p>
   </div>
   <div class='ocr_carea' id='block_1_22' title="bbox 2143 781 3721 855">
    <p class='ocr_par' dir='ltr' id='par_1_22' title="bbox 2143 781 3721 855">
     <span class='ocr_line' id='line_1_22' title="bbox 2143 781 3721 855; baseline -0.003 -19"><span class='ocrx_word' id='word_1_129' title='bbox 2143 784 2410 837; x_wconf 78' lang='grc' dir='ltr'>δοκεῖκαὶ</span> <span class='ocrx_word' id='word_1_130' title='bbox 2443 784 2541 849; x_wconf 77' lang='grc' dir='ltr'><strong>τὰς</strong></span> <span class='ocrx_word' id='word_1_131' title='bbox 2578 784 2707 855; x_wconf 77' lang='grc' dir='ltr'>περὶ</span> <span class='ocrx_word' id='word_1_132' title='bbox 2760 783 2926 837; x_wconf 84' lang='grc' dir='ltr'>τῶνδε</span> <span class='ocrx_word' id='word_1_133' title='bbox 2977 781 3137 847; x_wconf 81' lang='grc' dir='ltr'>δόξας</span> <span class='ocrx_word' id='word_1_134' title='bbox 3184 782 3321 853; x_wconf 86' lang='grc' dir='ltr'>ὁμοῦ</span> <span class='ocrx_word' id='word_1_135' title='bbox 3374 782 3721 849; x_wconf 79' lang='grc' dir='ltr'><strong>συναγαγεῖν,</strong></span> 
     </span>
    </p>
   </div>
   <div class='ocr_carea' id='block_1_23' title="bbox 2145 872 3725 942">
    <p class='ocr_par' dir='ltr' id='par_1_23' title="bbox 2145 872 3725 942">
     <span class='ocr_line' id='line_1_23' title="bbox 2145 872 3725 942; baseline -0.001 -14"><span class='ocrx_word' id='word_1_136' title='bbox 2145 877 2244 938; x_wconf 83' lang='grc' dir='ltr'>τάς</span> <span class='ocrx_word' id='word_1_137' title='bbox 2268 893 2326 928; x_wconf 90' lang='grc' dir='ltr'><strong>τε</strong></span> <span class='ocrx_word' id='word_1_138' title='bbox 2349 875 2657 939; x_wconf 76' lang='grc' dir='ltr'><strong>διαστάσεις</strong></span> <span class='ocrx_word' id='word_1_139' title='bbox 2687 875 2887 939; x_wconf 76' lang='grc' dir='ltr'>αὐτῶν,</span> <span class='ocrx_word' id='word_1_140' title='bbox 2918 875 3012 927; x_wconf 79' lang='grc' dir='ltr'><strong>καὶ</strong></span> <span class='ocrx_word' id='word_1_141' title='bbox 3051 874 3145 928; x_wconf 88' lang='grc' dir='ltr'><strong>τοῦ</strong></span> <span class='ocrx_word' id='word_1_142' title='bbox 3197 873 3368 941; x_wconf 81' lang='grc' dir='ltr'>τύφου</span> <span class='ocrx_word' id='word_1_143' title='bbox 3392 873 3454 926; x_wconf 86' lang='grc' dir='ltr'><strong>τὺ</strong></span> <span class='ocrx_word' id='word_1_144' title='bbox 3495 872 3725 942; x_wconf 84' lang='grc' dir='ltr'>μάταιον</span> 
     </span>
    </p>
   </div>
   <div class='ocr_carea' id='block_1_24' title="bbox 2147 963 3727 1038">
    <p class='ocr_par' dir='ltr' id='par_1_24' title="bbox 2147 963 3727 1038">
     <span class='ocr_line' id='line_1_24' title="bbox 2147 963 3727 1038; baseline -0.003 -16"><span class='ocrx_word' id='word_1_145' title='bbox 2147 966 2588 1038; x_wconf 81' lang='grc' dir='ltr'>ὲπιθεωρεῖσθαι.</span> <span class='ocrx_word' id='word_1_146' title='bbox 2626 966 2703 1037; x_wconf 87' lang='grc' dir='ltr'>Θή</span> <span class='ocrx_word' id='word_1_147' title='bbox 2712 984 2789 1020; x_wconf 89' lang='grc' dir='ltr'><strong>σω</strong></span> <span class='ocrx_word' id='word_1_148' title='bbox 2816 968 2874 1020; x_wconf 81' lang='grc' dir='ltr'>δὲ</span> <span class='ocrx_word' id='word_1_149' title='bbox 2902 969 2996 1020; x_wconf 76' lang='grc' dir='ltr'>καὶ</span> <span class='ocrx_word' id='word_1_150' title='bbox 3016 966 3186 1020; x_wconf 84' lang='grc' dir='ltr'>ταῦτα</span> <span class='ocrx_word' id='word_1_151' title='bbox 3206 966 3315 1019; x_wconf 83' lang='grc' dir='ltr'>ἀπὸ</span> <span class='ocrx_word' id='word_1_152' title='bbox 3333 964 3436 1035; x_wconf 85' lang='grc' dir='ltr'>τῆς</span> <span class='ocrx_word' id='word_1_153' title='bbox 3454 963 3727 1035; x_wconf 80' lang='grc' dir='ltr'>Πλουτάρ-</span> 
     </span>
    </p>
   </div>
   <div class='ocr_carea' id='block_1_25' title="bbox 2144 1053 3723 1133">
    <p class='ocr_par' dir='ltr' id='par_1_25' title="bbox 2144 1053 3723 1133">
     <span class='ocr_line' id='line_1_25' title="bbox 2144 1053 3723 1133; baseline -0.004 -19"><span class='ocrx_word' id='word_1_154' title='bbox 2144 1077 2242 1131; x_wconf 89' lang='grc' dir='ltr'>χου</span> <span class='ocrx_word' id='word_1_155' title='bbox 2265 1060 2499 1131; x_wconf 82' lang='grc' dir='ltr'>γραφῆς,</span> <span class='ocrx_word' id='word_1_156' title='bbox 2555 1061 2612 1113; x_wconf 78' lang='grc' dir='ltr'>ἐν</span> <span class='ocrx_word' id='word_1_157' title='bbox 2660 1053 2717 1133; x_wconf 80' lang='grc' dir='ltr'>ᾖ,</span> <span class='ocrx_word' id='word_1_158' title='bbox 2751 1059 2849 1122; x_wconf 74' lang='grc' dir='ltr'><strong>τὰς</strong></span> <span class='ocrx_word' id='word_1_159' title='bbox 2899 1058 3030 1129; x_wconf 81' lang='grc' dir='ltr'>περὶ</span> <span class='ocrx_word' id='word_1_160' title='bbox 3080 1057 3283 1112; x_wconf 86' lang='grc' dir='ltr'>τούτων</span> <span class='ocrx_word' id='word_1_161' title='bbox 3325 1056 3459 1127; x_wconf 86' lang='grc' dir='ltr'>ὁμοῦ</span> <span class='ocrx_word' id='word_1_162' title='bbox 3506 1054 3616 1110; x_wconf 86' lang='grc' dir='ltr'><strong>τῶν</strong></span> <span class='ocrx_word' id='word_1_163' title='bbox 3661 1071 3723 1108; x_wconf 85' lang='grc' dir='ltr'><strong>τε</strong></span> 
     </span>
    </p>
   </div>
   <div class='ocr_carea' id='block_1_26' title="bbox 2147 1145 3726 1221">
    <p class='ocr_par' dir='ltr' id='par_1_26' title="bbox 2147 1145 3726 1221">
     <span class='ocr_line' id='line_1_26' title="bbox 2147 1145 3726 1221; baseline -0.004 -17"><span class='ocrx_word' id='word_1_164' title='bbox 2147 1151 2533 1221; x_wconf 75' lang='grc' dir='ltr'>πρεσϐυτέρων</span> <span class='ocrx_word' id='word_1_165' title='bbox 2597 1153 2694 1204; x_wconf 73' lang='grc' dir='ltr'><strong>καὶ</strong></span> <span class='ocrx_word' id='word_1_166' title='bbox 2740 1150 2876 1205; x_wconf 90' lang='grc' dir='ltr'>νέων</span> <span class='ocrx_word' id='word_1_167' title='bbox 2936 1150 3094 1215; x_wconf 80' lang='grc' dir='ltr'>δόξας</span> <span class='ocrx_word' id='word_1_168' title='bbox 3144 1148 3495 1216; x_wconf 87' lang='grc' dir='ltr'>συναγαγὼν,</span> <span class='ocrx_word' id='word_1_169' title='bbox 3532 1145 3726 1200; x_wconf 87' lang='grc' dir='ltr'>τοῦτον</span> 
     </span>
    </p>
   </div>
   <div class='ocr_carea' id='block_1_27' title="bbox 2146 1241 2699 1314">
    <p class='ocr_par' dir='ltr' id='par_1_27' title="bbox 2146 1241 2699 1314">
     <span class='ocr_line' id='line_1_27' title="bbox 2146 1241 2699 1314; baseline -0.004 -18"><span class='ocrx_word' id='word_1_170' title='bbox 2146 1241 2346 1313; x_wconf 87' lang='grc' dir='ltr'>γράφει</span> <span class='ocrx_word' id='word_1_171' title='bbox 2366 1241 2458 1294; x_wconf 85' lang='grc' dir='ltr'>τὸν</span> <span class='ocrx_word' id='word_1_172' title='bbox 2479 1241 2699 1314; x_wconf 83' lang='grc' dir='ltr'><strong>τρόπον.</strong></span> 
     </span>
    </p>
   </div>
   <div class='ocr_carea' id='block_1_28' title="bbox 2654 1434 3207 1489">
    <p class='ocr_par' dir='ltr' id='par_1_28' title="bbox 2654 1434 3207 1489">
     <span class='ocr_line' id='line_1_28' title="bbox 2654 1434 3207 1489; baseline -0.005 0"><span class='ocrx_word' id='word_1_173' title='bbox 2654 1435 3048 1489; x_wconf 78' lang='grc' dir='ltr'><strong>ΚΕΦΑΛΑΙΟΝ</strong></span> <span class='ocrx_word' id='word_1_174' title='bbox 3084 1434 3207 1487; x_wconf 80' lang='lat' dir='ltr'><strong>Kl&quot;.</strong></span> 
     </span>
    </p>
   </div>
   <div class='ocr_carea' id='block_1_29' title="bbox 2219 1523 3648 1598">
    <p class='ocr_par' dir='ltr' id='par_1_29' title="bbox 2219 1523 3648 1598">
     <span class='ocr_line' id='line_1_29' title="bbox 2219 1523 3648 1598; baseline -0.003 -16"><span class='ocrx_word' id='word_1_175' title='bbox 2219 1529 2393 1594; x_wconf 79' lang='grc' dir='ltr'>Δόξαι</span> <span class='ocrx_word' id='word_1_176' title='bbox 2432 1526 2551 1582; x_wconf 83' lang='grc' dir='ltr'><strong>τῶν</strong></span> <span class='ocrx_word' id='word_1_177' title='bbox 2584 1526 2857 1598; x_wconf 73' lang='grc' dir='ltr'>φυσικῶν</span> <span class='ocrx_word' id='word_1_178' title='bbox 2887 1529 3257 1596; x_wconf 66' lang='grc' dir='ltr'>φιλοσόφων,</span> <span class='ocrx_word' id='word_1_179' title='bbox 3293 1523 3426 1592; x_wconf 76' lang='grc' dir='ltr'>περὶ</span> <span class='ocrx_word' id='word_1_180' title='bbox 3451 1524 3648 1592; x_wconf 72' lang='grc' dir='ltr'>ἡλίου.</span> 
     </span>
    </p>
   </div>
   <div class='ocr_carea' id='block_1_30' title="bbox 2224 1615 3729 1695">
    <p class='ocr_par' dir='ltr' id='par_1_30' title="bbox 2224 1615 3729 1695">
     <span class='ocr_line' id='line_1_30' title="bbox 2224 1615 3729 1695; baseline -0.002 -21"><span class='ocrx_word' id='word_1_181' title='bbox 2224 1638 2246 1674; x_wconf 72' lang='grc' dir='ltr'><strong>ι</strong></span> <span class='ocrx_word' id='word_1_182' title='bbox 2268 1621 2686 1695; x_wconf 79' lang='grc' dir='ltr'><strong>Ἀναξίμανδρος</strong></span> <span class='ocrx_word' id='word_1_183' title='bbox 2717 1622 2849 1691; x_wconf 83' lang='lat'><strong>(20),</strong></span> <span class='ocrx_word' id='word_1_184' title='bbox 2877 1621 3073 1675; x_wconf 82' lang='grc' dir='ltr'><strong>κύκλον</strong></span> <span class='ocrx_word' id='word_1_185' title='bbox 3103 1615 3241 1674; x_wconf 75' lang='grc' dir='ltr'>εἶναι</span> <span class='ocrx_word' id='word_1_186' title='bbox 3265 1619 3729 1673; x_wconf 81' lang='grc' dir='ltr'>ὀκτωκαιεικοσα-</span> 
     </span>
    </p>
   </div>
   <div class='ocr_carea' id='block_1_31' title="bbox 2152 1702 3727 1784">
    <p class='ocr_par' dir='ltr' id='par_1_31' title="bbox 2152 1702 3727 1784">
     <span class='ocr_line' id='line_1_31' title="bbox 2152 1702 3727 1784; baseline -0.003 -18"><span class='ocrx_word' id='word_1_187' title='bbox 2152 1712 2415 1766; x_wconf 91' lang='grc' dir='ltr'>πλασίονα</span> <span class='ocrx_word' id='word_1_188' title='bbox 2437 1713 2538 1782; x_wconf 81' lang='grc' dir='ltr'>τῆς</span> <span class='ocrx_word' id='word_1_189' title='bbox 2558 1712 2680 1783; x_wconf 80' lang='grc' dir='ltr'>γῆς,</span> <span class='ocrx_word' id='word_1_190' title='bbox 2701 1712 2981 1784; x_wconf 80' lang='grc' dir='ltr'><strong>ἁρματείῳ</strong></span> <span class='ocrx_word' id='word_1_191' title='bbox 3007 1702 3185 1784; x_wconf 80' lang='grc' dir='ltr'>τροχῷ</span> <span class='ocrx_word' id='word_1_192' title='bbox 3207 1709 3591 1782; x_wconf 88' lang='grc' dir='ltr'>παραπλήσιον</span> <span class='ocrx_word' id='word_1_193' title='bbox 3622 1710 3727 1780; x_wconf 85' lang='grc' dir='ltr'>τὴν</span> 
     </span>
    </p>
   </div>
   <div class='ocr_carea' id='block_1_32' title="bbox 2155 1798 3726 1877">
    <p class='ocr_par' dir='ltr' id='par_1_32' title="bbox 2155 1798 3726 1877">
     <span class='ocr_line' id='line_1_32' title="bbox 2155 1798 3726 1877; baseline -0.003 -18"><span class='ocrx_word' id='word_1_194' title='bbox 2155 1806 2319 1875; x_wconf 76' lang='grc' dir='ltr'>ἁψῖδα</span> <span class='ocrx_word' id='word_1_195' title='bbox 2341 1805 2549 1876; x_wconf 76' lang='grc' dir='ltr'>ἔχοντα,</span> <span class='ocrx_word' id='word_1_196' title='bbox 2582 1804 2786 1876; x_wconf 75' lang='grc' dir='ltr'>κοίλην,</span> <span class='ocrx_word' id='word_1_197' title='bbox 2814 1805 2991 1877; x_wconf 83' lang='grc' dir='ltr'>πλήρη</span> <span class='ocrx_word' id='word_1_198' title='bbox 3017 1804 3207 1875; x_wconf 82' lang='grc' dir='ltr'>πυρὸς,</span> <span class='ocrx_word' id='word_1_199' title='bbox 3226 1798 3295 1874; x_wconf 81' lang='grc' dir='ltr'>ἧς</span> <span class='ocrx_word' id='word_1_200' title='bbox 3316 1803 3458 1857; x_wconf 83' lang='grc' dir='ltr'>κατά</span> <span class='ocrx_word' id='word_1_201' title='bbox 3476 1819 3530 1856; x_wconf 92' lang='grc' dir='ltr'>τι</span> <span class='ocrx_word' id='word_1_202' title='bbox 3558 1802 3726 1873; x_wconf 87' lang='grc' dir='ltr'>μέρος</span> 
     </span>
    </p>
   </div>
   <div class='ocr_carea' id='block_1_33' title="bbox 473 1855 2050 1968">
    <p class='ocr_par' dir='ltr' id='par_1_33' title="bbox 473 1867 2047 1947">
     <span class='ocr_line' id='line_1_33' title="bbox 473 1867 2047 1947; baseline 0.007 -25"><span class='ocrx_word' id='word_1_203' title='bbox 473 1867 566 1922; x_wconf 83' lang='lat' dir='ltr'><strong>sed</strong></span> <span class='ocrx_word' id='word_1_204' title='bbox 599 1882 732 1922; x_wconf 84' lang='lat' dir='ltr'><strong>cava</strong></span> <span class='ocrx_word' id='word_1_205' title='bbox 759 1878 961 1933; x_wconf 90' lang='lat' dir='ltr'><strong>tamen,</strong></span> <span class='ocrx_word' id='word_1_206' title='bbox 989 1870 1237 1941; x_wconf 77' lang='lat' dir='ltr'><strong>ignisque</strong></span> <span class='ocrx_word' id='word_1_207' title='bbox 1271 1872 1465 1941; x_wconf 86' lang='lat' dir='ltr'><strong>plena;</strong></span> <span class='ocrx_word' id='word_1_208' title='bbox 1494 1875 1588 1942; x_wconf 90' lang='lat' dir='ltr'><strong>qui</strong></span> <span class='ocrx_word' id='word_1_209' title='bbox 1616 1875 1835 1944; x_wconf 89' lang='lat' dir='ltr'><strong>quidem</strong></span> <span class='ocrx_word' id='word_1_210' title='bbox 1865 1877 2047 1947; x_wconf 87' lang='lat' dir='ltr'><strong>aliqua</strong></span> 
     </span>
    </p>
   </div>
   <div class='ocr_carea' id='block_1_34' title="bbox 2156 1855 3727 1968">
    <p class='ocr_par' dir='ltr' id='par_1_34' title="bbox 2156 1855 3727 1968">
     <span class='ocr_line' id='line_1_34' title="bbox 2156 1855 3727 1968; baseline -0.011 -17"><span class='ocrx_word' id='word_1_211' title='bbox 3235 1855 3424 1965; x_wconf 48' lang='grc' dir='ltr'>ὥσπερ</span> <span class='ocrx_word' id='word_1_212' title='bbox 3452 1893 3541 1947; x_wconf 80' lang='grc' dir='ltr'>διὰ</span> <span class='ocrx_word' id='word_1_213' title='bbox 3558 1855 3727 1964; x_wconf 42' lang='grc' dir='ltr'>,πρτμ</span> 
     </span>
    </p>
   </div>
   <div class='ocr_carea' id='block_1_35' title="bbox 472 1956 2047 2038">
    <p class='ocr_par' dir='ltr' id='par_1_35' title="bbox 472 1956 2047 2038">
     <span class='ocr_line' id='line_1_35' title="bbox 472 1956 2047 2038; baseline 0.008 -29"><span class='ocrx_word' id='word_1_214' title='bbox 472 1956 593 2026; x_wconf 79' lang='lat' dir='ltr'><strong>ejus</strong></span> <span class='ocrx_word' id='word_1_215' title='bbox 632 1973 698 2012; x_wconf 80' lang='lat' dir='ltr'><strong>ex</strong></span> <span class='ocrx_word' id='word_1_216' title='bbox 742 1968 895 2029; x_wconf 85' lang='lat' dir='ltr'><strong>parte</strong></span> <span class='ocrx_word' id='word_1_217' title='bbox 926 1977 1022 2031; x_wconf 88' lang='lat' dir='ltr'><strong>per</strong></span> <span class='ocrx_word' id='word_1_218' title='bbox 1043 1962 1330 2033; x_wconf 87' lang='lat' dir='ltr'><strong>angustius</strong></span> <span class='ocrx_word' id='word_1_219' title='bbox 1358 1965 1633 2029; x_wconf 90' lang='lat' dir='ltr'><strong>osculum,</strong></span> <span class='ocrx_word' id='word_1_220' title='bbox 1670 1968 1827 2036; x_wconf 89' lang='lat' dir='ltr'><strong>quasi</strong></span> <span class='ocrx_word' id='word_1_221' title='bbox 1861 1983 1955 2038; x_wconf 89' lang='lat' dir='ltr'><strong>per</strong></span> <span class='ocrx_word' id='word_1_222' title='bbox 1979 1968 2047 2022; x_wconf 82' lang='lat' dir='ltr'><strong>fi-</strong></span> 
     </span>
    </p>
   </div>
   <div class='ocr_carea' id='block_1_36' title="bbox 472 2048 2045 2123">
    <p class='ocr_par' dir='ltr' id='par_1_36' title="bbox 472 2048 2045 2123">
     <span class='ocr_line' id='line_1_36' title="bbox 472 2048 2045 2123; baseline 0.006 -20"><span class='ocrx_word' id='word_1_223' title='bbox 472 2049 629 2103; x_wconf 66' lang='lat' dir='ltr'><strong>stula:</strong></span> <span class='ocrx_word' id='word_1_224' title='bbox 660 2048 906 2105; x_wconf 91' lang='lat' dir='ltr'><strong>foramen</strong></span> <span class='ocrx_word' id='word_1_225' title='bbox 939 2052 1206 2120; x_wconf 87' lang='lat' dir='ltr'><strong>promicet</strong></span> <span class='ocrx_word' id='word_1_226' title='bbox 1253 2070 1265 2107; x_wconf 93' lang='lat'><strong>:</strong></span> <span class='ocrx_word' id='word_1_227' title='bbox 1321 2063 1487 2123; x_wconf 87' lang='lat' dir='ltr'><strong>atque</strong></span> <span class='ocrx_word' id='word_1_228' title='bbox 1522 2054 1668 2111; x_wconf 87' lang='lat' dir='ltr'><strong>hunc</strong></span> <span class='ocrx_word' id='word_1_229' title='bbox 1688 2071 1811 2112; x_wconf 89' lang='lat' dir='ltr'><strong>esse</strong></span> <span class='ocrx_word' id='word_1_230' title='bbox 1853 2058 2045 2114; x_wconf 88' lang='lat' dir='ltr'><strong>solem.</strong></span> 
     </span>
    </p>
   </div>
   <div class='ocr_carea' id='block_1_37' title="bbox 475 2139 2049 2221">
    <p class='ocr_par' dir='ltr' id='par_1_37' title="bbox 475 2139 2049 2221">
     <span class='ocr_line' id='line_1_37' title="bbox 475 2139 2049 2221; baseline 0.007 -26"><span class='ocrx_word' id='word_1_231' title='bbox 475 2139 874 2212; x_wconf 78' lang='lat' dir='ltr'><strong>Xenophanes,</strong></span> <span class='ocrx_word' id='word_1_232' title='bbox 923 2161 988 2199; x_wconf 82' lang='lat' dir='ltr'><strong>ex</strong></span> <span class='ocrx_word' id='word_1_233' title='bbox 1045 2148 1440 2204; x_wconf 82' lang='lat' dir='ltr'><strong>collucentibus</strong></span> <span class='ocrx_word' id='word_1_234' title='bbox 1472 2150 1798 2218; x_wconf 88' lang='lat' dir='ltr'><strong>quibusdam</strong></span> <span class='ocrx_word' id='word_1_235' title='bbox 1835 2152 2049 2221; x_wconf 81' lang='lat' dir='ltr'><strong>ignicu-</strong></span> 
     </span>
    </p>
   </div>
   <div class='ocr_carea' id='block_1_38' title="bbox 474 2234 2055 2307">
    <p class='ocr_par' dir='ltr' id='par_1_38' title="bbox 474 2234 2055 2307">
     <span class='ocr_line' id='line_1_38' title="bbox 474 2234 2055 2307; baseline 0.007 -19"><span class='ocrx_word' id='word_1_236' title='bbox 474 2234 564 2298; x_wconf 87' lang='lat' dir='ltr'><strong>lis,</strong></span> <span class='ocrx_word' id='word_1_237' title='bbox 606 2236 700 2305; x_wconf 91' lang='lat' dir='ltr'><strong>qui</strong></span> <span class='ocrx_word' id='word_1_238' title='bbox 767 2252 833 2291; x_wconf 75' lang='grc' dir='ltr'>οι</span> <span class='ocrx_word' id='word_1_239' title='bbox 884 2238 1108 2294; x_wconf 88' lang='lat' dir='ltr'><strong>humida</strong></span> <span class='ocrx_word' id='word_1_240' title='bbox 1161 2241 1508 2304; x_wconf 73' lang='lat' dir='ltr'><strong>exhalatione</strong></span> <span class='ocrx_word' id='word_1_241' title='bbox 1559 2252 1840 2307; x_wconf 86' lang='lat' dir='ltr'><strong>coeuntes.</strong></span> <span class='ocrx_word' id='word_1_242' title='bbox 1877 2246 2055 2299; x_wconf 63' lang='lat' dir='ltr'><strong>solem»</strong></span> 
     </span>
    </p>
   </div>
   <div class='ocr_carea' id='block_1_39' title="bbox 475 2324 2046 2393">
    <p class='ocr_par' dir='ltr' id='par_1_39' title="bbox 475 2324 2046 2393">
     <span class='ocr_line' id='line_1_39' title="bbox 475 2324 2046 2393; baseline 0.01 -16"><span class='ocrx_word' id='word_1_243' title='bbox 475 2324 650 2393; x_wconf 90' lang='lat' dir='ltr'><strong>ipsum</strong></span> <span class='ocrx_word' id='word_1_244' title='bbox 688 2325 1038 2382; x_wconf 78' lang='lat' dir='ltr'><strong>inﬂammatis</strong></span> <span class='ocrx_word' id='word_1_245' title='bbox 1068 2344 1136 2383; x_wconf 80' lang='lat' dir='ltr'><strong>ex</strong></span> <span class='ocrx_word' id='word_1_246' title='bbox 1181 2330 1421 2385; x_wconf 84' lang='lat' dir='ltr'><strong>nubibus</strong></span> <span class='ocrx_word' id='word_1_247' title='bbox 1462 2332 1749 2389; x_wconf 85' lang='lat' dir='ltr'><strong>collectum</strong></span> <span class='ocrx_word' id='word_1_248' title='bbox 1791 2335 2046 2392; x_wconf 79' lang='lat' dir='ltr'><strong>emciant.</strong></span> 
     </span>
    </p>
   </div>
   <div class='ocr_carea' id='block_1_40' title="bbox 475 2416 2050 2498">
    <p class='ocr_par' dir='ltr' id='par_1_40' title="bbox 475 2416 2050 2498">
     <span class='ocr_line' id='line_1_40' title="bbox 475 2416 2050 2498; baseline 0.008 -27"><span class='ocrx_word' id='word_1_249' title='bbox 475 2416 1009 2481; x_wconf 85' lang='lat' dir='ltr'><strong>Stoici,succensum</strong></span> <span class='ocrx_word' id='word_1_250' title='bbox 1045 2421 1248 2490; x_wconf 90' lang='lat' dir='ltr'><strong>aliquid</strong></span> <span class='ocrx_word' id='word_1_251' title='bbox 1276 2437 1339 2477; x_wconf 90' lang='lat' dir='ltr'><strong>ac</strong></span> <span class='ocrx_word' id='word_1_252' title='bbox 1367 2432 1548 2479; x_wconf 88' lang='lat' dir='ltr'><strong>mente</strong></span> <span class='ocrx_word' id='word_1_253' title='bbox 1575 2427 1881 2494; x_wconf 68' lang='lat' dir='ltr'><strong>prteditum,</strong></span> <span class='ocrx_word' id='word_1_254' title='bbox 1905 2431 2050 2498; x_wconf 87' lang='lat' dir='ltr'><strong>quod</strong></span> 
     </span>
    </p>
   </div>
   <div class='ocr_carea' id='block_1_41' title="bbox 472 2510 2052 2587">
    <p class='ocr_par' dir='ltr' id='par_1_41' title="bbox 472 2510 2052 2587">
     <span class='ocr_line' id='line_1_41' title="bbox 472 2510 2052 2587; baseline 0.008 -23"><span class='ocrx_word' id='word_1_255' title='bbox 472 2524 541 2565; x_wconf 75' lang='lat' dir='ltr'><strong>ex</strong></span> <span class='ocrx_word' id='word_1_256' title='bbox 572 2510 708 2563; x_wconf 87' lang='lat' dir='ltr'><strong>mari</strong></span> <span class='ocrx_word' id='word_1_257' title='bbox 737 2520 1080 2580; x_wconf 86' lang='lat' dir='ltr'><strong>prorumpat.</strong></span> <span class='ocrx_word' id='word_1_258' title='bbox 1107 2510 1285 2578; x_wconf 89' lang='lat' dir='ltr'><strong>Plato,</strong></span> <span class='ocrx_word' id='word_1_259' title='bbox 1319 2529 1388 2569; x_wconf 80' lang='lat' dir='ltr'><strong>ex</strong></span> <span class='ocrx_word' id='word_1_260' title='bbox 1420 2514 1659 2583; x_wconf 90' lang='lat' dir='ltr'><strong>plurimo</strong></span> <span class='ocrx_word' id='word_1_261' title='bbox 1703 2518 1846 2587; x_wconf 86' lang='lat' dir='ltr'><strong>igne.</strong></span> <span class='ocrx_word' id='word_1_262' title='bbox 1905 2520 2052 2576; x_wconf 86' lang='lat' dir='ltr'><strong>Ana-</strong></span> 
     </span>
    </p>
   </div>
   <div class='ocr_carea' id='block_1_42' title="bbox 475 2600 2052 2675">
    <p class='ocr_par' dir='ltr' id='par_1_42' title="bbox 475 2600 2052 2675">
     <span class='ocr_line' id='line_1_42' title="bbox 475 2600 2052 2675; baseline 0.008 -21"><span class='ocrx_word' id='word_1_263' title='bbox 475 2615 708 2670; x_wconf 83' lang='lat' dir='ltr'><strong>xagoras</strong></span> <span class='ocrx_word' id='word_1_264' title='bbox 730 2642 748 2668; x_wconf 92' lang='lat'><strong>,</strong></span> <span class='ocrx_word' id='word_1_265' title='bbox 778 2600 1122 2659; x_wconf 88' lang='lat' dir='ltr'><strong>Democritus</strong></span> <span class='ocrx_word' id='word_1_266' title='bbox 1182 2613 1238 2659; x_wconf 90' lang='lat' dir='ltr'><strong>et</strong></span> <span class='ocrx_word' id='word_1_267' title='bbox 1280 2604 1641 2675; x_wconf 81' lang='lat' dir='ltr'><strong>Metrodorus,</strong></span> <span class='ocrx_word' id='word_1_268' title='bbox 1677 2625 1920 2665; x_wconf 83' lang='lat' dir='ltr'><strong>massam</strong></span> <span class='ocrx_word' id='word_1_269' title='bbox 1955 2620 2052 2666; x_wconf 88' lang='lat' dir='ltr'><strong>aut</strong></span> 
     </span>
    </p>
   </div>
   <div class='ocr_carea' id='block_1_43' title="bbox 472 2691 2052 2770">
    <p class='ocr_par' dir='ltr' id='par_1_43' title="bbox 472 2691 2052 2770">
     <span class='ocr_line' id='line_1_43' title="bbox 472 2691 2052 2770; baseline 0.009 -25"><span class='ocrx_word' id='word_1_270' title='bbox 472 2691 705 2760; x_wconf 86' lang='lat' dir='ltr'><strong>lapidem</strong></span> <span class='ocrx_word' id='word_1_271' title='bbox 746 2693 872 2764; x_wconf 86' lang='lat' dir='ltr'><strong>igne</strong></span> <span class='ocrx_word' id='word_1_272' title='bbox 904 2709 1250 2752; x_wconf 84' lang='lat' dir='ltr'><strong>succensum.</strong></span> <span class='ocrx_word' id='word_1_273' title='bbox 1305 2697 1669 2767; x_wconf 81' lang='lat' dir='ltr'><strong>Aristoteles,</strong></span> <span class='ocrx_word' id='word_1_274' title='bbox 1713 2702 1932 2770; x_wconf 86' lang='lat' dir='ltr'><strong>globum</strong></span> <span class='ocrx_word' id='word_1_275' title='bbox 1983 2720 2052 2759; x_wconf 81' lang='lat' dir='ltr'><strong>ex</strong></span> 
     </span>
    </p>
   </div>
   <div class='ocr_carea' id='block_1_44' title="bbox 474 2784 2053 2862">
    <p class='ocr_par' dir='ltr' id='par_1_44' title="bbox 474 2784 2053 2862">
     <span class='ocr_line' id='line_1_44' title="bbox 474 2784 2053 2862; baseline 0.008 -25"><span class='ocrx_word' id='word_1_276' title='bbox 474 2784 668 2853; x_wconf 89' lang='lat' dir='ltr'><strong>quinto</strong></span> <span class='ocrx_word' id='word_1_277' title='bbox 696 2800 947 2855; x_wconf 88' lang='lat' dir='ltr'><strong>corpore.</strong></span> <span class='ocrx_word' id='word_1_278' title='bbox 990 2784 1269 2845; x_wconf 87' lang='lat' dir='ltr'><strong>Philolaus</strong></span> <span class='ocrx_word' id='word_1_279' title='bbox 1295 2788 1686 2862; x_wconf 83' lang='lat' dir='ltr'><strong>Pythagoreus,</strong></span> <span class='ocrx_word' id='word_1_280' title='bbox 1711 2792 1925 2850; x_wconf 91' lang='lat' dir='ltr'><strong>discum</strong></span> <span class='ocrx_word' id='word_1_281' title='bbox 1953 2796 2053 2850; x_wconf 90' lang='lat' dir='ltr'><strong>ali-</strong></span> 
     </span>
    </p>
   </div>
   <div class='ocr_carea' id='block_1_45' title="bbox 473 2874 2053 2957">
    <p class='ocr_par' dir='ltr' id='par_1_45' title="bbox 473 2874 2053 2957">
     <span class='ocr_line' id='line_1_45' title="bbox 473 2874 2053 2957; baseline 0.009 -31"><span class='ocrx_word' id='word_1_282' title='bbox 473 2887 636 2942; x_wconf 88' lang='lat' dir='ltr'><strong>quem</strong></span> <span class='ocrx_word' id='word_1_283' title='bbox 678 2874 822 2930; x_wconf 90' lang='lat' dir='ltr'><strong>vitro</strong></span> <span class='ocrx_word' id='word_1_284' title='bbox 851 2876 1184 2946; x_wconf 89' lang='lat' dir='ltr'><strong>persimilem</strong></span> <span class='ocrx_word' id='word_1_285' title='bbox 1209 2921 1225 2945; x_wconf 86' lang='lat'><strong>,</strong></span> <span class='ocrx_word' id='word_1_286' title='bbox 1261 2879 1357 2949; x_wconf 87' lang='lat' dir='ltr'><strong>qui</strong></span> <span class='ocrx_word' id='word_1_287' title='bbox 1407 2896 1792 2950; x_wconf 85' lang='lat' dir='ltr'><strong>repercussum</strong></span> <span class='ocrx_word' id='word_1_288' title='bbox 1831 2900 1899 2939; x_wconf 82' lang='lat' dir='ltr'><strong>ex</strong></span> <span class='ocrx_word' id='word_1_289' title='bbox 1929 2886 2053 2957; x_wconf 90' lang='lat' dir='ltr'><strong>igne</strong></span> 
     </span>
    </p>
   </div>
   <div class='ocr_carea' id='block_1_46' title="bbox 473 2963 2054 3044">
    <p class='ocr_par' dir='ltr' id='par_1_46' title="bbox 473 2963 2054 3044">
     <span class='ocr_line' id='line_1_46' title="bbox 473 2963 2054 3044; baseline 0.008 -26"><span class='ocrx_word' id='word_1_290' title='bbox 473 2963 665 3018; x_wconf 86' lang='lat' dir='ltr'><strong>mundi</strong></span> <span class='ocrx_word' id='word_1_291' title='bbox 695 2965 1037 3034; x_wconf 86' lang='lat' dir='ltr'><strong>splendorem</strong></span> <span class='ocrx_word' id='word_1_292' title='bbox 1066 2968 1367 3039; x_wconf 79' lang='lat' dir='ltr'><strong>excipiens,</strong></span> <span class='ocrx_word' id='word_1_293' title='bbox 1408 2969 1586 3027; x_wconf 89' lang='lat' dir='ltr'><strong>lucem</strong></span> <span class='ocrx_word' id='word_1_294' title='bbox 1614 2972 1681 3027; x_wconf 91' lang='lat' dir='ltr'><strong>ad</strong></span> <span class='ocrx_word' id='word_1_295' title='bbox 1709 2990 1810 3030; x_wconf 89' lang='lat' dir='ltr'><strong>nos</strong></span> <span class='ocrx_word' id='word_1_296' title='bbox 1841 2990 1936 3044; x_wconf 85' lang='lat' dir='ltr'><strong>per</strong></span> <span class='ocrx_word' id='word_1_297' title='bbox 1962 2991 2054 3031; x_wconf 84' lang='lat' dir='ltr'><strong>ae—</strong></span> 
     </span>
    </p>
   </div>
   <div class='ocr_carea' id='block_1_47' title="bbox 473 3056 2057 3129">
    <p class='ocr_par' dir='ltr' id='par_1_47' title="bbox 473 3056 2057 3129">
     <span class='ocr_line' id='line_1_47' title="bbox 473 3056 2057 3129; baseline 0.009 -21"><span class='ocrx_word' id='word_1_298' title='bbox 473 3070 613 3121; x_wconf 90' lang='lat' dir='ltr'><strong>rem,</strong></span> <span class='ocrx_word' id='word_1_299' title='bbox 646 3056 921 3124; x_wconf 82' lang='lat' dir='ltr'><strong>quoddam</strong></span> <span class='ocrx_word' id='word_1_300' title='bbox 965 3060 1123 3128; x_wconf 86' lang='lat' dir='ltr'><strong>quasi</strong></span> <span class='ocrx_word' id='word_1_301' title='bbox 1151 3060 1360 3129; x_wconf 86' lang='lat' dir='ltr'><strong>colum,</strong></span> <span class='ocrx_word' id='word_1_302' title='bbox 1403 3063 1531 3117; x_wconf 86' lang='lat' dir='ltr'><strong>inde</strong></span> <span class='ocrx_word' id='word_1_303' title='bbox 1568 3065 1904 3121; x_wconf 85' lang='lat' dir='ltr'><strong>transmittat</strong></span> <span class='ocrx_word' id='word_1_304' title='bbox 1943 3085 1957 3122; x_wconf 90' lang='lat'><strong>:</strong></span> <span class='ocrx_word' id='word_1_305' title='bbox 1995 3076 2057 3121; x_wconf 89' lang='lat' dir='ltr'><strong>ut</strong></span> 
     </span>
    </p>
   </div>
   <div class='ocr_carea' id='block_1_48' title="bbox 474 3150 2051 3231">
    <p class='ocr_par' dir='ltr' id='par_1_48' title="bbox 474 3150 2051 3231">
     <span class='ocr_line' id='line_1_48' title="bbox 474 3150 2051 3231; baseline 0.008 -26"><span class='ocrx_word' id='word_1_306' title='bbox 474 3150 669 3221; x_wconf 88' lang='lat' dir='ltr'><strong>igneus</strong></span> <span class='ocrx_word' id='word_1_307' title='bbox 701 3151 792 3206; x_wconf 92' lang='lat' dir='ltr'><strong>ille</strong></span> <span class='ocrx_word' id='word_1_308' title='bbox 820 3151 952 3208; x_wconf 87' lang='lat' dir='ltr'><strong>solis</strong></span> <span class='ocrx_word' id='word_1_309' title='bbox 982 3152 1036 3207; x_wconf 94' lang='lat' dir='ltr'><strong>in</strong></span> <span class='ocrx_word' id='word_1_310' title='bbox 1067 3154 1209 3210; x_wconf 74' lang='lat' dir='ltr'><strong>ctelo</strong></span> <span class='ocrx_word' id='word_1_311' title='bbox 1251 3154 1451 3227; x_wconf 88' lang='lat' dir='ltr'><strong>fulgor,</strong></span> <span class='ocrx_word' id='word_1_312' title='bbox 1488 3159 1795 3228; x_wconf 83' lang='lat' dir='ltr'><strong>splendoris</strong></span> <span class='ocrx_word' id='word_1_313' title='bbox 1820 3161 1941 3231; x_wconf 83' lang='lat' dir='ltr'><strong>ejus</strong></span> <span class='ocrx_word' id='word_1_314' title='bbox 1973 3163 2051 3217; x_wconf 90' lang='lat' dir='ltr'><strong>si-</strong></span> 
     </span>
    </p>
   </div>
   <div class='ocr_carea' id='block_1_49' title="bbox 475 3242 2052 3316">
    <p class='ocr_par' dir='ltr' id='par_1_49' title="bbox 475 3242 2052 3316">
     <span class='ocr_line' id='line_1_49' title="bbox 475 3242 2052 3316; baseline 0.006 -19"><span class='ocrx_word' id='word_1_315' title='bbox 475 3242 624 3299; x_wconf 87' lang='lat' dir='ltr'><strong>milis</strong></span> <span class='ocrx_word' id='word_1_316' title='bbox 650 3242 743 3306; x_wconf 87' lang='lat' dir='ltr'><strong>sit,</strong></span> <span class='ocrx_word' id='word_1_317' title='bbox 769 3243 861 3313; x_wconf 90' lang='lat' dir='ltr'><strong>qui</strong></span> <span class='ocrx_word' id='word_1_318' title='bbox 892 3246 959 3299; x_wconf 90' lang='lat' dir='ltr'><strong>ad</strong></span> <span class='ocrx_word' id='word_1_319' title='bbox 987 3260 1089 3303; x_wconf 86' lang='lat' dir='ltr'><strong>nos</strong></span> <span class='ocrx_word' id='word_1_320' title='bbox 1117 3261 1148 3302; x_wconf 92' lang='lat' dir='ltr'><strong>e</strong></span> <span class='ocrx_word' id='word_1_321' title='bbox 1171 3249 1395 3316; x_wconf 87' lang='lat' dir='ltr'><strong>specqu</strong></span> <span class='ocrx_word' id='word_1_322' title='bbox 1438 3249 1734 3306; x_wconf 77' lang='lat' dir='ltr'><strong>reﬂexione</strong></span> <span class='ocrx_word' id='word_1_323' title='bbox 1769 3252 2052 3307; x_wconf 84' lang='lat' dir='ltr'><strong>transfun-</strong></span> 
     </span>
    </p>
   </div>
   <div class='ocr_carea' id='block_1_50' title="bbox 476 3332 2054 3411">
    <p class='ocr_par' dir='ltr' id='par_1_50' title="bbox 476 3332 2054 3411">
     <span class='ocr_line' id='line_1_50' title="bbox 476 3332 2054 3411; baseline 0.01 -27"><span class='ocrx_word' id='word_1_324' title='bbox 476 3332 643 3385; x_wconf 83' lang='lat' dir='ltr'><strong>ditur.</strong></span> <span class='ocrx_word' id='word_1_325' title='bbox 683 3333 822 3387; x_wconf 87' lang='lat' dir='ltr'><strong>Eum</strong></span> <span class='ocrx_word' id='word_1_326' title='bbox 851 3333 1051 3404; x_wconf 86' lang='lat' dir='ltr'><strong>quippe</strong></span> <span class='ocrx_word' id='word_1_327' title='bbox 1071 3336 1263 3402; x_wconf 90' lang='lat' dir='ltr'><strong>solem,</strong></span> <span class='ocrx_word' id='word_1_328' title='bbox 1293 3347 1550 3409; x_wconf 89' lang='lat' dir='ltr'><strong>tanquam</strong></span> <span class='ocrx_word' id='word_1_329' title='bbox 1577 3341 1797 3411; x_wconf 90' lang='lat' dir='ltr'><strong>aliquod</strong></span> <span class='ocrx_word' id='word_1_330' title='bbox 1829 3343 2054 3399; x_wconf 90' lang='lat' dir='ltr'><strong>simula-</strong></span> 
     </span>
    </p>
   </div>
   <div class='ocr_carea' id='block_1_51' title="bbox 475 3422 2054 3505">
    <p class='ocr_par' dir='ltr' id='par_1_51' title="bbox 475 3422 2054 3505">
     <span class='ocr_line' id='line_1_51' title="bbox 475 3422 2054 3505; baseline 0.008 -28"><span class='ocrx_word' id='word_1_331' title='bbox 475 3422 554 3477; x_wconf 89' lang='lat' dir='ltr'><strong>cri</strong></span> <span class='ocrx_word' id='word_1_332' title='bbox 590 3423 970 3491; x_wconf 83' lang='lat' dir='ltr'><strong>simulacrum,</strong></span> <span class='ocrx_word' id='word_1_333' title='bbox 1001 3440 1282 3484; x_wconf 88' lang='lat' dir='ltr'><strong>vocamus.</strong></span> <span class='ocrx_word' id='word_1_334' title='bbox 1319 3427 1479 3486; x_wconf 90' lang='lat' dir='ltr'><strong>Soles</strong></span> <span class='ocrx_word' id='word_1_335' title='bbox 1509 3432 1579 3486; x_wconf 89' lang='lat' dir='ltr'><strong>ab</strong></span> <span class='ocrx_word' id='word_1_336' title='bbox 1605 3432 1929 3502; x_wconf 80' lang='lat' dir='ltr'><strong>Empedocle</strong></span> <span class='ocrx_word' id='word_1_337' title='bbox 1957 3451 2054 3505; x_wconf 89' lang='lat' dir='ltr'><strong>po-</strong></span> 
     </span>
    </p>
   </div>
   <div class='ocr_carea' id='block_1_52' title="bbox 476 3516 2055 3597">
    <p class='ocr_par' dir='ltr' id='par_1_52' title="bbox 476 3516 2055 3597">
     <span class='ocr_line' id='line_1_52' title="bbox 476 3516 2055 3597; baseline 0.008 -28"><span class='ocrx_word' id='word_1_338' title='bbox 476 3523 684 3570; x_wconf 85' lang='lat' dir='ltr'><strong>nuntur</strong></span> <span class='ocrx_word' id='word_1_339' title='bbox 729 3516 861 3584; x_wconf 86' lang='lat' dir='ltr'><strong>duo,</strong></span> <span class='ocrx_word' id='word_1_340' title='bbox 893 3532 1127 3586; x_wconf 90' lang='lat' dir='ltr'><strong>quorum</strong></span> <span class='ocrx_word' id='word_1_341' title='bbox 1178 3520 1315 3575; x_wconf 89' lang='lat' dir='ltr'><strong>alter</strong></span> <span class='ocrx_word' id='word_1_342' title='bbox 1359 3522 1450 3577; x_wconf 91' lang='lat' dir='ltr'><strong>ille</strong></span> <span class='ocrx_word' id='word_1_343' title='bbox 1495 3523 1878 3594; x_wconf 81' lang='lat' dir='ltr'><strong>primigenios,</strong></span> <span class='ocrx_word' id='word_1_344' title='bbox 1913 3526 2055 3597; x_wconf 83' lang='lat' dir='ltr'><strong>ignis</strong></span> 
     </span>
    </p>
   </div>
   <div class='ocr_carea' id='block_1_53' title="bbox 478 3606 2046 3689">
    <p class='ocr_par' dir='ltr' id='par_1_53' title="bbox 478 3606 2046 3689">
     <span class='ocr_line' id='line_1_53' title="bbox 478 3606 2046 3689; baseline 0.008 -30"><span class='ocrx_word' id='word_1_345' title='bbox 478 3606 701 3676; x_wconf 85' lang='lat' dir='ltr'><strong>quidam</strong></span> <span class='ocrx_word' id='word_1_346' title='bbox 729 3608 800 3662; x_wconf 91' lang='lat' dir='ltr'><strong>sit</strong></span> <span class='ocrx_word' id='word_1_347' title='bbox 824 3608 876 3662; x_wconf 93' lang='lat' dir='ltr'><strong>in</strong></span> <span class='ocrx_word' id='word_1_348' title='bbox 909 3609 1080 3664; x_wconf 88' lang='lat' dir='ltr'><strong>altero</strong></span> <span class='ocrx_word' id='word_1_349' title='bbox 1105 3611 1293 3667; x_wconf 91' lang='lat' dir='ltr'><strong>mundi</strong></span> <span class='ocrx_word' id='word_1_350' title='bbox 1336 3612 1742 3685; x_wconf 70' lang='lat' dir='ltr'><strong>hemisphaerio,</strong></span> <span class='ocrx_word' id='word_1_351' title='bbox 1775 3619 1921 3689; x_wconf 90' lang='lat' dir='ltr'><strong>quod</strong></span> <span class='ocrx_word' id='word_1_352' title='bbox 1955 3620 2046 3672; x_wconf 87' lang='lat' dir='ltr'><strong>ha-</strong></span> 
     </span>
    </p>
   </div>
   <div class='ocr_carea' id='block_1_54' title="bbox 478 3700 2054 3778">
    <p class='ocr_par' dir='ltr' id='par_1_54' title="bbox 478 3700 2054 3778">
     <span class='ocr_line' id='line_1_54' title="bbox 478 3700 2054 3778; baseline 0.008 -25"><span class='ocrx_word' id='word_1_353' title='bbox 478 3709 672 3754; x_wconf 89' lang='lat' dir='ltr'><strong>ctenus</strong></span> <span class='ocrx_word' id='word_1_354' title='bbox 712 3700 1015 3770; x_wconf 88' lang='lat' dir='ltr'><strong>splendoris</strong></span> <span class='ocrx_word' id='word_1_355' title='bbox 1064 3702 1150 3759; x_wconf 90' lang='lat' dir='ltr'><strong>sui</strong></span> <span class='ocrx_word' id='word_1_356' title='bbox 1202 3705 1481 3761; x_wconf 79' lang='lat' dir='ltr'><strong>reﬂexioni</strong></span> <span class='ocrx_word' id='word_1_357' title='bbox 1524 3722 1736 3778; x_wconf 84' lang='lat' dir='ltr'><strong>semper</strong></span> <span class='ocrx_word' id='word_1_358' title='bbox 1766 3710 2054 3765; x_wconf 82' lang='lat' dir='ltr'><strong>adversum</strong></span> 
     </span>
    </p>
   </div>
   <div class='ocr_carea' id='block_1_55' title="bbox 479 3790 2052 3868">
    <p class='ocr_par' dir='ltr' id='par_1_55' title="bbox 479 3790 2052 3868">
     <span class='ocr_line' id='line_1_55' title="bbox 479 3790 2052 3868; baseline 0.008 -24"><span class='ocrx_word' id='word_1_359' title='bbox 479 3790 783 3860; x_wconf 86' lang='lat' dir='ltr'><strong>impleverit</strong></span> <span class='ocrx_word' id='word_1_360' title='bbox 815 3809 829 3847; x_wconf 74' lang='grc' dir='ltr'><em>τ</em></span> <span class='ocrx_word' id='word_1_361' title='bbox 864 3793 1001 3848; x_wconf 87' lang='lat' dir='ltr'><strong>alter</strong></span> <span class='ocrx_word' id='word_1_362' title='bbox 1033 3794 1122 3851; x_wconf 92' lang='lat' dir='ltr'><strong>hic</strong></span> <span class='ocrx_word' id='word_1_363' title='bbox 1149 3795 1243 3866; x_wconf 90' lang='lat' dir='ltr'><strong>qui</strong></span> <span class='ocrx_word' id='word_1_364' title='bbox 1282 3798 1440 3852; x_wconf 90' lang='lat' dir='ltr'><strong>nobis</strong></span> <span class='ocrx_word' id='word_1_365' title='bbox 1468 3807 1754 3868; x_wconf 86' lang='lat' dir='ltr'><strong>appareat,</strong></span> <span class='ocrx_word' id='word_1_366' title='bbox 1790 3801 1926 3858; x_wconf 90' lang='lat' dir='ltr'><strong>lucis</strong></span> <span class='ocrx_word' id='word_1_367' title='bbox 1965 3817 2052 3857; x_wconf 91' lang='lat' dir='ltr'><strong>re-</strong></span> 
     </span>
    </p>
   </div>
   <div class='ocr_carea' id='block_1_56' title="bbox 479 3882 2050 3963">
    <p class='ocr_par' dir='ltr' id='par_1_56' title="bbox 479 3882 2050 3963">
     <span class='ocr_line' id='line_1_56' title="bbox 479 3882 2050 3963; baseline 0.008 -28"><span class='ocrx_word' id='word_1_368' title='bbox 479 3882 762 3952; x_wconf 84' lang='lat' dir='ltr'><strong>percussio</strong></span> <span class='ocrx_word' id='word_1_369' title='bbox 809 3885 1056 3955; x_wconf 62' lang='lat' dir='ltr'><strong>quaedam</strong></span> <span class='ocrx_word' id='word_1_370' title='bbox 1084 3927 1098 3947; x_wconf 91' lang='lat'><strong>,</strong></span> <span class='ocrx_word' id='word_1_371' title='bbox 1156 3887 1212 3941; x_wconf 91' lang='lat' dir='ltr'><strong>in</strong></span> <span class='ocrx_word' id='word_1_372' title='bbox 1259 3887 1430 3943; x_wconf 88' lang='lat' dir='ltr'><strong>altero</strong></span> <span class='ocrx_word' id='word_1_373' title='bbox 1483 3889 1588 3945; x_wconf 93' lang='lat' dir='ltr'><strong>hoc</strong></span> <span class='ocrx_word' id='word_1_374' title='bbox 1644 3891 2050 3963; x_wconf 61' lang='lat' dir='ltr'><strong>hemisphaerio,</strong></span> 
     </span>
    </p>
   </div>
   <div class='ocr_carea' id='block_1_57' title="bbox 479 3975 2051 4054">
    <p class='ocr_par' dir='ltr' id='par_1_57' title="bbox 479 3975 2051 4054">
     <span class='ocr_line' id='line_1_57' title="bbox 479 3975 2051 4054; baseline 0.006 -25"><span class='ocrx_word' id='word_1_375' title='bbox 479 3975 624 4046; x_wconf 89' lang='lat' dir='ltr'><strong>quod</strong></span> <span class='ocrx_word' id='word_1_376' title='bbox 674 3990 799 4032; x_wconf 91' lang='lat' dir='ltr'><strong>aere</strong></span> <span class='ocrx_word' id='word_1_377' title='bbox 832 3979 1154 4048; x_wconf 88' lang='lat' dir='ltr'><strong>permistum</strong></span> <span class='ocrx_word' id='word_1_378' title='bbox 1182 3980 1419 4036; x_wconf 83' lang='lat' dir='ltr'><strong>calorem</strong></span> <span class='ocrx_word' id='word_1_379' title='bbox 1475 3983 1786 4038; x_wconf 88' lang='lat' dir='ltr'><strong>includcnte</strong></span> <span class='ocrx_word' id='word_1_380' title='bbox 1834 3984 2051 4054; x_wconf 90' lang='lat' dir='ltr'><strong>plenum</strong></span> 
     </span>
    </p>
   </div>
   <div class='ocr_carea' id='block_1_58' title="bbox 478 4072 2053 4144">
    <p class='ocr_par' dir='ltr' id='par_1_58' title="bbox 478 4072 2053 4144">
     <span class='ocr_line' id='line_1_58' title="bbox 478 4072 2053 4144; baseline 0.006 -23"><span class='ocrx_word' id='word_1_381' title='bbox 478 4075 595 4132; x_wconf 86' lang='lat' dir='ltr'><strong>est;</strong></span> <span class='ocrx_word' id='word_1_382' title='bbox 638 4082 760 4137; x_wconf 70' lang='lat' dir='ltr'><strong>quae</strong></span> <span class='ocrx_word' id='word_1_383' title='bbox 792 4072 1137 4140; x_wconf 89' lang='lat' dir='ltr'><strong>repercussio</strong></span> <span class='ocrx_word' id='word_1_384' title='bbox 1176 4088 1244 4127; x_wconf 80' lang='lat' dir='ltr'><strong>ex</strong></span> <span class='ocrx_word' id='word_1_385' title='bbox 1291 4081 1434 4127; x_wconf 86' lang='lat' dir='ltr'><strong>terra</strong></span> <span class='ocrx_word' id='word_1_386' title='bbox 1467 4089 1591 4144; x_wconf 80' lang='lat' dir='ltr'><strong>quae</strong></span> <span class='ocrx_word' id='word_1_387' title='bbox 1620 4075 1843 4144; x_wconf 76' lang='lat' dir='ltr'><strong>globosa</strong></span> <span class='ocrx_word' id='word_1_388' title='bbox 1866 4085 1969 4139; x_wconf 89' lang='lat' dir='ltr'><strong>est,</strong></span> <span class='ocrx_word' id='word_1_389' title='bbox 1998 4076 2053 4130; x_wconf 92' lang='lat' dir='ltr'><strong>in</strong></span> 
     </span>
    </p>
   </div>
   <div class='ocr_carea' id='block_1_59' title="bbox 480 4160 2053 4233">
    <p class='ocr_par' dir='ltr' id='par_1_59' title="bbox 480 4160 2053 4233">
     <span class='ocr_line' id='line_1_59' title="bbox 480 4160 2053 4233; baseline 0.004 -17"><span class='ocrx_word' id='word_1_390' title='bbox 480 4160 652 4216; x_wconf 86' lang='lat' dir='ltr'><strong>solem</strong></span> <span class='ocrx_word' id='word_1_391' title='bbox 675 4162 933 4233; x_wconf 85' lang='lat' dir='ltr'><strong>crystallo</strong></span> <span class='ocrx_word' id='word_1_392' title='bbox 961 4162 1295 4232; x_wconf 88' lang='lat' dir='ltr'><strong>persimilem</strong></span> <span class='ocrx_word' id='word_1_393' title='bbox 1332 4163 1556 4229; x_wconf 83' lang='lat' dir='ltr'><strong>incidat,</strong></span> <span class='ocrx_word' id='word_1_394' title='bbox 1591 4182 1656 4220; x_wconf 88' lang='lat' dir='ltr'><strong>ac</strong></span> <span class='ocrx_word' id='word_1_395' title='bbox 1691 4167 1852 4221; x_wconf 88' lang='lat' dir='ltr'><strong>simul</strong></span> <span class='ocrx_word' id='word_1_396' title='bbox 1889 4168 1942 4221; x_wconf 92' lang='lat' dir='ltr'><strong>in</strong></span> <span class='ocrx_word' id='word_1_397' title='bbox 1970 4184 2053 4222; x_wconf 91' lang='lat' dir='ltr'><strong>or-</strong></span> 
     </span>
    </p>
   </div>
   <div class='ocr_carea' id='block_1_60' title="bbox 478 4249 2051 4324">
    <p class='ocr_par' dir='ltr' id='par_1_60' title="bbox 478 4249 2051 4324">
     <span class='ocr_line' id='line_1_60' title="bbox 478 4249 2051 4324; baseline 0.005 -21"><span class='ocrx_word' id='word_1_398' title='bbox 478 4249 603 4304; x_wconf 85' lang='lat' dir='ltr'><strong>bem</strong></span> <span class='ocrx_word' id='word_1_399' title='bbox 632 4250 856 4306; x_wconf 89' lang='lat' dir='ltr'><strong>alterius</strong></span> <span class='ocrx_word' id='word_1_400' title='bbox 904 4250 1045 4321; x_wconf 89' lang='lat' dir='ltr'><strong>ignei</strong></span> <span class='ocrx_word' id='word_1_401' title='bbox 1095 4253 1335 4308; x_wconf 83' lang='lat' dir='ltr'><strong>motione</strong></span> <span class='ocrx_word' id='word_1_402' title='bbox 1363 4256 1640 4324; x_wconf 87' lang='lat' dir='ltr'><strong>rapiatur;</strong></span> <span class='ocrx_word' id='word_1_403' title='bbox 1678 4256 1781 4310; x_wconf 91' lang='lat' dir='ltr'><strong>hoc</strong></span> <span class='ocrx_word' id='word_1_404' title='bbox 1815 4266 1936 4323; x_wconf 91' lang='lat' dir='ltr'><strong>est,</strong></span> <span class='ocrx_word' id='word_1_405' title='bbox 1973 4257 2051 4311; x_wconf 92' lang='lat' dir='ltr'><strong>uti</strong></span> 
     </span>
    </p>
   </div>
   <div class='ocr_carea' id='block_1_61' title="bbox 478 4341 2049 4419">
    <p class='ocr_par' dir='ltr' id='par_1_61' title="bbox 478 4341 2049 4419">
     <span class='ocr_line' id='line_1_61' title="bbox 478 4341 2049 4419; baseline 0.005 -23"><span class='ocrx_word' id='word_1_406' title='bbox 478 4341 698 4397; x_wconf 85' lang='lat' dir='ltr'><strong>brevius</strong></span> <span class='ocrx_word' id='word_1_407' title='bbox 744 4344 1062 4412; x_wconf 78' lang='lat' dir='ltr'><strong>expediam,</strong></span> <span class='ocrx_word' id='word_1_408' title='bbox 1100 4345 1249 4401; x_wconf 88' lang='lat' dir='ltr'><strong>aliud</strong></span> <span class='ocrx_word' id='word_1_409' title='bbox 1300 4346 1471 4403; x_wconf 86' lang='lat' dir='ltr'><strong>solem</strong></span> <span class='ocrx_word' id='word_1_410' title='bbox 1521 4362 1645 4403; x_wconf 90' lang='lat' dir='ltr'><strong>esse</strong></span> <span class='ocrx_word' id='word_1_411' title='bbox 1675 4347 1844 4412; x_wconf 87' lang='lat' dir='ltr'><strong>nihil,</strong></span> <span class='ocrx_word' id='word_1_412' title='bbox 1883 4364 2049 4419; x_wconf 91' lang='lat' dir='ltr'><strong>quam</strong></span> 
     </span>
    </p>
   </div>
   <div class='ocr_carea' id='block_1_62' title="bbox 2155 1980 3726 2058">
    <p class='ocr_par' dir='ltr' id='par_1_62' title="bbox 2155 1980 3726 2058">
     <span class='ocr_line' id='line_1_62' title="bbox 2155 1980 3726 2058; baseline -0.003 -18"><span class='ocrx_word' id='word_1_413' title='bbox 2155 1989 2352 2058; x_wconf 86' lang='grc' dir='ltr'>στῆρος</span> <span class='ocrx_word' id='word_1_414' title='bbox 2380 1986 2567 2040; x_wconf 82' lang='grc' dir='ltr'>αὐλοῦ·</span> <span class='ocrx_word' id='word_1_415' title='bbox 2599 1986 2694 2040; x_wconf 83' lang='grc' dir='ltr'><strong>καὶ</strong></span> <span class='ocrx_word' id='word_1_416' title='bbox 2743 1985 2885 2039; x_wconf 81' lang='grc' dir='ltr'>τοῦτ’</span> <span class='ocrx_word' id='word_1_417' title='bbox 2913 1980 3053 2039; x_wconf 71' lang='grc' dir='ltr'>εἶναι</span> <span class='ocrx_word' id='word_1_418' title='bbox 3073 1983 3166 2037; x_wconf 76' lang='grc' dir='ltr'><strong>τὸν</strong></span> <span class='ocrx_word' id='word_1_419' title='bbox 3192 1983 3362 2054; x_wconf 74' lang='grc' dir='ltr'>ἥλιον.</span> <span class='ocrx_word' id='word_1_420' title='bbox 3393 1981 3726 2053; x_wconf 82' lang='grc' dir='ltr'>Ξενοφάνης.</span> 
     </span>
    </p>
   </div>
   <div class='ocr_carea' id='block_1_63' title="bbox 2154 2074 3732 2149">
    <p class='ocr_par' dir='ltr' id='par_1_63' title="bbox 2154 2074 3732 2149">
     <span class='ocr_line' id='line_1_63' title="bbox 2154 2074 3732 2149; baseline -0.003 -18"><span class='ocrx_word' id='word_1_421' title='bbox 2154 2078 2219 2132; x_wconf 80' lang='grc' dir='ltr'>ὲκ</span> <span class='ocrx_word' id='word_1_422' title='bbox 2247 2078 2507 2149; x_wconf 81' lang='grc' dir='ltr'><strong>πυριδίων</strong></span> <span class='ocrx_word' id='word_1_423' title='bbox 2532 2076 2639 2131; x_wconf 84' lang='grc' dir='ltr'><strong>τῶν</strong></span> <span class='ocrx_word' id='word_1_424' title='bbox 2673 2076 3032 2148; x_wconf 79' lang='grc' dir='ltr'><strong>φαινομένων,</strong></span> <span class='ocrx_word' id='word_1_425' title='bbox 3077 2074 3576 2147; x_wconf 71' lang='grc' dir='ltr'><strong>συναθροιζομένων</strong></span> <span class='ocrx_word' id='word_1_426' title='bbox 3630 2076 3732 2143; x_wconf 79' lang='grc' dir='ltr'>μὲν</span> 
     </span>
    </p>
   </div>
   <div class='ocr_carea' id='block_1_64' title="bbox 2154 2163 3729 2240">
    <p class='ocr_par' dir='ltr' id='par_1_64' title="bbox 2154 2163 3729 2240">
     <span class='ocr_line' id='line_1_64' title="bbox 2154 2163 3729 2240; baseline -0.003 -18"><span class='ocrx_word' id='word_1_427' title='bbox 2154 2170 2220 2223; x_wconf 80' lang='grc' dir='ltr'>ὲκ</span> <span class='ocrx_word' id='word_1_428' title='bbox 2240 2170 2338 2240; x_wconf 84' lang='grc' dir='ltr'>τῆς</span> <span class='ocrx_word' id='word_1_429' title='bbox 2369 2169 2542 2239; x_wconf 81' lang='grc' dir='ltr'>ὑγρᾶς</span> <span class='ocrx_word' id='word_1_430' title='bbox 2571 2166 3003 2238; x_wconf 80' lang='grc' dir='ltr'>ἀναθυμιάσεως,</span> <span class='ocrx_word' id='word_1_431' title='bbox 3046 2163 3501 2236; x_wconf 78' lang='grc' dir='ltr'>συναθροιζόντων</span> <span class='ocrx_word' id='word_1_432' title='bbox 3549 2163 3606 2216; x_wconf 86' lang='grc' dir='ltr'>δὲ</span> <span class='ocrx_word' id='word_1_433' title='bbox 3636 2164 3729 2217; x_wconf 76' lang='grc' dir='ltr'>τὸν</span> 
     </span>
    </p>
   </div>
   <div class='ocr_carea' id='block_1_65' title="bbox 2153 2253 3725 2329">
    <p class='ocr_par' dir='ltr' id='par_1_65' title="bbox 2153 2253 3725 2329">
     <span class='ocr_line' id='line_1_65' title="bbox 2153 2253 3725 2329; baseline -0.004 -17"><span class='ocrx_word' id='word_1_434' title='bbox 2153 2259 2303 2329; x_wconf 78' lang='grc' dir='ltr'>ἥλιον</span> <span class='ocrx_word' id='word_1_435' title='bbox 2355 2260 2421 2312; x_wconf 79' lang='grc' dir='ltr'>ὲκ</span> <span class='ocrx_word' id='word_1_436' title='bbox 2477 2256 2653 2327; x_wconf 80' lang='grc' dir='ltr'>νεφῶν</span> <span class='ocrx_word' id='word_1_437' title='bbox 2705 2256 3114 2327; x_wconf 76' lang='grc' dir='ltr'>πεπυρωμένων</span> <span class='ocrx_word' id='word_1_438' title='bbox 3161 2255 3297 2317; x_wconf 85' lang='lat'><strong>(22).</strong></span> <span class='ocrx_word' id='word_1_439' title='bbox 3356 2253 3420 2307; x_wconf 86' lang='grc' dir='ltr'><strong>υί</strong></span> <span class='ocrx_word' id='word_1_440' title='bbox 3480 2253 3725 2316; x_wconf 76' lang='grc' dir='ltr'>Στωϊκοὶ,</span> 
     </span>
    </p>
   </div>
   <div class='ocr_carea' id='block_1_66' title="bbox 2155 2344 3729 2422">
    <p class='ocr_par' dir='ltr' id='par_1_66' title="bbox 2155 2344 3729 2422">
     <span class='ocr_line' id='line_1_66' title="bbox 2155 2344 3729 2422; baseline -0.006 -16"><span class='ocrx_word' id='word_1_441' title='bbox 2155 2352 2384 2422; x_wconf 80' lang='grc' dir='ltr'>ἄναμμα</span> <span class='ocrx_word' id='word_1_442' title='bbox 2410 2348 2713 2420; x_wconf 72' lang='grc' dir='ltr'>νοερὸν(25)</span> <span class='ocrx_word' id='word_1_443' title='bbox 2732 2351 2797 2402; x_wconf 81' lang='grc' dir='ltr'>ὲκ</span> <span class='ocrx_word' id='word_1_444' title='bbox 2822 2347 3114 2416; x_wconf 83' lang='grc' dir='ltr'>θαλάσσης.</span> <span class='ocrx_word' id='word_1_445' title='bbox 3130 2345 3376 2410; x_wconf 82' lang='grc' dir='ltr'>Πλάτων,</span> <span class='ocrx_word' id='word_1_446' title='bbox 3395 2346 3460 2398; x_wconf 76' lang='grc' dir='ltr'>ὲκ</span> <span class='ocrx_word' id='word_1_447' title='bbox 3478 2344 3729 2398; x_wconf 82' lang='grc' dir='ltr'>πλείστου</span> 
     </span>
    </p>
   </div>
   <div class='ocr_carea' id='block_1_67' title="bbox 2156 2434 3732 2510">
    <p class='ocr_par' dir='ltr' id='par_1_67' title="bbox 2156 2434 3732 2510">
     <span class='ocr_line' id='line_1_67' title="bbox 2156 2434 3732 2510; baseline -0.003 -18"><span class='ocrx_word' id='word_1_448' title='bbox 2156 2439 2348 2510; x_wconf 87' lang='grc' dir='ltr'>πυρός.</span> <span class='ocrx_word' id='word_1_449' title='bbox 2392 2436 2774 2508; x_wconf 79' lang='grc' dir='ltr'>Ἀναξαγόρας,</span> <span class='ocrx_word' id='word_1_450' title='bbox 2824 2435 3180 2507; x_wconf 89' lang='grc' dir='ltr'>Δημόκριτος,</span> <span class='ocrx_word' id='word_1_451' title='bbox 3210 2434 3596 2507; x_wconf 85' lang='grc' dir='ltr'>Μητρόδωρος,</span> <span class='ocrx_word' id='word_1_452' title='bbox 3626 2435 3732 2505; x_wconf 86' lang='grc' dir='ltr'>μύ-</span> 
     </span>
    </p>
   </div>
   <div class='ocr_carea' id='block_1_68' title="bbox 2155 2527 3827 2601">
    <p class='ocr_par' dir='ltr' id='par_1_68' title="bbox 2155 2527 3827 2601">
     <span class='ocr_line' id='line_1_68' title="bbox 2155 2527 3827 2601; baseline -0.002 -18"><span class='ocrx_word' id='word_1_453' title='bbox 2155 2529 2281 2600; x_wconf 90' lang='grc' dir='ltr'>δρον</span> <span class='ocrx_word' id='word_1_454' title='bbox 2313 2529 2346 2601; x_wconf 80' lang='grc' dir='ltr'>ἢ</span> <span class='ocrx_word' id='word_1_455' title='bbox 2375 2529 2571 2600; x_wconf 81' lang='grc' dir='ltr'>πέτρον</span> <span class='ocrx_word' id='word_1_456' title='bbox 2619 2527 2898 2599; x_wconf 76' lang='grc' dir='ltr'>διάπυρον.</span> <span class='ocrx_word' id='word_1_457' title='bbox 2965 2527 3357 2598; x_wconf 84' lang='grc' dir='ltr'>Ἀριστοτέλης,</span> <span class='ocrx_word' id='word_1_458' title='bbox 3402 2529 3635 2599; x_wconf 83' lang='grc' dir='ltr'>σφαῖραν</span> <span class='ocrx_word' id='word_1_459' title='bbox 3667 2527 3735 2581; x_wconf 78' lang='grc' dir='ltr'>ὲκ</span> <span class='ocrx_word' id='word_1_460' title='bbox 3820 2548 3827 2551; x_wconf 79' lang='grc'><strong><em>-</em></strong></span> 
     </span>
    </p>
   </div>
   <div class='ocr_carea' id='block_1_69' title="bbox 2156 2618 3731 2692">
    <p class='ocr_par' dir='ltr' id='par_1_69' title="bbox 2156 2618 3731 2692">
     <span class='ocr_line' id='line_1_69' title="bbox 2156 2618 3731 2692; baseline -0.002 -16"><span class='ocrx_word' id='word_1_461' title='bbox 2156 2622 2247 2676; x_wconf 88' lang='grc' dir='ltr'><strong>τοῦ</strong></span> <span class='ocrx_word' id='word_1_462' title='bbox 2301 2621 2552 2692; x_wconf 82' lang='grc' dir='ltr'>πέμπτου</span> <span class='ocrx_word' id='word_1_463' title='bbox 2610 2619 2880 2692; x_wconf 85' lang='grc' dir='ltr'>σώματος.</span> <span class='ocrx_word' id='word_1_464' title='bbox 2948 2619 3201 2683; x_wconf 81' lang='grc' dir='ltr'>Φιλόλαος</span> <span class='ocrx_word' id='word_1_465' title='bbox 3257 2620 3286 2672; x_wconf 90' lang='grc' dir='ltr'><strong>ό</strong></span> <span class='ocrx_word' id='word_1_466' title='bbox 3342 2618 3731 2690; x_wconf 81' lang='grc' dir='ltr'>Πυθαγόρειος,</span> 
     </span>
    </p>
   </div>
   <div class='ocr_carea' id='block_1_70' title="bbox 2156 2710 3735 2787">
    <p class='ocr_par' dir='ltr' id='par_1_70' title="bbox 2156 2710 3735 2787">
     <span class='ocr_line' id='line_1_70' title="bbox 2156 2710 3735 2787; baseline -0.003 -18"><span class='ocrx_word' id='word_1_467' title='bbox 2156 2714 2336 2770; x_wconf 89' lang='grc' dir='ltr'>δίσκον</span> <span class='ocrx_word' id='word_1_468' title='bbox 2369 2714 2482 2787; x_wconf 69' lang='grc'>(24)</span> <span class='ocrx_word' id='word_1_469' title='bbox 2514 2714 2781 2785; x_wconf 66' lang='grc' dir='ltr'>ὑαλοειδῆ,</span> <span class='ocrx_word' id='word_1_470' title='bbox 2799 2712 3085 2784; x_wconf 85' lang='grc' dir='ltr'>δεχόμενον</span> <span class='ocrx_word' id='word_1_471' title='bbox 3114 2712 3213 2783; x_wconf 88' lang='grc' dir='ltr'>μὲν</span> <span class='ocrx_word' id='word_1_472' title='bbox 3230 2710 3327 2765; x_wconf 88' lang='grc' dir='ltr'><strong>τοῦ</strong></span> <span class='ocrx_word' id='word_1_473' title='bbox 3351 2713 3409 2765; x_wconf 86' lang='grc' dir='ltr'>ὲν</span> <span class='ocrx_word' id='word_1_474' title='bbox 3440 2712 3518 2783; x_wconf 84' lang='grc' dir='ltr'>τῷ</span> <span class='ocrx_word' id='word_1_475' title='bbox 3544 2711 3735 2783; x_wconf 85' lang='grc' dir='ltr'>κόσμῳ</span> 
     </span>
    </p>
   </div>
   <div class='ocr_carea' id='block_1_71' title="bbox 2158 2802 3736 2878">
    <p class='ocr_par' dir='ltr' id='par_1_71' title="bbox 2158 2802 3736 2878">
     <span class='ocr_line' id='line_1_71' title="bbox 2158 2802 3736 2878; baseline -0.003 -18"><span class='ocrx_word' id='word_1_476' title='bbox 2158 2806 2328 2878; x_wconf 81' lang='grc' dir='ltr'>πυρὸς</span> <span class='ocrx_word' id='word_1_477' title='bbox 2358 2804 2459 2877; x_wconf 75' lang='grc' dir='ltr'>τὴν</span> <span class='ocrx_word' id='word_1_478' title='bbox 2488 2803 2834 2873; x_wconf 79' lang='grc' dir='ltr'>ἀνταύγειαν,</span> <span class='ocrx_word' id='word_1_479' title='bbox 2868 2802 3156 2875; x_wconf 82' lang='grc' dir='ltr'>διηθοῦντα</span> <span class='ocrx_word' id='word_1_480' title='bbox 3210 2802 3268 2855; x_wconf 84' lang='grc' dir='ltr'>δὲ</span> <span class='ocrx_word' id='word_1_481' title='bbox 3300 2802 3438 2873; x_wconf 85' lang='grc' dir='ltr'>πρὸς</span> <span class='ocrx_word' id='word_1_482' title='bbox 3481 2803 3629 2873; x_wconf 77' lang='grc' dir='ltr'>ἡμᾶς</span> <span class='ocrx_word' id='word_1_483' title='bbox 3673 2803 3736 2856; x_wconf 82' lang='grc' dir='ltr'>τὸ</span> 
     </span>
    </p>
   </div>
   <div class='ocr_carea' id='block_1_72' title="bbox 2159 2893 3736 2969">
    <p class='ocr_par' dir='ltr' id='par_1_72' title="bbox 2159 2893 3736 2969">
     <span class='ocr_line' id='line_1_72' title="bbox 2159 2893 3736 2969; baseline -0.003 -18"><span class='ocrx_word' id='word_1_484' title='bbox 2159 2897 2294 2968; x_wconf 86' lang='grc' dir='ltr'>φῶς·</span> <span class='ocrx_word' id='word_1_485' title='bbox 2346 2897 2488 2951; x_wconf 68' lang='grc' dir='ltr'>ὥστε</span> <span class='ocrx_word' id='word_1_486' title='bbox 2531 2896 2907 2969; x_wconf 81' lang='grc' dir='ltr'>προσεοικέναι</span> <span class='ocrx_word' id='word_1_487' title='bbox 2954 2894 3103 2965; x_wconf 83' lang='grc' dir='ltr'>ἡλίου</span> <span class='ocrx_word' id='word_1_488' title='bbox 3147 2893 3260 2962; x_wconf 83' lang='lat'><strong>(25)</strong></span> <span class='ocrx_word' id='word_1_489' title='bbox 3317 2893 3377 2947; x_wconf 83' lang='grc' dir='ltr'>τὸ</span> <span class='ocrx_word' id='word_1_490' title='bbox 3420 2895 3479 2947; x_wconf 83' lang='grc' dir='ltr'>ἐν</span> <span class='ocrx_word' id='word_1_491' title='bbox 3522 2893 3736 2965; x_wconf 77' lang='grc' dir='ltr'>οὐρανῷ</span> 
     </span>
    </p>
   </div>
   <div class='ocr_carea' id='block_1_73' title="bbox 2158 2981 3737 3058">
    <p class='ocr_par' dir='ltr' id='par_1_73' title="bbox 2158 2981 3737 3058">
     <span class='ocr_line' id='line_1_73' title="bbox 2158 2981 3737 3058; baseline -0.004 -16"><span class='ocrx_word' id='word_1_492' title='bbox 2158 2986 2406 3051; x_wconf 55' lang='lat' dir='ltr'><strong>moi-&#39;11:;</strong></span> <span class='ocrx_word' id='word_1_493' title='bbox 2434 2986 2567 3057; x_wconf 81' lang='lat'><strong>(26),</strong></span> <span class='ocrx_word' id='word_1_494' title='bbox 2591 2988 2655 3058; x_wconf 80' lang='grc' dir='ltr'><strong>τῇ</strong></span> <span class='ocrx_word' id='word_1_495' title='bbox 2689 2985 2797 3038; x_wconf 86' lang='grc' dir='ltr'>ἀπὸ</span> <span class='ocrx_word' id='word_1_496' title='bbox 2844 2982 2940 3037; x_wconf 90' lang='grc' dir='ltr'><strong>τοῦ</strong></span> <span class='ocrx_word' id='word_1_497' title='bbox 2991 2983 3249 3054; x_wconf 78' lang='grc' dir='ltr'>ἐνόπτρου</span> <span class='ocrx_word' id='word_1_498' title='bbox 3275 2981 3417 3037; x_wconf 85' lang='grc' dir='ltr'><strong>κατά</strong></span> <span class='ocrx_word' id='word_1_499' title='bbox 3440 2982 3737 3036; x_wconf 80' lang='grc' dir='ltr'>ἀνάκλασιν</span> 
     </span>
    </p>
   </div>
   <div class='ocr_carea' id='block_1_74' title="bbox 2158 3073 3738 3151">
    <p class='ocr_par' dir='ltr' id='par_1_74' title="bbox 2158 3073 3738 3151">
     <span class='ocr_line' id='line_1_74' title="bbox 2158 3073 3738 3151; baseline -0.005 -19"><span class='ocrx_word' id='word_1_500' title='bbox 2158 3077 2582 3151; x_wconf 78' lang='grc' dir='ltr'>διασπειρομένῃ</span> <span class='ocrx_word' id='word_1_501' title='bbox 2643 3076 2780 3147; x_wconf 85' lang='grc' dir='ltr'>πρὸς</span> <span class='ocrx_word' id='word_1_502' title='bbox 2835 3076 2982 3146; x_wconf 84' lang='grc' dir='ltr'>ἡμᾶς</span> <span class='ocrx_word' id='word_1_503' title='bbox 3032 3075 3197 3145; x_wconf 79' lang='grc' dir='ltr'>αὐγῇ.</span> <span class='ocrx_word' id='word_1_504' title='bbox 3248 3074 3358 3127; x_wconf 76' lang='grc' dir='ltr'><strong>Καὶ</strong></span> <span class='ocrx_word' id='word_1_505' title='bbox 3390 3073 3498 3145; x_wconf 84' lang='grc' dir='ltr'>γὰρ</span> <span class='ocrx_word' id='word_1_506' title='bbox 3531 3073 3738 3144; x_wconf 85' lang='grc' dir='ltr'>ταύτην</span> 
     </span>
    </p>
   </div>
   <div class='ocr_carea' id='block_1_75' title="bbox 2161 3163 3740 3243">
    <p class='ocr_par' dir='ltr' id='par_1_75' title="bbox 2161 3163 3740 3243">
     <span class='ocr_line' id='line_1_75' title="bbox 2161 3163 3740 3243; baseline -0.004 -19"><span class='ocrx_word' id='word_1_507' title='bbox 2161 3169 2637 3243; x_wconf 87' lang='grc' dir='ltr'>προσαγορεύομεν</span> <span class='ocrx_word' id='word_1_508' title='bbox 2669 3167 2840 3239; x_wconf 75' lang='grc' dir='ltr'>ἣλιον,</span> <span class='ocrx_word' id='word_1_509' title='bbox 2886 3168 3045 3221; x_wconf 77' lang='grc' dir='ltr'>οίονε).</span> <span class='ocrx_word' id='word_1_510' title='bbox 3067 3164 3283 3219; x_wconf 76' lang='grc' dir='ltr'>εἴδωλον</span> <span class='ocrx_word' id='word_1_511' title='bbox 3326 3163 3566 3219; x_wconf 76' lang='grc' dir='ltr'>εἰδώλου.</span> <span class='ocrx_word' id='word_1_512' title='bbox 3615 3164 3740 3235; x_wconf 83' lang='grc' dir='ltr'>Ἐμ-</span> 
     </span>
    </p>
   </div>
   <div class='ocr_carea' id='block_1_76' title="bbox 2160 3256 3737 3335">
    <p class='ocr_par' dir='ltr' id='par_1_76' title="bbox 2160 3256 3737 3335">
     <span class='ocr_line' id='line_1_76' title="bbox 2160 3256 3737 3335; baseline -0.006 -17"><span class='ocrx_word' id='word_1_513' title='bbox 2160 3262 2443 3335; x_wconf 86' lang='grc' dir='ltr'>πεδοκλῆς,</span> <span class='ocrx_word' id='word_1_514' title='bbox 2476 3262 2569 3316; x_wconf 90' lang='grc' dir='ltr'><strong>δύο</strong></span> <span class='ocrx_word' id='word_1_515' title='bbox 2600 3259 2802 3332; x_wconf 85' lang='grc' dir='ltr'>ἡλίους·</span> <span class='ocrx_word' id='word_1_516' title='bbox 2828 3262 2916 3314; x_wconf 75' lang='grc' dir='ltr'><strong>τὸν</strong></span> <span class='ocrx_word' id='word_1_517' title='bbox 2954 3262 3050 3331; x_wconf 84' lang='grc' dir='ltr'>μὲν</span> <span class='ocrx_word' id='word_1_518' title='bbox 3083 3259 3386 3331; x_wconf 84' lang='grc' dir='ltr'>ἀρχέτυπον</span> <span class='ocrx_word' id='word_1_519' title='bbox 3413 3257 3523 3328; x_wconf 90' lang='grc' dir='ltr'><strong>πῦρ</strong></span> <span class='ocrx_word' id='word_1_520' title='bbox 3561 3259 3619 3311; x_wconf 83' lang='grc' dir='ltr'>ὲν</span> <span class='ocrx_word' id='word_1_521' title='bbox 3661 3256 3737 3326; x_wconf 78' lang='grc' dir='ltr'><strong>τῷ</strong></span> 
     </span>
    </p>
   </div>
   <div class='ocr_carea' id='block_1_77' title="bbox 2158 3348 3739 3428">
    <p class='ocr_par' dir='ltr' id='par_1_77' title="bbox 2158 3348 3739 3428">
     <span class='ocr_line' id='line_1_77' title="bbox 2158 3348 3739 3428; baseline -0.006 -17"><span class='ocrx_word' id='word_1_522' title='bbox 2158 3356 2331 3428; x_wconf 80' lang='grc' dir='ltr'>ἑτέρῳ</span> <span class='ocrx_word' id='word_1_523' title='bbox 2387 3352 2726 3426; x_wconf 81' lang='grc' dir='ltr'>ἡμισφαιρίῳ</span> <span class='ocrx_word' id='word_1_524' title='bbox 2787 3352 2880 3406; x_wconf 88' lang='grc' dir='ltr'><strong>τοῦ</strong></span> <span class='ocrx_word' id='word_1_525' title='bbox 2950 3352 3193 3422; x_wconf 88' lang='grc' dir='ltr'>κόσμου,</span> <span class='ocrx_word' id='word_1_526' title='bbox 3265 3350 3626 3423; x_wconf 85' lang='grc' dir='ltr'>πεπληρωκὸς</span> <span class='ocrx_word' id='word_1_527' title='bbox 3675 3348 3739 3402; x_wconf 80' lang='grc' dir='ltr'>τὸ</span> 
     </span>
    </p>
   </div>
   <div class='ocr_carea' id='block_1_78' title="bbox 2157 3442 3737 3520">
    <p class='ocr_par' dir='ltr' id='par_1_78' title="bbox 2157 3442 3737 3520">
     <span class='ocr_line' id='line_1_78' title="bbox 2157 3442 3737 3520; baseline -0.005 -18"><span class='ocrx_word' id='word_1_528' title='bbox 2157 3446 2535 3520; x_wconf 80' lang='grc' dir='ltr'>ἡμισφαίριον,</span> <span class='ocrx_word' id='word_1_529' title='bbox 2577 3445 2666 3499; x_wconf 76' lang='grc' dir='ltr'>ἀεὶ</span> <span class='ocrx_word' id='word_1_530' title='bbox 2726 3443 3061 3516; x_wconf 77' lang='grc' dir='ltr'>καταντικρὺ</span> <span class='ocrx_word' id='word_1_531' title='bbox 3118 3442 3219 3512; x_wconf 79' lang='grc' dir='ltr'>τῆς</span> <span class='ocrx_word' id='word_1_532' title='bbox 3264 3442 3592 3511; x_wconf 84' lang='grc' dir='ltr'>ἀνταυγείας</span> <span class='ocrx_word' id='word_1_533' title='bbox 3634 3442 3737 3494; x_wconf 84' lang='grc' dir='ltr'>αύ-</span> 
     </span>
    </p>
   </div>
   <div class='ocr_carea' id='block_1_79' title="bbox 2157 3529 3738 3610">
    <p class='ocr_par' dir='ltr' id='par_1_79' title="bbox 2157 3529 3738 3610">
     <span class='ocr_line' id='line_1_79' title="bbox 2157 3529 3738 3610; baseline -0.006 -17"><span class='ocrx_word' id='word_1_534' title='bbox 2157 3539 2251 3594; x_wconf 89' lang='grc' dir='ltr'><strong>τοῦ</strong></span> <span class='ocrx_word' id='word_1_535' title='bbox 2288 3538 2420 3610; x_wconf 76' lang='lat'><strong>(27)&#39;</strong></span> <span class='ocrx_word' id='word_1_536' title='bbox 2463 3536 2553 3591; x_wconf 85' lang='grc' dir='ltr'>τὸν</span> <span class='ocrx_word' id='word_1_537' title='bbox 2592 3535 2649 3589; x_wconf 82' lang='grc' dir='ltr'>δὲ</span> <span class='ocrx_word' id='word_1_538' title='bbox 2687 3535 3011 3606; x_wconf 86' lang='grc' dir='ltr'>φαινόμενον</span> <span class='ocrx_word' id='word_1_539' title='bbox 3045 3532 3368 3601; x_wconf 86' lang='grc' dir='ltr'>ἀνταύγειαν</span> <span class='ocrx_word' id='word_1_540' title='bbox 3400 3529 3539 3586; x_wconf 84' lang='grc' dir='ltr'>εἶναι</span> <span class='ocrx_word' id='word_1_541' title='bbox 3571 3534 3629 3586; x_wconf 83' lang='grc' dir='ltr'>ὲν</span> <span class='ocrx_word' id='word_1_542' title='bbox 3656 3533 3738 3603; x_wconf 83' lang='grc' dir='ltr'>τῷ</span> 
     </span>
    </p>
   </div>
   <div class='ocr_carea' id='block_1_80' title="bbox 2160 3614 3738 3695">
    <p class='ocr_par' dir='ltr' id='par_1_80' title="bbox 2160 3614 3738 3695">
     <span class='ocr_line' id='line_1_80' title="bbox 2160 3614 3738 3695; baseline -0.005 -19"><span class='ocrx_word' id='word_1_543' title='bbox 2160 3623 2332 3695; x_wconf 78' lang='grc' dir='ltr'>ἑτέρῳ</span> <span class='ocrx_word' id='word_1_544' title='bbox 2370 3620 2711 3693; x_wconf 83' lang='grc' dir='ltr'>ἡμισφαιρίῳ</span> <span class='ocrx_word' id='word_1_545' title='bbox 2739 3617 2817 3689; x_wconf 83' lang='grc' dir='ltr'><strong>τῷ</strong></span> <span class='ocrx_word' id='word_1_546' title='bbox 2849 3616 2941 3671; x_wconf 89' lang='grc' dir='ltr'><strong>τοῦ</strong></span> <span class='ocrx_word' id='word_1_547' title='bbox 2998 3617 3157 3689; x_wconf 86' lang='grc' dir='ltr'>ἀέρος</span> <span class='ocrx_word' id='word_1_548' title='bbox 3202 3616 3314 3687; x_wconf 83' lang='lat'><strong>(28)</strong></span> <span class='ocrx_word' id='word_1_549' title='bbox 3350 3614 3445 3669; x_wconf 89' lang='grc' dir='ltr'><strong>τοῦ</strong></span> <span class='ocrx_word' id='word_1_550' title='bbox 3470 3615 3738 3687; x_wconf 87' lang='grc' dir='ltr'>θερμομι-</span> 
     </span>
    </p>
   </div>
   <div class='ocr_carea' id='block_1_81' title="bbox 2160 3706 3739 3785">
    <p class='ocr_par' dir='ltr' id='par_1_81' title="bbox 2160 3706 3739 3785">
     <span class='ocr_line' id='line_1_81' title="bbox 2160 3706 3739 3785; baseline -0.006 -17"><span class='ocrx_word' id='word_1_551' title='bbox 2160 3715 2291 3785; x_wconf 88' lang='grc' dir='ltr'>γοῦς</span> <span class='ocrx_word' id='word_1_552' title='bbox 2321 3711 2754 3785; x_wconf 85' lang='grc' dir='ltr'>πεπληρωμένῳ,</span> <span class='ocrx_word' id='word_1_553' title='bbox 2795 3709 2903 3763; x_wconf 82' lang='grc' dir='ltr'>ἀπὸ</span> <span class='ocrx_word' id='word_1_554' title='bbox 2929 3706 3290 3779; x_wconf 78' lang='grc' dir='ltr'>κυκλοτεροῦς</span> <span class='ocrx_word' id='word_1_555' title='bbox 3332 3706 3431 3778; x_wconf 83' lang='grc' dir='ltr'>τῆς</span> <span class='ocrx_word' id='word_1_556' title='bbox 3454 3708 3579 3777; x_wconf 81' lang='grc' dir='ltr'>γῆς,</span> <span class='ocrx_word' id='word_1_557' title='bbox 3615 3708 3739 3760; x_wconf 77' lang='grc' dir='ltr'>κατ’</span> 
     </span>
    </p>
   </div>
   <div class='ocr_carea' id='block_1_82' title="bbox 2163 3797 3738 3873">
    <p class='ocr_par' dir='ltr' id='par_1_82' title="bbox 2163 3797 3738 3873">
     <span class='ocr_line' id='line_1_82' title="bbox 2163 3797 3738 3873; baseline -0.008 -12"><span class='ocrx_word' id='word_1_558' title='bbox 2163 3806 2480 3868; x_wconf 85' lang='grc' dir='ltr'>ἀνάκλασιν,</span> <span class='ocrx_word' id='word_1_559' title='bbox 2506 3802 2861 3873; x_wconf 75' lang='grc' dir='ltr'>ὲγγινομένην</span> <span class='ocrx_word' id='word_1_560' title='bbox 2922 3801 3004 3864; x_wconf 81' lang='grc' dir='ltr'><strong>είς</strong></span> <span class='ocrx_word' id='word_1_561' title='bbox 3039 3800 3130 3854; x_wconf 78' lang='grc' dir='ltr'>τὸν</span> <span class='ocrx_word' id='word_1_562' title='bbox 3156 3799 3309 3871; x_wconf 82' lang='grc' dir='ltr'>ήλιον</span> <span class='ocrx_word' id='word_1_563' title='bbox 3349 3798 3441 3852; x_wconf 81' lang='grc' dir='ltr'><strong>τὸν</strong></span> <span class='ocrx_word' id='word_1_564' title='bbox 3471 3797 3738 3871; x_wconf 87' lang='grc' dir='ltr'>κρυσταλ-</span> 
     </span>
    </p>
   </div>
   <div class='ocr_carea' id='block_1_83' title="bbox 2154 3889 3733 3966">
    <p class='ocr_par' dir='ltr' id='par_1_83' title="bbox 2154 3889 3733 3966">
     <span class='ocr_line' id='line_1_83' title="bbox 2154 3889 3733 3966; baseline -0.005 -17"><span class='ocrx_word' id='word_1_565' title='bbox 2154 3896 2356 3966; x_wconf 81' lang='grc' dir='ltr'>λοειδῆ,</span> <span class='ocrx_word' id='word_1_566' title='bbox 2389 3892 2929 3966; x_wconf 86' lang='grc' dir='ltr'>συμπεριελκομένην</span> <span class='ocrx_word' id='word_1_567' title='bbox 2949 3890 3006 3944; x_wconf 85' lang='grc' dir='ltr'>δὲ</span> <span class='ocrx_word' id='word_1_568' title='bbox 3032 3893 3099 3962; x_wconf 82' lang='grc' dir='ltr'><strong>τῇ</strong></span> <span class='ocrx_word' id='word_1_569' title='bbox 3131 3891 3344 3961; x_wconf 84' lang='grc' dir='ltr'>κινήσει</span> <span class='ocrx_word' id='word_1_570' title='bbox 3362 3889 3457 3942; x_wconf 89' lang='grc' dir='ltr'><strong>τοῦ</strong></span> <span class='ocrx_word' id='word_1_571' title='bbox 3486 3890 3733 3960; x_wconf 88' lang='grc' dir='ltr'>πυρίνου.</span> 
     </span>
    </p>
   </div>
   <div class='ocr_carea' id='block_1_84' title="bbox 2171 3980 3738 4057">
    <p class='ocr_par' dir='ltr' id='par_1_84' title="bbox 2171 3980 3738 4057">
     <span class='ocr_line' id='line_1_84' title="bbox 2171 3980 3738 4057; baseline -0.005 -17"><span class='ocrx_word' id='word_1_572' title='bbox 2171 3989 2261 4050; x_wconf 82' lang='grc' dir='ltr'>Ὠς</span> <span class='ocrx_word' id='word_1_573' title='bbox 2291 3986 2348 4039; x_wconf 85' lang='grc' dir='ltr'>δὲ</span> <span class='ocrx_word' id='word_1_574' title='bbox 2413 3984 2658 4057; x_wconf 85' lang='grc' dir='ltr'>βραχέως</span> <span class='ocrx_word' id='word_1_575' title='bbox 2719 3982 2968 4056; x_wconf 77' lang='grc' dir='ltr'>εἰρῆσθαι</span> <span class='ocrx_word' id='word_1_576' title='bbox 3020 3980 3370 4051; x_wconf 85' lang='grc' dir='ltr'>συντεμόντα,</span> <span class='ocrx_word' id='word_1_577' title='bbox 3413 3980 3738 4049; x_wconf 87' lang='grc' dir='ltr'>ἀνταύγειαν</span> 
     </span>
    </p>
   </div>
   <div class='ocr_carea' id='block_1_85' title="bbox 2161 4064 3734 4141">
    <p class='ocr_par' dir='ltr' id='par_1_85' title="bbox 2161 4064 3734 4141">
     <span class='ocr_line' id='line_1_85' title="bbox 2161 4064 3734 4141; baseline -0.006 -16"><span class='ocrx_word' id='word_1_578' title='bbox 2161 4068 2300 4125; x_wconf 79' lang='grc' dir='ltr'>εῖναι</span> <span class='ocrx_word' id='word_1_579' title='bbox 2341 4069 2437 4124; x_wconf 86' lang='grc' dir='ltr'><strong>τοῦ</strong></span> <span class='ocrx_word' id='word_1_580' title='bbox 2493 4070 2622 4141; x_wconf 76' lang='grc' dir='ltr'>περὶ</span> <span class='ocrx_word' id='word_1_581' title='bbox 2672 4069 2771 4140; x_wconf 83' lang='grc' dir='ltr'>τὴν</span> <span class='ocrx_word' id='word_1_582' title='bbox 2816 4067 2922 4137; x_wconf 78' lang='grc' dir='ltr'>γῆν</span> <span class='ocrx_word' id='word_1_583' title='bbox 2970 4065 3141 4137; x_wconf 79' lang='grc' dir='ltr'>πυρὸς</span> <span class='ocrx_word' id='word_1_584' title='bbox 3197 4065 3289 4118; x_wconf 83' lang='grc' dir='ltr'>τὸν</span> <span class='ocrx_word' id='word_1_585' title='bbox 3340 4065 3514 4135; x_wconf 84' lang='grc' dir='ltr'>ἦλιον.</span> <span class='ocrx_word' id='word_1_586' title='bbox 3583 4064 3734 4118; x_wconf 83' lang='grc' dir='ltr'>Ἐπί-</span> 
     </span>
    </p>
   </div>
   <div class='ocr_carea' id='block_1_86' title="bbox 2161 4155 3737 4235">
    <p class='ocr_par' dir='ltr' id='par_1_86' title="bbox 2161 4155 3737 4235">
     <span class='ocr_line' id='line_1_86' title="bbox 2161 4155 3737 4235; baseline -0.006 -18"><span class='ocrx_word' id='word_1_587' title='bbox 2161 4180 2372 4235; x_wconf 89' lang='grc' dir='ltr'>κουρος,</span> <span class='ocrx_word' id='word_1_588' title='bbox 2418 4163 2604 4233; x_wconf 82' lang='grc' dir='ltr'>γήϊνον</span> <span class='ocrx_word' id='word_1_589' title='bbox 2638 4158 2926 4230; x_wconf 89' lang='grc' dir='ltr'>πύκνωμα,</span> <span class='ocrx_word' id='word_1_590' title='bbox 2978 4155 3365 4230; x_wconf 84' lang='grc' dir='ltr'>κισσηροειδὲς,</span> <span class='ocrx_word' id='word_1_591' title='bbox 3422 4157 3515 4210; x_wconf 76' lang='grc' dir='ltr'>καὶ</span> <span class='ocrx_word' id='word_1_592' title='bbox 3566 4172 3737 4223; x_wconf 83' lang='grc' dir='ltr'>σπογ-</span> 
     </span>
    </p>
   </div>
   <div class='ocr_carea' id='block_1_87' title="bbox 2160 4247 3739 4326">
    <p class='ocr_par' dir='ltr' id='par_1_87' title="bbox 2160 4247 3739 4326">
     <span class='ocr_line' id='line_1_87' title="bbox 2160 4247 3739 4326; baseline -0.007 -16"><span class='ocrx_word' id='word_1_593' title='bbox 2160 4256 2367 4326; x_wconf 82' lang='grc' dir='ltr'>γοειδὲς</span> <span class='ocrx_word' id='word_1_594' title='bbox 2410 4258 2531 4319; x_wconf 85' lang='grc' dir='ltr'>ταῖς</span> <span class='ocrx_word' id='word_1_595' title='bbox 2591 4255 2990 4325; x_wconf 86' lang='grc' dir='ltr'>κατατρήσεσιν</span> <span class='ocrx_word' id='word_1_596' title='bbox 3047 4251 3193 4322; x_wconf 87' lang='lat'><strong>(29),</strong></span> <span class='ocrx_word' id='word_1_597' title='bbox 3241 4249 3346 4303; x_wconf 80' lang='grc' dir='ltr'><strong>ὑπὸ</strong></span> <span class='ocrx_word' id='word_1_598' title='bbox 3411 4248 3506 4302; x_wconf 87' lang='grc' dir='ltr'><strong>τοῦ</strong></span> <span class='ocrx_word' id='word_1_599' title='bbox 3566 4247 3739 4319; x_wconf 81' lang='grc' dir='ltr'>πυρὸς</span> 
     </span>
    </p>
   </div>
   <div class='ocr_carea' id='block_1_88' title="bbox 2155 4348 2518 4420">
    <p class='ocr_par' dir='ltr' id='par_1_88' title="bbox 2155 4348 2518 4420">
     <span class='ocr_line' id='line_1_88' title="bbox 2155 4348 2518 4420; baseline -0.008 -18"><span class='ocrx_word' id='word_1_600' title='bbox 2155 4350 2256 4420; x_wconf 88' lang='grc' dir='ltr'><strong>ἀνη</strong></span> <span class='ocrx_word' id='word_1_601' title='bbox 2265 4367 2303 4420; x_wconf 90' lang='grc' dir='ltr'><strong>μ</strong></span> <span class='ocrx_word' id='word_1_602' title='bbox 2309 4348 2465 4420; x_wconf 85' lang='grc' dir='ltr'>μένον</span> <span class='ocrx_word' id='word_1_603' title='bbox 2471 4387 2483 4400; x_wconf 94' lang='grc'><strong>.</strong></span> <span class='ocrx_word' id='word_1_604' title='bbox 2499 4365 2518 4398; x_wconf 72' lang='grc' dir='ltr'><strong>ι</strong></span> 
     </span>
    </p>
   </div>
   <div class='ocr_carea' id='block_1_89' title="bbox 479 4433 3738 4513">
    <p class='ocr_par' dir='ltr' id='par_1_89' title="bbox 479 4433 3738 4513">
     <span class='ocr_line' id='line_1_89' title="bbox 479 4433 3738 4513; baseline -0.001 -24"><span class='ocrx_word' id='word_1_605' title='bbox 479 4435 600 4504; x_wconf 76' lang='lat' dir='ltr'><strong>ejus</strong></span> <span class='ocrx_word' id='word_1_606' title='bbox 634 4434 727 4505; x_wconf 92' lang='lat' dir='ltr'><strong>qui</strong></span> <span class='ocrx_word' id='word_1_607' title='bbox 785 4437 932 4491; x_wconf 90' lang='lat' dir='ltr'><strong>circa</strong></span> <span class='ocrx_word' id='word_1_608' title='bbox 992 4445 1193 4491; x_wconf 90' lang='lat' dir='ltr'><strong>terram</strong></span> <span class='ocrx_word' id='word_1_609' title='bbox 1242 4448 1346 4505; x_wconf 85' lang='lat' dir='ltr'><strong>est,</strong></span> <span class='ocrx_word' id='word_1_610' title='bbox 1412 4439 1556 4509; x_wconf 87' lang='lat' dir='ltr'><strong>ignis</strong></span> <span class='ocrx_word' id='word_1_611' title='bbox 1624 4439 1993 4497; x_wconf 80' lang='lat' dir='ltr'><strong>reﬂexionem.</strong></span> <span class='ocrx_word' id='word_1_612' title='bbox 2047 4442 2315 4513; x_wconf 87' lang='lat' dir='ltr'><strong>Epicurus</strong></span> <span class='ocrx_word' id='word_1_613' title='bbox 2356 4441 2622 4511; x_wconf 89' lang='lat' dir='ltr'><strong>denique,</strong></span> <span class='ocrx_word' id='word_1_614' title='bbox 2672 4448 2982 4495; x_wconf 81' lang='lat' dir='ltr'><strong>terrestrem</strong></span> <span class='ocrx_word' id='word_1_615' title='bbox 3048 4450 3325 4500; x_wconf 85' lang='lat' dir='ltr'><strong>massam,</strong></span> <span class='ocrx_word' id='word_1_616' title='bbox 3371 4433 3605 4505; x_wconf 88' lang='lat' dir='ltr'><strong>pumicis</strong></span> <span class='ocrx_word' id='word_1_617' title='bbox 3643 4440 3738 4487; x_wconf 83' lang='lat' dir='ltr'><strong>aut</strong></span> 
     </span>
    </p>
   </div>
   <div class='ocr_carea' id='block_1_90' title="bbox 480 4530 2309 4607">
    <p class='ocr_par' dir='ltr' id='par_1_90' title="bbox 480 4530 2309 4607">
     <span class='ocr_line' id='line_1_90' title="bbox 480 4530 2309 4607; baseline 0.004 -25"><span class='ocrx_word' id='word_1_618' title='bbox 480 4530 722 4601; x_wconf 67' lang='lat' dir='ltr'><strong>spongia:</strong></span> <span class='ocrx_word' id='word_1_619' title='bbox 754 4531 960 4586; x_wconf 82' lang='lat' dir='ltr'><strong>crebris</strong></span> <span class='ocrx_word' id='word_1_620' title='bbox 986 4530 1343 4590; x_wconf 81' lang='lat' dir='ltr'><strong>foraminibus</strong></span> <span class='ocrx_word' id='word_1_621' title='bbox 1369 4534 1623 4600; x_wconf 86' lang='lat' dir='ltr'><strong>similem,</strong></span> <span class='ocrx_word' id='word_1_622' title='bbox 1669 4536 1889 4607; x_wconf 85' lang='lat' dir='ltr'><strong>ignique</strong></span> <span class='ocrx_word' id='word_1_623' title='bbox 1914 4552 2254 4594; x_wconf 89' lang='lat' dir='ltr'><strong>succensam.</strong></span> <span class='ocrx_word' id='word_1_624' title='bbox 2290 4556 2309 4589; x_wconf 71' lang='grc' dir='ltr'><strong>ι</strong></span> 
     </span>
    </p>
   </div>
   <div class='ocr_carea' id='block_1_91' title="bbox 552 4707 2050 4785">
    <p class='ocr_par' dir='ltr' id='par_1_91' title="bbox 552 4707 2049 4785">
     <span class='ocr_line' id='line_1_91' title="bbox 552 4707 2049 4785; baseline 0.005 -24"><span class='ocrx_word' id='word_1_625' title='bbox 552 4707 665 4779; x_wconf 84' lang='lat'><strong>(20)</strong></span> <span class='ocrx_word' id='word_1_626' title='bbox 709 4708 1184 4785; x_wconf 57' lang='lat' dir='ltr'><strong>’Ayalflyarprg.</strong></span> <span class='ocrx_word' id='word_1_627' title='bbox 1210 4710 1837 4785; x_wconf 83' lang='lat' dir='ltr'><strong>Plutarchumdeinceps</strong></span> <span class='ocrx_word' id='word_1_628' title='bbox 1866 4715 1931 4768; x_wconf 86' lang='lat' dir='ltr'><strong>ad</strong></span> <span class='ocrx_word' id='word_1_629' title='bbox 1955 4730 2049 4769; x_wconf 75' lang='lat' dir='ltr'><strong>ex-</strong></span> 
     </span>
    </p>
   </div>
   <div class='ocr_carea' id='block_1_92' title="bbox 2156 4707 2668 4785">
    <p class='ocr_par' dir='ltr' id='par_1_92' title="bbox 2156 4712 2668 4785">
     <span class='ocr_line' id='line_1_92' title="bbox 2156 4712 2668 4785; baseline -0.012 -14"><span class='ocrx_word' id='word_1_630' title='bbox 2156 4729 2377 4782; x_wconf 79' lang='lat' dir='ltr'><strong>excuso,</strong></span> <span class='ocrx_word' id='word_1_631' title='bbox 2406 4714 2467 4785; x_wconf 75' lang='grc' dir='ltr'><strong>τό</strong></span> <span class='ocrx_word' id='word_1_632' title='bbox 2502 4730 2562 4767; x_wconf 87' lang='grc' dir='ltr'><strong>τε</strong></span> <span class='ocrx_word' id='word_1_633' title='bbox 2604 4712 2668 4785; x_wconf 83' lang='grc' dir='ltr'>δὴ</span> 
     </span>
    </p>
   </div>
   <div class='ocr_carea' id='block_1_93' title="bbox 482 4779 2051 4849">
    <p class='ocr_par' dir='ltr' id='par_1_93' title="bbox 482 4779 2051 4849">
     <span class='ocr_line' id='line_1_93' title="bbox 482 4779 2051 4849; baseline 0.004 -17"><span class='ocrx_word' id='word_1_634' title='bbox 482 4787 716 4849; x_wconf 79' lang='lat' dir='ltr'><strong>tremum</strong></span> <span class='ocrx_word' id='word_1_635' title='bbox 751 4779 863 4834; x_wconf 87' lang='lat' dir='ltr'><strong>fere</strong></span> <span class='ocrx_word' id='word_1_636' title='bbox 901 4781 1097 4834; x_wconf 83' lang='lat' dir='ltr'><strong>librum</strong></span> <span class='ocrx_word' id='word_1_637' title='bbox 1127 4784 1436 4849; x_wconf 84' lang='lat' dir='ltr'><strong>loquentem</strong></span> <span class='ocrx_word' id='word_1_638' title='bbox 1470 4779 1791 4849; x_wconf 56' lang='lat' dir='ltr'><strong>audiemus;</strong></span> <span class='ocrx_word' id='word_1_639' title='bbox 1806 4785 1861 4837; x_wconf 92' lang='lat' dir='ltr'><strong>in</strong></span> <span class='ocrx_word' id='word_1_640' title='bbox 1898 4785 2051 4838; x_wconf 89' lang='lat' dir='ltr'><strong>libris</strong></span> 
     </span>
    </p>
   </div>
   <div class='ocr_carea' id='block_1_94' title="bbox 482 4848 2057 4920">
    <p class='ocr_par' dir='ltr' id='par_1_94' title="bbox 482 4848 2057 4920">
     <span class='ocr_line' id='line_1_94' title="bbox 482 4848 2057 4920; baseline 0.006 -20"><span class='ocrx_word' id='word_1_641' title='bbox 482 4848 560 4901; x_wconf 89' lang='lat' dir='ltr'><strong>De</strong></span> <span class='ocrx_word' id='word_1_642' title='bbox 600 4848 784 4918; x_wconf 79' lang='lat' dir='ltr'><strong>placit.</strong></span> <span class='ocrx_word' id='word_1_643' title='bbox 816 4850 1173 4920; x_wconf 71' lang='lat' dir='ltr'><strong>plnlosoplior.</strong></span> <span class='ocrx_word' id='word_1_644' title='bbox 1204 4848 1423 4908; x_wconf 67' lang='lat' dir='ltr'><strong>Primus</strong></span> <span class='ocrx_word' id='word_1_645' title='bbox 1469 4854 1559 4907; x_wconf 88' lang='lat' dir='ltr'><strong>hic</strong></span> <span class='ocrx_word' id='word_1_646' title='bbox 1610 4848 1769 4908; x_wconf 83' lang='lat' dir='ltr'><strong>locus</strong></span> <span class='ocrx_word' id='word_1_647' title='bbox 1805 4855 2057 4909; x_wconf 75' lang='lat' dir='ltr'><strong>exstabat</strong></span> 
     </span>
    </p>
   </div>
   <div class='ocr_carea' id='block_1_95' title="bbox 482 4919 2057 5064">
    <p class='ocr_par' dir='ltr' id='par_1_95' title="bbox 482 4919 2057 5064">
     <span class='ocr_line' id='line_1_95' title="bbox 482 4919 933 4985; baseline -0.004 -13"><span class='ocrx_word' id='word_1_648' title='bbox 482 4919 575 4972; x_wconf 80' lang='lat' dir='ltr'><strong>lib.</strong></span> <span class='ocrx_word' id='word_1_649' title='bbox 604 4934 664 4985; x_wconf 90' lang='grc' dir='ltr'><strong>ιι,</strong></span> <span class='ocrx_word' id='word_1_650' title='bbox 696 4934 756 4973; x_wconf 88' lang='lat' dir='ltr'><strong>ca</strong></span> <span class='ocrx_word' id='word_1_651' title='bbox 807 4919 821 4972; x_wconf 61' lang='grc'><strong>,⁷</strong></span> <span class='ocrx_word' id='word_1_652' title='bbox 845 4919 933 4972; x_wconf 84' lang='lat'><strong>20.</strong></span> 
     </span>
     <span class='ocr_line' id='line_1_96' title="bbox 553 4936 2057 5064; baseline 0.004 -23"><span class='ocrx_word' id='word_1_653' title='bbox 553 4936 1070 5064; x_wconf 50' lang='lat' dir='ltr'><strong>(2l)__&#39;Ee¢5pqlrsn-.</strong></span> <span class='ocrx_word' id='word_1_654' title='bbox 1118 4987 1310 5046; x_wconf 79' lang='lat' dir='ltr'><strong>Melius</strong></span> <span class='ocrx_word' id='word_1_655' title='bbox 1351 5005 1513 5061; x_wconf 85' lang='lat' dir='ltr'><strong>quam</strong></span> <span class='ocrx_word' id='word_1_656' title='bbox 1563 4989 1948 5064; x_wconf 82' lang='grc' dir='ltr'>ὲκφαινούσης,</span> <span class='ocrx_word' id='word_1_657' title='bbox 1996 5001 2057 5047; x_wconf 85' lang='lat' dir='ltr'><strong>ut</strong></span> 
     </span>
    </p>
   </div>
   <div class='ocr_carea' id='block_1_96' title="bbox 482 5057 938 5127">
    <p class='ocr_par' dir='ltr' id='par_1_96' title="bbox 482 5057 938 5127">
     <span class='ocr_line' id='line_1_97' title="bbox 482 5057 938 5127; baseline -0.002 -15"><span class='ocrx_word' id='word_1_658' title='bbox 482 5057 625 5127; x_wconf 80' lang='lat' dir='ltr'><strong>apud</strong></span> <span class='ocrx_word' id='word_1_659' title='bbox 646 5057 938 5113; x_wconf 75' lang='lat' dir='ltr'><strong>Plutarch.</strong></span> 
     </span>
    </p>
   </div>
   <div class='ocr_carea' id='block_1_97' title="bbox 517 5126 2057 5212">
    <p class='ocr_par' dir='ltr' id='par_1_97' title="bbox 517 5126 2057 5212">
     <span class='ocr_line' id='line_1_98' title="bbox 517 5126 2057 5212; baseline 0.005 -35"><span class='ocrx_word' id='word_1_660' title='bbox 517 5126 527 5177; x_wconf 70' lang='lat'>;</span> <span class='ocrx_word' id='word_1_661' title='bbox 555 5127 666 5198; x_wconf 87' lang='lat'><strong>(22)</strong></span> <span class='ocrx_word' id='word_1_662' title='bbox 709 5129 804 5212; x_wconf 61' lang='grc' dir='ltr'>Ἐκ</span> <span class='ocrx_word' id='word_1_663' title='bbox 822 5126 1019 5197; x_wconf 74' lang='grc' dir='ltr'>νεφῶν</span> <span class='ocrx_word' id='word_1_664' title='bbox 1041 5127 1863 5212; x_wconf 49' lang='grc' dir='ltr'>πεπορωμένωνᾼηιιιοτοιιηῆ</span> <span class='ocrx_word' id='word_1_665' title='bbox 1897 5130 2057 5212; x_wconf 76' lang='grc' dir='ltr'>νέφος</span> 
     </span>
    </p>
   </div>
   <div class='ocr_carea' id='block_1_98' title="bbox 485 5198 2056 5339">
    <p class='ocr_par' dir='ltr' id='par_1_98' title="bbox 485 5198 2056 5339">
     <span class='ocr_line' id='line_1_99' title="bbox 486 5198 2056 5270; baseline 0.004 -21"><span class='ocrx_word' id='word_1_666' title='bbox 486 5198 902 5270; x_wconf 82' lang='grc' dir='ltr'>πεπυρωμένον,</span> <span class='ocrx_word' id='word_1_667' title='bbox 955 5215 1117 5267; x_wconf 89' lang='lat' dir='ltr'><strong>quam</strong></span> <span class='ocrx_word' id='word_1_668' title='bbox 1173 5198 1459 5254; x_wconf 87' lang='lat' dir='ltr'><strong>lectionem</strong></span> <span class='ocrx_word' id='word_1_669' title='bbox 1508 5200 1832 5269; x_wconf 80' lang='lat' dir='ltr'><strong>interpretes</strong></span> <span class='ocrx_word' id='word_1_670' title='bbox 1852 5198 1862 5201; x_wconf 61' lang='grc'>⁷</span> <span class='ocrx_word' id='word_1_671' title='bbox 1883 5198 2056 5256; x_wconf 82' lang='lat' dir='ltr'><strong>secuti</strong></span> 
     </span>
     <span class='ocr_line' id='line_1_100' title="bbox 485 5266 1893 5339; baseline 0.001 -18"><span class='ocrx_word' id='word_1_672' title='bbox 485 5278 633 5339; x_wconf 85' lang='lat' dir='ltr'><strong>sunt.</strong></span> <span class='ocrx_word' id='word_1_673' title='bbox 656 5266 913 5339; x_wconf 77' lang='lat' dir='ltr'><strong>Utraque</strong></span> <span class='ocrx_word' id='word_1_674' title='bbox 939 5268 1152 5339; x_wconf 80' lang='lat' dir='ltr'><strong>defendi</strong></span> <span class='ocrx_word' id='word_1_675' title='bbox 1180 5285 1287 5323; x_wconf 91' lang='lat' dir='ltr'><strong>non</strong></span> <span class='ocrx_word' id='word_1_676' title='bbox 1320 5270 1665 5325; x_wconf 87' lang='lat' dir='ltr'><strong>incommode</strong></span> <span class='ocrx_word' id='word_1_677' title='bbox 1698 5279 1893 5339; x_wconf 81' lang='lat' dir='ltr'><strong>potest.</strong></span> 
     </span>
    </p>
   </div>
   <div class='ocr_carea' id='block_1_99' title="bbox 559 5336 2053 5459">
    <p class='ocr_par' dir='ltr' id='par_1_99' title="bbox 559 5336 2053 5459">
     <span class='ocr_line' id='line_1_101' title="bbox 559 5336 2053 5459; baseline 0.001 -67"><span class='ocrx_word' id='word_1_678' title='bbox 559 5338 672 5459; x_wconf 62' lang='lat'><strong>(25)</strong></span> <span class='ocrx_word' id='word_1_679' title='bbox 701 5336 946 5422; x_wconf 68' lang='grc' dir='ltr'>ζνρερόν.</span> <span class='ocrx_word' id='word_1_680' title='bbox 982 5336 1135 5394; x_wconf 85' lang='lat' dir='ltr'><strong>Hauc</strong></span> <span class='ocrx_word' id='word_1_681' title='bbox 1159 5355 1346 5394; x_wconf 84' lang='lat' dir='ltr'><strong>vocem</strong></span> <span class='ocrx_word' id='word_1_682' title='bbox 1368 5340 1618 5396; x_wconf 83' lang='lat' dir='ltr'><strong>Amiotus</strong></span> <span class='ocrx_word' id='word_1_683' title='bbox 1640 5336 1735 5395; x_wconf 80' lang='lat' dir='ltr'><strong>aut</strong></span> <span class='ocrx_word' id='word_1_684' title='bbox 1758 5355 1869 5395; x_wconf 93' lang='lat' dir='ltr'><strong>nou</strong></span> <span class='ocrx_word' id='word_1_685' title='bbox 1903 5339 2053 5411; x_wconf 86' lang='lat' dir='ltr'><strong>legit,</strong></span> 
     </span>
     <span class='ocr_line' id='line_1_102' title="bbox 608 5420 812 5459; baseline 0 0"><span class='ocrx_word' id='word_1_686' title='bbox 608 5420 812 5459; x_wconf 79' lang='lat' dir='ltr'>OIIIISIL</span> 
     </span>
    </p>
   </div>
   <div class='ocr_carea' id='block_1_100' title="bbox 484 5420 812 5464">
    <p class='ocr_par' dir='ltr' id='par_1_100' title="bbox 484 5420 812 5464">
     <span class='ocr_line' id='line_1_103' title="bbox 484 5420 812 5464; baseline 0.009 -5"><span class='ocrx_word' id='word_1_687' title='bbox 484 5420 578 5460; x_wconf 86' lang='lat' dir='ltr'><strong>aut</strong></span> <span class='ocrx_word' id='word_1_688' title='bbox 608 5420 812 5464; x_wconf 75' lang='lat' dir='ltr'><strong>omisn.</strong></span> 
     </span>
    </p>
   </div>
   <div class='ocr_carea' id='block_1_101' title="bbox 555 5475 1779 5548">
    <p class='ocr_par' dir='ltr' id='par_1_101' title="bbox 555 5475 1779 5548">
     <span class='ocr_line' id='line_1_104' title="bbox 555 5475 1779 5548; baseline 0.002 -19"><span class='ocrx_word' id='word_1_689' title='bbox 555 5475 667 5548; x_wconf 69' lang='lat'><strong>(24)</strong></span> <span class='ocrx_word' id='word_1_690' title='bbox 698 5481 936 5534; x_wconf 78' lang='grc' dir='ltr'>Δι’σκον.</span> <span class='ocrx_word' id='word_1_691' title='bbox 967 5475 1035 5548; x_wconf 79' lang='lat' dir='ltr'><strong>Et</strong></span> <span class='ocrx_word' id='word_1_692' title='bbox 1066 5477 1208 5533; x_wconf 88' lang='lat' dir='ltr'><strong>hanc</strong></span> <span class='ocrx_word' id='word_1_693' title='bbox 1237 5479 1476 5548; x_wconf 67' lang='lat' dir='ltr'><strong>praeterit</strong></span> <span class='ocrx_word' id='word_1_694' title='bbox 1509 5479 1779 5535; x_wconf 85' lang='lat' dir='ltr'><strong>Amiotus.</strong></span> 
     </span>
    </p>
   </div>
   <div class='ocr_carea' id='block_1_102' title="bbox 555 5546 2054 5621">
    <p class='ocr_par' dir='ltr' id='par_1_102' title="bbox 555 5546 2054 5621">
     <span class='ocr_line' id='line_1_105' title="bbox 555 5546 2054 5621; baseline 0.003 -22"><span class='ocrx_word' id='word_1_695' title='bbox 555 5546 934 5621; x_wconf 59' lang='lat' dir='ltr'><strong>(25)_&quot;L_l.1lov.</strong></span> <span class='ocrx_word' id='word_1_696' title='bbox 968 5547 1046 5603; x_wconf 87' lang='lat' dir='ltr'><strong>lta</strong></span> <span class='ocrx_word' id='word_1_697' title='bbox 1087 5546 1395 5611; x_wconf 49' lang='lat' dir='ltr'><strong>mssfduo.</strong></span> <span class='ocrx_word' id='word_1_698' title='bbox 1426 5562 1482 5604; x_wconf 86' lang='lat' dir='ltr'><strong>et</strong></span> <span class='ocrx_word' id='word_1_699' title='bbox 1524 5559 1685 5604; x_wconf 86' lang='lat' dir='ltr'><strong>recte.</strong></span> <span class='ocrx_word' id='word_1_700' title='bbox 1719 5550 1880 5606; x_wconf 89' lang='lat' dir='ltr'><strong>Prius</strong></span> <span class='ocrx_word' id='word_1_701' title='bbox 1913 5550 2054 5621; x_wconf 85' lang='lat' dir='ltr'><strong>lege-</strong></span> 
     </span>
    </p>
   </div>
   <div class='ocr_carea' id='block_1_103' title="bbox 484 5613 2054 5691">
    <p class='ocr_par' dir='ltr' id='par_1_103' title="bbox 484 5613 2054 5691">
     <span class='ocr_line' id='line_1_106' title="bbox 484 5613 2054 5691; baseline 0.006 -25"><span class='ocrx_word' id='word_1_702' title='bbox 484 5613 827 5691; x_wconf 58' lang='grc' dir='ltr'>ξιιιῐυιίήλίῳ,</span> <span class='ocrx_word' id='word_1_703' title='bbox 855 5633 1019 5691; x_wconf 85' lang='lat' dir='ltr'><strong>quam</strong></span> <span class='ocrx_word' id='word_1_704' title='bbox 1069 5632 1255 5673; x_wconf 83' lang='lat' dir='ltr'><strong>vocem</strong></span> <span class='ocrx_word' id='word_1_705' title='bbox 1292 5635 1526 5691; x_wconf 57' lang='lat' dir='ltr'><strong>escusus</strong></span> <span class='ocrx_word' id='word_1_706' title='bbox 1577 5621 1792 5685; x_wconf 86' lang='lat' dir='ltr'><strong>retinet,</strong></span> <span class='ocrx_word' id='word_1_707' title='bbox 1841 5613 2054 5691; x_wconf 56' lang='lat' dir='ltr'><strong>ipsiq&#39;ue</strong></span> 
     </span>
    </p>
   </div>
   <div class='ocr_carea' id='block_1_104' title="bbox 484 5684 1511 5755">
    <p class='ocr_par' dir='ltr' id='par_1_104' title="bbox 484 5684 1511 5755">
     <span class='ocr_line' id='line_1_107' title="bbox 484 5684 1511 5755; baseline 0.005 -18"><span class='ocrx_word' id='word_1_708' title='bbox 484 5684 804 5755; x_wconf 77' lang='lat' dir='ltr'><strong>interpretes</strong></span> <span class='ocrx_word' id='word_1_709' title='bbox 832 5684 1135 5755; x_wconf 61' lang='lat' dir='ltr'><strong>eiprimere</strong></span> <span class='ocrx_word' id='word_1_710' title='bbox 1160 5688 1339 5743; x_wconf 90' lang='lat' dir='ltr'><strong>conati</strong></span> <span class='ocrx_word' id='word_1_711' title='bbox 1366 5697 1511 5742; x_wconf 90' lang='lat' dir='ltr'><strong>sunt.</strong></span> 
     </span>
    </p>
   </div>
   <div class='ocr_carea' id='block_1_105' title="bbox 556 5754 2052 5830">
    <p class='ocr_par' dir='ltr' id='par_1_105' title="bbox 556 5754 2052 5830">
     <span class='ocr_line' id='line_1_108' title="bbox 556 5754 2052 5830; baseline 0.005 -22"><span class='ocrx_word' id='word_1_712' title='bbox 556 5754 666 5827; x_wconf 75' lang='lat'><strong>(26)</strong></span> <span class='ocrx_word' id='word_1_713' title='bbox 702 5756 992 5825; x_wconf 82' lang='grc' dir='ltr'><strong>Πυρῶὃες.</strong></span> <span class='ocrx_word' id='word_1_714' title='bbox 1028 5756 1152 5812; x_wconf 88' lang='lat' dir='ltr'><strong>Post</strong></span> <span class='ocrx_word' id='word_1_715' title='bbox 1200 5759 1338 5812; x_wconf 84' lang='lat' dir='ltr'><strong>hanc</strong></span> <span class='ocrx_word' id='word_1_716' title='bbox 1387 5773 1571 5814; x_wconf 79' lang='lat' dir='ltr'><strong>vocem</strong></span> <span class='ocrx_word' id='word_1_717' title='bbox 1626 5758 1699 5814; x_wconf 89' lang='lat' dir='ltr'><strong>ita</strong></span> <span class='ocrx_word' id='word_1_718' title='bbox 1752 5760 1949 5830; x_wconf 86' lang='lat' dir='ltr'><strong>legitur</strong></span> <span class='ocrx_word' id='word_1_719' title='bbox 1999 5761 2052 5815; x_wconf 91' lang='lat' dir='ltr'><strong>in</strong></span> 
     </span>
    </p>
   </div>
   <div class='ocr_carea' id='block_1_106' title="bbox 2710 4706 3737 4779">
    <p class='ocr_par' dir='ltr' id='par_1_106' title="bbox 2710 4706 3737 4779">
     <span class='ocr_line' id='line_1_109' title="bbox 2710 4706 3737 4779; baseline -0.007 -12"><span class='ocrx_word' id='word_1_720' title='bbox 2710 4713 2802 4767; x_wconf 82' lang='grc' dir='ltr'><strong>ἀπ’</strong></span> <span class='ocrx_word' id='word_1_721' title='bbox 2846 4712 3011 4767; x_wconf 86' lang='grc' dir='ltr'>αὐτοῦ</span> <span class='ocrx_word' id='word_1_722' title='bbox 3049 4711 3144 4766; x_wconf 75' lang='grc' dir='ltr'><strong>κα)⁵</strong></span> <span class='ocrx_word' id='word_1_723' title='bbox 3185 4707 3593 4779; x_wconf 21' lang='grc' dir='ltr'>ὲσοπτροεᾼιδὲς,</span> <span class='ocrx_word' id='word_1_724' title='bbox 3630 4706 3737 4779; x_wconf 30' lang='grc' dir='ltr'>’καὶ</span> 
     </span>
    </p>
   </div>
   <div class='ocr_carea' id='block_1_107' title="bbox 2158 4776 3741 4858">
    <p class='ocr_par' dir='ltr' id='par_1_107' title="bbox 2158 4776 3741 4858">
     <span class='ocr_line' id='line_1_110' title="bbox 2158 4776 3741 4858; baseline -0.007 -19"><span class='ocrx_word' id='word_1_725' title='bbox 2158 4776 2377 4857; x_wconf 70' lang='grc' dir='ltr'>τρίτον,</span> <span class='ocrx_word' id='word_1_726' title='bbox 2405 4784 2503 4858; x_wconf 81' lang='grc' dir='ltr'>τὴν</span> <span class='ocrx_word' id='word_1_727' title='bbox 2535 4776 2668 4858; x_wconf 43' lang='grc' dir='ltr'>ἀπὺί</span> <span class='ocrx_word' id='word_1_728' title='bbox 2681 4783 2775 4858; x_wconf 83' lang='grc' dir='ltr'><strong>τοῦ</strong></span> <span class='ocrx_word' id='word_1_729' title='bbox 2820 4784 3091 4858; x_wconf 50' lang='grc' dir='ltr'>ἐσόπτρου</span> <span class='ocrx_word' id='word_1_730' title='bbox 3134 4782 3256 4858; x_wconf 44' lang='grc' dir='ltr'>κατ’</span> <span class='ocrx_word' id='word_1_731' title='bbox 3299 4776 3596 4858; x_wconf 72' lang='grc' dir='ltr'>ἀνᾲκλασιν</span> <span class='ocrx_word' id='word_1_732' title='bbox 3626 4776 3741 4858; x_wconf 77' lang='grc' dir='ltr'>δια-</span> 
     </span>
    </p>
   </div>
   <div class='ocr_carea' id='block_1_108' title="bbox 2164 4849 3740 4928">
    <p class='ocr_par' dir='ltr' id='par_1_108' title="bbox 2164 4849 3740 4928">
     <span class='ocr_line' id='line_1_111' title="bbox 2164 4849 3740 4928; baseline -0.005 -20"><span class='ocrx_word' id='word_1_733' title='bbox 2164 4849 2532 4928; x_wconf 71' lang='grc' dir='ltr'>σπειρομένην</span> <span class='ocrx_word' id='word_1_734' title='bbox 2563 4853 2699 4924; x_wconf 85' lang='grc' dir='ltr'>πρὸς</span> <span class='ocrx_word' id='word_1_735' title='bbox 2726 4856 2875 4928; x_wconf 73' lang='grc' dir='ltr'>ήμᾷς</span> <span class='ocrx_word' id='word_1_736' title='bbox 2922 4849 3114 4928; x_wconf 63' lang='grc' dir='ltr'><strong>αὑγήνΣ</strong></span> <span class='ocrx_word' id='word_1_737' title='bbox 3147 4850 3280 4916; x_wconf 64' lang='lat' dir='ltr'><strong>Qua!</strong></span> <span class='ocrx_word' id='word_1_738' title='bbox 3326 4849 3618 4928; x_wconf 42' lang='lat' dir='ltr'><strong>atlu‘iofdun&#39;i</strong></span> <span class='ocrx_word' id='word_1_739' title='bbox 3657 4849 3740 4900; x_wconf 83' lang='lat' dir='ltr'><strong>in-</strong></span> 
     </span>
    </p>
   </div>
   <div class='ocr_carea' id='block_1_109' title="bbox 2161 4916 3737 4997">
    <p class='ocr_par' dir='ltr' id='par_1_109' title="bbox 2161 4916 3737 4997">
     <span class='ocr_line' id='line_1_112' title="bbox 2161 4916 3737 4997; baseline -0.005 -19"><span class='ocrx_word' id='word_1_740' title='bbox 2161 4916 2376 4997; x_wconf 57' lang='lat' dir='ltr'><strong>trica&#39;ta&#39;</strong></span> <span class='ocrx_word' id='word_1_741' title='bbox 2404 4916 2532 4979; x_wconf 78' lang='lat' dir='ltr'><strong>sunt</strong></span> <span class='ocrx_word' id='word_1_742' title='bbox 2555 4965 2570 4989; x_wconf 90' lang='lat'><strong>,</strong></span> <span class='ocrx_word' id='word_1_743' title='bbox 2605 4916 2704 4979; x_wconf 80' lang='lat' dir='ltr'><strong>nec</strong></span> <span class='ocrx_word' id='word_1_744' title='bbox 2740 4916 2895 4997; x_wconf 67' lang='lat' dir='ltr'><strong>satis,</strong></span> <span class='ocrx_word' id='word_1_745' title='bbox 2932 4916 3737 4997; x_wconf 35' lang='lat' dir='ltr'><strong>ut&#39;_v&#39;idetur,_‘apu_d.Gallicum</strong></span> 
     </span>
    </p>
   </div>
   <div class='ocr_carea' id='block_1_110' title="bbox 2163 4988 3738 5065">
    <p class='ocr_par' dir='ltr' id='par_1_110' title="bbox 2163 4988 3738 5065">
     <span class='ocr_line' id='line_1_113' title="bbox 2163 4988 3738 5065; baseline -0.003 -18"><span class='ocrx_word' id='word_1_746' title='bbox 2163 4988 2561 5063; x_wconf 89' lang='lat' dir='ltr'><strong>interpretem,</strong></span> <span class='ocrx_word' id='word_1_747' title='bbox 2603 4992 2873 5063; x_wconf 78' lang='lat' dir='ltr'><strong>expedita.</strong></span> <span class='ocrx_word' id='word_1_748' title='bbox 2932 4990 3206 5065; x_wconf 83' lang='lat' dir='ltr'><strong>Xylander</strong></span> <span class='ocrx_word' id='word_1_749' title='bbox 3261 4988 3494 5044; x_wconf 79' lang='lat' dir='ltr'><strong>Eusebio</strong></span> <span class='ocrx_word' id='word_1_750' title='bbox 3547 4996 3738 5042; x_wconf 85' lang='lat' dir='ltr'><strong>nostro</strong></span> 
     </span>
    </p>
   </div>
   <div class='ocr_carea' id='block_1_111' title="bbox 2163 5064 2339 5118">
    <p class='ocr_par' dir='ltr' id='par_1_111' title="bbox 2163 5064 2339 5118">
     <span class='ocr_line' id='line_1_114' title="bbox 2163 5064 2339 5118; baseline 0 0"><span class='ocrx_word' id='word_1_751' title='bbox 2163 5064 2339 5118; x_wconf 69' lang='lat' dir='ltr'><strong>haesit.</strong></span> 
     </span>
    </p>
   </div>
   <div class='ocr_carea' id='block_1_112' title="bbox 2236 5125 3736 5206">
    <p class='ocr_par' dir='ltr' id='par_1_112' title="bbox 2236 5125 3736 5206">
     <span class='ocr_line' id='line_1_115' title="bbox 2236 5125 3736 5206; baseline -0.005 -21"><span class='ocrx_word' id='word_1_752' title='bbox 2236 5132 2348 5206; x_wconf 80' lang='lat'><strong>(27)</strong></span> <span class='ocrx_word' id='word_1_753' title='bbox 2395 5132 2510 5206; x_wconf 80' lang='grc' dir='ltr'><strong>Τῆς</strong></span> <span class='ocrx_word' id='word_1_754' title='bbox 2546 5130 3146 5206; x_wconf 63' lang='grc' dir='ltr'>ἀνταυγείας-αὑτοῦ.</span> <span class='ocrx_word' id='word_1_755' title='bbox 3190 5127 3415 5206; x_wconf 74' lang='lat' dir='ltr'><strong>Excus.,</strong></span> <span class='ocrx_word' id='word_1_756' title='bbox 3447 5127 3511 5206; x_wconf 76' lang='grc' dir='ltr'>τῇ</span> <span class='ocrx_word' id='word_1_757' title='bbox 3541 5125 3736 5206; x_wconf 58' lang='grc' dir='ltr'>ἀνταυς</span> 
     </span>
    </p>
   </div>
   <div class='ocr_carea' id='block_1_113' title="bbox 2161 5195 3741 5275">
    <p class='ocr_par' dir='ltr' id='par_1_113' title="bbox 2161 5195 3741 5275">
     <span class='ocr_line' id='line_1_116' title="bbox 2161 5195 3741 5275; baseline -0.004 -21"><span class='ocrx_word' id='word_1_758' title='bbox 2161 5195 2286 5272; x_wconf 82' lang='grc' dir='ltr'>γείᾳ</span> <span class='ocrx_word' id='word_1_759' title='bbox 2311 5195 2503 5275; x_wconf 75' lang='grc' dir='ltr'>ἑαυτοῦ</span> <span class='ocrx_word' id='word_1_760' title='bbox 2529 5195 2888 5272; x_wconf 73' lang='grc' dir='ltr'>τεταγμένον.</span> <span class='ocrx_word' id='word_1_761' title='bbox 2912 5199 3025 5275; x_wconf 86' lang='lat' dir='ltr'><strong>Ego</strong></span> <span class='ocrx_word' id='word_1_762' title='bbox 3048 5198 3372 5275; x_wconf 77' lang='grc' dir='ltr'>ἀνταυγείας</span> <span class='ocrx_word' id='word_1_763' title='bbox 3400 5195 3642 5275; x_wconf 56' lang='lat' dir='ltr'><strong>retineo;</strong></span> <span class='ocrx_word' id='word_1_764' title='bbox 3677 5195 3741 5248; x_wconf 82' lang='grc' dir='ltr'>τὸ</span> 
     </span>
    </p>
   </div>
   <div class='ocr_carea' id='block_1_114' title="bbox 2160 5264 3736 5346">
    <p class='ocr_par' dir='ltr' id='par_1_114' title="bbox 2160 5264 3736 5346">
     <span class='ocr_line' id='line_1_117' title="bbox 2160 5264 3736 5346; baseline -0.003 -22"><span class='ocrx_word' id='word_1_765' title='bbox 2160 5264 2511 5346; x_wconf 64' lang='grc' dir='ltr'>τεταγμένον,</span> <span class='ocrx_word' id='word_1_766' title='bbox 2539 5275 2621 5326; x_wconf 85' lang='lat' dir='ltr'><strong>vel</strong></span> <span class='ocrx_word' id='word_1_767' title='bbox 2653 5264 2866 5335; x_wconf 75' lang='lat' dir='ltr'><strong>adesse,</strong></span> <span class='ocrx_word' id='word_1_768' title='bbox 2900 5264 2986 5326; x_wconf 74' lang='lat' dir='ltr'><strong>vel</strong></span> <span class='ocrx_word' id='word_1_769' title='bbox 3012 5272 3206 5346; x_wconf 72' lang='lat' dir='ltr'><strong>abesse</strong></span> <span class='ocrx_word' id='word_1_770' title='bbox 3234 5264 3434 5337; x_wconf 81' lang='lat' dir='ltr'><strong>potest.</strong></span> <span class='ocrx_word' id='word_1_771' title='bbox 3470 5264 3736 5346; x_wconf 58' lang='lat' dir='ltr'><strong>Gallicani</strong></span> 
     </span>
    </p>
   </div>
   <div class='ocr_carea' id='block_1_115' title="bbox 2161 5334 3740 5465">
    <p class='ocr_par' dir='ltr' id='par_1_115' title="bbox 2161 5334 3740 5465">
     <span class='ocr_line' id='line_1_118' title="bbox 2161 5334 3740 5465; baseline -0.005 -70"><span class='ocrx_word' id='word_1_772' title='bbox 2161 5334 2685 5465; x_wconf 53' lang='lat' dir='ltr'><strong>interpretationem,</strong></span> <span class='ocrx_word' id='word_1_773' title='bbox 2719 5350 2779 5396; x_wconf 88' lang='lat' dir='ltr'><strong>ut</strong></span> <span class='ocrx_word' id='word_1_774' title='bbox 2802 5334 2988 5397; x_wconf 91' lang='lat' dir='ltr'><strong>verum</strong></span> <span class='ocrx_word' id='word_1_775' title='bbox 3031 5342 3207 5395; x_wconf 87' lang='lat' dir='ltr'><strong>fatear</strong></span> <span class='ocrx_word' id='word_1_776' title='bbox 3222 5334 3254 5405; x_wconf 70' lang='grc'>,“</span> <span class='ocrx_word' id='word_1_777' title='bbox 3268 5353 3377 5393; x_wconf 90' lang='lat' dir='ltr'><strong>non</strong></span> <span class='ocrx_word' id='word_1_778' title='bbox 3409 5336 3546 5392; x_wconf 86' lang='lat' dir='ltr'><strong>satis</strong></span> <span class='ocrx_word' id='word_1_779' title='bbox 3575 5334 3740 5388; x_wconf 80' lang='lat' dir='ltr'><strong>intel-</strong></span> 
     </span>
     <span class='ocr_line' id='line_1_119' title="bbox 2182 5426 2288 5465; baseline 0 -2"><span class='ocrx_word' id='word_1_780' title='bbox 2182 5426 2288 5465; x_wconf 76' lang='lat' dir='ltr'><strong>nzo.</strong></span> 
     </span>
    </p>
   </div>
   <div class='ocr_carea' id='block_1_116' title="bbox 2182 5426 2288 5464">
    <p class='ocr_par' dir='ltr' id='par_1_116' title="bbox 2182 5426 2288 5464">
     <span class='ocr_line' id='line_1_120' title="bbox 2182 5426 2288 5464; baseline 0.009 -1"><span class='ocrx_word' id='word_1_781' title='bbox 2182 5426 2288 5464; x_wconf 67' lang='lat' dir='ltr'><strong>IRO.</strong></span> 
     </span>
    </p>
   </div>
   <div class='ocr_carea' id='block_1_117' title="bbox 2202 5428 3739 5553">
    <p class='ocr_par' dir='ltr' id='par_1_117' title="bbox 2202 5428 3739 5553">
     <span class='ocr_line' id='line_1_121' title="bbox 2202 5428 3739 5553; baseline -0.008 -15"><span class='ocrx_word' id='word_1_782' title='bbox 2202 5428 2344 5552; x_wconf 44' lang='lat'><strong>8(02.8)</strong></span> <span class='ocrx_word' id='word_1_783' title='bbox 2373 5479 2462 5545; x_wconf 84' lang='grc' dir='ltr'><strong>Τῷ</strong></span> <span class='ocrx_word' id='word_1_784' title='bbox 2482 5480 2590 5535; x_wconf 87' lang='grc' dir='ltr'><strong>τοῦ</strong></span> <span class='ocrx_word' id='word_1_785' title='bbox 2621 5480 2816 5548; x_wconf 83' lang='grc' dir='ltr'>ἀέρος,</span> <span class='ocrx_word' id='word_1_786' title='bbox 2841 5479 3047 5553; x_wconf 87' lang='lat' dir='ltr'><strong>etc._lta</strong></span> <span class='ocrx_word' id='word_1_787' title='bbox 3071 5475 3580 5553; x_wconf 24' lang='lat' dir='ltr'><strong>Aemendavignusex</strong></span> <span class='ocrx_word' id='word_1_788' title='bbox 3609 5471 3739 5553; x_wconf 69' lang='lat' dir='ltr'><strong>Plu:</strong></span> 
     </span>
    </p>
   </div>
   <div class='ocr_carea' id='block_1_118' title="bbox 2159 5545 3736 5620">
    <p class='ocr_par' dir='ltr' id='par_1_118' title="bbox 2159 5545 3736 5620">
     <span class='ocr_line' id='line_1_122' title="bbox 2159 5545 3736 5620; baseline -0.006 -15"><span class='ocrx_word' id='word_1_789' title='bbox 2159 5545 2384 5614; x_wconf 84' lang='lat' dir='ltr'><strong>tarcho;</strong></span> <span class='ocrx_word' id='word_1_790' title='bbox 2441 5545 2723 5619; x_wconf 80' lang='lat' dir='ltr'><strong>perperam</strong></span> <span class='ocrx_word' id='word_1_791' title='bbox 2766 5545 2912 5606; x_wconf 85' lang='lat' dir='ltr'><strong>enim</strong></span> <span class='ocrx_word' id='word_1_792' title='bbox 2954 5550 3264 5620; x_wconf 83' lang='lat' dir='ltr'><strong>legebatur,</strong></span> <span class='ocrx_word' id='word_1_793' title='bbox 3296 5547 3391 5601; x_wconf 89' lang='grc' dir='ltr'><strong>τοῦ</strong></span> <span class='ocrx_word' id='word_1_794' title='bbox 3436 5545 3599 5615; x_wconf 84' lang='grc' dir='ltr'>ἀέρος</span> <span class='ocrx_word' id='word_1_795' title='bbox 3637 5545 3736 5596; x_wconf 84' lang='grc' dir='ltr'><strong>τοῦ</strong></span> 
     </span>
    </p>
   </div>
   <div class='ocr_carea' id='block_1_119' title="bbox 2162 5620 2986 5692">
    <p class='ocr_par' dir='ltr' id='par_1_119' title="bbox 2162 5620 2986 5692">
     <span class='ocr_line' id='line_1_123' title="bbox 2162 5620 2986 5692; baseline -0.001 -19"><span class='ocrx_word' id='word_1_796' title='bbox 2162 5620 2509 5692; x_wconf 82' lang='grc' dir='ltr'>θερμοειδοῦς</span> <span class='ocrx_word' id='word_1_797' title='bbox 2539 5621 2986 5692; x_wconf 76' lang='grc' dir='ltr'>πεπληρωμένου.</span> 
     </span>
    </p>
   </div>
   <div class='ocr_carea' id='block_1_120' title="bbox 2233 5691 3729 5761">
    <p class='ocr_par' dir='ltr' id='par_1_120' title="bbox 2233 5691 3729 5761">
     <span class='ocr_line' id='line_1_124' title="bbox 2233 5691 3729 5761; baseline -0.007 -17"><span class='ocrx_word' id='word_1_798' title='bbox 2233 5691 2344 5759; x_wconf 72' lang='lat'><strong>(29)</strong></span> <span class='ocrx_word' id='word_1_799' title='bbox 2376 5691 2847 5761; x_wconf 79' lang='grc' dir='ltr'>Κατατρήσεσιν.</span> <span class='ocrx_word' id='word_1_800' title='bbox 2890 5692 2965 5746; x_wconf 90' lang='lat' dir='ltr'><strong>Ita</strong></span> <span class='ocrx_word' id='word_1_801' title='bbox 2998 5705 3185 5746; x_wconf 80' lang='lat' dir='ltr'><strong>excus.</strong></span> <span class='ocrx_word' id='word_1_802' title='bbox 3216 5696 3270 5743; x_wconf 89' lang='lat' dir='ltr'><strong>et</strong></span> <span class='ocrx_word' id='word_1_803' title='bbox 3294 5696 3457 5750; x_wconf 81' lang='lat' dir='ltr'><strong>recte.</strong></span> <span class='ocrx_word' id='word_1_804' title='bbox 3488 5699 3598 5740; x_wconf 89' lang='lat' dir='ltr'><strong>non</strong></span> <span class='ocrx_word' id='word_1_805' title='bbox 3631 5697 3729 5736; x_wconf 70' lang='lat' dir='ltr'><strong>aut-</strong></span> 
     </span>
    </p>
   </div>
   <div class='ocr_carea' id='block_1_121' title="bbox 2160 5764 2497 5832">
    <p class='ocr_par' dir='ltr' id='par_1_121' title="bbox 2160 5764 2497 5832">
     <span class='ocr_line' id='line_1_125' title="bbox 2160 5764 2497 5832; baseline -0.006 -14"><span class='ocrx_word' id='word_1_806' title='bbox 2160 5764 2497 5832; x_wconf 79' lang='grc' dir='ltr'>ταπρήσεσιν</span> 
     </span>
    </p>
   </div>
  </div>
