4132 6404
839 483 1234 540 ΚΕΦΑΛΑΙΟΝ
1274 485 1398 536 KA'.

783 578 921 646 Περὶ
945 576 1234 646 μεγέθους
1262 576 1463 641 ἡλίου.

404 692 421 723 ι
477 669 897 741 Ἀναξίμανδρος
932 669 1063 738 (30),
1109 667 1200 720 τὸν
1224 667 1324 737 μὲν
1357 668 1507 738 ἥλιον
1529 667 1643 723 ἴσον
1683 665 1820 723 εἶναι
1845 673 1911 741 τῇ

328 766 420 834 γῇ,
454 763 543 816 τὸν
575 762 633 815 δὲ
669 761 865 815 κύκλον
887 761 980 829 ἀφ’
1012 755 1072 814 οὗ
1104 759 1214 830 (51)
1247 759 1344 831 τὴν
1385 761 1619 833 ἐκπνοὴν
1651 761 1782 832 ἔχει,
1821 763 1913 814 καὶ

329 858 420 926 ὑφ’
471 847 532 908 οὗ
593 854 837 926 φέρεται,
899 854 1593 907 ἑπτακαιεικοσαπλασίονα
1649 855 1759 922 (52)
1813 855 1913 926 τῆς

328 951 452 1020 γῆς.
523 947 891 1020 Ἀναξαγόρας
965 947 1404 1002 πολλαπλασίονα
1479 948 1907 1020 Πελοποννήσου.

338 1040 710 1112 Ἡράκλειτος,
747 1035 905 1110 εὖρος
966 1038 1129 1101 ποδὸς
1181 1038 1541 1110 ἀνθρωπείου.
1593 1039 1913 1111 Ἐπίκουρος

328 1132 490 1186 πάλιν
525 1133 688 1202 φησὶν
721 1131 1030 1201 ἐνδέχεσθαι
1089 1129 1157 1183 τὰ
1192 1132 1564 1204 προειρημένα
1627 1132 1824 1184 πάντα·
1876 1132 1908 1201 ἢ

327 1223 663 1294 τηλικοῦτον,
713 1222 894 1285 ὑλίκος
948 1223 1234 1292 φαίνεται,
1297 1223 1328 1295 ἢ
1391 1224 1572 1296 μικρῴ
1633 1223 1822 1294 μείζω,
1877 1223 1909 1293 ἢ

328 1318 552 1371 ἐλάττω.
580 1335 598 1369 ι

837 1408 1232 1461 ΚΕΦΑΛΑΙΟΝ
1277 1409 1384 1461 ΚΕ⁹

787 1497 927 1566 Περὶ
950 1497 1261 1566 σχήματος
1283 1497 1483 1563 ἡλίου.

404 1609 421 1640 ε
463 1589 815 1660 Ἀναξιμένης
850 1589 960 1659 (55)
983 1588 1206 1655 πλατὺν,
1228 1589 1302 1652 ὡς
1340 1589 1595 1651 πέταλον,
1616 1590 1707 1644 τὸν
1740 1591 1909 1661 ἥλιον.

343 1682 726 1754 Ἡράκλειτος,
795 1681 1118 1750 σκαφοειδῆ,
1166 1681 1493 1751 ὑπόκυρτον.
1546 1683 1610 1735 Οἱ
1663 1683 1908 1746 Στωϊκοὶ,

332 1775 668 1845 σφαιροειδῆ,
709 1774 784 1836 ὡς
810 1775 900 1827 τὸν
928 1775 1128 1844 κόσμον
1173 1776 1268 1828 καὶ
1296 1774 1364 1826 τὰ
1399 1776 1594 1847 ἄστρα.
1660 1775 1912 1828 Ἐπίκου-

333 1883 425 1937 ρος
456 1865 764 1935 ἐνδέχεσθαι
793 1866 862 1918 τὰ
892 1866 1263 1936 προειρημένα
1299 1867 1493 1920 πάντα.
1532 1867 1783 1930 Τοιοῦτος
1814 1868 1912 1937 μὲν

331 1959 516 2022 αὐτοῖς
541 1959 569 2008 ό
605 1957 778 2026 μέγας
808 1956 916 2010 τῶν
975 1958 1092 2009 κατ’
1120 1957 1348 2027 οὐρανὸν
1399 1959 1743 2029 φαινομένων
1795 1959 1916 2024 Θεὸς

331 2052 502 2121 ⁹ἣλιος.
533 2051 771 2120 Μωῦσῆς
799 2050 876 2114 δὲ,
901 2051 994 2103 καὶ
1027 2051 1096 2104 τά
1128 2051 1391 2121 Ἐϐραίων
1413 2051 1568 2120 λόγια
1607 2053 1756 2106 οὐδὲν
1790 2053 1912 2105 τού-

332 2159 441 2195 των
467 2142 939 2213 πεοιεργάςονται.
969 2160 986 2192 ι

837 2383 1236 2436 ΚΕΦΑΛΑΙΟΝ
1282 2386 1424 2451 κει-ι.

887 2473 1026 2541 Περὶ
1059 2473 1347 2541 σελήνης.

413 2585 432 2617 ι
480 2565 896 2638 Ἀναξίμανδρος
923 2565 1053 2636 (54),
1095 2565 1292 2618 κύκλον
1317 2562 1456 2620 εἶναι
1503 2567 1913 2623 ἐννεακαιδεκα-

334 2659 594 2712 πλασίονα
637 2658 736 2728 τῆς
783 2660 908 2729 γῆς,
964 2657 1153 2729 ὥσπερ
1188 2658 1277 2710 τὸν
1307 2658 1479 2728 ἡλίου,
1510 2660 1690 2733 πλήρη
1724 2662 1912 2733 πυρὸς,

332 2752 604 2806 ἐκλείπειν
677 2751 732 2804 δὲ
790 2751 931 2805 κατὰ
986 2751 1082 2814 τὰς
1156 2752 1490 2822 ἐπιστροφάς
1540 2753 1635 2805 τοῦ
1694 2756 1910 2826 τροχοῦ.

334 2846 557 2915 Ὅμοιον
589 2844 645 2896 δὲ
672 2838 810 2896 εἶναι
838 2843 1122 2914 ἁρματείῳ
1147 2843 1345 2914 τροχῷ,
1381 2843 1564 2915 κοίλην
1609 2844 1782 2915 ἔχοντι
1814 2848 1913 2918 τὴν

331 2938 517 3007 ἁψῖδα,
551 2938 644 2990 καὶ
665 2935 834 3007 πυρὸς
867 2935 1071 3007 πλήρη,
1135 2937 1229 2989 καὶ
1267 2935 1394 3007 μίαν
1445 2937 1702 3009 ἐκπνοήν.
1757 2939 1914 2992 Ξενο-

332 3030 528 3101 φάνης,
574 3028 733 3097 νέφος
788 3024 928 3080 εἶναι
973 3027 1361 3098 πεπιλημένον.
1419 3028 1485 3084 Οἱ
1549 3031 1778 3083 Στωϊκοὶ
1833 3031 1909 3095 δὲ,

1502 357 1822 413 ΡΒίΕΡΑιῖ.
1868 353 2118 409 EVANG.
2155 352 2289 407 LIB.
2332 351 2448 406 XV.

1937 484 1984 539 A

3458 347 3596 403 1378

2465 471 2628 542 337
2669 468 2897 524 CAPUT
2926 468 3114 522 xxrv.

2484 565 2560 618 De
2591 565 2716 618 solis
2752 562 3136 633 magnitudine.

2099 677 2117 708 α
2149 656 2572 720 Anaximander,
2617 656 2882 724 aequalem
2929 664 3086 708 teme
3123 652 3291 708 solem
3335 667 3489 714 esse;
3542 663 3600 707 at

2019 764 2142 803 eum
2168 749 2456 813 circulum,
2477 748 2620 801 unde
2642 747 2944 816 respirandi
2967 746 3073 800 vim
3098 755 3149 800 et
3167 744 3475 800 facultatem
3502 745 3601 799 ha-

2022 839 2165 902 heat,
2182 837 2369 890 eadem
2395 844 2600 904 septem
2623 845 2676 890 et
2697 835 2884 904 viginti
2909 835 3154 905 partibus
3178 850 3299 890 esse
3314 835 3596 904 majorem.

2019 929 2392 998 Anaxagoras,
2439 927 2688 996 pluribus
2729 943 2854 980 eum
2907 927 3118 982 vicibus
3163 924 3598 996 Peloponnesum

2020 1020 2326 1088 aquuare.
2351 1016 2678 1082 Heraclitus,
2703 1017 2928 1071 humani
2962 1017 3114 1087 pedis
3140 1017 3427 1072 latitudine
3449 1033 3601 1072 com-

2016 1109 2299 1179 prehendi.
2337 1108 2607 1178 Epicurus
2657 1107 2867 1172 itidem,
2910 1109 3192 1178 superiora
3239 1109 3424 1163 omnia
3473 1116 3598 1161 Vera

2021 1216 2141 1256 esse
2169 1216 2328 1271 posse
2353 1219 2367 1267 ;
2400 1202 2510 1256 imo
2542 1210 2749 1255 tantum
2779 1202 2967 1268 etiam,
2997 1211 3236 1271 quantus
3270 1201 3429 1255 nobis
3458 1199 3602 1254 vide-

2021 1305 2110 1347 tur
2161 1303 2252 1348 aut
2281 1292 2540 1362 majorem
2566 1293 2750 1363 paulo,
2777 1294 3007 1362 paulove
3028 1295 3318 1350 minorem.
3351 1312 3371 1346 ι

2601 1384 2832 1438 CAPUT
2863 1384 3008 1438 XXV

2581 1476 2657 1529 De
2680 1479 2806 1532 solis
2831 1479 3026 1547 ﬁgura.

2095 1589 2114 1623 ι
2147 1571 2534 1630 Anaximenes.
2556 1571 2772 1624 lamina
2796 1569 3083 1638 cujusdam
3110 1583 3262 1623 more
3285 1569 3454 1622 latum
3479 1583 3601 1622 esse

2020 1662 2214 1717 solem.
2255 1660 2578 1727 Heraclitus,
2618 1663 2834 1730 scaphae
2877 1677 2984 1715 non
3040 1661 3366 1724 absimilem,
3411 1659 3600 1713 incur-

2019 1769 2256 1824 vumque
2286 1754 2554 1807 nonnihil.
2596 1752 2785 1818 Stoici,
2817 1753 3128 1822 glohosum,
3159 1751 3338 1820 qualis
3361 1761 3416 1804 et
3439 1766 3601 1804 mune

1946 1845 1986 1899 Β
2015 1844 2117 1896 dus
2143 1851 2196 1896 et
2230 1851 2374 1896 astra
2404 1842 2587 1896 omnia
2626 1841 2756 1894 sint.
2799 1839 3083 1908 Epicurus,
3114 1839 3228 1891 1)th
3256 1837 3436 1891 omnia
3467 1850 3600 1904 pro-

2018 1935 2292 1989 babilitate
2323 1950 2423 1988 sua
2455 1951 2562 1988 non
2595 1948 2801 1988 carere.
2841 1933 3018 2000 Atque
3052 1930 3363 1998 hujusmodi
3405 1929 3599 1990 solem,

2018 2044 2276 2098 magnum
2303 2029 2432 2082 illud
2450 2043 2663 2091 eorum,
2687 2041 2809 2096 qua:
2841 2025 3051 2079 iucho
3079 2024 3325 2078 videntur
3354 2020 3600 2074 omnium

2017 2136 2219 2176 numen
2253 2135 2375 2174 esse
2421 2116 2734 2190 philosophi
2776 2121 3126 2186 putaverunt.
3173 2111 3240 2166 At
3272 2109 3450 2164 Moses
3499 2107 3604 2161 He-

2018 2211 2403 2279 brazorumque
2437 2209 2658 2263 oracula
2691 2207 2849 2276 longe
2879 2215 3006 2260 sunt
3026 2205 3096 2258 ab
3122 2203 3227 2257 ista
3257 2201 3602 2256 curiosarum

2017 2303 2339 2373 opinionum
2377 2303 2616 2355 vanitate
2649 2298 2931 2366 disjuncti.
2961 2315 2979 2348 ι

2578 2388 2807 2446 CAPUT
2838 2385 3030 2440 XXVI.

2684 2482 2761 2537 De
2792 2481 2943 2535 luna.

2094 2597 2112 2631 ι
2140 2576 2565 2642 Anaximander,
2601 2576 2866 2631 circulum
2895 2588 3015 2628 eam
3058 2587 3202 2634 esse,
3227 2570 3600 2626 novemdecim

2018 2672 2234 2727 vicibus
2267 2682 2426 2726 terra:
2454 2670 2882 2739 magnitudinem
2908 2667 3309 2736 adzequantem,
3342 2665 3463 2734 igne
3493 2679 3599 2717 non

2015 2779 2175 2820 secus
2219 2779 2282 2817 ac
2305 2779 2430 2816 eum
2463 2778 2625 2831 quem
2677 2759 2780 2815 soli
2833 2758 3048 2822 tribuit,
3099 2757 3326 2811 omnino
3355 2757 3599 2824 plenum,

2016 2855 2172 2925 cujus
2201 2853 2434 2909 defectio
2459 2852 2683 2907 luminis
2711 2867 2778 2906 ex
2809 2861 2941 2904 rota:
2973 2849 3333 2904 conversione
3366 2847 3595 2900 oriatur.

2015 2946 2222 3016 Quippe
2266 2947 2418 3000 illum
2449 2945 2610 3000 etiam
2659 2952 2792 2998 rota!
2831 2957 3026 2996 currus
3051 2940 3280 2994 similem
3307 2953 3449 3003 esse,
3478 2952 3601 3006 qua:

2013 3054 2310 3095 concavam
2350 3039 2608 3103 orbitam,
2638 3037 2868 3107 igneque
2897 3035 3109 3105 plenam
3151 3033 3366 3096 habeat,
3396 3046 3599 3085 unum-

332 3123 525 3192 μικτὸν
554 3123 617 3174 ὲκ
645 3119 818 3192 πυρὸς
880 3119 976 3173 καὶ
1042 3119 1220 3191 ἀέρος.
1259 3119 1504 3185 Πλάτων,
1562 3123 1626 3174 ἐκ
1669 3123 1912 3186 πλείονος

2014 3147 2119 3200 que
2137 3129 2514 3184 tantummodo
2544 3127 2900 3197 spiraculum.
2937 3124 3322 3192 XenOphanes,
3353 3129 3598 3175 coactam

327 3191 424 3271 τοῦ
442 3216 672 3286 γεώδους
693 3191 822 3286 (35).
845 3212 1233 3283 Ἀναξαγόρας,
1248 3212 1605 3284 Δημόκριτος,
1631 3215 1912 3285 στερέωμα

2021 3191 2142 3277 esse
2163 3191 2632 3290 coristipatamque
2650 3219 2869 3271 nubem.
2891 3191 3358 3283 Stoici,quiddam
3385 3227 3450 3265 ex
3477 3212 3601 3281 igne

328 3310 614 3381 διάπυρον,
646 3307 767 3378 ἔχον
813 3309 871 3360 ἐν
922 3305 1097 3377 ἐαυτῷ
1127 3305 1306 3369 πεδία,
1356 3307 1450 3358 καὶ
1496 3305 1618 3376 ὅρη,
1660 3307 1754 3359 καὶ
1811 3308 1915 3376 φά-

331 3419 563 3477 ραγγας.
598 3398 1088 3473 Ἡράκλειτος,γῆν
1121 3397 1322 3469 ὁμίχλῃ
1347 3397 1759 3469 περιεχομένην.
1801 3400 1912 3453 Πυ-

329 3495 590 3567 θαγόρας,
631 3490 772 3545 κατὰ
802 3490 861 3542 τὸ
896 3488 1178 3560 πυροειδὲς
1208 3488 1364 3558 σῶμα
1394 3489 1673 3559 σελήνης.»

2019 3329 2252 3382 aereque
2300 3313 2548 3368 mistum.
2581 3310 2758 3375 Plato,
2792 3309 2991 3362 terreni
3024 3307 3321 3378 plurimum
3374 3303 3594 3356 habere.

2019 3407 2373 3476 Anaxagoras
2406 3412 2460 3457 et
2485 3401 2849 3462 Democritus,
2885 3401 3099 3453 firmum
3131 3395 3259 3467 quid
3285 3411 3349 3449 ac
3382 3395 3596 3460 stabile,

2023 3496 2244 3567 ignique
2271 3507 2619 3557 succensum,
2652 3505 2874 3560 campos
2902 3503 2966 3544 ac
2994 3496 3208 3542 montes
3233 3487 3286 3540 in
3317 3502 3375 3539 se
3404 3485 3600 3539 valles-

329 3583 810 3654 quecomplexum.
846 3579 1171 3644 Heraclitus,
1224 3587 1426 3633 terram
1475 3580 1705 3650 caligine
1741 3582 2153 3642 circumfusam.
2201 3585 2559 3657 Pythagoras,
2630 3583 2771 3654 ignis
2814 3581 2882 3636 ad
2944 3582 3181 3651 speciem
3212 3579 3356 3635 luna:
3399 3594 3598 3648 corpus

330 3679 608 3735 accedere.
641 3697 660 3730 ι

826 3778 1222 3831 ΚΕΦΑΛΑΙΟΝ
1290 3777 1416 3831 ΚΖ’.

718 3871 858 3939 Περὶ
897 3869 1187 3939 μεγέθους
1225 3869 1516 3937 σελήνης.

408 3983 426 4014 ι
463 3963 524 4016 Οἱ
553 3961 780 4015 Στωϊκοὶ
813 3960 1032 4031 μείζονα
1078 3961 1175 4030 τῆς
1228 3960 1331 4030 γῆς
1381 3960 1789 4029 ἀποφαίνονται,
1834 3963 1909 4028 ὡς

330 4054 546 4109 καὶτὸν
577 4053 748 4124 ἥλιον.
799 4049 1162 4123 Παρμενίδης,
1201 4050 1320 4120 ἴσην
1345 4050 1424 4121 τῷ
1474 4052 1628 4124 ἡλίῳ,
1670 4056 1762 4107 καὶ
1814 4056 1908 4108 ἀπ’

328 4145 492 4202 αὑτοῦ
519 4143 898 4216 φωτίζεσθαι.»

840 4232 1235 4285 ΚΕΦΑΛΑῘΟΝ
1269 4233 1405 4287 Kﬂ'.

715 4324 855 4394 Περὶ
884 4324 1196 4394 σχήματος
1230 4324 1518 4392 σελήνης.

406 4436 426 4469 r
468 4421 530 4471 Oi
585 4417 832 4481 Στωϊκοὶ,
891 4415 1207 4487 σφαιροειδῆ
1269 4411 1430 4477 εἶναι,
1471 4415 1546 4478 ὡς
1588 4415 1679 4467 τὸν
1732 4415 1904 4485 ἥλιον.

341 4509 710 4582 Ἡράκλειτος,
785 4507 1099 4578 σκαφοειδῆ.
1161 4507 1549 4579 Ἐμπεδοκλῆς,
1611 4507 1902 4579 δισκοειδῆ.
1938 4556 1981 4611 D

333 4601 535 4665 Ἀλλοι,
563 4597 948 4669 κυλινδροειδῆ.
963 4617 980 4649 ι

843 4689 1239 4742 ΚΕΦΑΔΑΙΟΝ
1264 4687 1372 4742 ΚΘ¹

704 4775 840 4843 Περὶ
895 4776 1200 4845 φωτισμοῦ
1241 4775 1532 4858 σελήνης.

406 4884 425 4918 ι
471 4867 908 4939 Ἀναξίμανδρος,
951 4867 1080 4920 ἴδιον
1100 4869 1270 4940 αὐτὴν
1299 4868 1442 4939 ἔχειν
1474 4869 1608 4938 φῶς,
1659 4871 1908 4942 ἀραιότε-

334 4971 426 5028 ρον
452 4958 509 5012 δέ
536 4975 670 5022 πως.
699 4958 984 5029 Ἀντιφῶν,
1022 4958 1134 5030 ἰδίῳ
1150 4959 1340 5028 φέγγει
1369 4959 1603 5030 λάμπειν
1624 4960 1722 5032 τὴν
1751 4961 1909 5032 σελή-

403 5178 517 5252 (ξρ)
554 5178 1030 5252 Ἀναξίμανδρος.
1065 5179 1342 5252 Plutarch.
1380 5181 1626 5252 epdalib.
1654 5196 1774 5252 cap.
1809 5182 1901 5238 21.

404 5247 514 5320 (ᾆί)
552 5250 666 5318 Ἀφ’
697 5250 792 5309 οὗ.
823 5247 1074 5305 Amiotus
1106 5251 1234 5320 legit
1261 5253 1345 5320 ἐφ’
1375 5247 1455 5305 οὗ.
1490 5251 1633 5305 Nihil
1659 5247 1829 5307 muto.

404 5319 516 5390 (52)
574 5319 1386 5377 Ἑπτακαιεικοσαπλάσίονα.
1434 5321 1510 5375 Ita
1566 5324 1782 5390 reposui
1835 5340 1903 5378 ex

333 5387 654 5460 Plutarcho:
690 5394 762 5448 ita
799 5393 926 5460 legit
969 5393 1247 5457 Amiotus,
1294 5407 1400 5445 non
1445 5387 1906 5447 ὀκτωκαιεικοσα-

331 5459 616 5532 πλασίονα,
640 5471 700 5516 ut
733 5466 785 5516 in
811 5459 981 5532 priori
1007 5462 1278 5532 editione;
1311 5463 1455 5530 quod
1482 5471 1663 5515 tamen
1699 5461 1905 5532 Xylan-

331 5530 426 5607 der
450 5542 694 5610 .secutus
737 5530 838 5610 est.
885 5531 1146 5610 ΟηιιιίιηοΔ
1168 5531 1458 5610 legendum
1490 5533 1710 5610 ἑπτακῇ
1743 5530 1904 5610 supe-

332 5602 463 5651 riori
495 5603 638 5672 enim
673 5604 848 5672 capite
896 5602 1087 5656 statuit
1121 5602 1553 5666 Anaximander,
1600 5603 1730 5656 solis
1765 5604 1905 5658 inte-

333 5683 485 5746 grum
501 5670 783 5746 _circy_lufn
813 5688 934 5746 esse
970 5679 1179 5725 tantum
1208 5672 1902 5746 όκτωκαιεικοσαπλασίονα

331 5739 432 5817 τῆς
463 5739 584 5817 γῆς.
628 5739 783 5796 Nunc
807 5743 938 5796 solis
965 5756 1164 5810 corpus
1193 5742 1266 5817 ab
1291 5751 1534 5817 estremo
1556 5743 1762 5797 circulo
1789 5745 1901 5799 dis-

334 5811 550 5877 tinguit,
578 5825 640 5863 ac
665 5820 818 5866 terra
843 5825 1070 5882 prorsus
1096 5811 1302 5880 aequale
1333 5811 1481 5865 facit.

2438 3760 2608 3832 333
2659 3759 2887 3816 CAPUT
2924 3758 3141 3815 xxvn.

2485 3853 2558 3908 De
2586 3853 2725 3907 lunw
2752 3852 3134 3922 magnitudine.

2096 3971 2113 4002 ς
2154 3947 2342 4013 Stoici,
2373 3959 2517 4004 terra
2552 3949 2814 4017 majorem
2863 3947 3010 4002 illam
3057 3962 3179 4002 esse
3217 3947 3592 4016 pronuntiant,

2022 4055 2128 4093 non
2158 4054 2316 4093 secus
2347 4053 2410 4092 ac
2432 4037 2622 4091 solem.
2644 4035 3013 4098 Parmenides,
3041 4049 3163 4088 cum
3200 4034 3302 4088 soli
3330 4034 3592 4102 aequalem

2020 4145 2160 4194 esse,
2184 4137 2296 4182 tum
2325 4128 2394 4182 ab
2419 4141 2484 4181 eo
2504 4142 2720 4196 quoque
2744 4125 2925 4178 lumen
2960 4123 3226 4192 accipere.
3255 4142 3273 4174 ι

2555 4213 2785 4270 CAPUT
2821 4211 3059 4267 XXVIII.

2583 4304 2661 4358 De
2681 4303 2819 4356 (ante
2844 4303 3039 4372 ﬁgura.

2094 4415 2113 4448 ι
2145 4396 2334 4458 Stoici,
2353 4394 2610 4464 globosa,
2629 4407 2737 4446 non
2764 4392 2946 4444 minus
2975 4404 3142 4460 quam
3167 4389 3359 4456 solem,
3380 4388 3583 4458 figurae.

2014 4487 2318 4543 Heraclitus
2351 4486 2585 4556 scaphae,
2620 4485 2771 4540 disco
2806 4481 3175 4552 Empedocles,
3205 4481 3295 4535 alii
3341 4479 3588 4550 cylindro

2009 4594 2116 4633 non
2145 4577 2469 4633 absimilem.
2511 4595 2530 4628 ι

2576 4663 2805 4717 CAPUT
2840 4663 3034 4718 XXIX.

2475 4757 2553 4812 De
2575 4758 2969 4812 illuminatioue
2998 4757 3158 4810 lunae.

2087 4865 2106 4897 ς
2131 4846 2556 4910 Anaximander,
2582 4863 2741 4902 suum
2773 4847 2819 4902 ei
2853 4848 3032 4900 lumen
3062 4861 3124 4900 ac
3159 4843 3432 4914 proprium
3463 4857 3585 4898 esse

2009 4938 2144 5005 vult,
2177 4938 2270 4992 sed
2299 4938 2463 5007 paulo
2490 4938 2690 4994 rarius.
2724 4939 3026 5008 Antiphon,
3050 4937 3334 5006 splendore
3366 4949 3584 5006 quoque

2079 5184 2190 5254 ('55)
2233 5181 2634 5254 Ἀναξιμένης.
2665 5179 2941 5254 Plutarch.
2981 5181 3136 5244 ibid.,
3164 5196 3292 5254 cap.
3315 5180 3407 5235 22.

2080 5251 2192 5324 (54)
2235 5251 2970 5324 Ἀναξίμανδροςᾷιὺὶάοηι,
3002 5267 3122 5324 cap.
3153 5253 3242 5324 25.

2077 5320 2190 5395 (55)
2223 5322 2331 5376 Τοῦ
2370 5320 2655 5395 γεώδουςἱ
2698 5321 2916 5395 Excusi,
2949 5320 3041 5373 τοῦ
3091 5320 3392 5395 πυρώδους,
3433 5320 3580 5395 quod

2005 5389 2255 5448 Aniiotus
2300 5389 2584 5462 sequitur:
2616 5389 2887 5462 Xylander
2913 5401 3098 5446 nostro
3135 5389 3318 5445 lueret.
3360 5389 3582 5446 Rectius
3690 5406 3695 5412 ·

2008 5407 2255 5448 Annotus
2300 5407 2584 5462 sequitur:
2616 5407 2658 5442 λ
2701 5407 2887 5446 ranacr
2913 5407 3098 5446 nostro
3135 5407 3318 5445 meret.
3360 5407 3582 5446 necuus

2008 5473 2186 5518 tamen
2237 5463 2451 5517 videtur
2504 5407 2818 5530 πυρώδους,
2895 5477 3020 5515 cum
3079 5477 3241 5531 supra
3297 5477 3418 5532 pag.
3473 5462 3584 5516 806

2005 5532 2283 5586 Platonem
2319 5531 2636 5593 viderimus,
2679 5534 2952 5586 caelestem
3001 5531 3146 5585 illam
3197 5533 3470 5601 regionem
3509 5547 3578 5587 ex

2005 5605 2130 5671 igne
2163 5611 2368 5671 partem
2403 5601 2698 5654 maximam
2747 5602 3106 5667 constituere;
3154 5601 3263 5655 imo
3315 5603 3475 5656 etiam
3523 5603 3578 5656 in

2053 5676 2203 5726 immo
2231 5671 2564 5743 audierimus
2599 5672 2774 5743 astris
2803 5673 3060 5727 omnibus
3089 5673 3348 5743 πλείστην
3379 5674 3440 5724 ὲκ
3474 5689 3578 5724 πυ-

2006 5746 2096 5813 ρὸς
2129 5743 2268 5795 ἰδέαν
2300 5742 2552 5796 tribuere.
2588 5739 2744 5806 Quod
2779 5743 2954 5812 ipsum
2988 5743 3128 5798 intra
3159 5758 3281 5814 pag.
3305 5739 3417 5797 ’859
3446 5757 3576 5798 con-

2005 5818 2270 5868 ﬁrmatur.
