4132 6408
548 298 689 359 1579

1191 305 1464 364 EUSEBII
1499 306 1982 365 CIESARIENSIS
2020 308 2170 364 OPP.
2209 308 2394 365 PARS
2434 309 2500 364 ll.
2531 341 2600 350 —
2623 310 3126 368 APOLOGETICA.

3692 321 3832 376 1380

547 415 736 472 lunam
765 420 1036 476 collucere
1056 438 1187 478 suo:
1225 426 1383 495 cuius
1413 441 1541 495 pars
1567 441 1651 490 ea,
1683 441 1806 494 quae
1838 427 2119 497 aliquandt

2240 442 2356 496 νην·
2390 426 2452 478 τὸ
2476 427 2520 478 δ’
2549 427 3037 498 ἀποκρυπτόμενον
3058 428 3186 499 περὶ
3203 428 3371 500 αὐτὴν
3394 429 3501 484 ἀπὺ
3531 432 3630 504 τῆς
3661 451 3831 506 προσ.

545 509 698 573 latet,
737 513 867 567 solis
891 529 1114 570 accessu
1140 518 1463 573 obscuretur
1489 536 1503 584 ;
1545 535 1668 574 cum
1702 520 1844 591 ignis
1866 521 2131 577 valentior

546 602 897 684 imbecilliori
920 607 1169 663 tenebras
1198 609 1475 665 ell‘undere
1514 611 1689 666 soleat
1713 631 1725 667 :
1750 613 1912 684 idque
1935 612 2129 669 sideri—

545 694 650 751 bus
681 698 844 751 etiam
880 681 1001 752 aliis
1031 716 1130 756 usu
1177 705 1381 759 venire.
1419 703 1638 770 Thales,
1668 709 1900 775 ejusque
1950 716 2129 762 secta-

545 797 717 853 tores,
737 792 980 848 eamdem
998 809 1029 848 a
1047 795 1161 849 sole
1177 796 1358 864 potius
1373 797 1691 852 illuminari.
1707 796 2012 853 Heraclitus
2033 813 2127 853 so-

545 880 615 936 lis
647 883 889 938 eamdem
909 900 973 940 ac
1002 885 1143 942 lunae
1169 889 1434 942 rationem
1453 905 1573 944 esse
1593 909 1607 942 :
1631 905 1754 944 cum
1780 891 1924 945 enim
1949 891 2126 946 sidera

544 972 676 1037 sint,
707 974 878 1045 ﬂgura
909 981 1125 1046 scaphae
1149 980 1369 1046 similia,
1395 980 1523 1044 dum
1543 983 1916 1038 exhalationes
1946 984 2128 1038 humi—

543 1063 644 1120 das
678 1069 883 1136 passim
923 1069 1214 1150 recipiunt.
1249 1087 1312 1126 ea
1344 1089 1510 1142 quam
1547 1075 1824 1131 cernimus
1856 1077 1977 1132 luce
2008 1078 2125 1133 col-

544 1157 799 1224 lustrari;
831 1170 884 1215 et
913 1163 1082 1217 solem
1121 1164 1339 1233 quidem
1370 1166 1594 1230 clarius,
1628 1168 1772 1237 quod
1801 1168 2010 1238 puriori
2045 1168 2126 1224 fe-

544 1257 698 1304 ratur
725 1251 778 1305 in
810 1267 953 1320 aere,
984 1254 1168 1309 lunam
1205 1271 1354 1323 vero,
1381 1257 1526 1326 quod
1562 1257 1614 1310 in
1653 1259 1906 1327 Opaciore
1939 1275 2124 1316 verse-

539 1349 656 1409 tur,
679 1345 968 1402 obscurius
991 1358 1276 1419 propterea
1299 1350 1454 1405 nobis
1484 1351 1821 1408 illucescere.
1855 1373 1872 1403 ι

1117 1521 1345 1578 CAPUT
1380 1523 1554 1580 XXX.

677 1632 750 1685 De
771 1634 1006 1687 siderum
1034 1637 1333 1689 errantium
1364 1637 1740 1709 stabiliumque
1772 1648 1988 1694 natura.

2239 517 2402 588 ϐολῆς
2433 517 2528 571 τοῦ
2563 520 2712 589 ἡλίου
2762 520 3162 592 ἀμαυροῦσθαι,
3198 522 3501 590 πεφυκότος
3547 525 3641 578 τοῦ
3680 527 3832 596 ἰσχυ-

2242 608 2461 680 ροτέρου
2486 610 2658 682 πυρὸς
2688 610 2748 663 τὸ
2770 610 3158 684 ἀσθενέστερον
3205 613 3508 686 ἀμαυροῦνο
3546 616 3655 689 ὃδὴ
3688 636 3830 689 συμ-

2237 700 2408 754 ϐαίνει
2432 701 2526 754 καὶ
2559 704 2687 774 περὶ
2736 705 2806 758 τὰ
2843 705 2978 760 ἀλλα
3029 706 3226 778 ἄστρα.
3272 706 3476 776 Θαλῆς,
3527 710 3620 762 καὶ
3653 713 3701 763 oi
3727 713 3826 764 ἀπ’

2236 793 2422 857 αὑτοῦ,
2459 795 2564 847 ὑπὸ
2595 796 2690 849 τοῦ
2721 797 2873 868 ἡλίου
2892 799 3220 867 φωτίζεσθαι
3241 800 3340 870 τὴν
3371 800 3618 872 σελήνην.
3650 802 3824 876 Ἡρά-

2235 885 2464 950 κλειτος,
2487 888 2546 940 τὸ
2571 888 2702 941 αὐτὸ
2735 890 3057 944 πεπονθέναι
3086 889 3177 944 τὸν
3209 891 3359 962 ἥλιον
3390 894 3484 946 καὶ
3514 894 3614 966 τὴν
3665 897 3826 968 σελή-

2234 993 2350 1046 νην
2385 978 2722 1046 σκαφοειδεῖς
2749 978 2858 1052 γάρ
2887 980 3046 1044 ὄντας
3066 984 3177 1045 τοῖς
3208 983 3447 1053 σχήμασι
3506 987 3632 1050 τοὺς
3659 988 3825 1044 ἀστέ-

2234 1085 2357 1139 ρας,
2375 1068 2700 1140 δεχομένους
2732 1088 2791 1123 τε
2815 1070 2885 1124 τά
2917 1071 3025 1125 ἀπὸ
3057 1073 3156 1143 τῆς
3180 1073 3354 1144 ὑγρᾶς
3382 1074 3822 1146 ἀναθυμιάσεως,

2233 1160 2562 1230 φωτίζεσθαι
2607 1163 2745 1235 πρὸς
2793 1163 2890 1234 τὴν
2924 1167 3253 1234 ’φαντασίαν
3291 1166 3671 1241 λαμπρότερον
3723 1173 3826 1242 μὲν

2230 1253 2321 1305 τὸν
2347 1253 2516 1323 ἣλιονο
2550 1257 2607 1307 ἐν
2635 1255 3008 1328 καθαρωτέρῳ
3064 1257 3172 1329 γὰρ
3213 1258 3336 1330 ἀέρι
3385 1261 3670 1331 φέρεσθαι,
3724 1262 3824 1335 τὴν

2230 1342 2287 1395 δὲ
2324 1344 2554 1416 σελήνην
2589 1347 2647 1398 ἐν
2678 1345 3048 1420 θολερωτέρῳ,
3084 1346 3172 1401 διὰ
3199 1348 3357 1402 τοῦτο
3386 1350 3481 1404 καὶ
3515 1352 3826 1425 ἀμαυροτέ-

2235 1449 2333 1502 ραν
2365 1433 2670 1501 φαίνεσθαι.
2687 1453 2705 1486 ι

2776 1527 3171 1582 ΚΕΦΑΛΑΙΟΝ
3206 1530 3284 1585 A'.

2236 1615 2330 1682 Τίς
2381 1618 2420 1685 ἡ
2465 1618 2646 1672 οὐσία
2722 1619 2842 1673 τῶν
2912 1620 3240 1744 πὰλανρτων
3308 1623 3546 1692 ἄστρων
3610 1625 3711 1679 καὶ
3755 1624 3826 1682 d—

2901 1705 2947 1743 π
2989 1709 3174 1744 ανων.

2901 1705 3174 1745 πλάνων.

621 1784 638 1814 ι
670 1763 888 1831 Thales,
914 1774 1128 1822 terrena
1165 1770 1383 1838 quidem
1423 1786 1548 1827 esse
1577 1780 1749 1837 astra,
1782 1775 1875 1830 sed
1902 1776 2119 1830 inﬂam-

2305 1798 2324 1830 ι
2361 1779 2546 1850 Θάλης
2580 1780 2714 1852 (56),
2749 1780 2926 1851 γεώδη
2988 1783 3106 1852 μὲν,
3142 1782 3363 1854 ἔμπυρα
3395 1784 3453 1837 δὲ
3502 1785 3571 1838 τὰ
3619 1786 3818 1856 ἄστρα.

537 1864 705 1909 mata.
725 1854 1079 1925 Empedocles
1106 1857 1281 1928 ignea,
1308 1873 1374 1912 eo
1400 1859 1661 1913 nimirum
1689 1875 1756 1914 ex
1782 1861 1928 1929 igne,
1954 1879 2115 1931 quem

536 1947 708 2000 aether
744 1947 870 2001 olim
913 1949 966 2002 in
1004 1964 1124 2004 sese
1167 1951 1516 2019 complexus,
1551 1953 1654 2011 sub
1675 1954 1906 2022 primam
1942 1972 2124 2010 rerum

537 2036 897 2092 secretionem
945 2040 1247 2094 extriverit.
1301 2041 1681 2115 Anaxagoras,
1729 2045 2126 2102 circumfusum

537 2124 698 2180 nobis
729 2126 952 2192 aethera,
980 2129 1147 2199 839
1169 2145 1292 2184 cum
1323 2131 1502 2201 ignem
1533 2141 1724 2202 suapte
1754 2145 1950 2189 natura
1983 2151 2125 2200 esse,

534 2219 652 2267 tum
674 2216 978 2271 vehementi
995 2227 1049 2272 et
1066 2220 1289 2276 incitato
1305 2224 1891 2296 conversionisimpetu
1910 2229 2130 2284 avolsos

537 2305 638 2360 abs
667 2315 812 2361 terra
851 2308 1060 2378 lapides
1107 2311 1162 2365 in
1193 2314 1378 2369 stellas
1411 2325 1802 2372 commutasse.
1834 2317 2126 2389 Diogenes,

536 2396 716 2452 sidera
765 2400 1045 2468 pumicum
1081 2403 1148 2456 ad
1204 2413 1458 2459 naturam
1503 2409 1786 2476 accedere,
1819 2425 1884 2465 ac
1935 2413 2129 2481 mundi

535 2491 810 2558 spiracula
842 2507 966 2547 esse
996 2494 1331 2550 arbitratur:
1362 2497 1601 2568 itemque
1619 2500 1849 2570 lapides,
1877 2503 1970 2571 qui
1995 2519 2129 2557 ocu-

534 2581 714 2636 lorum
739 2585 908 2639 aciem
941 2585 1172 2656 fugiant,
1196 2590 1402 2660 quique
1427 2593 1628 2662 saepius
1654 2595 1708 2648 in
1741 2604 1946 2650 terram
1979 2596 2128 2654 deci-

535 2673 727 2730 dentes
763 2677 1202 2748 exstinguantur,
1235 2682 1544 2750 cujusmodi
1581 2685 1790 2754 lapidea
1835 2688 1925 2742 illa
1972 2691 2126 2746 stella

535 2765 726 2830 fuerit,
768 2784 891 2838 quae
933 2771 1001 2824 ad
1033 2773 1289 2840 oppidum
1324 2773 1458 2828 illud
1501 2775 1658 2847 ignea
1697 2781 1877 2849 specie
1923 2781 2127 2838 decidit

534 2867 677 2921 quos
712 2855 876 2925 vulgo
896 2856 1087 2926 Caprae
1112 2858 1309 2915 ﬂuvios
1337 2863 1708 2924 nominamus.
1743 2866 2121 2940 Empedocles,

535 2944 749 2998 stabilia
773 2947 952 3002 sidera
984 2949 1036 3002 in
1061 2951 1182 3004 cmli
1216 2955 1472 3023 crystallo
1502 2957 1706 3028 illigata
1729 2969 1902 3029 putat,
1933 2976 2124 3017 erran-

2242 1872 2636 1945 Ἐμπεδοκλῆς,
2665 1875 2886 1946 πύρινα,
2922 1877 2987 1929 ἐκ
3013 1877 3106 1929 τοῦ
3139 1877 3437 1948 πυρώδους,
3485 1880 3620 1951 ὅπερ
3655 1879 3823 1951 αἰθὴρ

2229 1966 2287 2018 ἐν
2319 1965 2496 2037 ἐαυτῷ
2543 1968 2812 2038 περιέχων
2870 1967 3204 2038 ἐξανέθλιψε,
3265 1968 3408 2022 κατά
3448 1970 3547 2041 τὴν
3596 1969 3821 2040 πρώτην

2227 2055 2518 2128 διάκρισιν.
2585 2058 2949 2130 Ἀναξαγόρας
2993 2059 3084 2112 τὸν
3146 2062 3526 2132 περικείμενον
3588 2062 3817 2132 αἰθέρα,

2231 2148 2454 2220 πύρινον
2499 2149 2597 2220 μὲν
2622 2146 2934 2204 εἶναικατά
2988 2152 3088 2223 τὴν
3139 2152 3349 2219 οὐσίαν,
3405 2155 3470 2224 τῇ
3524 2154 3569 2206 δ’
3604 2154 3822 2226 εὐτονίᾳ

2228 2241 2327 2311 τῆς
2357 2243 2749 2314 περιδινήσεως
2777 2243 3168 2297 ἀνασπάσαντα
3202 2245 3410 2318 πέτρας
3431 2245 3541 2300 ἀπὸ
3564 2247 3667 2315 τῆς
3690 2246 3814 2317 γῆς,

2230 2332 2326 2384 καὶ
2350 2332 2784 2402 καταφλέξαντα,
2839 2334 3041 2399 ταύτας
3103 2336 3471 2406 ἠστερικέναι.
3538 2336 3815 2407 Διογένης.

2231 2421 2541 2494 κισσηρώδη
2568 2423 2636 2477 τὰ
2664 2417 2860 2496 ἄστρα,
2887 2425 3146 2489 διαπνοὰς
3177 2426 3234 2479 δὲ
3284 2426 3424 2480 αὐτά
3467 2426 3680 2498 νομίζει
3720 2425 3816 2480 τοῦ

2230 2514 2458 2585 κόσμου.
2486 2516 2653 2568 Πάλιν
2677 2516 2732 2569 δὲ
2758 2519 2787 2569 ὁ
2841 2518 3029 2582 αὐτὸς,
3071 2521 3298 2588 ἀφανεῖς
3329 2519 3428 2590 μὲν
3470 2519 3670 2586 λίθους,
3723 2519 3815 2574 πί-

2230 2621 2462 2668 πτοντας
2492 2605 2550 2658 δὲ
2583 2605 2844 2669 πολλάκις
2878 2607 2971 2659 ἐπὶ
3027 2607 3126 2678 τὴν
3173 2609 3275 2679 γῆν
3331 2608 3673 2673 σϐέννυσθαι,
3715 2626 3818 2663 κα.

2230 2698 2404 2770 θάπερ
2457 2698 2551 2751 τὸν
2595 2700 2652 2752 ἐν
2711 2701 2873 2769 Αἰγὸς
2937 2702 3209 2771 Ποταμοῖς
3245 2702 3546 2774 πυροειδῶς
3585 2720 3812 2757 κατενε-

2227 2790 2421 2862 χθέντα
2437 2792 2640 2864 ἀστέρα
2664 2793 2937 2865 πέτρινον.
2957 2794 3346 2866 Ἐμπεδοκλῆς,
3371 2795 3498 2858 τοὺς
3521 2796 3619 2865 μὲν
3645 2795 3815 2848 ἀπλαο

2227 2885 2338 2946 νεῖς
2389 2885 2625 2954 ἀστέρας
2667 2885 3006 2940 συνδεδέσθαι
3055 2883 3132 2956 τῷ
3180 2885 3518 2956 κρυστάλλῳ,
3572 2887 3699 2950 τοὺς
3753 2886 3814 2940 δὲ

2225 2974 2504 3047 πλανήτας
2533 2977 2799 3034 ἀνεῖσθαι.
2864 2979 3113 3042 Πλάτων,
3154 2979 3219 3030 ἐκ
3265 2979 3362 3048 μὲν
3418 2976 3512 3030 τοῦ
3554 2978 3810 3032 πλείστου

534 3035 610 3088 tia
656 3052 786 3090 vero
823 3039 999 3093 soluta
1039 3055 1160 3098 esse
1203 3058 1266 3098 ac
1292 3045 1480 3100 libera.
1528 3046 1706 3116 Plato,
1740 3061 1951 3120 partem
1987 3069 2119 3109 sane

2228 3035 2428 3139 pépou';
2458 3035 2739 3140 πυρίνους,
2773 3035 3183 3140 μετέχονταςδέ
3215 3035 3444 3122 καὶτῶν
3476 3068 3807 3140 ἀλλων(57),

533 3128 826 3183 maximam
865 3131 1044 3202 ignea,
1078 3149 1200 3203 quae
1218 3145 1398 3192 tamen
1416 3139 1646 3194 aliorum
1671 3142 1859 3197 itidem
1878 3145 2116 3200 elemen-

2226 3128 2420 3233 κόλλης
2447 3128 2625 3232 δίκήν.
2661 3128 2988 3234 Ξενοφάνής,
3015 3128 3095 3217 ἐκ*
3112 3162 3289 3232 νεφῶν
3327 3163 3424 3234 μὲν
3476 3128 3811 3234 πεπυρωμέᾇ

533 3227 711 3273 torum
751 3225 1065 3293 particulas,
1106 3229 1265 3296 quasi
1313 3230 1496 3301 gluten
1536 3234 1756 3303 aliquod
1803 3236 2113 3294 admittant.

531 3309 921 3383 Xenophanes,
944 3317 1298 3376 inﬂammatis
1322 3339 1388 3378 ex
1412 3325 1652 3382 nubibus
1681 3343 1773 3382 eas
1795 3331 2113 3398 constituit;

531 3421 655 3476 qua:
687 3425 810 3463 cum
841 3412 1257 3481 exstinguantur
1303 3415 1558 3483 interdiu,
1585 3427 1700 3474 tum
1754 3437 1882 3477 vero
1927 3433 2114 3490 noctu,

530 3501 754 3570 quidam
803 3505 961 3572 quasi
996 3507 1284 3582 carbones,
1322 3509 1519 3564 iterum
1556 3513 1956 3573 accendantur:
1998 3519 2112 3587 ipsa

531 3594 678 3648 enim
731 3597 861 3650 oriri
894 3598 1078 3660 modo,
1123 3601 1289 3654 modo
1323 3603 1594 3672 occidere,
1623 3605 1770 3661 aliud
1802 3623 1923 3665 esse
1957 3611 2112 3675 nihil,

531 3701 699 3754 quam
745 3687 934 3741 eadem
992 3689 1320 3746 inﬂammari
1357 3695 1608 3762 subinde,
1651 3698 1989 3772 subindeque
2026 3720 2114 3759 re-

532 3778 760 3850 stingui.
818 3779 1155 3851 Heraclides,
1191 3801 1410 3856 unaque
1463 3787 1782 3861 Pytagorei,
1831 3798 2109 3864 quodlibet

531 3869 685 3926 sidus
723 3873 993 3944 integrum
1040 3891 1163 3932 esse
1208 3880 1492 3944 mundum,
1527 3883 1621 3952 qui
1666 3893 1866 3940 terram
1903 3905 2107 3959 aerem,

530 3972 694 4032 atque
721 3967 939 4032 coelum,
967 3967 1177 4025 infinito
1199 3973 1432 4042 quodam
1461 3975 1515 4029 in
1547 3978 1723 4045 spatio
1749 3983 2109 4050 comprehen-

2217 3271 2343 3306 vwv'
2382 3253 2776 3325 σϐεννυμένους
2801 3255 2858 3308 δὲ
2907 3256 3028 3310 καθ’
3053 3255 3289 3326 ἑκάστην
3327 3257 3565 3327 ἡμέραν,
3594 3255 3808 3318 ἀναζω-

2217 3344 2506 3417 πυρεῖσθαι
2534 3347 2772 3417 νύκτωρ,
2807 3347 3062 3418 καθάπερ
3095 3349 3221 3411 τοὺς
3246 3347 3544 3419 ἄνθρακας·
3574 3347 3675 3410 τὰς
3698 3347 3807 3418 γὰρ

2216 3437 2499 3501 ἀνατολὰς,
2535 3439 2629 3491 καὶ
2660 3437 2760 3500 τάς
2780 3438 2961 3503 δύσεις
2995 3439 3214 3508 ἐξάψεις
3257 3435 3392 3492 εἶναι
3443 3441 3536 3492 καὶ
3571 3439 3805 3502 σϐέσεις.

2227 3528 2585 3600 Ἡρακλείδης
2642 3530 2700 3582 δὲ
2753 3531 2847 3584 καὶ
2903 3533 2951 3585 οἱ
3008 3531 3387 3602 Πυθαγόρειοι,
3428 3532 3658 3586 ἕκαστον
3697 3530 3809 3587 τῶν

2214 3620 2459 3692 ἀστέρων
2493 3620 2698 3692 κόσμον
2740 3622 3027 3693 ὑπάρχειν,
3070 3623 3174 3692 γῆν
3202 3623 3547 3693 περιέχοντα,
3573 3624 3712 3696 ἀέρα
3741 3641 3806 3677 τε

2214 3715 2309 3766 καὶ
2333 3714 2548 3786 αἰθέρα,
2598 3715 2656 3768 ἐν
2689 3713 2768 3784 τῷ
2823 3714 3057 3786 ἀπείρῳ.
3116 3712 3303 3767 Ταῦτα
3361 3713 3433 3767 τὰ
3473 3715 3719 3785 δόγματα
3747 3715 3808 3769 ἐν

2214 3809 2328 3870 τοῖς
2372 3807 2652 3879 Ὀρφικοῖς
2677 3807 3004 3878 ἐμφέρεται·
3030 3805 3418 3876 κοσμοποιοῦσι
3438 3807 3546 3878 γάρ
3577 3807 3806 3860 ἕκαστον

2214 3898 2324 3952 τῶν
2357 3899 2623 3972 ἀστέρων.
2653 3899 2972 3969 Ἐπίκουρος
3003 3898 3156 3952 οὐδὲν
3189 3899 3556 3966 ἀπογινώσκει
3577 3898 3803 3964 τούτων,

2217 3991 2472 4061 ἐχόμενος
2496 3989 2591 4043 τοῦ
2624 3989 2991 4061 ἐνδεχομένου.
3006 4009 3024 4040 ι

531 4055 643 4108 dat.
671 4057 849 4125 Atque
878 4057 982 4113 hoc
1041 4060 1236 4130 dogma
1283 4064 1483 4132 passim
1517 4064 1771 4137 Orphicis
1808 4073 2149 4132 carminibus
2188 4055 2519 4146 celebratur,
2573 4095 2695 4150 quae
2730 4055 2962 4152 singulis
3005 4095 3070 4135 ex
3112 4079 3385 4135 sideribus
3419 4080 3656 4135 mundos
3686 4077 3804 4134 eﬂi-

530 4150 702 4204 ciunt.
763 4149 1032 4221 Epicurus
1074 4153 1276 4209 harum
1321 4160 1716 4216 sententiarum
1755 4165 1960 4220 nullam
2028 4170 2256 4225 omnino
2303 4173 2554 4242 repudiat
2571 4149 2601 4240 ,ί
2618 4189 2780 4228 suum
2813 4149 2982 4240 illud,
3049 4173 3168 4228 ﬁeri
3214 4186 3418 4243 posse,
3485 4181 3805 4228 constanter

529 4245 792 4302 retinens.
821 4266 841 4298 ι

1089 4340 1319 4398 CAPUT
1349 4343 1542 4401 XXXI.

1027 4431 1102 4486 De
1121 4435 1353 4488 siderum
1375 4438 1569 4508 ﬁgura.

611 4537 630 4570 ι
659 4519 846 4584 Stoici,
882 4522 1104 4592 globosa
1127 4540 1248 4581 esse
1272 4529 1471 4597 sidera,
1507 4547 1616 4586 non
1647 4534 1806 4590 secus
1842 4552 1907 4592 ac
1948 4553 2106 4594 mun-

529 4609 684 4677 dum,
732 4611 902 4667 solem
942 4621 1108 4685 atque
1152 4616 1359 4674 lunam.
1387 4620 1678 4680 Cleanthes
1712 4626 1836 4681 coni
1877 4629 2107 4699 ﬁguram

530 4699 602 4755 iis
655 4703 920 4756 attribuit.
969 4704 1356 4774 Anaximenes,
1400 4713 1715 4782 crystallino
1769 4716 1823 4769 in
1879 4732 2110 4788 corpore

531 4790 810 4846 clavorum
845 4794 902 4848 in
937 4797 1161 4851 modum
1194 4813 1315 4854 esse
1338 4801 1534 4857 deﬁxa.
1587 4803 1843 4860 Nonnulli
1877 4808 2109 4866 laminas

531 4882 796 4952 quasdam
846 4884 1056 4956 igneas,
1088 4903 1210 4958 qua
1241 4891 1428 4946 caelata
1463 4893 1626 4948 veluti
1681 4897 1836 4966 signa
1873 4899 2104 4954 videam

532 4982 642 5029 tur.
677 4993 695 5027 ›
730 4974 1012 5046 Ejusmodi
1039 4989 1187 5048 sunt,
1209 4998 1332 5053 quae
1353 4985 1418 5040 de
1442 4986 1550 5041 illis
1583 5003 1721 5056 quos
1749 4993 2108 5059 aspectabiles

533 5067 624 5122 isti
651 5068 784 5124 deos
813 5071 1117 5140 nominant,
1141 5075 1359 5145 egregia
1393 5077 1550 5133 nobis
1573 5081 1903 5151 excogitavit
1926 5084 2106 5153 philo-

537 5163 749 5233 sophia.
779 5163 898 5220 Jam
940 5183 1063 5237 quae
1100 5169 1167 5224 de
1197 5170 1456 5226 universo
1482 5188 1702 5242 quoque
1741 5178 2100 5246 pronuntient

533 5250 777 5320 ejusdem
805 5271 873 5310 ex
906 5254 1183 5313 Plutarchi
1222 5261 1404 5318 verbis
1438 5263 1698 5334 intellige.

749 5435 966 5515 ριξλης.
998 5438 1269 5515 Plutarch.
1295 5443 1415 5497 eod.
1449 5444 1568 5508 lih.,
1594 5459 1713 5515 cap.
1739 5445 1826 5500 l5.

604 5503 719 5575 (57)
759 5508 879 5562 wa-
900 5503 1133 5565 ἄλλων.
1162 5512 1438 5570 Plutarch.
1469 5503 1636 5582 addit,
1662 5503 1971 5589 ⁵στοιχείων.

2715 4354 3111 4409 ΚΕΦΑΛΑΙΟΝ
3140 4353 3270 4408 AA'.

2597 4446 2737 4515 Περὶ
2784 4447 3095 4516 σχήματος
3124 4446 3415 4515 ἀστέρων.

2293 4558 2312 4591 ι
2345 4541 2408 4592 Οἱ
2442 4540 2689 4604 Στωῖκοὶ,
2744 4540 3066 4612 σφαιρικοὺς
3111 4541 3240 4603 τοὺς
3267 4538 3524 4610 ἀστέρας,
3549 4537 3805 4611 καθάπερ

2215 4631 2306 4686 τὸν
2337 4633 2560 4703 κόσμον,
2591 4632 2685 4686 καὶ
2711 4632 2882 4703 ἥλιον,
2919 4634 3013 4686 καὶ
3048 4631 3276 4702 σελήνην
3328 4631 3466 4698 (58).
3495 4631 3804 4703 Κλεάνθης,

2215 4724 2541 4786 κωνοειδεῖς.
2634 4723 2989 4795 Ἀναξιμένης
3013 4766 3027 4788 ,
3116 4722 3260 4793 ἥλων
3331 4721 3486 4793 δίκην
3558 4738 3804 4775 καταπε-

2217 4813 2535 4884 πηγμένους
2555 4811 2632 4882 τῷ
2657 4811 3110 4883 κρυσταλλοειδεῖ.
3153 4812 3325 4864 Ἔνιοι
3353 4811 3411 4863 δὲ
3440 4810 3648 4865 πέταλα
3691 4810 3801 4864 πύ-

2220 4921 2343 4976 ρινα
2392 4899 2552 4968 εἶναι,
2599 4893 2810 4974 ὥσπερ’
2858 4903 3295 4972 ζωγραφήματα.
3330 4921 3349 4953 ι
3410 4901 3646 4956 Τοιαῦτα
3698 4901 3804 4972 τῆς

2216 4993 2534 5065 Θαυμαστῆς
2565 4994 2880 5065 φιλοσοφίας
2928 4993 2997 5046 τὰ
3031 4993 3160 5065 περὶ
3189 4986 3264 5044 ὧν
3306 5010 3435 5061 φασι
3459 4993 3801 5064 φαινομένων

2216 5085 2353 5139 θεῶν
2379 5086 2750 5157 ἐξευρήματα.
2786 5080 2887 5141 Οἷα
2914 5085 2970 5138 δὲ
3022 5086 3117 5139 καὶ
3151 5084 3279 5155 περὶ
3302 5084 3398 5138 τοῦ
3440 5085 3641 5148 παντὸς
3667 5084 3802 5170 διει-

2214 5177 2470 5248 λήφασιν,
2516 5181 2579 5232 ἐκ
2605 5178 2704 5244 τῆς
2756 5178 2928 5247 αὐτῆς
2989 5176 3225 5247 μάνθανε
3282 5175 3378 5229 τοῦ
3445 5176 3798 5247 Πλουτάρχου

2208 5269 2409 5338 φωνῆς.

2283 5447 2393 5517 (58)
2433 5448 2545 5502 Καὶ
2604 5445 2896 5513 σελήνην.
2957 5443 3254 5513 Κλεάνθης,
3288 5443 3609 5504 κωνοειδεῖς.
3665 5438 3800 5498 Hac

2211 5517 2522 5574 addidimus
2546 5534 2613 5574 ex
2633 5519 2950 5572 Plutarcho.
