4132 6398
332 317 460 371 1381

852 429 1253 482 ΚΕΦΑΛΑΙὈΝ
1284 428 1409 481 ΛΒ⁹.

716 520 848 586 Πῶς
894 523 1187 574 σύνεστιν
1209 523 1242 573 ό
1270 520 1518 587 κόσμος.

402 634 422 667 ι
471 615 529 667 '0
553 614 730 667 τοίνυν
755 613 958 683 κόσμος
992 612 1104 682 (39)
1139 609 1623 683 περικεκλασμένῳ
1650 608 1760 679 (40)
1787 607 1912 676 σχή-

330 727 458 779 ματι
486 709 884 778 ἐσχημάτισται
913 707 1005 759 τὸν
1056 705 1258 776 τρόπον
1291 703 1502 756 τοῦτον.
1535 701 1656 754 Τῶν
1689 701 1908 770 ἀτόμων

327 803 594 870 σωμάτων
619 799 951 870 ἀπρονόητον
977 795 1070 850 καὶ
1117 795 1341 864 τυχαίαν
1369 793 1599 862 ἐχόντων
1627 791 1724 862 τὴν
1755 791 1907 859 κίνη-

325 909 429 952 σιν,
466 891 702 962 συνεχῶς
730 907 788 943 τε
827 889 919 942 καὶ
964 887 1196 958 τάχιστα
1246 885 1598 955 κινουμένων,
1632 886 1711 946 είς
1739 883 1906 936 ταὺτὸ

323 983 492 1036 πολλά
521 981 749 1052 σώματα
786 979 1291 1052 συνηθροίσθηνκαὶ
1317 977 1404 1030 διὰ
1449 975 1607 1028 τοῦτο
1636 974 1903 1028 ποικιλίαν

320 1076 511 1144 ἔχοντα
545 1076 838 1143 σχημάτων
880 1072 976 1125 καὶ
1038 1069 1304 1139 μεγεθῶν.
1362 1067 1785 1139 Ἀθροιζομένων
1845 1066 1902 1118 δὲ

319 1165 377 1216 ὲν
405 1163 586 1233 ταὺτῴ
617 1163 843 1226 τούτων,
878 1162 949 1215 τὰ
986 1163 1103 1232 μὲν,
1133 1162 1232 1214 ὅσα
1267 1159 1489 1230 μείζονα
1520 1155 1589 1229 ἦν
1618 1157 1710 1211 καὶ
1735 1154 1902 1227 βαρύ-

316 1272 455 1308 τατα
475 1255 714 1319 πάντων,
751 1253 1097 1318 ὑπεκάθιζεν·
1134 1253 1234 1305 ὅσα
1291 1251 1348 1303 δὲ
1395 1251 1565 1321 μικρὰ
1595 1251 1689 1302 καὶ
1744 1265 1900 1319 περι-

315 1345 480 1417 φερῆ,
522 1345 616 1397 καὶ
647 1345 784 1408 λεῖα,
816 1346 908 1398 καὶ
933 1343 1201 1406 εὐόλισθα,
1232 1343 1406 1396 ταῦτα
1437 1340 1738 1405 ἐξεθλίϐετο
1758 1339 1898 1393 κατά

311 1434 411 1504 τὴν
443 1434 657 1488 σύνοδον
681 1435 787 1487 τῶν
812 1435 1100 1505 σωμάτων,
1127 1433 1206 1497 εἷς
1233 1451 1292 1485 τε
1313 1432 1372 1485 τὸ
1403 1431 1674 1502 μετέωρον
1698 1431 1895 1499 ἀνεφέ-

313 1543 457 1595 ρετο.
504 1527 592 1588 Ὠς
618 1527 662 1578 δ’
716 1522 808 1580 οὖν
853 1525 1067 1590 ἐξέλιπε
1121 1525 1218 1597 μέν
1265 1527 1298 1594 ἡ
1360 1523 1633 1594 πληκτικὴ
1666 1523 1895 1594 δύναμις

313 1618 739 1690 μετεωρίζουσα,
771 1619 952 1672 οὑκέτι
979 1618 1034 1670 δὲ
1063 1614 1197 1689 ἦγεν
1232 1621 1265 1689 ἡ
1296 1617 1477 1688 πληγὴ
1509 1616 1644 1686 πρὸς
1670 1615 1730 1668 τὸ
1766 1633 1894 1686 μετ-

310 1710 505 1780 έωρον,
537 1711 805 1764 ἐκωλύετο
851 1710 907 1763 δέ
945 1709 1118 1764 ταῦτα
1147 1710 1405 1782 φέρεσθαι
1443 1709 1611 1770 κάτω,
1647 1705 1891 1769 ἐπιέζετο

307 1801 445 1869 πρὸς
477 1802 602 1864 τοὺς
634 1802 850 1864 τόπους,
877 1801 1000 1864 τοὺς
1029 1801 1360 1871 δυναμένους
1420 1796 1692 1864 δέξασθαι.
1734 1793 1889 1851 Οὗτοι

303 1890 361 1942 δὲ
384 1886 526 1961 ἦσαν
553 1893 602 1944 οἰ
635 1893 812 1964 πέριξ.
848 1894 956 1946 Καὶ
985 1893 1120 1965 πρὸς
1149 1891 1369 1954 τούτους
1388 1890 1525 1960 (41),
1572 1887 1635 1940 τὸ
1691 1888 1892 1956 πλῆθος

303 1983 416 2036 τῶν
443 1984 710 2054 σωμάτων
772 1985 1116 2056 περιεκλᾶτο·
1173 1983 1614 2054 περιπλεκόμενα
1643 1981 1700 2036 δὲ
1731 1981 1892 2050 ἀλλή-

300 2077 418 2140 λοις
442 2076 584 2130 κατά
614 2079 714 2146 τὴν
745 2079 1066 2149 περίκλασιν
1092 2078 1184 2131 τὸν
1217 2077 1446 2148 οὐρανὸν
1479 2076 1758 2147 ἐγέννησε.
1781 2076 1891 2145 Τῆς

299 2167 346 2218 δ’
379 2167 550 2236 αὑτῆς
579 2169 836 2238 ἐχόμεναι
856 2168 1071 2238 φύσεως
1099 2171 1152 2222 αἱ
1181 2169 1392 2240 ἄτομοι,
1449 2168 1689 2221 ποικίλαι
1711 2163 1887 2230 οὖσαι,

300 2257 487 2322 καθὼς
507 2258 743 2330 εἴρηται,
775 2259 910 2331 πρὸς
934 2259 994 2312 τὸ
1030 2259 1302 2331 μετέωρον
1365 2257 1752 2328 ἐξωθούμεναι,
1791 2258 1888 2327 τὴν

298 2349 412 2401 τῶν
438 2350 653 2422 ἄστρων
687 2345 847 2420 φύσιν
868 2351 1180 2404 ἀπετέλουν.
1207 2351 1279 2403 Τὸ
1310 2350 1368 2402 δὲ
1397 2349 1601 2418 πλῆθος
1626 2348 1735 2400 τῶν
1763 2349 1890 2401 ἀνα-

298 2437 662 2508 θυμιωμένων
709 2441 975 2510 σωμάτων
1011 2441 1318 2511 ἐπέπληττε
1341 2440 1431 2492 τὸν
1463 2440 1622 2510 ἀέρα,
1646 2439 1738 2492 καὶ
1766 2439 1890 2492 τοῦ-

293 2541 392 2579 τον
415 2526 674 2599 ἐξέθλιᾷε·
712 2529 1188 2600 πνευματούμενος
1209 2531 1266 2582 δὲ
1297 2521 1453 2591 οὗτος
1497 2530 1639 2583 κατὰ
1669 2529 1767 2601 τὴν
1801 2530 1889 2583 κί-

295 2633 488 2688 νησιν,
553 2619 648 2672 κα)⁸
706 2620 1126 2691 περιλαμϐάνων
1155 2621 1223 2674 τὰ
1262 2621 1457 2692 ἄστρα,
1513 2623 1889 2694 συμπεριῆγεν

293 2709 461 2774 αὐτὰ,
511 2712 605 2764 καὶ
636 2712 735 2783 τὴν
763 2712 856 2766 νῦν
891 2712 1196 2784 περιφορὰν
1223 2712 1402 2766 αὑτῶν
1461 2714 1734 2784 μετέωρον
1761 2714 1890 2782 ἐφύ-

294 2799 480 2854 λαττε.
506 2803 759 2856 Κᾶπειτα
810 2803 874 2854 ἐκ
912 2802 1009 2874 μὲν
1049 2801 1158 2856 τῶν
1190 2802 1630 2868 ὑποκαθιζόντων
1655 2803 1886 2874 ἐγενήθη

295 2894 329 2962 ἡ
359 2891 460 2961 γῆ,
503 2892 568 2944 ὲκ
610 2892 666 2944 δὲ
721 2891 829 2944 τῶν
868 2891 1351 2964 μετεωριζομένων
1385 2894 1413 2945 ὀ
1442 2893 1691 2965 οὐρανὸς,
1753 2893 1886 2962 πῦρ,

291 2986 426 3056 ἀήρ,
459 2985 665 3057 Πολλῆς
691 2986 747 3039 δέ
781 2985 912 3057 ὕλης
946 2986 1024 3038 ἔτι
1054 2987 1523 3060 περιειλημμένης
1581 2969 1641 3040 ὲν
1691 2992 1756 3060 τῇ
1791 2992 1885 3060 γῇ,

1451 308 1773 365 ΡΒΑΞΡΑΒ.
1815 305 2068 362 EVA-NG.
2111 305 2236 360 LIB.
2279 304 2392 359 XV.

3463 311 3603 370 {582

2565 419 2798 476 CAPUT
2831 419 3052 476 XXXII.

2275 513 2393 577 Qua
2419 515 2621 567 ratione
2646 513 2874 566 mundus
2902 515 2972 566 sit
3006 514 3347 571 constitutus.

2045 644 2050 648 .
2087 626 2104 656 ι
2143 605 2242 660 llic
2288 621 2418 675 ergo
2468 608 2728 670 mundus,
2759 605 3109 660 circumﬂexa
3145 623 3309 675 quam
3349 607 3601 665 videmus

2011 701 2202 770 figura,
2232 700 2375 753 hunc
2407 699 2462 752 in
2495 699 2714 753 modum
2747 699 3124 753 conformatus
3148 709 3250 753 est.
3290 699 3427 754 Cum
3458 701 3600 756 indi-

2007 790 2169 844 vidua
2211 803 2443 858 corpora
2477 787 2770 840 temerario
2795 787 3034 856 quodam
3068 801 3132 840 ac
3163 784 3393 842 fortuito
3423 797 3597 854 motu,

2005 883 2306 950 eodemque
2321 891 2579 952 perpetuo
2603 882 2764 936 simul
2783 881 2947 951 840
2970 896 3034 934 ac
3055 881 3343 935 celerrimo
3371 895 3600 951 ageren-

2005 981 2115 1038 tur,
2137 988 2366 1042 corpora
2392 973 2443 1026 in
2471 989 2639 1026 unum
2659 972 2893 1042 plurima
2915 972 3113 1037 colere,
3133 973 3598 1042 multiplicemque

2003 1074 2288 1134 propterea
2345 1063 2644 1133 ﬁgurarum
2687 1072 2742 1117 et
2785 1064 3226 1132 magnitudinum
3276 1064 3596 1120 varietatem

2001 1155 2263 1210 habuere.
2310 1154 2522 1221 Quibus
2570 1156 2622 1208 in
2669 1169 2841 1209 unum
2887 1154 2959 1208 ita
3001 1154 3428 1221 conﬂuentibus,
3473 1171 3596 1224 qua:

2001 1249 2241 1301 maxima
2272 1247 2515 1300 omnium
2559 1254 2716 1302 erant
2747 1256 2910 1316 atque
2948 1247 3295 1316 gravissima,
3338 1247 3592 1303 subside-

1999 1339 2130 1392 hant
2163 1361 2173 1395 :
2202 1354 2324 1409 quae
2371 1339 2607 1404 minora,
2648 1339 2904 1403 rotunda,
2945 1339 3123 1398 laevia,
3155 1339 3480 1408 dilapsuque
3512 1338 3596 1394 fa-

1997 1431 2142 1494 cilia,
2169 1446 2441 1486 concursu
2474 1430 2593 1500 ipso
2620 1444 2908 1498 corporum
2932 1430 3129 1483 extrita
3153 1438 3316 1499 atque
3334 1441 3591 1498 protrusa

1996 1521 2228 1574 sublime
2261 1519 2598 1574 ferebantur.
2637 1522 2706 1574 At
2734 1521 2824 1574 ubi
2861 1521 3171 1590 pr0pellens
3202 1537 3264 1574 ea
3299 1521 3380 1576 vis
3407 1530 3460 1575 et
3488 1522 3595 1576 im-

1995 1621 2152 1680 pctus
2193 1611 2532 1680 superiorem
2582 1613 2636 1665 in
2697 1612 2878 1667 locum
2921 1613 3116 1666 efferre
3163 1613 3438 1679 desiisset,
3464 1630 3589 1668 cum

1995 1703 2111 1772 ipsa
2151 1718 2372 1774 quoque
2427 1703 2686 1757 deorsum
2736 1702 2865 1758 ferri
2914 1704 3353 1772 prohiberentur,
3396 1705 3591 1758 vicinis

1994 1794 2201 1847 circum
2243 1795 2295 1846 in
2338 1794 2494 1859 locis,
2554 1793 2756 1863 quibus
2798 1794 2977 1862 excipi
3018 1803 3298 1862 utcunque
3335 1802 3591 1862 poterant

1992 1884 2368 1939 vehementius
2412 1886 2817 1954 premebantur.
2870 1883 2948 1938 Eo
2999 1886 3223 1954 quippe,
3251 1883 3334 1937 vis
3389 1885 3586 1953 ingens

1991 1990 2280 2044 corporum
2294 1975 2645 2030 circumﬂexu
2666 1977 2901 2046 quodam
2928 1978 3222 2046 agebatur;
3252 1976 3304 2028 in
3325 1991 3434 2044 quo
3453 1977 3584 2030 dum

1993 2068 2095 2120 alia
2148 2081 2272 2121 cum
2311 2068 2434 2121 aliis
2489 2068 2764 2137 implicata
2821 2069 3106 2135 haererent,
3142 2069 3340 2123 coelum
3385 2083 3589 2138 genue-

1994 2166 2144 2212 runt.
2165 2157 2302 2212 Tum
2335 2160 2454 2213 alia:
2487 2175 2678 2214 rursus
2707 2161 2897 2223 atomi,
2922 2160 3110 2214 eadem
3137 2161 3356 2229 quidem
3389 2170 3586 2214 natura

1990 2251 2250 2319 prwditm,
2281 2252 2373 2306 scd
2403 2259 2607 2313 tamen,
2634 2251 2711 2303 uti
2738 2251 2852 2319 jam
2887 2251 3095 2305 dictum
3121 2261 3223 2314 est,
3255 2251 3438 2320 specie
3463 2251 3582 2304 for-

1991 2358 2190 2412 maque
2221 2343 2536 2406 dissimiles,
2560 2343 2797 2412 itemque
2831 2357 3049 2396 sursum
3083 2357 3274 2397 versus
3317 2343 3580 2412 expulsae.

1992 2445 2265 2490 astrorum
2300 2443 2549 2490 naturain
2586 2434 2952 2504 perfecerunt.
2978 2434 3046 2488 At
3069 2449 3360 2505 corporum
3388 2451 3580 2491 eorum

1991 2527 2300 2593 multitudo,
2330 2527 2474 2582 unde
2506 2527 2714 2597 aliquid
2760 2527 3127 2582 exhalationis
3177 2526 3421 2594 ematur,
3456 2543 3584 2597 per-

1991 2637 2214 2676 cussum
2262 2621 2407 2676 elisit
2456 2637 2671 2685 aerem;
2699 2621 2792 2690 qui
2820 2631 2968 2675 motu
3025 2622 3144 2691 ipso
3185 2637 3487 2677 conversus
3521 2622 3578 2677 in

1990 2721 2234 2779 ventum,
2262 2714 2580 2782 ambituque
2606 2728 2707 2767 suo
2733 2722 2882 2767 astra
2923 2713 3264 2783 complexus,
3293 2729 3355 2767 ea
3393 2729 3582 2768 secum

1990 2804 2045 2858 in
2081 2805 2264 2859 orbem
2293 2807 2420 2874 egit,
2451 2819 2727 2874 quamque
2763 2805 3006 2873 ipsorum
3051 2805 3105 2857 in
3135 2819 3352 2874 summa
3389 2805 3579 2858 mundi

1990 2905 2142 2967 parte
2173 2897 2589 2950 conversionem
2633 2896 2900 2964 hodieque
2943 2897 3244 2961 cernimus,
3287 2911 3582 2950 conserva-

1989 2989 2084 3042 vit.
2123 2988 2302 3057 Atque
2329 2988 2401 3042 ita
2447 3004 2514 3042 ex
2558 2987 2969 3042 subsidentibus
3003 2987 3223 3056 quidem
3256 2989 3581 3058 corporibus

293 3084 679 3155 πυκνουμένης
712 3085 771 3138 δὲ
794 3084 1019 3154 ταύτης,
1045 3086 1186 3139 κατὰ
1215 3087 1314 3150 τὰς
1347 3087 1456 3140 ἀπὸ
1505 3086 1614 3138 τῶν
1637 3088 1884 3156 πνευμά-

1993 3089 2242 3145 terra,ex
2273 3079 2341 3134 iis
2375 3093 2526 3145 vero,
2562 3094 2685 3148 qua:
2726 3079 2958 3134 sublime
2990 3079 3166 3133 delata
3191 3081 3577 3145 sunt,emlum,

289 3191 404 3228 των
467 3175 700 3246 πληγὰς,
771 3177 864 3229 καὶ
929 3177 1027 3240 τὰς
1085 3177 1194 3230 ἀπὸ
1243 3176 1352 3230 τῶν
1385 3178 1630 3248 ἀστέρων
1690 3177 1882 3250 αὔρας,

290 3263 687 3336 προσεθλίᾶετο
712 3266 819 3328 πᾶς
836 3267 864 3318 ό
889 3268 1229 3338 μικρομερὴς
1259 3267 1638 3337 σχηματισμὸς
1659 3268 1882 3338 ταύτης,

290 3357 386 3409 καὶ
421 3356 522 3427 τὴν
567 3357 739 3426 ὑγρὰν
789 3357 949 3426 φύσιν
993 3358 1204 3426 ἐγέννα.
1271 3359 1595 3423 Ῥευστικῶς
1644 3360 1688 3412 δ’
1745 3360 1885 3432 αὕτη

287 3446 642 3518 διακειμένη,
676 3449 1008 3520 κατεφέρετο
1039 3451 1176 3521 πρὸς
1236 3453 1361 3515 τοὺς
1423 3451 1635 3513 κοίλους
1667 3451 1883 3516 τόπους,

287 3538 386 3591 καὶ
405 3539 740 3609 δυναμένους
757 3541 1002 3611 χωρῆσαί
1018 3558 1076 3594 τε
1099 3542 1192 3595 καὶ
1220 3542 1424 3609 στέξαι·
1443 3542 1476 3613 ἢ
1498 3542 1618 3596 καθ’
1635 3543 1794 3596 ἑαυτὸ
1827 3543 1887 3596 τὸ

293 3628 448 3701 ὕδωρ
467 3630 727 3695 ὑποστὰν,
753 3631 1018 3686 ἐκοίλαινε
1043 3634 1168 3696 τοὺς
1200 3633 1598 3704 ὑποκειμένους
1619 3633 1836 3697 τόπους.
1861 3653 1880 3686 ι

1992 3171 2154 3240 ignis,
2189 3185 2280 3226 aer
2307 3171 2590 3227 exstitere.
2617 3171 2686 3226 At
2718 3187 2842 3227 cum
2901 3187 3154 3241 magnam
3187 3174 3366 3228 adhuc
3406 3183 3578 3229 mate-

1992 3264 2086 3318 riae
2115 3264 2327 3334 copiam
2362 3273 2504 3318 terra
2537 3265 2860 3332 contineret,
2901 3280 3074 3335 eaque
3121 3281 3248 3321 cum
3283 3277 3576 3322 ventorum

1989 3355 2372 3425 percussione,
2403 3365 2518 3409 tum
2565 3366 2838 3411 astrorum
2879 3358 3042 3412 etiam
3112 3358 3357 3427 ipsorum
3396 3359 3578 3413 afﬂatu

1989 3447 2208 3501 densior
2233 3462 2298 3506 ac
2321 3448 2550 3517 spissior
2573 3447 2762 3504 effecta
2786 3458 2951 3516 esset,
2977 3450 3243 3520 quidquid
3274 3450 3578 3505 subtilioris

1989 3553 2054 3592 ac
2085 3539 2348 3593 tenuibris
2378 3537 2569 3593 formae
2604 3539 2863 3604 habebat,
2893 3555 3217 3610 eitpressum
3247 3549 3352 3604 est,
3391 3541 3577 3596 humi-

1991 3631 2226 3699 damque
2264 3639 2512 3685 naturam
2566 3633 2891 3700 procreavit.
2934 3631 3067 3699 Quae
3104 3633 3249 3687 ﬂuxa
3278 3649 3402 3688 cum
3432 3644 3580 3689 esset

287 3738 356 3776 ac
386 3724 617 3793 liquida,
650 3725 704 3779 in
733 3740 797 3780 ea
823 3726 1084 3781 continuo
1112 3728 1229 3783 loca
1269 3727 1562 3794 ferebatur,
1595 3745 1719 3799 quae
1749 3742 1987 3784 concava
2041 3726 2206 3781 simul
2258 3735 2462 3792 essent,
2491 3736 2656 3796 atque
2682 3729 2750 3783 ad
2799 3745 2919 3784 eam
2943 3739 2997 3784 et
3029 3731 3346 3800 capiendam
3373 3741 3425 3786 et
3446 3747 3578 3787 cono

289 3814 576 3869 tinendam
617 3817 813 3871 idonea
843 3835 857 3872 :
885 3819 969 3873 vel
996 3819 1184 3874 eadem
1220 3832 1368 3875 certe
1396 3835 1494 3890 per
1525 3836 1646 3876 sese
1669 3822 1999 3885 consistens,
2035 3818 2277 3888 subjecta
2310 3820 2428 3874 loca
2459 3820 2764 3875 excavavit.
2793 3840 2811 3871 ο

360 3905 602 3978 Τοιαύτη
631 3907 726 3960 καὶ
755 3909 786 3978 ή
819 3907 1122 3979 θαυμάσιος
1153 3910 1334 3964 αὐτῶν
1371 3913 1721 3982 κοσμογονία.
1749 3913 1884 3965 Συν-

287 3996 465 4067 ῆπται
525 3997 582 4050 δὲ
627 3998 835 4062 τούτοις
893 4000 1025 4072 ἄλλη
1055 4019 1140 4066 τις
1191 4001 1418 4072 πλείστη
1440 4003 1741 4074 λογομαχία
1774 4004 1884 4058 τῶν

288 4088 562 4142 παντοίων
589 4091 717 4161 περὶ
745 4091 1062 4162 προτάσεων
1112 4095 1527 4166 ἀπορησάντων.
1568 4097 1630 4149 Ei
1657 4096 1764 4168 χρὴ
1819 4098 1880 4150 τὸ

287 4181 404 4232 πᾶν
431 4180 510 4246 ἓν,
538 4182 572 4252 ἢ
613 4182 782 4236 πολλὰ
812 4184 1087 4254 ἡγεῖσθαι·
1127 4186 1223 4238 καὶ
1252 4188 1300 4239 εί
1332 4187 1428 4240 ἕνα
1465 4189 1556 4241 τὸν
1587 4189 1810 4260 κόσμον.
1841 4190 1875 4260 ἢ

285 4269 532 4337 πλείους·
553 4275 648 4328 καὶ
673 4277 782 4329 είτε
809 4276 1049 4347 ἔμψυχος
1067 4273 1238 4342 οὗτος,
1257 4281 1352 4332 καὶ⁸
1381 4280 1605 4352 προνοίᾳ
1624 4281 1880 4351 τυγχάνει

283 4363 432 4416 Θεοῦ
455 4364 846 4437 διοικούμενος,
891 4369 1001 4421 εἴτε
1034 4369 1128 4421 καὶ
1154 4370 1434 4423 τάναντία·
1471 4375 1566 4425 καὶ
1593 4374 1642 4425 εί
1672 4372 1882 4442 ἄφθαρ-

2067 3907 2225 3965 Hunc
2275 3911 2438 3964 etiam
2493 3911 2583 3966 isti
2637 3913 2795 3966 nobis
2831 3913 3108 3983 egregium
3153 3915 3340 3970 mundi
3391 3905 3572 3974 crium

1991 4004 2354 4058 somniarunt.
2370 4002 2581 4069 Quibus
2601 4005 2866 4060 immensa
2885 4007 3130 4073 quaedam
3148 4009 3252 4062 alia
3279 4010 3570 4067 verborum

1989 4110 2169 4165 pugna
2212 4097 2598 4166 contentioque
2633 4097 3003 4166 subjungitur,
3035 4099 3316 4154 hominum
3358 4102 3412 4154 in
3448 4102 3571 4157 inti-

1982 4189 2097 4239 nita
2137 4186 2504 4256 quaestionum
2570 4187 2703 4241 silva
2756 4186 3157 4242 ﬂuctuantium.
3204 4187 3357 4244 Sitne
3397 4207 3567 4247 unum

1981 4275 2186 4346 aliquid
2236 4275 2546 4331 habendum
2606 4279 2720 4342 hoc
2761 4278 3076 4331 universum
3133 4293 3202 4330 an
3256 4279 3564 4349 multiplex.

1981 4361 2259 4419 Unicusne
2302 4365 2372 4419 sit
2417 4366 2678 4432 mundus,
2705 4381 2772 4420 an
2818 4367 3020 4436 plures.
3073 4365 3225 4422 Sitne
3289 4370 3565 4427 animatus

283 4472 404 4519 τος,
434 4456 468 4526 ἢ
505 4456 760 4529 φθαρτός·
795 4462 886 4512 καὶ
920 4459 1084 4514 πόθεν
1137 4461 1416 4532 τρέφεται·
1452 4464 1546 4515 καὶ
1590 4462 1698 4516 ἀπὸ
1721 4463 1874 4516 ποίου

1990 4455 2070 4508 hic
2101 4463 2306 4517 noster,
2342 4453 2549 4525 Deique
2585 4455 2922 4524 providentia
2957 4455 3312 4524 gubernetur,
3336 4471 3404 4510 an
3432 4473 3568 4512 con-

284 4548 498 4618 ἤρξατο
529 4551 557 4602 ὁ
582 4551 714 4614 Θεὸς
768 4557 1137 4624 κοσμοποιεῖν·
1175 4555 1302 4626 περί
1325 4572 1385 4606 τε
1418 4555 1516 4624 τῆς
1541 4555 1746 4621 τάξεως
1782 4555 1876 4608 τοῦ

285 4643 524 4712 κόσμου·
557 4644 652 4698 καὶ
684 4644 819 4716 τίςή
849 4647 997 4699 αἰτία
1025 4646 1120 4699 τού
1153 4647 1314 4700 αὑτὸν
1349 4647 1687 4720 ἐγκλιθῆναι.
1743 4648 1876 4718 Περί

283 4752 348 4787 τε
383 4735 486 4805 τῆς
507 4736 665 4800 ἐκτὸς
713 4735 808 4789 τοῦ
847 4738 1053 4809 κόσμου
1112 4739 1484 4810 περιφερείας·
1516 4740 1608 4793 καὶ
1656 4741 1778 4793 τίνα
1809 4739 1878 4793 τὰ

283 4825 444 4892 δεξιὰ
472 4827 565 4879 καί
592 4828 659 4880 τὰ
684 4828 950 4901 ἀριστερά
969 4829 1064 4882 τοῦ
1098 4829 1324 4900 κόσμου·
1367 4831 1495 4902 περί
1525 4847 1586 4883 τε
1624 4831 1872 4902 οὑρανού·

284 4917 384 4968 καὶ
416 4917 556 4986 πρὸς
619 4919 788 4972 ἄπασι
845 4919 1075 4984 τούτοις,
1143 4921 1269 4991 περί
1332 4937 1392 4972 τε
1459 4920 1726 4991 δαιμόνων
1783 4923 1878 4974 καὶ

283 5006 514 5078 ⁴ἡρώων·
573 5011 700 5082 περί
726 5027 785 5063 τε
819 5010 970 5082 ὕλης,
1001 5011 1094 5064 καὶ
1125 5014 1252 5084 περὶ
1285 5012 1459 5065 ίδεῶν·
1491 5013 1618 5084 περὶ
1651 5013 1750 5083 τῆς
1783 5013 1876 5066 τοῦ

281 5099 495 5164 παντὸς
520 5101 744 5167 τάξεως·
787 5101 867 5156 ἔτι
894 5103 1001 5174 μὴν
1057 5105 1185 5176 περὶ
1242 5106 1340 5176 τῆς
1373 5105 1479 5157 τῶν
1529 5105 1743 5176 ἄστρων
1782 5123 1877 5175 φο-

285 5190 393 5261 ρᾶς
427 5206 491 5241 τε
511 5194 604 5246 καὶ
631 5195 916 5265 κινήσεως·
946 5195 1042 5248 καὶ
1072 5195 1236 5248 πόθεν
1263 5195 1588 5265 φωτίζονται
1616 5198 1665 5248 οἱ
1714 5197 1878 5251 ἀστέ-

283 5299 404 5353 ρες·
454 5284 548 5336 καὶ
595 5287 724 5357 περὶ
775 5287 882 5340 τῶν
940 5288 1289 5354 καλουμένων
1335 5287 1697 5360 Διοσκούρων·
1749 5290 1878 5360 περὶ

363 5439 483 5510 (59)
521 5441 573 5494 Ὁ
599 5443 1081 5516 τοίνυννκᾳόσμος.
1114 5445 1390 5516 Plutarch.
1420 5446 1664 5515 ejusdem
1695 5447 1877 5516 operis

285 5510 388 5584 lib.
434 5525 619 5584 I,_7c_ap.
651 5514 705 5579 4,
739 5514 829 5568 ubi
857 5510 1169 5577 Democriti,
1206 5515 1426 5584 Epicuri
1449 5510 1524 5570 'ac
1552 5510 1874 5571 caeterorum

282 5579 665 5654 ἀτομιζόντων
699 5585 1009 5652 opinionem
1045 5579 1284 5654 exponit.

359 5596 665 5702 ορόςοντων
699 5599 1009 5652 opinionem
1045 5598 1284 5654 exponit.

359 5650 388 5727 (_
463 5648 1076 5727 )_Heptxegc.la0'perqi.
1137 5655 1417 5727 amictus,
1477 5655 1642 5727 ﬁgure
1691 5659 1872 5727 rando,

281 5717 588 5789 Xylauder,
608 5717 912 5791 Vconfracta'
935 5717 1124 5780 farina.
1152 5724 1313 5779 Malui
1343 5717 1705 5793 circumﬂexu.

1980 4551 2086 4598 tra.
2121 4543 2415 4599 lnteritune
2445 4555 2650 4609 careat,
2675 4559 2744 4598 an
2765 4544 2815 4599 ei
2862 4545 2932 4599 sit
2955 4546 3246 4602 obnoxius.
3282 4546 3563 4612 Quoidem

1978 4637 2177 4705 pabulo
2210 4638 2505 4691 nutriatur.
2536 4635 2818 4692 Undenam
2845 4637 2966 4706 ejus
3004 4639 3260 4693 moliendi
3288 4637 3431 4694 Deus
3457 4640 3563 4694 ini-

1979 4729 2113 4782 tium
2147 4729 2385 4782 duxerit.
2419 4727 2495 4783 De
2525 4728 2714 4783 mundi
2756 4730 2967 4784 ordine.
3005 4729 3138 4796 Quae
3175 4745 3340 4785 eausa
3374 4730 3558 4796 fuerit,

1977 4820 2330 4892 quamobrem
2369 4821 2681 4876 inclinatior
2716 4820 2867 4876 fieret
2912 4832 3075 4891 atque
3113 4822 3439 4890 depressior.
3486 4825 3562 4878 De

1977 4913 2169 4967 mundi
2194 4913 2467 4969 exteriore
2482 4914 2710 4968 ambitu.
2730 4912 2990 4979 Quaenam
3015 4915 3216 4969 dextra:
3238 4915 3555 4990 illiusﬂl

1977 5015 2161 5074 partes
2203 5005 2342 5071 sint,
2373 5021 2604 5075 qusque
2651 5006 2910 5060 sinistrae.
2941 5004 3016 5060 De
3045 5007 3206 5062 caelo.
3242 5006 3317 5062 De
3355 5008 3560 5062 daemo-

1978 5096 2138 5150 nibus
2187 5104 2469 5166 praeterea,
2500 5097 2675 5166 deque
2711 5097 2986 5152 heroibus.
3019 5097 3096 5152 De
3135 5100 3362 5153 materia
3393 5101 3558 5157 simul

1978 5193 2034 5239 et
2055 5183 2211 5238 ideis.
2244 5182 2322 5238 De
2356 5185 2474 5253 ipso
2510 5185 2676 5239 totius
2709 5186 2947 5239 universi
2988 5187 3199 5242 ordine.
3231 5187 3306 5245 De
3329 5204 3558 5246 conver-

1979 5275 2132 5330 sione
2173 5284 2435 5346 motuque
2481 5276 2741 5330 siderum.
2785 5275 2942 5332 Unde
2987 5279 3170 5332 lumen
3212 5280 3380 5336 stella:
3401 5283 3556 5340 acci-

2050 5451 2162 5527 (ti)
2189 5451 2299 5504 Καὶ
2336 5450 2485 5527 πρὸς
2516 5452 2786 5527 (aurove.
2820 5452 2965 5527 Haec,
3007 5463 3061 5508 et
3088 5471 3208 5525 quae
3249 5470 3553 5527 sequuntur

1978 5523 2188 5595 omnia,
2223 5537 2393 5595 usque
2420 5523 2487 5595 ad
2518 5525 2567 5595 ει
2592 5523 2696 5592 χρὴ
2731 5523 2791 5595 τό
2819 5525 2950 5595 πᾶν,
2975 5523 3120 5588 εις,
3139 5543 3260 5595 quze
3287 5523 3552 5585 habentur

1979 5591 2142 5665 infra,
2180 5594 2232 5665 i_n
2276 5590 2711 5665 prioriediuone
2743 5593 3055 5657 defuerunt,
3095 5590 3216 5665 quae
3255 5602 3448 5665 partim
3482 5616 3552 5656 ex

1977 5659 2291 5740 Plutarcho,
2333 5662 2523 5740 partim
2557 5678 2620 5714 ex
2643 5661 2884 5740 hient-ac.
2921 5659 3130 5740 codice;
3156 5659 3553 5740 qui'nusquam

1977 5731 2097 5795 fuit,
2130 5745 2293 5801 quam
2336 5731 2437 5784 hoc
2465 5729 2604 5796 loco,
2643 5732 2939 5798 liberalior,
2973 5729 3364 5806 suppleviinus.
