4132 6406
591 326 734 382 4582)

1226 323 1498 380 EUSEBII
1534 321 2015 380 CESARIENSIS
2053 323 2200 378 OPP.
2249 321 2426 377 PARS
2466 321 2527 375 ll.
2571 353 2637 362 —-—
2677 320 3174 376 APOLOGETICA.

3679 323 3820 378 1584

587 447 760 518 piant.
797 446 871 501 De
923 447 988 500 iis
1020 461 1157 516 quos
1194 447 1356 516 vulgo
1387 446 1642 502 Castores
1677 447 2043 501 nominamus.
2077 446 2151 500 De

2255 447 2545 517 ἐκλείψεως
2581 446 2727 516 ἡλίου
2778 445 2872 497 καὶ
2929 443 3174 514 σελήνηςο
3241 444 3333 496 καὶ
3367 442 3496 513 περὶ
3542 443 3834 513 ἐμφάσεως

587 542 720 597 solis
762 556 825 596 ac
867 541 1007 595 lunae
1043 540 1456 596 defectionibus.
1500 541 1573 594 De
1621 540 1860 610 ejusdem
1897 540 2037 593 lunae
2075 555 2161 593 as-

589 642 766 702 pectu.
798 632 906 686 Cur
939 633 1180 687 terrestri
1210 633 1442 686 similior
1470 641 1742 702 appareat.
1793 631 1869 686 De
1909 633 2158 686 interval-

587 723 679 791 lis,
703 724 902 795 quibus
935 741 963 778 a
991 726 1103 780 sole
1137 734 1387 793 terraque
1411 723 1595 778 distet.
1625 725 1865 794 Itemque
1888 725 1953 778 de
1976 724 2156 778 annis.

586 813 655 868 At
696 814 810 867 haec
849 813 1052 876 omnia,
1088 814 1360 868 sexcentis
1407 828 1619 878 eorum,
1650 815 1714 866 de
1752 815 1954 882 quibus
1981 813 2161 884 loqui-

585 921 730 969 mur,
772 907 1218 975 phil050phorum
1269 905 1728 975 disputationibus
1779 905 2001 974 agitata,
2035 921 2158 960 cum

585 999 639 1051 in
669 1012 840 1067 pauca
865 996 1188 1052 Plutarchus
1213 997 1284 1050 ita
1311 996 1659 1057 contraxerit,
1686 1004 1743 1048 ut
1772 996 2013 1049 omnium
2037 995 2161 1048 bre-

583 1090 722 1145 viter
750 1091 1038 1160 Opiniones
1064 1091 1398 1160 dissidiaque
1436 1090 1750 1158 complexus
1785 1089 1857 1142 sit
1888 1107 1899 1142 ε
1933 1104 2045 1142 rem
2072 1104 2160 1143 me

581 1195 688 1234 non
719 1180 963 1234 inutilem
1007 1180 1280 1235 facturum
1316 1182 1591 1246 existimo,
1627 1180 1672 1233 si
1704 1179 1943 1249 ejusdem
1981 1180 2158 1235 verbis

582 1271 672 1324 illa
713 1271 826 1341 ipsa
862 1282 1263 1340 reprasentem,
1297 1281 1356 1324 ut
1395 1287 1557 1340 quam
1590 1270 1712 1338 jure
1745 1285 1809 1324 ac
1838 1270 2033 1324 merito
2066 1286 2157 1324 re-

580 1364 794 1432 pudiari
829 1364 1078 1430 debeant,
1117 1365 1336 1433 planum
1381 1364 1630 1418 efﬁciam.
1680 1363 1736 1416 Si
1786 1364 1931 1419 enim
1972 1380 2154 1419 secum

581 1453 681 1521 ipsi
702 1461 851 1506 tanta
887 1459 1107 1522 tamque
1135 1453 1400 1521 pertinaci
1438 1454 1780 1508 dissensione
1803 1453 2154 1517 luctatisunt,

580 1545 836 1614 aliudque
867 1545 999 1598 nihil
1024 1554 1218 1613 przcter
1251 1545 1625 1599 contentiones
1647 1553 1699 1598 et
1728 1559 1939 1615 pugnas
1958 1544 2010 1597 in
2037 1560 2157 1600 sese

581 1646 770 1691 mutuo
815 1637 1233 1702 succenderunt,
1265 1637 1394 1690 dum
1439 1651 1662 1690 suorum
1704 1637 1907 1706 quique
1943 1635 2156 1690 vicino-

578 1741 701 1779 rum
736 1727 1037 1782 sententias
1087 1725 1236 1779 inani
1276 1725 1568 1779 verborum
1604 1725 1900 1779 ambitione
1940 1724 2156 1780 refelle-

2263 539 2449 608 αὐτῆς*
2477 539 2570 590 καὶ
2596 537 2682 590 διὰ
2713 537 2765 588 τί
2792 533 2999 606 γεώδης
3045 535 3310 602 φαίνεται’
3359 541 3487 603 περὶ
3513 535 3838 604 ἀποστημά-

2261 647 2367 682 των
2399 629 2586 698 αὐτῆς·
2617 627 2696 679 ἔτι
2722 628 2848 697 περὶ
2884 625 3161 679 ἐνιαυτῶν.
3207 625 3250 677 Τ
3253 624 3388 677 αῦτα
3431 623 3488 676 δὲ
3539 625 3716 678 πάντα
3745 626 3837 679 διὰ

2265 720 2470 790 μυρίων
2495 722 2605 781 τοῖς
2626 720 2754 789 περὶ
2780 712 2854 771 ὧν
2878 719 2906 770 6
2954 717 3109 784 λόγος
3137 714 3836 786 κατεσκευασμένα,ὲπειδὴ

2263 810 2496 864 συνελὼν
2526 813 2552 864 6
2587 810 2950 880 Πλούταρχος,
2992 810 3048 859 ἐν
3081 807 3279 873 ὀλίγοις
3321 805 3510 875 συνῆξε
3537 806 3634 868 τὰς
3659 804 3836 858 ἁπάν-

2259 920 2367 954 των
2425 903 2727 970 ἀποφάσεις
2778 903 2872 953 καὶ
2923 899 3020 962 τὰς
3081 898 3395 966 διαφωνίας·
3444 897 3683 967 ἡγοῦμαι
3734 897 3837 950 οὐκ

2261 992 2530 1061 ἄχρηστον
2555 989 2725 1052 αὑτάς
2754 988 3079 1060 παραθεῖναι
3136 990 3215 1048 είς
3241 987 3338 1057 τὴν
3381 987 3599 1054 εὔλογον
3655 987 3836 1040 αὐτῶν

2261 1083 2608 1154 παραίτησιν.
2640 1082 2704 1134 Ei
2731 1081 2838 1152 γὰρ
2862 1079 3014 1132 αὐτοὶ
3040 1079 3177 1150 πρὸς
3206 1080 3344 1143 σφᾶς
3379 1077 3574 1140 αὐτοὺς
3603 1077 3837 1130 ἐναντίοι

2261 1175 2400 1228 κατὰ
2423 1175 2714 1245 διάμετρον
2764 1172 3016 1242 ἔστησαν,
3056 1171 3233 1242 μάχας
3281 1187 3341 1222 τε
3392 1171 3486 1222 καὶ
3541 1167 3834 1238 πολέμους,

2260 1267 2420 1319 πλέον
2481 1267 2523 1319 δ’
2546 1265 2698 1318 οὐδὲν
2751 1263 2872 1317 καθ’
2902 1262 3106 1317 ἑαυτῶν
3161 1261 3384 1330 ἐξῆψαν,
3414 1258 3483 1312 τὰ
3513 1258 3621 1311 τῶν
3668 1257 3836 1322 πέλας

2258 1357 2477 1411 ἕκαστοι
2505 1357 2782 1427 φιλοτιμίᾳ
2808 1355 2981 1423 λόγων
3021 1353 3437 1422 άπελέγξαντες·
3474 1350 3591 1414 πῶς
3620 1351 3721 1404 οὐκ
3771 1349 3837 1404 ἂν

2259 1451 2484 1514 εἰκότως
2518 1452 2649 1521 ἡμῖν
2684 1449 2898 1519 ἀσφαλῆ
2930 1447 3028 1518 τὴν
3080 1447 3210 1516 περὶ
3243 1445 3448 1498 τούτων
3500 1443 3704 1515 ἐποχὴν
3736 1460 3835 1511 γε-

2258 1541 2469 1606 γονέναι
2533 1543 2642 1604 πᾶς
2691 1539 2939 1593 ὁστισοῦν
3000 1537 3392 1608 ὁμολογήσειε;
3448 1532 3748 1604 Προσθήσω
3781 1532 3840 1585 δὲ

2259 1632 2385 1702 ἑξῆς
2415 1635 2529 1696 τοῖς
2563 1632 2893 1703 εἰρημένοις,
2928 1631 3028 1683 ὅσα
3061 1630 3154 1682 καὶ
3180 1629 3306 1698 περὶ
3350 1625 3458 1679 τῶν
3487 1623 3840 1696 προσγειοτέ-

2263 1743 2370 1796 ρων
2399 1725 2774 1794 ἐπηπόρησανο
2806 1723 2934 1792 περ).
2977 1720 3081 1790 γῆς
3136 1723 3427 1797 σχήματος·
3465 1717 3558 1770 καὶ
3593 1716 3720 1786 περὶ
3750 1714 3839 1766 θέ-

579 1828 702 1872 rent
729 1837 742 1871 :
785 1819 908 1888 quis
937 1834 1045 1872 non
1085 1826 1296 1872 mature
1329 1832 1426 1871 nos
1450 1825 1612 1886 atque
1637 1815 1931 1885 prudenter
1959 1831 2150 1871 assen-

2257 1833 2392 1879 σεως
2450 1817 2543 1868 καὶ
2573 1814 2866 1883 ἐγκλίσεως
2897 1812 3086 1881 αὐτῆς
3137 1812 3231 1864 καὶ
3273 1809 3352 1862 ἔτι
3384 1809 3509 1879 περὶ
3539 1807 3836 1876 θαλάσσης·

577 1912 786 1966 sionem
829 1911 946 1964 istis
981 1912 1032 1964 in
1078 1911 1240 1964 rebus
1274 1923 1490 1963 omnem
1539 1909 1832 1963 retinuisse
1877 1908 2147 1962 fateatur?

576 2000 694 2056 Jam
727 2019 854 2071 ergo
893 2002 1162 2071 prioribus
1201 2001 1327 2063 illis,
1372 2016 1494 2070 quas
1541 2001 1607 2056 de
1644 2001 1764 2056 aliis
1799 2001 1964 2055 etiam
1999 2009 2153 2079 terras

578 2091 1058 2162 propinquioribus
1090 2092 1444 2161 disputarunt
1482 2091 1587 2146 hoc
1621 2091 1765 2155 loco,
1792 2091 2150 2161 subjungam;

578 2183 657 2236 uti
687 2183 753 2237 de
777 2191 932 2236 terras
955 2181 1124 2252 ﬁgura
1147 2200 1160 2235 :
1191 2183 1257 2236 de
1281 2182 1526 2251 ejusdem
1552 2182 1659 2237 situ
1688 2191 1741 2236 et
1765 2182 2149 2238 inclinatione:

577 2274 816 2342 itemque
841 2273 906 2328 de
936 2273 1107 2326 mari:
1146 2280 1204 2326 ut
1226 2272 1516 2342 intelligas,
1547 2287 1712 2341 quam
1754 2287 1865 2327 non
1907 2273 1960 2327 in
1994 2289 2154 2343 supe-

577 2363 788 2416 riorum
825 2363 987 2416 modo
1034 2377 1098 2416 ac
1147 2361 1455 2415 cmlestium
1503 2361 1743 2426 illorum,
1768 2361 1861 2415 sed
1899 2361 2064 2416 etiam
2099 2362 2151 2414 in

577 2468 759 2506 rerum
792 2452 858 2506 ad
894 2461 1068 2506 terras
1095 2451 1483 2521 pertinentium
1516 2451 1872 2520 explicatione
1907 2453 2151 2520 praeclari

576 2542 882 2611 philosophi
907 2542 1286 2597 dissenserint.
1300 2543 1475 2612 Atque
1491 2550 1548 2596 ut
1569 2542 1892 2611 sapientium
1920 2543 2150 2598 istorum

2252 1910 2328 1972 ὡς
2361 1908 2666 1977 ἂνείδείης,
2713 1907 2794 1959 ὅτι
2852 1906 2924 1975 μὴ
2971 1903 3102 1976 περὶ
3163 1902 3336 1972 μόνων
3375 1901 3485 1952 τῶν
3546 1896 3838 1968 μετεώρων

2253 2002 2346 2054 καὶ
2375 2000 2681 2069 μεταρσίων
2727 2000 2775 2050 οί
2823 1999 3057 2065 γενναῖοι
3095 1995 3404 2064 διέστησαν,
3464 1989 3577 2044 ἀλλ’
3609 1990 3690 2042 ὅτι
3743 1989 3838 2040 καὶ

2253 2096 2310 2147 ἐν
2335 2096 2447 2158 τοῖς
2480 2091 2774 2162 περιγείοις
2810 2089 3306 2158 διαπεφωνήκασιν.
3345 2085 3466 2138 Ἵνα
3521 2082 3577 2135 δὲ
3608 2081 3714 2134 τῶν
3745 2097 3837 2132 σοο

2254 2185 2367 2254 φῶν
2396 2184 2474 2237 ἔτι
2506 2183 2704 2254 μᾶλλον
2725 2181 2818 2252 τὴν
2850 2180 3041 2249 σοφίαν
3084 2176 3500 2245 ἁποθαυμάσῃς,
3541 2171 3836 2243 προσθήσω

2252 2278 2346 2330 καὶ
2377 2277 2477 2330 ὅσα
2504 2275 2631 2346 περὶ
2676 2273 2872 2343 ψυχῆς,
2906 2272 3001 2324 καὶ
3045 2269 3138 2323 τοῦ
3205 2269 3264 2321 ὲν
3325 2268 3461 2337 αὑτῇ
3506 2261 3834 2336 ἡγεμονικοῦ

2250 2369 2668 2438 διεμαχήσαντο,
2695 2366 2816 2418 οὐδέ
2841 2381 2978 2432 σφας
3007 2363 3202 2424 αὐτοὺς
3232 2359 3542 2428 ἐπιγνόντες
3581 2357 3697 2417 οἵας
3729 2353 3836 2406 είσὶ

2254 2459 2487 2529 φύσεως.
2538 2456 2696 2510 Ἀλλὰ
2720 2457 2828 2528 γὰρ
2851 2455 3090 2524 ἀνίωμεν
3123 2455 3216 2506 ἐπὶ
3249 2451 3317 2505 τὰ
3372 2451 3566 2522 πρῶτα
3608 2447 3716 2500 τῶν
3754 2447 3833 2497 εί-

2253 2563 2320 2616 ρη
2330 2543 2518 2614 μένων.

575 2631 894 2700 sapientiam
937 2634 1314 2689 vehementius
1353 2635 1660 2702 admireris,
1705 2651 1766 2689 ea
1807 2653 2024 2706 quoque
2087 2638 2382 2707 proferam,
2412 2651 2534 2708 qua:
2572 2636 2638 2690 de
2677 2636 2881 2702 animo,
2937 2649 3001 2689 ac
3053 2633 3120 2688 de
3155 2632 3404 2704 principe
3458 2627 3623 2683 animi
3658 2626 3836 2680 facul-

575 2733 704 2788 tate,
734 2740 912 2794 pugna
941 2727 1334 2781 sententiarum
1360 2729 1620 2784 acerrima
1674 2730 1997 2799 docuerunt,
2035 2749 2160 2787 cum
2201 2749 2268 2787 ne
2307 2748 2420 2788 suae
2439 2731 2656 2802 quidem
2697 2732 2799 2801 ipsi
2823 2739 3030 2784 natura:
3066 2728 3431 2783 conditionem
3459 2725 3838 2793 rationemque

575 2826 982 2887 cognoscerent.
1025 2817 1130 2873 Sed
1157 2819 1271 2888 jam
1298 2821 1365 2875 ad
1397 2837 1459 2875 ea
1493 2838 1615 2886 nos,
1652 2838 1774 2892 qua:
1809 2825 1987 2894 primo
2020 2837 2148 2880 sunt
2187 2828 2307 2882 loco
2333 2825 2606 2896 proposita
2638 2823 2960 2879 referamus.

1110 2913 1340 2968 CAPUT
1376 2915 1616 2971 XXXIII.

947 3000 1135 3056 Utrum
1165 3004 1262 3056 hac
1289 3014 1454 3057 totum
1477 3022 1638 3058 unum
1675 3009 1765 3060 sit.

649 3109 670 3142 ι
695 3089 862 3146 Stoici
890 3108 1059 3147 unum
1087 3108 1208 3148 esse
1237 3095 1524 3162 mundum,
1546 3097 1773 3167 ejusque
1798 3112 2017 3153 nomine
2038 3113 2159 3154 cum
2189 3105 2232 3161 ο

576 3183 890 3238 universum
918 3185 1118 3254 ipsum,
1155 3195 1266 3239 tum
1305 3201 1620 3257 corpoream
1655 3205 1873 3258 quoque
1901 3198 2151 3244 naturam

576 3273 960 3341 comprehendi
993 3274 1299 3330 voluerunt.
1333 3275 1686 3346 Empedocles
1737 3294 1905 3332 unum
1932 3280 2151 3348 quidem

575 3379 698 3420 esse
727 3366 990 3420 mundum
1039 3366 1260 3434 fatetur,
1306 3383 1429 3422 eum
1465 3378 1644 3422 tamen
1688 3371 2002 3425 universum
2031 3386 2155 3426 esse

576 3472 686 3510 non
718 3457 854 3520 vult,
886 3456 978 3510 sed
1042 3467 1251 3526 partem
1283 3459 1402 3528 ejus
1451 3469 1659 3514 tantum
1707 3461 1982 3532 exiguam,
2023 3463 2153 3516 reli-

576 3563 743 3618 quum
781 3563 908 3602 vero
940 3547 1158 3602 inanem
1190 3551 1531 3620 otiosamque
1575 3552 1880 3607 materiam.
1915 3552 2068 3607 Plato
2101 3563 2155 3608 et

577 3638 866 3703 mundum,
910 3639 988 3693 uti
1027 3641 1212 3704 sentit,
1242 3641 1462 3695 unicum
1501 3651 1556 3697 et
1596 3659 1765 3698 unum
1805 3645 2009 3714 aliquid
2051 3645 2154 3700 hoc

578 3732 894 3786 universum
928 3747 1070 3796 esse,
1095 3734 1431 3801 argumentis
1452 3735 1673 3804 coniicit
1696 3736 1920 3790 omnino
1946 3736 2149 3801 tribus;

577 3823 723 3902 quod
775 3823 879 3876 nisi
919 3825 1102 3878 omnia
1155 3824 1492 3891 contineret,
1534 3825 1805 3894 perfectus
1839 3827 2153 3898 integerque

577 3929 686 3968 non
725 3913 893 3980 foret;
932 3915 1074 3984 quod
1117 3916 1314 3970 similis
1354 3917 1650 3987 exemplari
1696 3930 1798 3971 suo
1837 3932 1943 3971 non
1982 3927 2147 3984 esset,

578 4005 683 4060 nisi
717 4014 863 4059 esset
911 4007 1187 4076 unigena;
1217 4016 1516 4076 postremo,
1583 4008 1729 4076 quod
1776 4009 1923 4063 omni
1961 4012 2152 4063 corru-

575 4097 759 4164 ptione
785 4095 922 4149 liber
945 4111 1067 4150 esse
1100 4113 1208 4150 non
1231 4106 1437 4167 posset,
1470 4098 1515 4151 si
1551 4107 1702 4152 extra
1727 4099 1904 4167 ipsum
1944 4101 2150 4170 aliquid

575 4196 904 4256 superesset.
934 4189 1001 4241 At
1020 4185 1231 4242 Platoni
1262 4189 1587 4257 respondere
1609 4188 1772 4260 842
1799 4191 2006 4260 possis;
2041 4208 2147 4246 non

572 4278 832 4333 Continuo
844 4278 1103 4332 mundum
1117 4293 1236 4333 esse
1247 4279 1566 4348 perfectum,
1580 4291 1639 4335 ut
1653 4284 1834 4335 omnia
1853 4284 2146 4349 contineat;

572 4367 870 4437 perfectum
897 4369 1096 4438 quippe
1119 4370 1394 4424 hominem
1419 4385 1560 4438 esse,
1585 4372 1678 4441 qui
1707 4381 1884 4427 tamen
1903 4387 2011 4426 non
2031 4389 2148 4428 om-

2772 2917 3164 2971 ΚΕΦΑΛΑῘΟΝ
3190 2915 3288 2969 AI"

2811 3011 2884 3062 El
2916 3007 2986 3062 ἓν
3027 3009 3092 3061 τὸ
3126 3005 3267 3060 πᾶν.

2343 3120 2362 3153 ι
2397 3103 2458 3156 0i.
2497 3102 2593 3172 μὲν
2614 3094 2706 3154 οῦν
2738 3099 2847 3153 ἀπὸ
2896 3099 2994 3170 τῆς
3025 3099 3192 3162 Στοᾶς
3217 3096 3328 3168 (42)
3351 3095 3448 3149 ἕνα
3480 3095 3682 3164 κόσμον
3725 3094 3836 3146 άπ-

2255 3195 2541 3264 εφήναντο,
2572 3193 2630 3246 6v
2661 3193 2725 3263 δὴ
2759 3193 2852 3245 καὶ
2877 3191 2937 3244 τὸ
2962 3192 3068 3244 πᾶν
3093 3190 3300 3259 ἔφασαν
3323 3183 3479 3249 εἶναι,
3519 3186 3613 3240 καὶ
3639 3184 3706 3237 τὰ
3735 3201 3838 3238 σω-

2256 3286 2462 3359 ματικά
2486 3285 2622 3354 (45).
2670 3283 3037 3355 Ἐμπεδοκλῆς
3055 3281 3132 3346 δὲ,
3165 3282 3366 3351 κόσμον
3397 3279 3514 3342 ἕνα,
3550 3279 3611 3331 οὐ
3648 3277 3834 3348 μέντοι

2251 3381 2313 3433 τὸ
2343 3380 2449 3431 πᾶν
2483 3374 2619 3429 εἶναι
2639 3375 2731 3429 τὸν
2763 3374 2986 3444 κόσμον,
3019 3374 3132 3428 ἀλλ’
3175 3372 3351 3439 ὀλίγον
3400 3388 3452 3424 τι
3485 3367 3578 3423 τοῦ
3631 3368 3833 3431 παντὸς

2255 3471 2441 3542 μέρος,
2473 3467 2535 3520 τὸ
2557 3467 2613 3520 δὲ
2637 3466 2820 3519 λοιπὸν
2851 3466 3026 3537 ἀργὴν
3055 3461 3193 3516 εἶναι
3217 3465 3314 3534 τὴν
3343 3461 3492 3532 ὕλην.
3527 3461 3751 3514 Πλάτων
3772 3460 3833 3512 δε

2252 3561 2606 3632 τεκμαίρεται
2633 3556 2694 3609 τδ
2723 3556 2938 3621 δοκοῦν,
2967 3557 3048 3608 ὅτι
3097 3549 3177 3617 εἷς
3197 3554 3226 3605 6
3259 3554 3482 3623 κόσμος,
3539 3552 3632 3606 καὶ
3659 3550 3717 3603 ’ἐν
3768 3549 3832 3603 τὸ

2254 3655 2380 3717 πᾶν,
2414 3653 2478 3702 ὲκ
2524 3647 2711 3720 τριῶνο
2745 3649 2808 3699 ὲκ
2837 3647 2932 3700 τοῦ
2966 3649 3040 3718 μὴ
3071 3647 3288 3699 ἔσεσθαι
3323 3645 3435 3717 (44)
3475 3645 3698 3707 τέλειον,
3733 3643 3832 3696 ἐὰν

2257 3745 2331 3816 μὴ
2370 3748 2546 3800 πάντα
2591 3741 2842 3814 περιέχῃ’
2899 3741 2964 3792 ὲκ
3011 3738 3104 3792 τοῦ
3159 3738 3233 3810 μὴ
3288 3736 3506 3790 ἔσεσθαι
3541 3738 3724 3806 ὅμοιον
3751 3751 3834 3805 τῳ

2253 3837 2671 3908 παραδείγματι,
2705 3833 2798 3886 ἐὰν
2828 3831 2901 3903 μὴ
2936 3829 3224 3902 μονογενὴς
3383 3830 3448 3881 ὲκ
3479 3828 3574 3880 τοῦ
3606 3828 3679 3898 μὴ
3707 3827 3831 3880 ἔσε-

2252 3927 2374 3980 σθαι
2395 3926 2554 3979 αὑτὸν
2574 3923 2870 3994 ἄφθαρτον,
2908 3921 3003 3974 ἐάν
3051 3937 3103 3972 τι
3132 3918 3382 3987 ἐξωτέρω
3411 3915 3574 3969 αὐτοῦ
3685 3914 3832 3984 Πρὸς

2249 4018 2306 4070 δὲ
2333 4017 2424 4071 τόν
2452 4017 2710 4071 Πλάτωνα
2728 4012 2963 4078 λεκτέον,
2981 4013 3060 4065 ὅτι
3095 4012 3155 4064 οὐ
3183 4011 3383 4072 τέλειος
3408 4011 3436 4062 6
3469 4008 3671 4078 κόσμος
3691 4005 3829 4076 (45),

2248 4110 2369 4163 οὐδὲ
2406 4109 2514 4178 γὰρ
2541 4107 2717 4160 πάντα
2751 4105 3011 4177 περιέχειο
3049 4103 3143 4156 καὶ
3173 4101 3281 4173 γὰρ
3308 4103 3336 4155 6
3369 4099 3653 4170 ἄνθρωπός
3712 4099 3833 4151 ἐστι

2247 4200 2470 4263 τέλειος,
2522 4199 2635 4252 ἀλλ’
2662 4199 2722 4250 οὐ
2757 4197 2937 4250 πάντα
2999 4194 3260 4264 περιέχειι
3306 4193 3400 4246 καὶ
3431 4191 3602 4244 πολλά
3651 4207 3834 4261 παρα-

2247 4289 2516 4359 δείγματά
2547 4291 2714 4352 ἐστιν,
2747 4287 2934 4358 ὥσπερ
2963 4287 3049 4337 ἐπ’
3086 4283 3440 4356 ἀνδριάντων,
3476 4283 3571 4337 καὶ
3618 4282 3831 4345 οἰκιῶν,

2249 4382 2342 4434 καὶ
2371 4379 2718 4451 ζωγραφιῶνο
2757 4379 2871 4442 πῶς
2901 4379 2956 4431 δὲ
2980 4378 3180 4439 τέλειος
3198 4415 3213 4438 ,
3249 4377 3404 4446 εἴπερ
3425 4374 3621 4442 ἔξωθέν
3640 4391 3692 4426 τι
3723 4374 3830 4425 αὐ-

573 4463 663 4516 nia
683 4463 986 4518 contineat:
1022 4464 1351 4534 exemplaria
1401 4481 1564 4535 porro
1616 4469 1782 4523 multa
1822 4486 1963 4537 esse,
1995 4480 2055 4526 ut
2084 4473 2136 4526 in

2252 4473 2334 4526 τοῦ
2363 4470 2748 4543 περιδινεῖσθαι
2767 4470 3016 4533 δύναται;
3044 4468 3316 4539 ἄφθαρτος
3343 4467 3398 4520 δὲ
3422 4468 3522 4521 οὐκ
3541 4467 3654 4520 ἔστι
3705 4467 3834 4522 οὐδὲ

573 4556 788 4618 statuis,
825 4554 1035 4610 aedibus
1073 4565 1230 4626 atque
1265 4559 1492 4626 picturis
1534 4576 1634 4615 usu
1669 4563 1856 4616 venit:
1893 4565 1984 4633 qui
2013 4579 2144 4618 vero

571 4646 842 4716 perfectus
875 4647 964 4700 ille
993 4649 1226 4713 sil,cum
1263 4660 1412 4705 extra
1445 4652 1621 4721 ipsum
1649 4652 1850 4721 aliquid
1876 4655 1929 4707 in
1956 4655 2142 4710 orbem

571 4739 776 4792 versari
808 4739 1262 4809 queat?denique
1303 4743 1674 4812 corruptionis
1714 4754 1989 4814 expertem
2043 4761 2144 4801 nec

570 4843 692 4882 esse
725 4829 899 4892 illum,
934 4843 1034 4883 nec
1074 4844 1196 4884 esse
1244 4846 1404 4899 posse
1443 4834 1536 4902 qui
1561 4833 1778 4903 genitus
1824 4836 1913 4889 sit.
1944 4835 2143 4890 Metro-

568 4919 755 4986 dorus,
810 4929 920 4974 tam
968 4920 1262 4976 absurdum
1315 4937 1437 4978 esse
1456 4925 1550 4989 ait,
1592 4925 1804 4980 inﬁnito
1853 4927 1906 4980 in
1966 4929 2140 4996 spatio

569 5011 831 5063 mundum
862 5010 1140 5064 exstitisse
1167 5027 1358 5075 unum,
1393 5029 1555 5082 quam
1587 5015 1790 5083 ingenti
1819 5017 2053 5086 quodam
2083 5017 2138 5071 in

567 5117 700 5172 agro
745 5102 949 5170 Spieam
1002 5101 1268 5156 duntaxat
1321 5119 1485 5158 unam
1530 5107 1796 5175 generari.
1832 5108 1949 5161 \‘im
1975 5122 2142 5178 porro

568 5194 892 5248 mundorum
923 5194 1188 5248 inﬁnitain
1227 5209 1367 5260 esse,
1394 5197 1475 5250 vel
1504 5211 1571 5249 ex
1606 5197 1814 5252 inﬁnita
1843 5199 2137 5269 principio-

566 5298 688 5340 rum
718 5286 1064 5340 multitudine
1093 5285 1380 5341 manifeste
1403 5287 1674 5343 concludi.
1705 5287 1839 5343 Nam
1870 5290 1916 5344 si
1952 5289 2138 5346 ﬁnitus

634 5397 746 5468 (42)
782 5401 846 5452 ω
878 5396 1129 5474 μὲνοῦν
1155 5398 1411 5474 ἀπὸ-,τῆς
1446 5400 1652 5469 Στοᾶς.
1681 5401 1958 5458 Plutarch.
1990 5403 2139 5474 ejus-

567 5467 688 5522 dem
721 5467 1000 5537 Oper.’lib.
1039 5487 1079 5532 ι,
1113 5485 1234 5537 cap.
1268 5469 1322 5522 5.

662 5539 750 5607 45)
775 5538 1047 5593 Plutarch.
1080 5540 1142 5591 τὸ
1172 5542 1504 5610 σωματικόν.

635 5542 746 5678 (44)
785 5609 1094 5664 Ἔσεσθαι.
1126 5612 1200 5663 Ita
1232 5626 1364 5667 mss.
1399 5613 1504 5667 duo

593 5671 614 5692 ν
635 5607 746 5678 (44)
785 5609 1094 5692 ίΕσεσθαι.
1126 5612 1200 5663 Ita
1232 5607 1364 5667 mss.
1399 5613 1530 5671 duo.
1575 5627 1698 5666 cum
1730 5612 1988 5681 Montac.,
2024 5630 2134 5670 non

565 5688 722 5741 εἰναι,
761 5688 819 5729 ut
843 5688 1012 5745 prius.

641 5747 752 5818 (45)
786 5749 866 5798 Οὐ
896 5747 1122 5814 τέλειος
1153 5753 1185 5803 ό
1233 5751 1478 5820 κόσμος,
1512 5763 1613 5808 etc.
1651 5752 1994 5811 Manifestum
2028 5755 2131 5810 loci

2247 4565 2468 4618 δύναται
2520 4559 2678 4628 εἶναι,
2727 4562 2984 4632 γεννητὸς
3031 4560 3125 4614 ῶν.
3158 4560 3522 4631 Μητρόδωρος
3569 4559 3626 4612 δέ
3660 4576 3833 4629 φησιν

2248 4656 2445 4710 ἄτοπον
2507 4649 2672 4718 εἶναι,
2729 4655 2788 4706 ὲν
2822 4652 3041 4724 μεγάλῳ
3092 4651 3261 4722 πεδίῳ
3305 4651 3400 4705 ἕνα
3461 4651 3660 4720 στάχυν
3698 4667 3831 4718 γεν-

2246 4746 2492 4816 νηθῆναι,
2519 4745 2613 4798 καὶ
2640 4745 2736 4798 ἕνα
2763 4745 2965 4815 κόσμον
2993 4745 3050 4796 ὲν
3077 4742 3152 4814 τῷ
3183 4743 3412 4814 ἀπείρῳ.
3441 4743 3561 4795 Ὀτι
3591 4743 3647 4795 δὲ
3677 4743 3834 4796 ἄπει-

2248 4854 2340 4908 ρος
2373 4836 2514 4890 κατὰ
2540 4837 2601 4889 τὸ
2629 4836 2854 4905 πλῆθος,
2885 4834 3042 4904 δῆλον
3097 4837 3162 4888 ὲκ
3199 4834 3294 4887 τοῦ
3324 4834 3528 4904 ἄπειρα
3572 4832 3641 4886 τὰ
3675 4834 3833 4886 αἴτια
3915 4896 3925 4908 Ι

2246 4927 2408 4986 εἶναι.
2434 4931 2497 4982 Εἰ
2536 4930 2632 5000 μὲν
2655 4930 2765 5000 γὰρ
2790 4929 2818 4980 ὁ
2845 4928 3048 4998 κόσμος
3087 4926 3523 4996 πεπερασμένος,
3558 4925 3629 4978 τὰ
3653 4925 3710 4978 δὲ
3743 4929 3834 4980 αἴ-

2243 5040 2332 5076 τια
2367 5021 2543 5075 πάντα
2567 5022 2787 5092 ἄπειρα,
2806 5020 2866 5084 ἐξ
2889 5015 2962 5073 ὧν
2985 5019 3069 5072 ὅδε
3087 5021 3116 5072 6
3135 5018 3335 5088 κόσμος
3352 5017 3594 5085 γέγονεν,
3610 5018 3830 5088 ἀνάγκη

2242 5112 2499 5182 ἀπείρους
2529 5106 2686 5164 εἶναι.
2720 5110 2895 5161 Ὅπου
2925 5108 3034 5178 γὰρ
3069 5107 3137 5160 τὰ
3180 5105 3359 5161 πάντα
3397 5108 3619 5175 γέγονεν
3651 5105 3829 5172 αἴτια,

2243 5207 2358 5257 ἐκεῖ
2387 5203 2479 5255 καὶ
2526 5199 2962 5270 ἀποτελέσματα.
2991 5200 3148 5252 Λίτια
3176 5199 3232 5252 δὲ
3266 5199 3384 5270 ἦτοι
3413 5199 3473 5251 αἱ
3521 5198 3734 5267 ἄτομοι,
3793 5197 3830 5268 ἦ

2239 5293 2309 5346 τὰ
2330 5295 2585 5364 στοιχεῖα.
2601 5311 2618 5343 ι

2241 5407 2406 5475 hujus
2465 5405 2657 5460 vitium
2719 5415 2836 5471 est;
2887 5404 3090 5474 alioqui
3142 5403 3437 5475 pugnantia
3484 5403 3828 5475 loqueretur.

2242 5472 2366 5544 Legi
2420 5491 2550 5544 ergo
2599 5476 2788 5543 possit,
2827 5477 2908 5529 ὅτι
2955 5472 3160 5534 τέλειος
3201 5472 3242 5527 δ’
3258 5475 3493 5543 κόσμος,
3527 5475 3574 5525 εί
3619 5472 3829 5544 καὶμὴ

2241 5543 2419 5599 πάντα
2451 5543 2714 5616 περιέχει,
2743 5562 2904 5615 quam
2938 5547 3226 5599 lectionem
3273 5546 3593 5616 interpretes
3624 5543 3832 5616 probaf

2242 5625 2467 5686 verunt;
2521 5612 2713 5669 vel—'06
2751 5612 2966 5686 ξτέλειος
2996 5617 3025 5667 6
3059 5616 3280 5686 κόσμος,
3326 5612 3446 5686 ἐπεί
3493 5613 3573 5667 vel
3624 5614 3689 5686 ei
3725 5612 3831 5686 καὶ

2242 5685 2428 5757 πάντα
2447 5687 2710 5757 περιέχει.
2749 5685 3077 5741 Utrumlibet
3118 5681 3347 5757 legatur,
3385 5685 3526 5740 idem
3569 5681 3690 5737 κατ’
3722 5682 3830 5737 ἁν-

2241 5756 2610 5828 τιμετάθεσιν,
2633 5756 2842 5813 εεηευε
2871 5757 3118 5812 exsistet.
