4132 6412
391 321 414 372 1
426 317 532 372 385

1537 300 1859 360 ΡΠᾹΞΡΔΠ.
1901 295 2156 358 ΕνΑΝο.
2201 295 2328 356 LIB.
2369 293 2486 354 XV.

3500 282 3636 346 i380

389 431 606 502 qu-idem
661 428 898 484 mundus
957 435 1058 494 est,
1087 423 1299 480 inﬁnita
1349 437 1479 478 vero
1512 438 1634 492 quae
1682 421 1845 490 hujus
1907 419 1973 473 ad
2039 417 2450 488 productionem
2507 424 2836 469 concurrere
2878 406 3166 481 principia,
3208 406 3452 462 infinitos
3516 420 3640 461 esse

390 527 624 582 mundos
658 540 880 580 necesse
911 533 1014 578 est.
1052 520 1157 576 Ubi
1184 521 1329 575 enim
1375 534 1557 574 causa:
1603 533 1794 572 omnes
1857 513 2216 580 conveniunt,
2256 513 2330 568 ibi
2366 511 2530 566 etiam
2564 508 2756 565 eﬁ'ecta
2787 515 3002 578 oportet
3041 504 3308 560 exsistere
3359 520 3372 556 :

391 631 572 678 autem
611 633 792 675 causae
820 625 914 673 aut
939 617 1104 670 atomi
1134 625 1263 669 sunt
1291 622 1386 668 aut
1408 614 1696 668 elementa.
1727 629 1748 664 ι

892 707 1282 765 ΚΕΦΑΛΔΙΟΝ
1321 709 1440 760 AA’.

390 809 460 864 El
492 809 764 876 ἔμψυχος
818 806 852 858 ὀ
910 804 1170 870 κόσμος,
1233 798 1333 852 καὶ
1389 796 1638 866 προνοίᾳ
1703 793 1959 850 διοικού·

1048 887 1248 940 μενος.

466 983 486 1017 ι
513 965 576 1018 Oi
609 963 706 1036 μὲν
734 962 880 1018 ἄλλοι
921 960 1032 1030 (46)
1063 962 1261 1023 πάντες
1303 958 1564 1030 ἔμψυχον,
1599 956 1694 1010 καὶ
1735 953 1960 1025 προνοίᾳ

389 1055 770 1124 διοικούμενον·
801 1052 1134 1123 Δημόκριτος
1157 1050 1211 1103 δὲ
1235 1050 1328 1103 καὶ
1364 1050 1702 1119 Ἐπίκουρος,
1733 1047 1827 1099 καὶ
1846 1047 1959 1099 ὅσοι

390 1148 458 1202 τά
478 1147 655 1217 ἄτομα
691 1145 1054 1214 εἰσηγοῦνται,
1085 1144 1178 1197 καὶ
1223 1144 1286 1195 τὸ
1337 1141 1515 1204 κενὸν,
1554 1139 1664 1192 οῦτ’
1697 1137 1956 1210 ἔμψυχον,

389 1239 513 1292 οὔτε
544 1236 768 1310 προνοίᾳ
793 1235 1129 1296 διοικεῖσθαι,
1186 1234 1342 1304 φύσει
1362 1233 1418 1285 δέ
1443 1249 1547 1286 τινι
1577 1228 1773 1300 ἀλόγῳ.
1816 1230 1961 1300 Ἀρι-

394 1329 668 1400 στοτέλης,
699 1326 808 1380 οὔτ’
836 1326 1073 1398 ἔμψυχον
1101 1326 1218 1380 ὅλον
1266 1326 1331 1379 δι’
1363 1324 1518 1387 ὅλων,
1555 1321 1678 1374 οὔτε
1729 1320 1833 1392 μὴν
1876 1321 1964 1373 αἰ-

395 1418 666 1492 σθητικὸν,
694 1418 816 1472 οῦτε
865 1418 1098 1488 λογικὸν,
1155 1411 1277 1473 οῦτε
1323 1415 1528 1488 νοερόν,
1587 1409 1708 1467 οὔτε
1740 1412 1963 1485 προνοίᾳ

390 1512 777 1583 διοικούμενον.
811 1509 890 1565 Τά
930 1510 1026 1582 μὲν
1075 1511 1182 1582 γὰρ
1210 1507 1436 1580 οὐράνια
1494 1507 1696 1561 τούτων
1747 1505 1962 1558 πάντων

391 1603 689 1666 κοινωνεῖν,
751 1601 985 1672 σφαίρας
1056 1599 1162 1672 γάρ
1215 1599 1487 1672 περιέχειν
1543 1592 1819 1668 ἐμψύχους
1869 1589 1963 1647 καὶ

392 1694 648 1759 ζωτικάςο
687 1693 756 1746 τά
793 1692 848 1746 δὲ
892 1691 1142 1763 περίγεια
1199 1690 1422 1762 μηδενὸς
1480 1688 1692 1741 αύτῶν-
1745 1687 1844 1757 τῆς
1870 1685 1960 1737 εύ-

391 1786 579 1851 ταξίας
626 1785 768 1840 κατά
822 1781 1202 1857 συμϐεϐηκὸς,
1267 1782 1326 1835 οὐ
1389 1779 1811 1852 προηγουμένως
1862 1794 1962 1848 μεθ

389 1876 586 1949 τέχειν.
601 1897 620 1929 ι

899 2135 1290 2193 ΚΕΦΑΛΑῘΟΝ
1327 2133 1448 2191 ΛΕ¹.

806 2230 874 2286 Et
904 2232 1200 2301 ἄφθαρτος
1227 2233 1260 2284 ό
1291 2231 1537 2298 κόσμος.

466 2341 485 2376 ι
516 2322 835 2394 Πυθαγόρας
862 2341 921 2376 τε
954 2323 1049 2376 καὶ¹
1097 2322 1337 2387 Πλάτων,
1364 2320 1459 2375 καὶ
1483 2321 1532 2373 οἱ
1562 2319 1809 2384 Στωϊκοὶ,
1844 2334 1962 2386 γεν·

391 2415 550 2486 νητὸν
585 2415 687 2467 ὑπὸ
711 2412 846 2466 Θεοῦ
896 2412 986 2466 τὺν
1014 2413 1234 2482 κόσμον·
1269 2411 1364 2464 καὶ
1411 2409 1647 2480 φθαρτὸν
1675 2411 1792 2481 μὲν,
1838 2410 1963 2462 ὅσον

391 2507 484 2560 ἐπὶ
508 2507 571 2576 τῇ
603 2505 781 2573 φύσειο
823 2501 1076 2573 αἰσθητὸν
1104 2503 1212 2573 γὰρ
1242 2497 1402 2566 εἶναι,
1443 2501 1577 2554 διότι
1630 2499 1959 2571 σωματικόν·

389 2597 451 2652 αὖ
489 2597 594 2666 μὴν
627 2595 1034 2667 φθαρησόμενόν
1060 2610 1123 2663 γε
1156 2594 1380 2666 προνοίᾳ
1432 2593 1528 2647 καὶ
1559 2596 1753 2663 συνοχῇ
1806 2591 1960 2645 Θεοῦ.

402 2681 724 2759 Ἐπίκουρος
752 2686 1008 2758 φθαρτὸν,
1041 2688 1120 2740 ὅτι
1149 2687 1422 2756 γεννητὸν,
1471 2683 1546 2749 ὡς
1578 2685 1736 2751 ζῶον,
1767 2685 1841 2749 ὡς
1868 2701 1966 2753 φυ-

390 2780 498 2832 τόν.
537 2777 842 2850 Ξενοφάνης
874 2778 1184 2849 ἀγέννητον,
1219 2779 1311 2831 καὶ
1349 2779 1536 2843 ἀΐδιον,
1567 2779 1661 2832 xui.
1692 2778 1968 2851 ἄφθαρτον

391 2872 614 2941 κόσμον.
680 2869 1055 2943 Ἀριστοτέλης
1114 2867 1174 2921 τὸ
1234 2870 1338 2922 ὑπὸ
1403 2869 1500 2941 τὴν
1573 2870 1800 2941 σελήνην
1870 2871 1964 2924 τοῦ

392 2963 596 3034 κόσμου
633 2961 796 3034 μέρος
856 2959 1115 3033 παθητὸν,
1140 2963 1197 3014 ὲν
1225 2954 1270 3029 ᾧ
1317 2961 1413 3013 καὶ
1463 2960 1530 3014 τὰ
1577 2962 1832 3032 περίγεια
1864 2980 1965 3032 κη-

395 3055 655 3128 ραίνεται.
671 3073 689 3104 ν

909 3338 1299 3395 ΚΕΦΑΛΑῙΟΝ
1324 3344 1465 3409 Aq'.

762 3433 955 3487 Πόθεν
985 3432 1254 3500 τρέφεται
1284 3436 1315 3486 ό
1346 3434 1590 3501 κόσμος.

466 3540 487 3576 ¢
534 3523 925 3595 Ἀριστοτέλης,
956 3526 1004 3577 εί
1027 3524 1286 3596 τρέφεται
1318 3526 1346 3577 ὁ
1381 3524 1606 3596 κόσμος,
1636 3519 1729 3576 καὶ
1762 3521 1969 3594 φθαρή-

394 3628 562 3668 σεται.
609 3613 767 3668 una
822 3617 928 3688 μὴν
979 3617 1236 3688 οὐδεμιᾶς
1293 3615 1562 3671 ἐπιδέεται
1608 3614 1836 3686 τροφῆςο
1881 3613 1970 3667 διὰ

391 3705 547 3760 τοῦτο
580 3707 673 3760 καὶ
711 3705 899 3770 ἀΐδιος.
948 3707 1196 3772 Πλάτων,
1239 3705 1402 3760 αὑτὸν
1455 3705 1604 3776 αύτῷ
1646 3703 1735 3758 τὸν
1768 3703 1970 3775 κόσμον

393 3798 458 3850 ὲκ
485 3796 578 3850 τοῦ
607 3796 884 3866 φθίνοντος
924 3799 1064 3854 κατὰ
1102 3799 1402 3870 μεταϐολὴν
1447 3798 1508 3851 τδ
1548 3797 1746 3870 τρέφον
1797 3797 1971 3867 παρέ-

394 3889 604 3961 χεσθαι.
640 3890 914 3954 Φιλόλαος,
946 3891 1129 3964 διττὴν
1151 3889 1288 3947 εἶναι
1318 3894 1417 3965 τὴν
1447 3891 1673 3963 φθορὰν,
1699 3892 1821 3946 τοτὲ
1848 3891 1968 3963 μὲν,

392 3981 454 4046 ἐξ
485 3981 712 4052 οὐρανοῦ
744 3981 913 4052 πυρὸς
945 3981 1180 4052 ῥυέντος,
1229 3985 1348 4036 τοτὲ
1372 3983 1450 4048 δὲ,
1485 3982 1544 4047 ἐξ
1597 3979 1788 4046 ὕδατος
1815 3983 1970 4054 σελη-

393 4072 580 4128 νιακοῦ
635 4074 970 4144 περιστροφῇ
1032 4072 1125 4125 τοῦ
1203 4073 1364 4144 ἀέρος
1431 4073 1789 4143 ἀποχυθέντος
1810 4089 1822 4103 '
1877 4074 1970 4127 mi.

392 4166 596 4220 τούτων
652 4161 789 4220 εἶναι
856 4166 952 4229 τὰς
1011 4165 1406 4236 ἀναθυμιάσεις
1473 4167 1678 4236 τροφὰς
1738 4165 1832 4218 τοῦ
1881 4164 1972 4219 κόι

395 4275 554 4330 σμου.
584 4277 604 4311 ι

920 4348 1314 4402 ΚΕΦΑΛΑΙΟΝ
1338 4347 1458 4402 ΛΖθ.

406 4440 548 4497 Ἀπὸ
575 4439 747 4494 ποίου
787 4438 1018 4509 πρώτου
1047 4439 1269 4508 ἤρξατο
1318 4443 1351 4494 ό
1383 4440 1526 4506 Θεὸς
1563 4442 1968 4511 κοσμοποιεῖν.

472 4550 491 4582 ι
525 4533 588 4584 Οἱ
623 4532 838 4598 φυσικοὶ
869 4530 976 4584 ἀπὸ
1018 4530 1123 4598 γῆς
1168 4531 1432 4602 ἄρξασθαί
1465 4549 1596 4600 φασι
1625 4533 1722 4604 τὴν
1757 4532 1969 4603 γένεσιν

394 4624 488 4679 τοῦ
516 4622 741 4694 κόσμου,
768 4624 1016 4695 καθάπερ
1049 4625 1155 4678 ἀπὸ
1177 4626 1420 4696 κέντρου’
1448 4623 1590 4696 ἀρχὴ
1619 4624 1675 4678 δὲ
1711 4627 1968 4698 σφαίρας,

1994 711 2041 768 Α

3445 498 3637 555 mundi

2571 692 2801 752 CAPUT
2838 693 3078 752 XXXIV.

2205 789 2394 849 Utrum
2423 793 2688 848 animatus
2721 791 2791 842 sit
2822 787 3046 840 mundus
3075 793 3122 838 et
3157 780 3500 837 Providentia

2680 860 3013 928 gubernetur.

2142 975 2161 1010 ι
2191 956 2504 1011 Animatum
2529 968 2650 1008 csse
2684 951 2944 1006 mundum
2976 964 3041 1003 ac
3073 943 3416 1000 Providentia
3442 942 3639 1010 guber-

2067 1052 2187 1105 nari
2213 1058 2534 1105 carterorum
2561 1045 2806 1101 omnium
2837 1041 3104 1097 sententia
3129 1047 3233 1095 est.
3271 1036 3630 1102 Democritus,

2067 1141 2334 1212 Epicurus
2366 1154 2446 1194 'ac
2483 1137 2674 1207 reliqui
2706 1145 3010 1190 atomorum
3042 1133 3310 1201 vacuique
3361 1131 3636 1191 doctores,

2069 1241 2361 1301 utrumque
2388 1237 2604 1297 negant,
2629 1237 2682 1282 et
2710 1237 2918 1280 naturae
2939 1225 3154 1279 cuidam
3177 1223 3404 1278 rationis
3428 1219 3636 1293 experti

2067 1325 2186 1394 ejus
2257 1320 2781 1376 administrationem
2850 1317 3204 1388 regimenque
3264 1314 3633 1370 committunt.

2066 1414 2389 1470 Aristoteles
2438 1427 2540 1467 nec
2577 1411 2824 1481 partibus
2857 1409 3112 1464 omnibus
3146 1407 3396 1462 universe
3424 1406 3637 1461 animae

2069 1515 2180 1560 tum
2204 1520 2324 1560 esse
2352 1505 2498 1570 vult;
2533 1517 2631 1558 nec
2666 1504 2924 1556 universe
2954 1510 3049 1554 aut
3079 1485 3266 1565 sensu,
3303 1507 3398 1554 aut
3428 1499 3639 1554 ratione

2068 1600 2374 1670 praeditum,
2401 1598 2643 1664 adeoque
2669 1609 2768 1648 nec
2795 1593 3090 1664 spiritalem
3123 1593 3374 1647 universe
3405 1607 3469 1646 ac
3499 1589 3638 1645 Pro-

2070 1693 2303 1747 videntia
2323 1690 2700 1760 gubernatum.
2720 1687 2842 1742 Haec
2870 1686 3087 1757 quidem
3115 1684 3298 1739 omnia
3331 1683 3641 1739 caalestibus

2071 1783 2251 1838 inesse
2274 1783 2456 1848 rebus,
2492 1795 2613 1851 qua:
2643 1781 2884 1849 sphaeras
2910 1778 3144 1832 habeant
3174 1777 3446 1830 animatas
3473 1789 3535 1830 ac
3560 1774 3643 1827 via

2071 1875 2245 1929 tales:
2281 1882 2527 1928 terrenas
2557 1871 2753 1924 horum
2799 1883 3024 1938 prorsus
3076 1867 3277 1922 habere
3317 1866 3475 1932 nihil,
3516 1865 3640 1935 qui-

2070 1981 2176 2036 que
2208 1966 2262 2020 in
2287 1965 2353 2020 iis
2378 1965 2514 2019 ordo
2564 1962 2852 2032 reperitur,
2880 1977 3004 2016 eum
3057 1963 3153 2016 abs
3201 1960 3318 2016 solo
3344 1975 3497 2026 casu,
3530 1973 3642 2014 non

1989 2064 2034 2120 B
2063 2058 2130 2113 ab
2168 2066 2481 2128 antegressa
2513 2054 2622 2108 ulla
2651 2053 2874 2106 ratione
2899 2051 3191 2121 prolicisci.
3216 2070 3234 2102 ι

2514 2141 2744 2200 CAPUT
2773 2138 2969 2198 xxxv
3009 2141 3194 2214 34.3.

2423 2233 2611 2292 Utrum
2633 2236 2858 2290 mundus
2883 2236 3103 2288 interitu
3135 2241 3332 2288 careat.

2140 2349 2159 2383 ι
2195 2328 2555 2401 Pythagoras,
2579 2327 2734 2383 Plato
2767 2336 2820 2383 et
2860 2325 3029 2382 Stoici
3062 2334 3380 2397 generatum
3405 2324 3503 2381 abs
3530 2319 3644 2381 Deo

2064 2421 2328 2476 mundum
2361 2429 2417 2475 et
2449 2428 2641 2489 suapte
2671 2419 2892 2489 quidem
2939 2428 3132 2473 natura
3162 2417 3501 2488 corruptioni
3540 2418 3641 2473 oba

2064 2511 2312 2577 noxium,
2337 2520 2623 2579 propterea
2647 2511 2793 2580 quod
2819 2507 2899 2563 uti
2931 2523 3229 2578 corporeus
3257 2518 3358 2573 est,
3389 2510 3458 2564 ita
3477 2523 3641 2566 sensu

2064 2619 2284 2673 quoque
2327 2602 2656 2672 percipitur:
2698 2601 2790 2656 Dei
2832 2609 3015 2655 tamen
3045 2601 3384 2670 providentia
3413 2611 3468 2656 et
3507 2615 3641 2656 cono

2065 2695 2371 2750 servatione
2401 2693 2665 2761 futurum,
2693 2701 2752 2747 ut
2780 2708 3058 2762 nunquam
3083 2695 3332 2748 intereat.
3369 2693 3638 2763 Epicurus

2065 2786 2363 2856 periturum
2401 2785 2574 2851 illum,
2615 2787 2744 2854 quia
2794 2788 3010 2856 genitus
3050 2784 3141 2849 sit,
3173 2793 3234 2839 ut
3281 2785 3636 2848 animantem,

2064 2889 2125 2934 ut
2151 2878 2406 2946 plantam.
2447 2876 2833 2947 Xenophanes,
2863 2884 2986 2931 ortu
3023 2890 3211 2931 carere
3245 2890 3308 2930 ac
3347 2875 3637 2946 sempitera

2063 2987 2196 3026 num
2222 2985 2344 3025 esse
2392 2970 2680 3039 omnisque
2707 2968 3076 3039 corruptionis
3100 2976 3396 3038 expertem.
3421 2967 3638 3023 Aristo-

2063 3065 2220 3128 teles,
2251 3073 2457 3132 partem
2483 3061 2671 3115 mundi
2703 3061 2845 3116 lunas
2868 3061 3190 3128 subiectam,
3215 3061 3488 3131 patibilem
3514 3073 3640 3117 esse

2064 3155 2155 3209 ubi
2180 3157 2341 3209 etiam
2371 3153 2648 3209 terrestria
2671 3166 2900 3223 quaeque
2923 3151 3073 3206 fatali
3094 3132 3497 3222 quadam'sorte
3516 3166 3641 3208 mo-

2062 3246 2295 3300 riantur.
2325 3264 2343 3298 ι

2588 3333 2824 3393 CAPUT
2861 3332 3106 3392 XXXVI.

2343 3426 2490 3483 Unde
2527 3427 2752 3481 mundus
2780 3425 3090 3480 alimentum
3119 3427 3356 3482 hauriat.

2147 3541 2167 3576 ι
2198 3520 2549 3587 Aristoteles,
2585 3520 2628 3575 si
2663 3519 2901 3574 mundus
2924 3519 3109 3586 alitur,
3133 3520 3333 3590 inquit,
3359 3519 3523 3576 etiam
3550 3518 3638 3575 in-

2072 3615 2290 3683 teribit;
2318 3613 2470 3684 atqui
2503 3612 2650 3668 nullo
2679 3612 2884 3684 indiget
2907 3611 3167 3668 alimento
3191 3630 3204 3667 τ
3234 3621 3316 3668 est
3363 3611 3527 3683 igitur
3552 3611 3644 3668 ille

2073 3707 2459 3777 sempiternus.
2510 3703 2689 3769 Plato,
2746 3705 2927 3775 ipsum
2987 3703 3094 3759 sibi
3141 3703 3411 3758 mundum
3458 3718 3525 3759 ex
3571 3703 3641 3762 iis

2071 3799 2320 3870 partibus
2373 3813 2494 3868 quae
2554 3797 2860 3852 mutatione
2922 3804 3350 3866 corrumpuntur
3408 3795 3640 3850 alimen-

2072 3899 2190 3945 tum
2228 3903 2572 3960 comparare.
2619 3887 2919 3952 Philolaus,
2955 3887 3152 3956 duplex
3185 3900 3304 3942 esse
3343 3886 3645 3957 corruptio-

2072 3984 2159 4039 nis
2190 3997 2385 4053 genus,
2418 3981 2648 4036 alterum
2686 3981 2809 4052 igne
2833 3979 3048 4035 coalitus
3075 3977 3377 4044 decidente,
3410 3981 3640 4034 alterum

2071 4076 2253 4132 lunari
2317 4090 2458 4144 aqua
2513 4083 2734 4144 propter
2786 4073 2928 4127 aeris
2999 4071 3406 4128 conversionem
3427 4069 3640 4137 effusa;

2072 4175 2357 4246 utriusque
2403 4177 2586 4225 autem
2638 4163 3008 4220 cxhalationes
3078 4165 3267 4219 mundi
3319 4163 3639 4219 alimentum

2071 4283 2210 4323 esse.
2247 4286 2265 4319 1

2611 4344 2841 4405 CAPUT
2875 4347 3022 4402 XXX
3032 4339 3142 4401 VII.

2146 4441 2418 4502 Undenam
2444 4441 2698 4498 condendi
2732 4439 2918 4494 mundi
2945 4439 3084 4494 Deus
3108 4441 3320 4494 initium
3345 4438 3546 4510 fecerit.

2147 4537 2396 4611 «Physlci
2449 4537 2546 4590 abs
2569 4544 2734 4597 terra,
2764 4533 2915 4589 velut
2951 4548 2982 4587 a
3011 4540 3218 4592 centro,
3248 4533 3435 4587 mundi
3458 4542 3640 4588 ortum

2073 4631 2306 4700 cmpisse
2345 4629 2560 4694 volunt,
2616 4625 2762 4694 quod
2815 4634 3063 4680 centrum
3122 4623 3267 4695 globi
3317 4625 3640 4694 principium

395 4715 458 4768 τὸ
487 4715 732 4786 κέντρον.
794 4715 1136 4787 Πυθαγόρας,
1184 4713 1292 4768 ἀπὸ
1343 4715 1534 4788 πυρὸς,
1593 4717 1798 4770 καὶτοῦ
1830 4718 1965 4788 πέμ-

2076 4719 2165 4774 sit.
2197 4717 2557 4788 Pythagoras,
2603 4714 2672 4768 ab
2716 4715 2843 4784 igne
2890 4714 3162 4784 et'quinto
3187 4714 3472 4770 elemento.
3508 4714 3641 4768 Em-

399 4825 532 4862 πτου
560 4805 843 4877 στοιχείου.
885 4807 1276 4878 Ἐμπεδοκλῆς,
1302 4806 1392 4859 τὸν
1437 4806 1534 4878 μὲν
1573 4807 1765 4878 αἰθέρα
1821 4809 1973 4880 πρῶ-

394 4915 487 4953 τον
508 4899 876 4970 διακριθῆναι,
905 4898 1153 4970 δεύτερον
1182 4898 1238 4952 δὲ
1259 4899 1318 4952 τὸ
1343 4897 1476 4971 πῦρ,
1524 4901 1609 4968 ἐφ’
1640 4892 1685 4967 ᾧ
1714 4900 1814 4972 τὴν
1843 4902 1969 4972 γῆν,

397 4989 459 5055 ἐξ
487 4986 552 5062 ἦς
570 4990 708 5059 ἄγαν
737 4990 1236 5061 περισφιγγομένης
1274 4993 1340 5061 τῇ
1390 4990 1538 5064 ῥύμῃ
1581 4990 1681 5063 τῆς
1736 4993 1972 5064 σφαίρας

397 5081 694 5136 ἀναϐλῦσαι
723 5081 784 5135 τὸ
815 5082 974 5154 ὓδωρ.
1013 5083 1101 5149 Ἐξ
1145 5073 1206 5136 οῦ
1257 5081 1619 5153 θυμιασθῆναι
1661 5081 1752 5136 τὸν
1810 5085 1964 5157 ἀέρα·

399 5175 493 5228 καὶ
515 5174 765 5242 γενέσθαι
790 5175 881 5228 τὸν
929 5177 1025 5246 μὲν
1052 5175 1277 5246 οὐρανὸν
1321 5177 1386 5230 ὲκ
1408 5174 1499 5229 τοῦ
1525 5175 1759 5247 αἰθέρος,
1798 5175 1887 5229 τὸν
1913 5174 1970 5230 δὲ

397 5262 546 5333 ἥλιον
585 5264 660 5344 έκ
699 5263 792 5316 τοῦ
820 5265 1010 5335 πυρός·
1043 5264 1331 5336 πιληθῆναι
1364 5265 1420 5319 δὲ
1453 5267 1516 5318 ὲκ
1559 5265 1666 5318 τῶν
1696 5265 1868 5319 ἄλλων
1900 5265 1970 5319 τὰ

400 5355 671 5427 περίγεια.
689 5357 932 5423 Πλάτων,
958 5357 1150 5428 ὁρατὸν
1173 5358 1264 5411 τὸν
1296 5359 1498 5429 κόσμον
1524 5359 1804 5427 γεγονέναι
1829 5357 1967 5430 πρός

399 5447 744 5519 παράδειγμα
764 5449 857 5502 τοῦ
901 5449 1091 5522 νοητοῦ
1121 5451 1346 5522 κόσμου·
1376 5451 1470 5504 τοῦ
1502 5452 1560 5504 δὲ
1601 5449 1797 5523 ὁρατοῦ
1829 5468 1965 5522 προ-

397 5537 559 5607 τέραν
576 5540 673 5609 μὲν
693 5541 791 5613 τὴν
808 5539 1004 5612 ψυχὴν,
1028 5542 1168 5613 μετά
1189 5543 1250 5596 δὲ
1269 5538 1470 5613 ταύτην
1496 5540 1556 5595 τὸ
1586 5540 1964 5613 σωματοειδὲς,

2073 4809 2360 4882 pedocles,
2428 4806 2671 4862 omnium
2740 4805 3040 4876 principem
3105 4805 3305 4860 aethera
3370 4815 3640 4861 secretum

2069 4917 2214 4967 esse,
2242 4909 2358 4954 tum
2400 4900 2602 4970 ignem,
2631 4897 2826 4952 deinde
2857 4905 3082 4965 terram,
3112 4913 3179 4952 ex
3221 4912 3349 4967 qua,
3385 4896 3514 4952 dum
3547 4897 3636 4951 ni-

2071 4995 2240 5049 mium
2265 4993 2502 5047 incitatas
2526 4991 2900 5046 conversionis
2931 4990 3134 5059 impetu
3160 4989 3636 5058 comprimeretur,

2074 5101 2215 5155 aqua
2262 5087 2604 5156 proruperit;
2655 5100 2718 5140 ex
2769 5098 2923 5153 aqure
2969 5097 3133 5152 porro
3199 5081 3638 5138 exhalationibus

2073 5194 2253 5234 aerem
2278 5178 2551 5234 exstitisse
2569 5217 2585 5241 ,
2613 5192 2676 5231 ac
2700 5177 2898 5232 celum
2932 5175 3150 5244 quidem
3186 5189 3250 5229 ex
3277 5174 3498 5238 aathere,
3540 5188 3636 5227 so‘

2073 5270 2176 5324 lem
2207 5284 2270 5323 ex
2302 5271 2425 5338 igne
2457 5276 2838 5338 procreatum;
2874 5265 3084 5320 caneris
3109 5279 3177 5319 ex
3222 5263 3506 5320 elementis
3553 5265 3635 5318 vid

2072 5361 2196 5413 cina
2227 5367 2384 5413 terrae
2413 5370 2639 5425 corpora
2669 5355 2909 5410 densiori
2955 5354 3100 5408 mole
3133 5367 3319 5423 pressa
3359 5352 3640 5407 constitisa

2071 5465 2150 5504 se.
2190 5447 2363 5514 Plato,
2399 5446 2780 5518 aspectabilem
2826 5446 2971 5500 hunc
3005 5444 3270 5499 mundum
3300 5459 3365 5499 ac
3409 5443 3639 5515 spirita-

2071 5539 2140 5593 lis
2182 5536 2457 5607 exemplar
2506 5549 2629 5591 essc
2673 5542 3049 5604 procreatum:
3111 5531 3464 5593 aspectabilis
3510 5542 3640 5584 vero

473 5717 582 5787 (46',
613 5723 676 5775 Οἱ
715 5719 832 5790 μὲν
871 5722 1066 5777 ἄλλοι.
1105 5722 1380 5777 Plutarch.
1427 5723 1522 5780 lib.
1559 5736 1597 5777 ll
1640 5722 1713 5777 De
1744 5721 1956 5792 placil.,
1997 5735 2114 5791 cap.
2148 5719 2202 5774 ὅ.

719 5813 990 5874 Parnm.
1023 5814 1139 5875 Gn.
1176 5814 1353 5878 XXI.

3251 5805 3323 5868 ιι
