4132 6408
451 307 588 366 1337

1085 304 1354 364 EUSEBII
1391 298 1864 361 CESARIENSIS
1902 300 2052 357 OPP.
2093 295 2273 352 PARS
2310 295 2373 350 ll.
2411 326 2482 336 —-
2518 290 3018 350 APOLOGETICA.

3562 289 3702 342 1588

449 429 638 483 mundi
667 436 869 498 partem
895 425 1136 480 omnium
1170 423 1400 494 primam
1442 421 1686 476 animum
1719 419 2014 484 exstitisse,

2135 415 2180 467 τὸ
2211 417 2278 467 ὲκ
2310 412 2482 484 πυρὸς
2508 413 2605 482 μὲν
2631 410 2725 465 καὶ
2745 410 2847 481 γῆς
2870 408 3105 480 πρῶτον,
3134 405 3322 468 ὓδατος
3343 401 3399 455 δὲ
3427 402 3520 455 καὶ
3543 403 3705 474 ἀέρος

456 523 681 575 alteram
731 519 925 575 deinde
968 531 1311 586 corpoream,
1369 529 1435 569 ex
1475 529 1583 584 qua
1633 523 1816 568 tamen
1869 511 2021 580 prius

453 615 582 669 illud
623 612 928 674 emerserit,
963 610 1108 680 quod
1145 625 1209 663 ex
1243 609 1366 677 igne
1416 615 1672 675 terraque
1718 613 2018 669 constaret,

451 704 594 773 quod
623 719 688 758 ex
724 718 863 772 aqua
912 711 965 758 et
1011 717 1160 766 aere,
1193 699 1488 769 posterius.
1525 696 1888 768 Pythagoras,
1926 710 2018 749 so-

460 796 580 850 lida:
612 795 796 864 ﬁgura:
821 809 944 849 cum
975 793 1084 848 sint
1113 791 1336 845 omnino
1371 790 1632 860 quinque,
1678 803 1815 858 quas
1853 787 2017 841 etiam

452 887 862 942 mathematicas
897 884 1183 939 nominare
1214 888 1412 947 solent,
1453 879 1762 936 confectam
1787 894 1852 934 ex
1877 879 2020 934 cubo

445 989 652 1033 terram
679 993 801 1033 esse
837 977 932 1042 ait,
974 977 1152 1046 ignem
1185 991 1252 1030 ex
1299 975 1597 1045 pyramide,
1651 988 1716 1028 ex
1765 972 2022 1028 octaedro

451 1086 653 1136 aerem,
681 1084 746 1124 ex
770 1069 1053 1123 icosaedro
1073 1082 1293 1136 aquam,
1320 1065 1559 1120 universi
1583 1064 1817 1133 denique
1855 1063 2026 1133 sphaz-

2122 507 2393 578 δεύτερον.
2423 504 2767 573 Πυθαγόρας,
2803 502 2964 555 πέντε
2997 498 3292 570 σχημάτων
3326 496 3496 549 ὄντων
3521 511 3708 578 στερεῖ

2123 601 2220 665 ὧν,
2268 601 2411 671 ἅπερ
2452 597 2697 652 καλεῖται
2761 594 2854 648 καὶ
2913 590 3290 664 μαθηματικὰ,
3351 592 3414 644 ἐκ
3471 590 3567 660 μὲν
3609 576 3706 640 τοῦ

2123 693 2288 748 κύϐου
2325 693 2458 761 φησι
2487 689 2763 759 γεγονέναι
2791 687 2890 758 τὴν
2921 688 3045 756 γῆν,
3079 687 3143 737 ἐκ
3194 683 3250 736 δὲ
3276 684 3373 754 τῆς
3404 680 3709 754 πυραμίδος

2121 787 2184 840 τὸ
2216 785 2348 857 πῦρ,
2380 787 2445 838 ὲκ
2480 783 2536 838 δὲ
2591 781 2683 835 τοῦ
2741 778 3030 850 ὀκταέδρου
3069 777 3160 829 τὸν
3194 776 3353 848 ἀέρα,
3402 776 3466 828 ὲκ
3512 773 3569 827 δὲ
3611 787 3707 824 τυυ

2121 878 2470 949 εἰκοσαέδρου
2504 876 2566 929 τὸ
2595 874 2760 943 ὕδωρ,
2819 873 2883 924 ἐκ
2937 869 2994 924 δὲ
3046 868 3142 922 τοῦ
3195 866 3558 937 δωδεκαέδρου
3595 862 3707 934 (47)

2127 970 2226 1042 τὴν
2259 969 2351 1022 τοῦ
2375 968 2572 1031 παντὸς
2604 968 2861 1038 σφαῖραν.
2895 961 3120 1015 Πλάτων
3143 959 3201 1012 δὲ
3225 958 3339 1029 (48)
3375 958 3470 1012 καὶ
3499 958 3557 1011 ὲν
3586 952 3714 1008 τούο

2129 1081 2244 1128 τοις
2265 1060 2647 1131 Πυθαγορίζει.
2663 1079 2682 1110 ι

437 1181 567 1222 Iram
592 1180 656 1219 ex
680 1163 1035 1218 dodecaedro.
1062 1160 1180 1227 Quo
1201 1161 1363 1216 etiam
1403 1160 1458 1214 in
1483 1173 1679 1230 genere
1705 1157 1858 1214 Plato
1889 1157 2225 1230 Pyhagoram
2251 1157 2563 1212 azmulatur.
2607 1173 2626 1206 ι

949 1275 1181 1332 CAPUT
1219 1273 1512 1330 xxxvm.
1642 1279 1651 1344 ι

948 1367 1025 1422 De
1050 1367 1233 1421 mundi
1259 1367 1466 1420 ordine.

528 1481 547 1513 ‹
577 1458 924 1515 Parmenides
982 1457 1246 1528 quasdam
1296 1456 1464 1511 veluti
1491 1471 1726 1511 coronas
1767 1469 1889 1511 esse
1929 1453 2026 1521 ait,

454 1555 594 1609 inter
641 1568 760 1608 sese
821 1548 1348 1623 complexas,\84&I
1385 1561 1618 1619 quarum
1677 1563 1786 1601 una
1827 1547 2028 1602 rariori

453 1661 520 1700 ex
558 1658 787 1714 corpore
831 1643 920 1704 sit,
968 1644 1139 1698 altera
1171 1657 1238 1696 ex
1277 1641 1516 1696 densiori
1567 1649 1853 1706 contexta;
1887 1653 2024 1708 quas

450 1735 598 1788 inter
656 1735 776 1788 aliae
835 1735 948 1788 sint
1001 1748 1067 1787 ex
1133 1732 1339 1786 lumine
1392 1731 1744 1800 tenebrisque
1798 1730 2022 1785 mistae:

454 1827 599 1893 quod
641 1834 822 1880 autem
854 1825 1137 1878 universas
1176 1823 1477 1887 contineat,
1518 1820 1835 1875 ﬁrmitatem
1882 1817 2027 1872 muri

458 1915 688 1986 alicujus
709 1915 1044 1970 simillimam
1076 1914 1346 1968 obtinere.
1383 1911 1691 1982 Leucippus
1722 1923 1887 1982 atque
1927 1909 2031 1964 De-

455 2015 719 2070 mocritus
746 2026 1042 2081 expansam
1092 2007 1297 2062 mundo
1335 2006 1576 2060 tunicam
1620 2002 2058 2080 membraiiam-‘

458 2121 562 2176 que
608 2102 970 2159 circumdant.
1030 2099 1320 2170 Epicurus,
1366 2114 1434 2152 ex
1488 2097 1709 2152 mundis
1763 2097 2030 2151 rariorem

457 2198 595 2253 alios
624 2195 920 2249 terminum
960 2193 1185 2258 habere,
1226 2192 1362 2246 alios
1392 2189 1740 2255 densiorem;
1792 2197 1908 2243 tum
1939 2203 2034 2242 eo-

458 2289 708 2345 rumdem
743 2296 925 2357 partes
962 2287 1098 2342 alias
1142 2284 1376 2350 moveri,
1407 2283 1542 2339 alias
1583 2290 1846 2352 perpetuo
1877 2281 2036 2352 quie-

459 2395 630 2435 scere.
712 2379 866 2434 Plato
936 2379 1175 2448 primum
1232 2376 1479 2430 omni-um
1537 2375 1716 2446 ignem
1771 2374 2029 2440 collocat,

457 2472 659 2526 aethera
697 2470 913 2537 deinde,
945 2479 1060 2524 tum
1113 2484 1316 2534 aerem,
1364 2483 1560 2538 aquam
1601 2467 1876 2535 deinceps,
1938 2482 2036 2536 po-

460 2572 829 2631 stremamque
857 2569 1090 2629 terraml;
1146 2559 1289 2613 idem
1325 2567 1508 2611 tamen
1537 2558 1738 2612 aethera
1762 2573 1884 2612 cum
1913 2557 2038 2627 igne

463 2653 756 2723 aliquando
788 2653 1090 2709 consociat.
1141 2649 1464 2706 Aristoteles
1519 2651 1758 2721 primum
1815 2665 2038 2721 quoque

461 2747 705 2800 omnium
747 2745 949 2800 aathera
986 2743 1196 2807 statuit,
1237 2743 1494 2812 quintum
1535 2743 1813 2812 quoddam
1856 2742 1925 2796 ab
1971 2757 2040 2797 eo

460 2852 660 2906 corpus
689 2836 1048 2900 nominatum,
1085 2843 1249 2904 atque
1275 2835 1342 2888 ab
1373 2833 1521 2888 omni
1561 2833 1805 2902 patiendi
1847 2848 2041 2887 neces-

465 2926 624 2980 sitate
663 2927 1004 2996 sejunctum;
1065 2925 1194 2979 huic
1239 2925 1485 2994 patibilia
1516 2923 1799 2994 subjungit
1831 2925 2038 2990 omnia,

2642 1263 3037 1321 ΚΕΦΑΛΑΙΟΝ
3066 1259 3195 1315 AH'.

2586 1358 2726 1428 Περὶ
2753 1356 2977 1422 τάξεως
3013 1357 3271 1422 κόσμου.

2208 1475 2226 1508 ι
2259 1455 2626 1530 Παρμενίδης,
2695 1450 2963 1520 στεφάνας
3023 1443 3160 1501 εἶναι
3203 1439 3717 1530 περιπεπλεγμένας

2129 1550 2215 1603 ἐπ’
2250 1527 2522 1621 ἀλλήλαις·
2559 1546 2659 1617 τὴν
2702 1544 2801 1616 μὲν
2840 1544 2905 1595 ἐκ
2938 1540 3031 1594 τοῦ
3065 1537 3282 1611 ἀραιοῦ,
3307 1535 3405 1607 τὴν
3443 1534 3501 1587 δὲ
3526 1536 3590 1586 ὲκ
3621 1527 3716 1586 τοῦ

2131 1640 2355 1694 πυκνοῦ’
2399 1638 2594 1710 μικτὰς
2626 1637 2682 1690 δὲ
2711 1635 2875 1697 ἄλλας
2913 1635 2978 1686 ὲκ
3007 1631 3184 1702 φωτὸς
3213 1631 3305 1682 καὶ
3344 1627 3591 1691 σκότους,
3630 1641 3720 1696 με·

2129 1731 2264 1797 ταξὺ
2289 1732 2513 1784 τούτων’
2539 1728 2634 1782 καὶ
2672 1728 2733 1781 τὸ
2758 1725 3010 1798 περιέχον
3043 1722 3099 1776 δὲ
3138 1721 3316 1783 πάσας
3352 1719 3532 1789 τοίχου
3561 1716 3725 1787 δίκην

2134 1824 2350 1896 στερεὸν
2381 1822 2642 1893 ὑπάρχον.
2678 1818 2994 1879 Λεύκιππος
3013 1815 3107 1870 καὶ
3144 1812 3484 1884 Δημόκριτος
3517 1809 3722 1879 χιτῶνα

2133 1918 2316 1986 κύκλῳ
2339 1916 2431 1970 καὶ
2463 1915 2634 1986 ὑμένα
2692 1912 3055 1984 περιτείνουσι
3091 1906 3170 1978 τῷ
3207 1907 3419 1976 κόσμῳ.
3464 1899 3720 1954 Ἐπίκου-

2136 2029 2226 2084 ρος
2251 2010 2384 2081 (49),
2416 2008 2572 2062 ὲνίων
2610 2006 2708 2078 μὲν
2746 2005 2965 2075 κόσμων
3001 2001 3194 2074 ἀραιὸν
3223 1999 3282 2053 τὸ
3323 1997 3516 2084 πέρας,
3561 1994 3722 2084 ἐνίων

2133 2101 2190 2154 δὲ
2217 2100 2439 2154 πυκνόν·
2476 2099 2571 2152 καὶ
2620 2096 2823 2149 τούτων
2855 2093 2923 2147 τά
2980 2092 3077 2163 μέν
3119 2105 3242 2142 τινα
3294 2083 3613 2154 κινούμενα,
3654 2079 3725 2134 τά

2134 2191 2191 2244 δὲ
2224 2190 2474 2260 ἀκίνητα.
2517 2187 2761 2249 Πλάτων,
2797 2182 2909 2254 πῦρ
2941 2180 3181 2252 πρῶτον,
3209 2172 3327 2228 εἶτα
3364 2172 3578 2243 αἰθέρα,
3603 2168 3721 2260 μεθ’

2135 2283 2194 2336 ὃν
2235 2259 2393 2353 ἀέρα,
2427 2281 2509 2350 ἐφ’
2543 2274 2586 2347 ᾧ
2616 2277 2783 2349 ὕδωρ.
2809 2273 3120 2328 τελευταίαν
3157 2270 3213 2323 δὲ
3260 2267 3384 2338 γῆν.
3431 2263 3632 2316 Ἐνίοτε
3665 2259 3724 2313 δὲ

2136 2377 2229 2429 τὸν
2267 2374 2461 2444 αἰθέρα
2497 2371 2753 2426 συνάπτει
2791 2368 2869 2439 τῷ
2887 2366 3038 2437 πυρί.
3080 2359 3480 2432 Ἀριστοτέλης,
3508 2353 3724 2425 πρῶτον

2141 2467 2240 2538 μὲν
2278 2443 2472 2536 αἰθέρα
2539 2462 2743 2533 ἀπαθῆ,
2801 2461 3046 2529 πέμπτον
3100 2455 3163 2524 γέ
3212 2470 3265 2505 τι
3303 2449 3482 2520 σῶμα’
3547 2443 3726 2538 μεθ’ᾼδ

2140 2536 2377 2630 παθητὰ,
2414 2555 2548 2628 πῦρ,
2575 2555 2730 2628 ἀέρα,
2767 2553 2930 2624 ὕδωρ,
2970 2547 3284 2602 τελευταίαν
3323 2544 3379 2597 δὲ
3414 2543 3538 2612 γῆν.
3583 2536 3724 2591 Τού-

2139 2669 2246 2705 των
2268 2651 2322 2703 δὲ
2345 2652 2455 2714 τοῖς
2491 2648 2592 2720 μὲν
2631 2646 2902 2718 οὐρανίοις
2934 2641 3289 2697 ἀποδεδόσθαι
3321 2637 3417 2707 τὴν
3453 2632 3721 2704 κυκλικὴν

2141 2742 2373 2813 κίνησιν,
2411 2740 2517 2792 τῶν
2541 2740 2585 2792 δ’
2617 2737 2706 2792 ὑπ’
2743 2739 2927 2791 ἐκεῖνα
2953 2731 3300 2802 τεταγμένων
3327 2731 3439 2791 τοῖς
3477 2727 3575 2797 μὲν
3600 2723 3728 2778 κού-

2141 2850 2263 2902 φοις
2300 2834 2398 2903 τὴν
2426 2833 2557 2898 ἄνω,
2595 2833 2708 2893 τοῖς
2741 2829 2798 2881 δὲ
2847 2827 3036 2898 βαρέσι
3093 2824 3191 2894 τὴν
3245 2821 3416 2876 κάτω.
3465 2815 3729 2888 Ἐμπεδο-

2143 2926 2297 2998 κλῆς,
2333 2925 2407 2996 μὴ
2432 2923 2522 2976 διὰ
2561 2922 2761 2984 παντὸς
2795 2919 3036 2981 ἑστῶτας
3087 2911 3249 2979 εἶναι,
3295 2912 3430 2984 μηδὲ
3477 2909 3726 2998 ὡρισμέέ-

461 3017 662 3088 ignem,
695 3032 896 3083 aerem,
942 3031 1162 3086 aquam,
1197 3025 1639 3086 postremainque
1670 3025 1908 3070 terram:
1959 3032 2023 3072 ex

2135 3035 2253 3082 νους
2277 3019 2404 3080 τοὺς
2436 3015 2636 3077 τόπους
2655 3012 2762 3066 τῶν
2792 3010 3092 3081 στοιχείων,
3125 3004 3262 3061 ἀλλά
3283 3004 3460 3058 πάντα
3480 3017 3596 3063 πως
3612 2997 3729 3069 (50)

461 3107 566 3161 illis
592 3121 774 3176 porro,
813 3107 1054 3161 coelestia
1091 3107 1312 3176 quidem
1351 3107 1405 3160 iu
1442 3107 1630 3160 orbem
1661 3107 1882 3176 proprie
1911 3121 2023 3160 mo-

2132 3108 2376 3180 ἀλλήλων
2419 3103 2871 3177 μεταλαμϐάνειν.
2895 3122 2913 3153 ι

459 3200 607 3264 veri;
644 3209 698 3253 at
728 3199 1005 3263 inferiora,
1031 3199 1077 3254 si
1119 3199 1259 3253 levia
1299 3199 1459 3253 modo
1484 3199 1613 3263 sint,
1640 3199 1904 3266 sublime;
1935 3201 2020 3255 sin
2061 3202 2270 3271 gravia,
2315 3200 2571 3255 deorsum
2641 3197 2790 3252 ferri.
2855 3191 3226 3263 Empedocles,
3274 3184 3559 3244 elementis
3616 3197 3733 3238 non

461 3308 558 3348 sua
587 3292 895 3363 quibusque
923 3291 1042 3346 loca
1089 3305 1237 3348 certa
1308 3307 1521 3362 semper
1565 3307 1630 3347 ac
1684 3292 1905 3348 deﬁnita
1956 3295 2260 3352 consistere

461 3390 666 3454 tuoque
699 3381 1009 3437 succedere.
1025 3401 1042 3431 ι

991 3475 1220 3530 CAPUT
1257 3475 1502 3531 XXXIX.

465 3594 816 3662 Quamobrem
848 3592 1163 3648 inclinatior
1207 3593 1442 3674 _mundus
1483 3595 1576 3661 sit,
1631 3603 1787 3663 atque
1827 3594 2042 3665 depres-

1170 3679 1301 3718 880T.

542 3778 561 3812 ι
587 3757 854 3825 Diogenes
896 3763 949 3810 et
979 3756 1355 3826 Anaxagoras,
1404 3764 1648 3810 creatum
1675 3754 1789 3824 jam
1843 3755 2047 3810 conﬂa—

463 3861 689 3918 tumque
720 3848 1008 3912 mundum,
1037 3849 1411 3904 animantibus
1441 3849 1605 3903 etiam
1639 3864 1706 3903 ex
1751 3857 1895 3904 terra
1918 3864 2041 3918 pro-

465 3941 663 4006 ductis,
699 3939 882 3994 nescio
916 3954 1023 4008 quo
1067 3945 1228 4008 pacto
1272 3953 1462 3992 versus
1512 3937 1804 3993 meridiem
1845 3948 2038 4009 sponte

466 4049 565 4089 sua
588 4033 907 4086 inclinatum
943 4045 1104 4086 esse:
1156 4029 1341 4084 divino
1383 4028 1620 4086 fortasse
1662 4031 1916 4097 consilio,
1957 4031 2035 4086 uti

465 4138 648 4196 partes
673 4126 794 4196 ejus
817 4123 1148 4195 frequentari
1179 4124 1300 4178 alia:
1325 4134 1570 4194 possent,
1605 4124 1725 4178 aliae
1753 4140 1861 4178 non
1899 4139 2033 4194 pos-

465 4225 606 4282 sent,
647 4223 811 4286 prout
851 4216 935 4269 vel
987 4215 1185 4286 frigore
1221 4223 1424 4270 azstuve
1467 4215 1638 4269 nimio
1692 4215 2029 4279 laborarent,

466 4311 551 4364 vel
583 4310 786 4365 salubri
826 4309 1216 4378 temperatione
1247 4315 1592 4362 constarent.
1647 4306 2032 4378 Empedocles,

465 4417 591 4456 aere
623 4401 754 4455 solis
778 4399 848 4454 ad
872 4399 979 4453 vim
1022 4407 1077 4452 et
1127 4399 1387 4468 impetum
1421 4397 1762 4462 subsidente,
1799 4397 2034 4452 inclina-

2321 3313 2336 3350 :
2385 3294 2479 3351 sed
2523 3293 2755 3348 aliorum
2832 3290 2888 3344 in
2923 3289 3121 3360 |locum
3166 3286 3272 3341 alia
3322 3283 3553 3338 subinde
3595 3295 3716 3334 mu-

2657 3473 3053 3529 ΚΕΦΑΛΑΙΟΝ
3083 3471 3203 3524 AB’.

2292 3573 2386 3638 Τίς
2411 3571 2449 3638 ή
2485 3570 2640 3624 αἰτία
2673 3567 2782 3622 τοῦ
2815 3564 2922 3618 τὸν
2947 3564 3178 3633 κόσμον
3216 3558 3583 3632 ἐγκλιθῆναι.

2224 3768 2242 3801 ι
2279 3748 2554 3817 Διογένης,
2593 3743 2981 3814 Ἀναξαγόρας,
3020 3739 3158 3810 μετά
3215 3736 3274 3790 τὸ
3310 3736 3570 3806 συστῆναι
3635 3733 3734 3786 τὸν

2143 3843 2367 3910 κόσμον,
2409 3839 2504 3892 καί
2533 3837 2602 3890 τά
2642 3835 2757 3900 ζῶα
2791 3837 2855 3887 ὲκ
2910 3832 3008 3903 τῆς
3036 3829 3141 3900 γῆς
3182 3829 3488 3896 ἐξαγαγεῖν,
3545 3825 3728 3894 ἐγκλι-

2143 3929 2300 4002 θῆναί
2328 3947 2445 3992 πως
2475 3927 2564 3981 τὸν
2589 3927 2791 3996 κόσμον
2819 3927 2884 3977 ὲκ
2935 3921 3028 3975 τοῦ
3063 3919 3372 3990 αὐτομάτου
3416 3919 3495 3981 εἰς
3535 3917 3595 3968 τὸ
3625 3933 3724 3986 με-

2144 4022 2442 4095 σημϐρινὸν
2468 4018 2632 4075 αὐτοῦ
2686 4017 2866 4088 μέρος·
2901 4015 3030 4077 ἴσως
3069 4011 3174 4066 ὑπὸ
3226 4011 3501 4082 προνοίας,
3537 4009 3624 4061 ἵνα
3657 4007 3727 4060 τὰ

2146 4116 2243 4186 μὲν
2282 4114 2513 4182 ἀοίκητα
2543 4112 2788 4180 γένηται,
2811 4107 2880 4160 τὰ
2900 4107 2955 4159 δὲ
2989 4105 3180 4175 οἰκητὰ
3207 4104 3347 4174 μέρη
3380 4099 3474 4154 τοῦ
3493 4101 3722 4170 κόσμου,

2142 4207 2282 4260 κατὰ
2303 4206 2483 4276 ψῦξιν,
2520 4205 2614 4257 καὶ
2647 4201 2977 4272 ἐκπύρωσιν,
3033 4198 3126 4252 καὶ
3160 4194 3477 4266 εὐκρασίαν.
3518 4192 3725 4262 Ἐμπε-

2139 4299 2354 4370 δοκλῆς,
2386 4297 2480 4350 τοῦ
2505 4298 2666 4368 ἀέρος
2709 4293 2949 4357 εἴξαντος
2984 4293 3048 4360 τῇ
3082 4287 3175 4342 τοῦ
3218 4287 3368 4356 ἡλίου
3423 4287 3589 4356 ὁρμῇ,
3624 4284 3722 4350 ἐγ-

2141 4394 2387 4464 κλιθῆναι
2436 4390 2532 4453 τὰς
2588 4389 2853 4458 ἄρκτους,
2921 4385 3015 4438 καὶ
3058 4381 3127 4434 τὰ
3169 4379 3353 4450 βόρεια
3415 4375 3722 4445 ὑψωθῆναι,

466 4505 552 4548 tos
583 4508 701 4547 esse
731 4491 918 4562 polos,
969 4493 1042 4546 ita
1095 4491 1314 4560 quidem
1367 4499 1426 4544 ut
1473 4489 1920 4559 septentrionalis
1949 4505 2032 4543 su-

2138 4486 2208 4538 τὰ
2261 4463 2317 4536 δὲ
2381 4482 2532 4536 νότια
2599 4477 3037 4547 ταπεινωθῆναι,
3105 4471 3241 4526 καθὸ
3293 4469 3389 4523 καὶ
3447 4467 3537 4520 τὸν
3598 4467 3723 4519 ὅλον

466 4587 629 4638 hlime
671 4584 969 4649 tolleretur,
1019 4582 1277 4636 australis
1324 4595 1454 4635 vero
1507 4580 1818 4650 depressior
1857 4580 2030 4648 ﬁeret,

465 4679 609 4748 quod
637 4679 815 4747 ipsum
838 4676 1065 4747 proinde
1095 4675 1189 4729 toti
1220 4673 1423 4728 mundo
1452 4673 1749 4729 evenerit.»

1052 4785 1281 4842 CAPUT
1317 4784 1434 4840 XL.

611 4901 800 4956 Utrum
825 4903 982 4955 inane
1005 4902 1097 4966 sit,
1121 4900 1258 4971 quod
1285 4908 1437 4954 extra
1461 4898 1714 4952 mundum
1752 4908 1853 4954 est.

542 5034 559 5065 ι
587 5015 912 5086 Pythagorei
942 5027 1094 5072 extra
1147 5018 1415 5072 mundum
1453 5018 1614 5072 inane
1642 4997 1882 5086 spatium
1915 5031 2039 5073 esse

468 5111 674 5174 volunt,
703 5123 811 5178 quo
855 5107 1094 5162 mundus
1143 5117 1306 5178 atque
1358 5108 1501 5162 unde
1534 5108 1786 5177 respiret.
1848 5103 2038 5172 Stoici,

468 5201 741 5254 intlnitum
769 5208 823 5254 et
865 5201 1193 5254 immensum
1233 5198 1462 5268 aliquid,
1519 5200 1576 5252 in
1621 5199 1767 5269 quod
1801 5199 2040 5254 mundus

541 5362 652 5431 (Π)
697 5361 767 5416 Τὸ
815 5363 990 5430 ὕδωρ·
1016 5363 1085 5414 ἐκ
1116 5360 1185 5414 δὲ
1222 5359 1329 5413 τοῦ
1365 5356 1791 5431 δωδεκαέδρου.
1834 5353 1970 5431 Haec
1988 5354 2043 5408 in

470 5422 647 5500 priori
682 5422 1195 5498 editione'deeraut,
1233 5445 1354 5500 qua:
1397 5422 1767 5498 supplevimus
1794 5442 1861 5482 ex
1912 5422 2044 5478 Plu-

473 5503 930 5640 “232%.:de
971 5571 1055 5624 δέ.
1106 5569 1164 5623 In
1203 5569 1421 5631 Timazo,
1474 5567 1728 5640 ubidhazc
1764 5577 2046 5640 more_s_uo

469 5632 759 5712 plut-ilius,
808 5657 1043 5712 quorum
1094 5640 1489 5712 physiologiam
1534 5637 1782 5712 aliquant
1808 5651 1873 5690 ex
1917 5632 2047 5712 _Pl_u-

470 5703 658 5769 taicho
716 5703 898 5781 petere
951 5703 1112 5776 licet;
1168 5703 1220 5764 in
1270 5703 1660 5774 (luctationibus
1711 5703 2040 5773 I’latonicis,

2141 4579 2364 4652 κόσμον.
2395 4596 2412 4628 ι

2668 4789 3060 4848 ΚΕΦΑΛΑΙΟΝ
3099 4787 3187 4842 M'.

2245 4912 2386 4982 Περὶ
2412 4912 2518 4967 τοῦ
2547 4911 2722 4976 ἐκτὸς
2755 4907 2862 4962 τοῦ
2882 4908 3133 4974 κόσμου,
3166 4903 3218 4956 εἰ
3252 4900 3384 4955 ἐστι
3415 4897 3613 4952 κενόν.

2218 5049 2236 5081 ι
2269 5029 2332 5082 Οί
2362 5027 2460 5099 μὲν
2497 5025 2605 5080 ἀπὸ
2654 5022 2750 5076 τοῦ
2802 5017 3155 5088 Πυθαγόρου,
3215 5013 3366 5077 ἐκτὸς
3430 5005 3728 5099 εἶναιῌτοῦ

2143 5091 2558 5188 κόσμου-κενὸν,
2589 5116 2668 5177 είς
2696 5113 2726 5166 ὃ
2747 5111 2978 5165 ἀναπνεῖ
3029 5109 3057 5159 ό
3095 5105 3320 5175 κόσμος,
3349 5103 3444 5156 καὶ
3475 5099 3533 5167 ἐξ
3557 5091 3639 5152 οὗ·
3674 5103 3726 5153 οἱ

2142 5211 2199 5265 δὲ
2217 5210 2463 5274 Στωϊκοὶ,
2504 5209 2583 5270 είς
2618 5205 2648 5258 ὃ
2675 5205 2771 5261 καὶ
2802 5205 2868 5272 τῇ
2891 5197 3198 5270 ἐκπυρώσει
3231 5194 3540 5257 ἀναλύεται,
3574 5192 3729 5246 ἀπει-

2145 5372 2342 5502 qum)?
2380 5363 2764 5502 "Iéalxovpoc,
2803 5425 2980 5478 ὲνίων
3033 5422 3149 5492 μὲν
3203 5421 3465 5490 κόσμων.
3509 5415 3573 5471 Et
3608 5414 3730 5470 hac

2144 5517 2210 5557 ex
2227 5495 2538 5556 Plutarcho
2571 5495 2775 5552 addita.

2219 5572 2330 5643 (50)
2370 5570 2574 5643 Πάντα
2619 5584 2762 5633 πως.
2805 5565 2880 5643 l_ta
2933 5560 3236 5643 Plutarch,
3285 5569 3339 5616 et
3378 5567 3554 5621 recte,
3611 5569 3726 5609 non

2148 5633 2355 5710 πάντας
2387 5641 2628 5708 τούτους,
2661 5648 2720 5694 ut
2755 5639 2906 5708 prius
2939 5633 3236 5706 legebatur.
