4132 6434
344 371 366 424 l
379 371 479 427 51‘9

1505 367 1826 426 PREPAR.
1871 365 2123 427 EVANG.
2165 366 2292 426 LIB.
2338 363 2448 426 XV.

3459 359 3592 421 ιεοι.

345 511 436 565 ρον
459 493 590 564 (51).
624 490 993 557 Ποσειδώνιος,
1030 491 1129 546 οὐκ
1152 494 1399 565 ἄπειρον,
1432 495 1545 548 ἀλλ’
1575 495 1696 548 ὅσον
1721 493 1914 563 αὔταρ-

2025 493 2136 562 ipse
2212 491 2634 562 conﬂagratione
2690 484 3042 545 dissolvatur.
3076 482 3454 549 Possidonius,
3483 498 3593 537 non

343 602 438 648 κες
467 586 546 648 είς
573 587 672 655 τὴν
709 585 949 639 διάλυσιν
997 587 1129 657 (52),
1189 588 1247 639 ὲν
1282 587 1360 658 τῷ
1397 587 1596 659 πρώτῳ
1647 587 1789 654 Περὶ
1827 603 1923 640 κε-

341 675 454 729 νοῦ
488 675 622 744 (55).
691 676 1098 747 Ἀριστοτέλης,
1153 678 1317 748 μηδὲν
1379 673 1520 732 εἷναι
1583 677 1735 732 κενόν
1787 676 1917 748 (54).

343 765 588 828 Πλάτων,
618 767 741 838 μήτ’
765 767 921 830 ἐκτὸς
974 767 1069 820 τοῦ
1104 767 1308 838 κόσμου
1341 767 1506 839 μηδὲν
1560 765 1698 820 εἶναι
1745 767 1920 831 κενὸν,

346 857 471 928 μήτ’
497 857 664 922 ἐντός.
688 875 706 910 ι

835 951 1230 1004 ΚΕΦΑΛΑΙΟΝ
1289 952 1422 1005 MA’.

419 1041 558 1091 Τίνα
594 1037 760 1102 δεξιὰ
806 1039 910 1092 τοῦ
953 1042 1207 1108 κόσμου,
1245 1042 1342 1094 καὶ
1381 1042 1515 1094 τίνα
1548 1041 1848 1110 ἀριστερά.

418 1147 439 1182 t
482 1129 822 1202 Πυθαγόρας,
879 1132 1124 1197 Πλάτων,
1186 1135 1566 1206 Ἀριστοτέλης
1621 1134 1770 1201 δεξιὰ
1828 1133 1922 1188 τοῦ

342 1224 548 1295 κόσμου
719 1223 786 1276 τά
815 1223 1106 1276 ἀνατολικὰ
1145 1225 1306 1298 μέρη,
1334 1226 1425 1295 ἀφ’
1451 1218 1524 1278 ὧν
1559 1227 1590 1296 ἡ
1637 1226 1777 1296 ἀρχὴ
1826 1226 1923 1296 τῆς

343 1317 624 1386 κινήσεως·
657 1315 918 1385 ἀριστερά
938 1315 993 1368 δὲ
1022 1316 1090 1369 τὰ
1121 1315 1333 1369 δυτικά.
1353 1315 1743 1386 Ἐμπεδοκλῆς,
1776 1315 1924 1382 δεξιά

345 1406 442 1476 μὲν
466 1405 534 1458 τὰ
574 1405 713 1458 κατὰ
745 1405 836 1457 τὸν
896 1406 1106 1477 θερινὸν
1134 1407 1413 1478 τροπικὸν,
1469 1408 1732 1480 ἀριστερά
1762 1408 1817 1461 δὲ
1856 1408 1924 1460 τὰ

343 1499 484 1552 κατά
503 1499 592 1551 τὸν
633 1500 955 1570 χειμερινόν.
987 1518 1004 1549 i

837 1593 1240 1646 ΚΕΦΑΛΛΙΟΝ
1291 1593 1423 1645 ΜΒ¹.

554 1681 694 1750 Περὶ
719 1682 980 1751 οὐρανοῦ
1000 1724 1014 1748 ,
1051 1686 1142 1750 τίς
1175 1685 1211 1752 ἡ
1266 1686 1480 1738 τούτου
1510 1686 1709 1738 οὐσία.

418 1793 436 1824 ‹
471 1773 847 1845 Ἀναξιμένης,
869 1776 966 1846 τὴν
989 1777 1290 1849 περιφορὰν
1322 1775 1432 1847 (56)
1471 1777 1567 1849 τὴν
1599 1775 1919 1849 ἕξωθεν(57)

2026 586 2298 640 inﬁnitum
2333 584 2615 655 quiddam,
2649 582 2743 638 sed
2780 580 3049 647 ejusmodi
3088 585 3322 641 tantum,
3364 573 3510 646 quod
3544 573 3596 627 ei

2028 675 2376 730 dissolutioni
2401 674 2652 740 sulIiciat,
2683 682 2742 728 ut
2770 673 2926 728 docet
2948 672 3088 725 libro
3117 671 3192 724 De
3219 669 3369 723 inani
3396 668 3590 737 primo.

2021 765 2338 822 Aristoteles
2384 767 2543 821 inane
2599 766 2896 837 quidquam
2949 778 3071 819 esse
3115 771 3309 834 negat;
3361 769 3416 816 et
3440 758 3595 814 Plato

2023 868 2134 914 tam
2158 868 2331 926 extra,
2366 874 2528 928 quam
2563 859 2701 912 intra
2749 855 3037 918 mundum,
3069 855 3232 908 inane
3274 850 3578 922 repudiat.»

2511 948 2675 1020 345
2707 944 2934 1001 CAPUT
2963 943 3101 998 xu.

2133 1040 2269 1106 Qua:
2292 1042 2494 1095 dextra:
2518 1041 2702 1093 mundi
2738 1048 2914 1110 partes
2941 1039 3070 1104 sint,
3095 1052 3211 1106 qua:
3235 1034 3482 1090 sinistra.

2101 1154 2118 1186 ι
2147 1135 2506 1206 Pythagoras,
2540 1132 2716 1199 Plato,
2757 1131 3098 1195 Aristoteles,
3125 1130 3372 1184 dextram
3405 1123 3594 1180 mundi

2026 1242 2232 1303 partem
2262 1233 2586 1286 orientalem
2627 1246 2771 1294 esse,
2803 1231 2948 1284 unde
2981 1237 3163 1283 motus
3204 1226 3322 1295 ejus
3363 1225 3596 1279 ducatur

2028 1326 2282 1388 initium;
2359 1324 2660 1387 sinistram,
2740 1321 3152 1378 occidentalem.
3219 1317 3594 1387 Empedocles,

2023 1415 2266 1470 dextram
2303 1414 2371 1468 ad
2416 1413 2664 1467 aestivum
2713 1412 3002 1482 tropicum,
3050 1410 3116 1464 ad
3171 1407 3457 1464 hibernum
3519 1407 3596 1462 si-

2023 1510 2255 1562 nistram
2285 1504 2589 1561 constituit.
2605 1523 2622 1554 ι

2584 1592 2813 1649 CAPUT
2842 1591 2997 1646 XLII.

2498 1685 2576 1740 De
2601 1687 2821 1757 propria
2844 1685 2959 1738 ειείὶ
2991 1693 3206 1737 natura.

2102 1775 2514 1843 «Anaximenes,
2549 1775 2878 1831 exteriorem
2926 1773 3048 1828 cceli
3106 1771 3370 1826 ambitum
3421 1779 3593 1825 terre-

343 1868 538 1938 γηῖνην
561 1863 720 1920 εἶναι.
765 1869 1155 1940 Ἐμπεδοκλῆς,
1191 1868 1505 1940 στερέμνιον
1548 1864 1689 1922 εἶναι
1718 1869 1808 1922 τὸν
1836 1869 1924 1920 οὐ-

2025 1869 2156 1926 stris
2179 1885 2302 1926 esse
2331 1878 2562 1924 naturae.
2612 1867 2989 1938 Empedocles,
3017 1865 3252 1921 solidum
3289 1863 3422 1918 illud
3452 1877 3592 1928 esse,

345 1959 525 2032 ρανὺν,
544 1959 604 2024 ἐξ
635 1960 795 2030 ἀέρος
823 1962 1198 2030 συμπαγέντος
1221 1961 1324 2013 ὑπὸ
1345 1960 1438 2013 τοῦ
1464 1960 1632 2030 πυρὸς
1663 1959 1925 2031 κρυσταλ-

345 2051 662 2118 λοειδῶς,τὺ
711 2053 956 2123 πυρῶδες
1001 2053 1095 2106 καὶ
1147 2053 1382 2123 ἀερῶδες
1425 2055 1482 2105 ἐν
1521 2051 1766 2123 ἑκατέρῳ
1817 2051 1923 2105 τῶν

344 2144 714 2216 ἡμισφαιρίων
743 2145 1084 2215 περιέχοντα.
1128 2144 1523 2216 Ἀριστοτέλης,
1559 2147 1622 2197 ὲκ
1672 2144 1922 2215 πέμπτου

347 2238 633 2309 σώματος,
691 2237 723 2308 ἢ
782 2239 845 2291 ὲκ
891 2237 1093 2310 θερμοῦ
1155 2239 1249 2292 καὶ
1299 2235 1508 2308 ψυχροῦ
1559 2236 1669 2307 (58)
1721 2235 1924 2306 μίγμα-

345 2342 454 2392 τος.
493 2348 510 2380 ι

421 2618 530 2689 (51)
570 2620 926 2680 Ἀναλύεται,
967 2619 1232 2688 ἄπειρον.
1260 2617 1444 2685 Recte,
1477 2634 1598 2672 nam
1638 2619 1690 2672 in
1721 2633 1924 2673 excuso

348 2704 666 2762 perperam,
713 2690 1003 2762 ἀναλύεται
1045 2691 1106 2744 τὸ
1153 2692 1412 2762 ἄπειρον,
1451 2690 1600 2762 nullo
1635 2690 1714 2762 vel
1758 2705 1925 2762 pravo

351 2757 538 2830 sensu.
584 2759 705 2813 llaie
739 2761 901 2830 lectio
943 2757 1326 2830 interpretibus
1367 2761 1645 2829 imposuit.
1695 2757 1924 2814 [.atinns

351 2829 496 2900 enim
535 2830 604 2884 ita
642 2831 837 2893 reddit,
872 2829 1039 2884 [nunc
1070 2829 1180 2884 esse
1215 2833 1302 2900 (an
1339 2832 1518 2892 inane,
1549 2830 1608 2882 τὸ
1639 2830 1864 2900 ἄπειρον
1881 2830 1922 2899 ?)

351 2899 408 2952 in
444 2903 580 2969 quod
611 2902 818 2971 quidem
851 2899 1266 2970 conﬂagratione
1305 2917 1400 2953 sua
1434 2900 1658 2952 mundus
1691 2900 1924 2953 dissolu-

354 2979 466 3022 tum
501 2970 913 3034 eahGallicus,
955 2972 1143 3039 anque!
1185 2988 1281 3038 par
1320 2977 1697 3023 embrasement
1747 2987 1801 3023 se
1843 2986 1925 3022 re-

352 3052 472 3093 :qu
525 3041 736 3110 l‘inﬁm’.
763 3041 1023 3102 Obsecro,
1052 3058 1121 3110 an
1157 3041 1426 3110 inﬁnitum
1453 3040 1507 3110 in
1530 3055 1761 3092 vacuum
1792 3039 1922 3092 illud

352 3121 406 3180 et
476 3107 637 3165 inane
691 3112 924 3180 spatium
989 3107 1096 3164 ulla
1165 3108 1585 3180 conﬂagratione
1644 3110 1924 3162 solvetur?

355 3178 498 3276 Sane
526 3186 670 3250 quod
708 3177 1130 3276 deAPoslsidonio
1171 3183 1437 3276 sequitur,
1481 3177 1692 3258 facilem
1732 3188 1786 3232 et
1830 3195 1924 3232 cx-
1952 3219 1994 3276 C

353 3251 592 3320 peditam
644 3253 851 3306 menda:
907 3251 1068 3320 hujus
1127 3250 1377 3306 tollendae
1418 3250 1682 3303 rationem
1737 3258 1922 3305 osten-

353 3323 534 3374 debat.

354 3458 388 3512 6
427 3389 537 3461 (52)
581 3391 888 3446 Διάλυσιν.
934 3391 1007 3445 lta
1061 3401 1205 3446 recte
1251 3389 1604 3454 Plutarchus,
1656 3402 1766 3443 non
1805 3388 1922 3444 διά-

392 3477 532 3512 ασιν.

392 3477 532 3512 ασιν.

429 3530 537 3601 (55)
581 3532 682 3585 Ἐν
718 3529 798 3596 τῷ
829 3531 1033 3598 πρώτῳ
1065 3531 1201 3602 Περὶ
1220 3529 1396 3584 κενοῦ.
1427 3529 1506 3584 Ad
1537 3528 1922 3602 Possidonium

354 3601 459 3654 ista
517 3600 821 3670 pertinent,
878 3618 986 3656 non
1035 3601 1102 3656 ad
1147 3600 1530 3666 Aristotelem,
1572 3609 1630 3654 ut
1675 3600 1925 3656 Amiotus

396 3675 583 3726 ulavit.

353 3681 970 3809 puzgiit’iapwtozélnc
986 3739 1178 3808 μηδὲν
1199 3736 1349 3794 εἶναι
1379 3741 1574 3794 κενόν.
1601 3738 1926 3794 Plutarchus

355 3807 564 3874 contra,
594 3807 774 3880 ἔλεγεν
799 3807 938 3863 εἶναι
962 3807 1134 3863 κενὸν.
1169 3810 1242 3866 Ita
1270 3811 1414 3878 legit.
1451 3812 1524 3864 ita
1554 3813 1710 3864 vertit
1737 3811 1924 3864 Amio-

356 3890 488 3952 tus:
521 3880 796 3952 Xylander
822 3889 1066 3935 nostrum
1093 3884 1356 3948 sequitur.
1375 3880 1437 3934 Et
1468 3881 1662 3934 merito
1681 3881 1922 3950 quidem,

358 3951 407 4004 si
437 3951 738 4006 Aristotelis
769 3951 837 4004 de
867 3952 1036 4013 inani,
1067 3966 1158 4003 seu
1184 3967 1376 4013 vacuo,
1396 3953 1718 4006 sententiam
1751 3960 1927 4003 atten-

357 4019 573 4074 damus.
599 4020 737 4091 Lege
752 4031 1004 4090 quartum
1034 4020 1330 4088 Pliysicor.,
1347 4036 1377 4074 a
1401 4037 1520 4090 cap.
1544 4021 1576 4074 8
1601 4023 1663 4074 ad
1688 4037 1808 4091 cap.
1837 4021 1923 4086 14;

358 4104 523 4158 qnam
559 4089 768 4160 ipse‘ab
800 4091 948 4143 inani
975 4091 1340 4150 abhorruerit,
1375 4089 1658 4160 intelliges.
1685 4089 1788 4144 Sed
1829 4105 1928 4142 cur

358 4159 638 4213 Platonem
675 4162 934 4214 continuo
971 4170 1147 4227 negat,
1199 4162 1302 4215 hoc
1332 4160 1490 4213 inane
1531 4159 1611 4213 vel
1664 4161 1806 4214 intra
1842 4161 1926 4213 vel

357 4237 511 4281 extra
560 4232 818 4283 mundum
853 4231 1134 4297 posuisse?
1160 4230 1354 4291 Credo,
1385 4231 1531 4298 quod
1578 4230 1924 4284 Aristotelem

357 4306 606 4366 putaret,
639 4301 767 4354 illud
807 4315 872 4354 ex
908 4301 1109 4353 mundo
1133 4301 1309 4354 solum
1344 4302 1548 4363 tollere,
1585 4310 1735 4354 extra
1765 4316 1928 4352 mun-

355 4369 487 4440 dum
520 4371 802 4440 admittere
831 4385 842 4420 :
874 4380 1034 4440 atque
1070 4370 1138 4422 ita
1170 4371 1451 4440 legendum
1487 4379 1649 4435 esset,
1687 4371 1929 4440 Ἀριστο-

355 4438 516 4508 τέλης
541 4439 688 4503 ἐντὸς
726 4439 888 4511 μηδὲν
929 4437 1066 4494 εἶναι
1106 4437 1280 4494 κενόν.
1329 4438 1513 4508 Neque
1556 4442 1655 4494 hcc
1685 4437 1928 4494 divinare

355 4519 439 4562 est
469 4525 481 4560 :
513 4511 652 4563 idem
682 4510 824 4564 enini
853 4510 1176 4565 Plutarchus
1197 4553 1210 4572 ,
1241 4511 1483 4578 ejusdem
1515 4513 1694 4578 operis
1741 4511 1832 4564 lib.
1872 4527 1918 4574 t,

355 4593 478 4647 cap.
522 4578 620 4640 l8,
657 4583 723 4635 de
755 4581 946 4634 eodem
978 4583 1126 4635 inani
1159 4568 1603 4649 philosophorum
1637 4568 1920 4648 opiniones
1953 4568 1996 4623 ί)

355 4662 653 4721 exponens,
679 4652 748 4721 ita
783 4651 849 4705 de
872 4653 1161 4705 Aristotele
1187 4651 1527 4715 nominatim,
1546 4650 1923 4721 Ἀριστοτέλης

356 4719 608 4772 τοσοῦτον
652 4717 789 4773 εἶναι
833 4722 895 4773 τὸ
951 4722 1104 4775 κενὸν
1144 4722 1299 4784 ἐκτὸς
1340 4721 1434 4773 τοῦ
1490 4717 1731 4790 κόσμου,
1783 4717 1922 4773 ὥστε

356 4789 616 4861 ἀναπνεῖν
647 4791 737 4843 τὸν
768 4791 1012 4861 οὐρανόν.
1048 4791 1268 4854 Verum,
1298 4802 1356 4845 ut
1385 4791 1574 4855 fatear,
1598 4789 1790 4861 parum
1821 4793 1924 4845 hoc

357 4857 412 4932 i_n
461 4875 656 4932 genere
701 4857 1138 4932 ἀκριϐήςηίηιο
1191 4874 1246 4915 et
1295 4863 1397 4916 sibi
1448 4857 1707 4932 constans
1755 4859 1923 4915 fuisse

354 4927 684 4985 Plutarchus
711 4927 942 4985 videtur.
989 4931 1233 4986 Primum
1271 4933 1416 4985 enim
1453 4933 1544 5001 hic
1570 4931 1922 5001 Pythagoreis

356 5001 584 5071 tribuit,
616 5001 760 5071 quod
793 5001 885 5054 illo
912 5001 1002 5055 lib.
1039 5020 1076 5065 ι,
1110 5018 1226 5071 cap.
1267 5001 1353 5064 18,
1387 5000 1591 5070 allingit
1618 5000 1918 5055 Aristoteli.

355 5066 559 5122 Deinde
589 5066 679 5124 ubi
706 5072 920 5124 tandem
950 5066 1286 5130 Aristoteles.
1313 5084 1407 5125 aut
1427 5066 1622 5125 corium
1658 5073 1923 5139 respirare

354 5139 570 5206 docuit;
603 5150 715 5202 aut,
742 5142 886 5212 quod
919 5143 1115 5196 ibidem
1151 5143 1414 5212 sequitur,
1439 5142 1680 5212 πύρινον,
1711 5144 1922 5210 igneum

354 5224 477 5263 esse
509 5212 769 5265 tradidit?
792 5211 923 5278 lmo,
945 5215 1159 5281 quoties
1193 5211 1243 5265 in
1271 5214 1421 5267 libris
1448 5211 1529 5265 De
1548 5212 1673 5264 caelo
1704 5212 1919 5281 igneum

355 5281 708 5351 pernegavit?
759 5281 827 5335 At
876 5298 945 5336 ne
990 5293 1143 5336 extra
1188 5284 1451 5336 mundum
1499 5284 1715 5351 quidem
1763 5282 1922 5334 inane

354 5349 681 5405 collocavit:
712 5351 824 5405 imo
868 5355 1081 5417 negavit
1111 5354 1278 5406 ullum
1328 5368 1470 5406 esse.
1518 5349 1689 5406 Libro
1721 5354 1865 5405 enim
1904 5366 1920 5404 ι

353 5418 433 5471 De
460 5420 609 5484 caelo,
661 5437 781 5489 cap.
814 5422 867 5483 9,
904 5424 1111 5486 nullum
1153 5433 1304 5476 extra
1337 5427 1534 5477 ccelum
1577 5437 1774 5490 corpus
1801 5435 1922 5475 esse

352 5504 514 5558 posse
549 5491 787 5546 defendit
813 5507 826 5542 :
858 5493 1018 5546 inane
1063 5503 1242 5546 autem
1271 5493 1672 5548 Aristotelicum
1700 5534 1715 5558 ,
1746 5493 1908 5546 idem-

353 5572 462 5628 que
507 5561 726 5630 proprie
750 5562 989 5625 dictum,
1017 5578 1218 5632 corpus
1260 5572 1377 5624 est.
1414 5579 1510 5617 seu
1546 5566 1696 5617 locus
1723 5577 1920 5630 corpo-

351 5644 482 5703 reus
508 5646 740 5703 corpore
770 5647 998 5698 vacuus,
1026 5632 1294 5703 ejusmodi
1323 5643 1526 5703 tamen,
1569 5634 1660 5703 qui
1691 5646 1922 5701 corpore

353 5700 567 5773 impleri
609 5700 809 5773 suapte
845 5700 1272 5773 natura'possit.
1317 5701 1457 5769 Quin
1507 5714 1559 5757 et
1588 5700 1756 5772 paulo
1795 5700 1923 5773 post

351 5769 576 5844 diserte,
600 5769 737 5844 αμα
756 5771 813 5844 δὲ
843 5772 1018 5844 δῆλον,
1054 5769 1260 5844 inquit,
1289 5773 1383 5844 an,
1411 5769 1720 5844 066E561“):
1741 5812 1755 5834 ,
1798 5769 1920 5844 οὐδὲ

352 5839 526 5908 κενὸν,
559 5839 681 5896 οὐδὲ
702 5839 1060 5914 χρόνοςὲστὶν
1089 5839 1194 5911 ἐξω
1220 5843 1312 5898 τοῦ
1338 5842 1588 5915 οὐρανοῦ,
1615 5844 1761 5914 quod
1789 5841 1922 5899 sub-

2025 1963 2171 2033 quod
2200 1962 2254 2016 in
2297 1962 2538 2033 crystalli
2571 1961 2792 2015 modum
2827 1975 2892 2014 ex
2917 1973 3042 2012 aere
3069 1957 3216 2028 ignis
3245 1956 3429 2011 calore
3457 1970 3591 2009 con-

2025 2063 2256 2118 cretum,
2289 2053 2555 2124 quidquid
2585 2051 2726 2122 ignis
2767 2061 2822 2104 et
2847 2051 2992 2105 aeris
3039 2059 3275 2118 utroque
3327 2047 3384 2102 in
3421 2046 3598 2100 hemid

2025 2145 2261 2216 sphaerio
2311 2155 2397 2198 est
2444 2141 2894 2212 comprehendat.
2945 2139 3285 2200 Aristoteles,
3339 2135 3480 2190 idem
3529 2149 3596 2189 ex

2024 2239 2218 2310 quinto
2236 2251 2487 2306 corpore,
2517 2235 2601 2291 vel
2627 2250 2693 2290 ex
2722 2233 2883 2290 calidi
2909 2247 2972 2288 ac
2998 2230 3178 2302 frigidi
3206 2226 3599 2298 temperatione

2026 2334 2358 2407 componit”

2027 2621 2151 2675 inde
2202 2619 2424 2674 tetidem
2460 2631 2598 2688 pene
2631 2619 2811 2674 verbis
2856 2617 3068 2688 repetit.
3112 2613 3305 2672 Mirum
3350 2625 3482 2672 sane
3513 2623 3601 2672 est

2026 2692 2142 2745 haec
2186 2706 2216 2744 a
2248 2687 2539 2744 Plutarcho
2581 2690 2664 2744 vel
2708 2690 2839 2744 lecta
2888 2687 2993 2742 non
3027 2703 3179 2751 esse,
3229 2687 3310 2742 vel
3342 2703 3463 2743 esse
3501 2702 3600 2741 ne-

2027 2761 2227 2830 glecta.
2275 2759 2597 2830 Quanquam
2654 2759 2743 2813 illa
2807 2758 3083 2813 Plutarchi
3131 2757 3429 2830 opuscula,
3485 2772 3596 2810 non

2026 2829 2285 2895 auctoris,
2337 2829 2430 2883 sed
2485 2831 2828 2884 librariorum
2877 2837 3085 2882 scatent
3130 2829 3445 2891 erroribus;
3502 2842 3601 2897 pa-

2025 2915 2254 2968 rumque
2300 2899 2526 2954 omnino
2569 2899 2671 2954 sibi
2717 2898 3018 2968 consuluit,
3052 2898 3145 2967 qui
3172 2967 3179 2968 γ
3205 2907 3485 2966 propterea
3516 2897 3600 2950 vel

2029 2967 2505 3024 illos’Aristotelis
2533 2969 2700 3024 libros
2733 2970 2784 3022 in
2814 2967 3022 3032 νοθείας
3044 3009 3058 3030 ,
3103 2967 3186 3020 vel
3217 2968 3597 3035 philosophum

2026 3039 2203 3107 ipsutn
2254 3039 2308 3092 in
2359 3038 2666 3107 ἀντιλογίας
2712 3039 3079 3106 suspicionem
3134 3038 3363 3100 vocavit.
3414 3037 3596 3091 Plato-

2027 3125 2150 3162 nem
2174 3123 2305 3162 vero
2332 3109 2476 3177 quod
2505 3109 2698 3162 attinet
2724 3150 2736 3173 ,
2768 3109 2814 3163 is
2840 3109 2892 3161 in
2924 3110 3115 3161 Timazo
3138 3147 3152 3172 ,
3179 3123 3300 3176 pag.
3333 3107 3457 3169 558,
3488 3117 3595 3160 ηοιι

2027 3180 2258 3234 obscure
2305 3194 2534 3233 vacuum
2579 3195 2740 3233 omne
2785 3180 3129 3248 repudians,
3167 3179 3199 3248 ἡ
3239 3177 3342 3248 τοῦ
3395 3177 3597 3240 παντὸς

2026 3248 2294 3332 περίοδος,
2326 3250 2520 3332 inquit,
2551 3249 2737 3332 ἐπειδῂ
2765 3247 3165 3332 ωμπεριέλαὸε
3192 3247 3262 3332 ⁷τά
3294 3247 3462 3332 γένη,
3499 3266 3599 3332 κυ-

2026 3315 2480 3390 κλοτερὴςὋῦσα,
2515 3323 2608 3373 καὶ
2634 3315 2767 3390 πρδς
2795 3315 2963 3390 αὐτὴν
3006 3321 3277 3390 πεφυκυῖα
3319 3315 3598 3390 βουλεσοαι

2027 3383 2259 3454 ξυνιέναι
2280 3430 2294 3454 ,
2335 3391 2553 3457 σφίγγει
2587 3383 2783 3452 πάντα,
2818 3383 3104 3459 καὶ’κενὴν
3132 3383 3600 3458 χώρανόὑδεμίαν

2026 3462 2090 3531 ἐᾷ
2116 3459 2418 3513 λείπεσθαι.
2456 3459 2582 3531 Haec
2618 3461 2726 3524 ille,
2756 3459 2990 3531 Locrum
3021 3467 3410 3531 praeceptorem
3440 3474 3600 3513 εοοιιο

2028 3522 2134 3595 Itis,
2177 3532 2270 3598 qui
2309 3545 2500 3598 opusc.
2555 3530 2630 3584 De
2662 3522 2854 3583 natura
2875 3570 2888 3593 ,
2920 3522 3172 3581 ’Ἃτὲαντα
3197 3522 3241 3580 δ’
3272 3522 3370 3595 ὧν,
3402 3530 3598 3599 inquit,

2027 3600 2207 3724 πλήῧρη
2239 3601 2371 3665 ὲντὶ,
2401 3600 2768 3680 οὐδὲνηκενεὸν
2799 3599 3177 3680 ἀπολείποντα.
3333 3669 3343 3679 ¹

2098 3673 2112 3724 ί
2157 3672 2210 3724 5i
2250 3670 2421 3724 Δεειὰ
2469 3686 2574 3724 του
2625 3672 2876 3724 κόσαου.
2922 3670 3263 3724 Aristoteles.
3311 3669 3343 3721 li

2098 3668 2210 3740 (55)
2250 3670 2421 3734 Δεξιὰ
2469 3669 2574 3724 τοῦ
2625 3672 2876 3739 κόσμου.
2922 3670 3263 3731 Aristoteles,
3311 3668 3404 3740 lib.
3457 3685 3495 3723 tt
3526 3669 3601 3722 De

2026 3743 2173 3812 creto,
2194 3739 2322 3809 Vcap.
2355 3741 2417 3812 2,
2455 3740 2636 3806 Δεξιὸν
2663 3742 2802 3812 γὰρ,
2841 3740 3047 3809 inquit,
3077 3741 3332 3812 ἑκάστου-γ
3348 3739 3599 3812 λέγομεν,

2025 3811 2146 3890 ὅθεν
2240 3811 2380 3896 ἀρχὴ
2415 3812 2513 3893 τῆς
2545 3810 2685 3896 κατὰ
2714 3809 3214 3896 τὀπονηκινήσειοςζ
3242 3810 3334 3862 τοῦ
3357 3809 3602 3896 «δ’ὶούραδ

2027 3881 2116 3954 νοῦ
2163 3879 2344 3954 me;
2371 3879 2486 3952 ait:
2540 3883 2840 3954 περιφορᾶς
2877 3879 3035 3954 ὃθενὲ
3087 3882 3158 3954 αἱ
3192 3879 3446 3954 arma
3493 3879 3601 3933 τῶν

2026 3942 2626 4022 ἄστριιὶνῖἰἰιόςςιι.τιιὶ“τοιῗ›τἶ
2658 3942 2722 4004 ἅν
2743 3942 2836 4022 ἐἴη
2871 3942 3072 4012 δεξιόνο
3102 3942 3162 4022 οὗ
3195 3950 3250 4002 δὲ
3284 3952 3340 4022 αἱ
3379 3949 3559 4022 δύσεις
3581 3987 3598 4014 ,

2025 4020 2334 4092 ἀριστερόν.
2381 4022 2566 4090 itaque
2618 4020 2928 4092 concludit,
2972 4022 3016 4074 si
3069 4021 3348 4092 principis
3380 4021 3597 4092 orbium

2027 4089 2334 4146 caelestium
2365 4089 2543 4146 motus
2568 4091 2707 4145 ratio
2739 4092 3022 4152 habeatur,
3039 4105 3138 4143 nos
3157 4091 3248 4158 qni
3267 4089 3370 4142 sub
3393 4091 3600 4143 arctico

2027 4163 2151 4231 polo
2204 4177 2511 4225 versamur,
2573 4160 2886 4215 inferiorem
2951 4175 3015 4213 ac
3067 4160 3346 4231 sinistram
3402 4159 3595 4231 mundi

2026 4229 2235 4302 partem
2275 4243 2571 4302 occupare;
2602 4232 2938 4299 superiorem
2974 4244 3038 4284 ac
3060 4229 3338 4302 dextram,
3373 4230 3465 4298 qui
3495 4232 3598 4283 sub

2027 4299 2342 4356 antarctico.
2377 4299 2470 4354 Sin
2505 4301 2639 4354 alter
2664 4316 2728 4354 ac
2759 4302 3031 4354 secundus
3057 4299 3148 4352 ille
3178 4309 3355 4352 motus
3385 4308 3596 4367 specta-

2028 4373 2194 4437 bitur,
2215 4371 2308 4441 qui
2329 4382 2599 4441 astrorum
2622 4371 2874 4439 proprius
2888 4379 2990 4431 est,
3011 4369 3344 4441 contrarium
3371 4371 3596 4425 omnino

2030 4439 2396 4496 statuendum.
2439 4439 2541 4494 Sed
2581 4442 2736 4494 aliter
2765 4450 2928 4510 atque
2960 4439 3397 4510 aliteriastrologi
3422 4481 3436 4505 ,
3470 4456 3598 4510 geo-

2031 4513 2218 4581 graphi
2238 4551 2253 4573 ,
2304 4519 2506 4580 poetae,
2534 4526 2768 4580 augures
2790 4552 2804 4576 ,
2836 4509 2888 4564 in
2924 4511 3062 4565 caelo
3103 4509 3351 4581 dextrum
3382 4521 3435 4564 et
3463 4509 3602 4565 sini-

2025 4580 2200 4637 stram
2227 4583 2569 4651 assignarunt
2601 4597 2612 4632 :
2644 4583 2786 4651 quod
2815 4596 2976 4634 nemo
3005 4580 3196 4634 nescit.

2097 4651 2206 4720 (56)
2247 4649 2602 4720 Περιφοράν.
2643 4649 2757 4705 Hoc
2786 4653 2904 4706 loco
2948 4651 3218 4721 περιφορά
3248 4658 3333 4702 est
3373 4651 3601 4721 περιφέ-

2026 4719 2167 4793 ρεια,
2195 4724 2307 4776 sive
2330 4719 2500 4792 μέρος
2526 4723 2586 4774 τὸ
2614 4721 2738 4786 ἔξω,
2771 4722 2862 4793 κα).
2891 4719 3459 4793 περιφερόμενονε-ξὶο
3480 4721 3602 4793 Διί-ι

2024 4790 2244 4861 ὲιοιεΙοε
2279 4790 2538 4861 loquitur,
2568 4802 2626 4846 ut
2652 4793 2745 4846 lib.
2775 4809 2790 4847 ι
2821 4792 2895 4845 De
2921 4790 3068 4853 σάειο,
3095 4790 3216 4859 cap.
3246 4794 3300 4852 9,
3336 4790 3471 4843 Ἕνα
3502 4791 3600 4861 μὲν

2021 4859 2373 4935 οὖντρόπονξ
2417 4863 2646 4935 οὐρανὸν
2696 4863 2946 4932 λέγομεν,
2987 4862 3316 4935 τῂν-οὐσίαν
3361 4859 3597 4935 τὴν

2022 4933 2257 5003 ἐσχάτης
2284 4933 2377 4986 τοῦ
2410 4933 2608 4996 παντὸς
2651 4935 2971 5004 περιφορᾶς.
3015 4933 3118 4985 Ubi
3164 4947 3294 4985 sane
3328 4933 3601 5004 περιφορά

2025 5001 2252 5057 ambitus
2279 5013 2380 5067 est,
2407 5019 2514 5059 non
2537 5001 2819 5068 consertio,
2849 5001 2954 5057 nisi
2981 5001 3450 5073 καταχρηστικῶς,
3472 5001 3601 5071 quia

2023 5074 2113 5128 hic
2142 5075 2379 5127 ambitus
2408 5085 2666 5142 perpetuo
2695 5074 3047 5142 convertitur.

2095 5143 2206 5214 (57)
2235 5143 2353 5212 Τὴν
2376 5141 2617 5209 ἔξωθεν,
2644 5145 2861 5214 γηΐνην
2881 5141 3052 5198 εἶναι.
3077 5141 3322 5214 Pessime
3347 5141 3398 5195 in
3427 5141 3599 5210 priori

2022 5210 2152 5285 edit.
2189 5210 2491 5284 legebatur,
2526 5215 2627 5284 τῆς
2653 5210 2852 5281 ἔξωθεν
2895 5213 3071 5285 ζώνης
3104 5210 3261 5266 εἶναι.
3295 5212 3596 5274 Plutarch.,

2021 5283 2120 5355 τὴν
2155 5283 2429 5352 ego-cam,
2467 5283 2660 5355 γηῖνην
2683 5326 2696 5348 ,
2734 5301 2897 5354 quam
2929 5283 3259 5354 postremam
3290 5296 3602 5355 vocemap-

2023 5352 2196 5422 prime
2237 5352 3166 5426 necessariam-Xylander'omisit,
3192 5364 3296 5426 aut
3337 5352 3601 5426 Eusebia-

2023 5439 2148 5477 nam
2189 5427 2471 5480 lectionem
2507 5424 2725 5480 secutus
2751 5435 2866 5490 est;
2915 5426 3075 5479 vertit
3117 5425 3261 5478 enim
3287 5465 3301 5489 ,
3340 5424 3599 5476 rationem.

2022 5509 2131 5566 esse
2152 5497 2373 5566 extremi
2405 5494 2739 5566 orbis,_quod
2771 5496 3286 5566 depravatissimum
3315 5504 3414 5548 est.

2095 5564 2206 5635 (58)
2261 5567 2355 5635 Ἐκ
2389 5561 2731 5633 θερμοῦ’καὶ
2765 5561 3026 5634 ψύχροῦι
3080 5563 3197 5617 Non
3230 5565 3471 5618 occurrit
3504 5561 3598 5617 ubi

2021 5633 2339 5690 Aristdteles
2371 5635 2446 5688 De
2473 5636 2600 5688 caelo
2636 5636 2707 5689 ita
2747 5633 2987 5689 statdat:
3019 5637 3109 5688 ubi
3141 5636 3476 5689 contrarium
3506 5635 3598 5686 dos

2021 5715 2178 5770 ceat,
2212 5705 2362 5760 locos
2422 5707 2587 5759 habes
2624 5707 2680 5761 in
2725 5707 2819 5761 lib.
2863 5706 2940 5760 De
2979 5705 3108 5759 cmlo
3160 5714 3215 5759 et
3259 5704 3597 5773 Meteoralog.

2023 5775 2366 5852 complures;
2395 5791 2630 5846 quorum
2665 5779 2828 5834 etiam
2873 5775 3166 5833 nonnullos
3191 5791 3358 5846 supra
3390 5775 3599 5831 indica-

2021 5857 2218 5901 mnus.
