4132 6402
433 367 572 424 1595

1521 366 1846 422 PREPAR.
1882 366 2134 424 EVANG.
2178 365 2306 423 LIB.
2345 365 2480 437 XV.)

3542 369 3678 428 1594

430 501 526 554 καὶ
551 501 609 552 ὲν
648 500 766 560 ταῖς
800 497 1122 566 φαντασίαις
1165 493 1258 549 τοῦ
1290 494 1448 559 Θεοῦ,
1477 497 1724 550 τουτέστι
1762 496 1855 549 τοῦ
1891 495 1978 549 νοῦ

2111 497 2358 553 tionibus
2389 496 2676 568 sensisque
2734 496 3052 554 subsistant.
3095 499 3414 556 Aristotcles
3472 497 3676 560 formas

429 589 770 657 ὑφεστώσας.
810 588 1187 660 Ἀριστοτέλης
1215 588 1328 660 εἴδη
1359 590 1456 659 μὲν
1473 590 1704 644 ἀπέλιπε
1732 591 1824 644 καὶ
1844 589 2006 657 ἰδέας,

2113 591 2374 662 ideasque
2421 591 2642 660 reliquit
2684 591 2773 645 ille
2814 591 3054 662 quidem,
3101 607 3208 645 non
3241 600 3420 646 tamen
3452 609 3481 648 a
3506 603 3678 650 mate-

426 685 487 736 οὑ
524 684 630 755 μὴν
663 683 1071 755 κεχωρισμένας
1119 683 1217 752 τῆς
1273 682 1426 752 ὕλης,
1477 682 1581 750 ἔξω
1619 680 1857 752 γεγονὼς
1897 681 1978 752 (65

2111 682 2195 735 ria
2225 687 2530 750 separatas,
2575 695 2805 750 quarum
2851 681 2916 735 ad
2945 683 3243 750 exemplar,
3269 683 3534 752 quidquid
3575 685 3676 740 abs

429 774 522 828 τοῦ
553 775 657 827 ὑπὸ
686 773 780 827 τοῦ
815 774 971 827 Θεοῦ.
1033 776 1097 826 Οἱ
1124 774 1232 827 ἀπὸ
1261 775 1507 847 Ζήνωνος
1540 775 1786 840 Στωϊκοὶ,
1821 775 2007 846 ἐννοή-

428 885 573 940 ματα
601 869 841 940 ἡμέτερα
877 870 976 932 τάς
1007 867 1202 932 ἰδέας.»

909 1045 1306 1098 ΚΕΦΑΛΛῙΟΝ
1334 1045 1464 1112 MC?

840 1137 980 1207 Περὶ
1008 1137 1230 1204 τάξεως
1259 1136 1546 1205 ἀστέρων.

491 1249 510 1282 ι
549 1230 889 1302 Ξενοκράτης
949 1231 1058 1301 (66)
1121 1231 1261 1285 κατά
1299 1231 1424 1301 μίαν
1473 1231 1795 1301 ἐπιφάνειαν
1828 1231 1998 1284 οῐεται

2109 769 2221 824 Deo
2248 767 2550 840 perfectum
2583 778 2691 834 est,
2724 771 3012 825 exstiterit.
3062 769 3296 825 Profecti
3325 771 3422 827 abs
3457 770 3677 828 Zenone

2109 860 2283 916 Stoici
2349 872 2568 916 nostras
2601 861 2846 931 ipsorum
2872 863 3122 918 notiones
3155 862 3304 918 ideas
3331 878 3455 920 esse
3488 863 3676 921 defen-

2105 951 2292 1008 dunLr

2665 1041 2894 1098 CAPUT
2947 1042 3133 1098 XLVI.

2586 1132 2662 1188 De
2687 1133 2962 1188 stellarum
2992 1137 3192 1190 ordine.

2190 1226 2556 1282 «Xenocrates
2578 1242 2673 1297 per
2702 1227 2947 1281 eamdem
2973 1243 3162 1285 omnes
3193 1229 3532 1300 superﬁciem
3553 1244 3670 1286 mo-

417 1323 682 1375 κινεϊσθαι
737 1325 864 1387 τοὺς
918 1323 1178 1394 ἀστέρας·
1231 1323 1280 1375 οἱ
1321 1323 1470 1376 ἄλλοι
1500 1324 1727 1377 Στωϊκοὶ
1761 1323 1867 1395 πρὸ
1891 1323 1978 1377 τῶι

2099 1321 2212 1375 veri
2239 1320 2572 1387 arbitratur;
2604 1329 2659 1374 at
2688 1320 2882 1390 reliqui
2914 1319 3080 1377 Stoici
3133 1323 3342 1393 priores
3368 1325 3490 1380 aliis
3511 1325 3668 1393 alias,

414 1415 617 1485 ἑτέρων
641 1416 766 1473 τοὺς
793 1415 1031 1487 ἐτέρους,
1057 1418 1114 1469 ἐν
1155 1415 1278 1487 ὕψει
1320 1418 1410 1470 καὶ
1435 1415 1606 1487 βάθει.
1637 1417 1994 1487 Δημόκριτος,

411 1506 481 1562 τά
506 1508 602 1578 μὲν
637 1507 849 1579 ἀπλανῆ
883 1509 1119 1580 πρῶτον,
1157 1509 1295 1580 μετά
1321 1509 1378 1562 δὲ
1406 1507 1601 1572 ταῦτα,
1630 1511 1758 1573 τοὺς
1788 1508 1995 1580 πλάνη-

2101 1422 2264 1484 prout
2303 1413 2526 1470 altiores
2555 1414 2660 1468 illa:
2679 1413 3117 1484 depressioresve
3141 1415 3273 1482 sint,
3307 1419 3666 1474 constituunt.

2097 1504 2469 1569 Democritus,
2512 1505 2733 1560 stabiles
2771 1507 2955 1574 priore
2992 1506 3133 1574 loco,
3165 1509 3466 1577 posteriore
3504 1525 3669 1581 vagas

411 1615 528 1664 τας,
563 1600 648 1668 ἐφ’
675 1593 756 1662 οἷς
780 1599 952 1670 ἥλιον,
979 1602 1288 1672 Φωσφόρον,
1309 1601 1558 1672 σελήνην.
1590 1601 1834 1665 Πλάτων,
1857 1599 1978 1670 μετά

2092 1606 2450 1668 errantesque
2477 1599 2650 1668 ponit,
2694 1599 2897 1669 quibus
2932 1607 2987 1653 et
3039 1599 3206 1654 solem
3251 1608 3307 1653 et
3355 1597 3666 1656 Luciferum

411 1692 510 1764 τὴν
539 1692 646 1745 τῶν
673 1692 927 1747 ἀπλανῶν
955 1693 1122 1756 θέσιν,
1148 1695 1362 1765 πρῶτον
1390 1694 1652 1748 Φαίνοντα
1678 1693 1988 1764 λεγόμενον,

409 1785 502 1838 τὸν
525 1785 617 1839 τοῦ
649 1785 878 1858 Κρόνου·
906 1776 1153 1860 δεύτερον
1179 1786 1469 1850 Φαέθοντα,
1490 1788 1582 1842 τὸν
1607 1787 1699 1841 τοῦ
1726 1789 1864 1852 Διός·
1884 1787 1993 1860 τρί-

2091 1697 2147 1742 et
2193 1688 2374 1742 lunam
2425 1699 2770 1745 annumerat.
2817 1687 2991 1756 Plato,
3038 1689 3128 1745 ubi
3178 1690 3401 1747 stabiles
3461 1693 3666 1762 posuit,

2092 1789 2208 1834 tum
2266 1789 2558 1850 sequentes
2607 1780 2712 1836 hoc
2763 1781 2957 1836 ordine
2997 1782 3258 1838 collocat:
3291 1779 3664 1848 Phaenontem,

411 1893 501 1929 τον
522 1853 820 1948 Πυρόεντα,
849 1879 940 1932 τὸν
976 1853 1076 1932 τοῦ.
1102 1881 1318 1950 Ἀρεος·
1342 1879 1622 1951 τέταρτον,
1659 1853 1978 1950 Ἑωσφόρον,

2092 1887 2215 1942 quae
2248 1871 2472 1927 Saturni
2513 1872 2668 1928 stella
2696 1883 2782 1929 est
2807 1891 2822 1940 ;
2880 1873 3297 1942 Phaethontem,
3323 1891 3444 1947 quae
3473 1875 3624 1932 lovis
3649 1895 3664 1944 ;

410 1965 500 2018 τὸν
531 1966 632 2037 τῆς
678 1967 1015 2039 Ἀφροδίτης·
1076 1969 1327 2039 πέμπτον
1378 1968 1690 2032 Στίλϐοντα,
1755 1969 1847 2022 τὸν
1891 1968 1984 2022 τοῦ

421 2059 647 2130 Ἑρμοῦ·
678 2059 835 2114 έκτον
889 2061 1057 2131 ἥλιον·
1096 2061 1319 2132 ἕϐδομον
1357 2062 1605 2132 σελήνην.
1638 2061 1759 2115 Τῶν
1808 2061 1983 2133 μαθη-

413 2148 654 2220 ματικῶν
679 2169 822 2215 τινες
854 2153 974 2224 μὲν,
1001 2153 1076 2216 ὠς
1100 2153 1344 2216 Πλάτων,
1371 2154 1514 2219 τινὲς
1539 2155 1617 2218 δὲ,
1656 2154 1818 2225 μέσον
1845 2154 1984 2208 πάν-

407 2256 516 2294 των
570 2242 660 2294 τὸν
708 2242 880 2312 ἥλιον.
922 2233 1340 2316 Ἀναξίμανδρος
1403 2246 1495 2299 καὶ
1554 2247 1916 2317 Μητρόδωρος
1955 2247 1985 2299 ό

408 2331 556 2396 Χῖος,
586 2333 680 2386 καὶ
734 2332 976 2405 Κράτης,
1007 2336 1268 2390 ἀνωτάτω
1315 2337 1413 2406 μὲν
1444 2337 1660 2390 πάντων
1711 2338 1802 2390 τὸν
1833 2337 1983 2408 ἥλιον

405 2423 684 2492 τετάχθαι·
721 2427 837 2494 μετ’
895 2425 1056 2478 αὑτὸν
1102 2427 1201 2498 τὴν
1247 2428 1498 2499 σελήνην·
1535 2429 1642 2482 ὑπὸ
1671 2429 1728 2483 δὲ
1761 2431 1979 2496 αὐτοὺς,

404 2514 474 2569 τὰ
504 2515 717 2588 ἀπλανῆ
755 2517 862 2570 τῶν
891 2519 1104 2589 ἄστρων
1139 2519 1384 2581 καὶτοὺς
1421 2519 1750 2591 πλάνητας.»

910 2807 1306 2862 ΚΕΦΑΛΑῘΟΝ
1333 2809 1462 2863 MZ'.

493 2897 633 2966 Περὶ
663 2896 774 2968 τῆς
803 2899 924 2954 τῶν
949 2899 1187 2968 ἆστρων
1216 2899 1406 2970 φορᾶς
1440 2901 1537 2955 καὶ
1571 2901 1882 2970 κινήσεως.

475 3009 494 3041 ι
543 2991 929 3062 Ἀναξαγόρας,
954 2993 1313 3064 Δημόκριτος,
1370 2993 1653 3064 Κλεάνθης
1672 3033 1688 3058 ,
1722 2997 1818 3050 ἀπ’
1843 2997 1976 3051 ἀνα-

398 3084 568 3137 τολῶν
596 3086 688 3138 ἐπὶ
719 3084 930 3156 δυσμὰς
984 3085 1243 3157 φέρεσθαι
1292 3087 1498 3150 πάντας
1555 3087 1684 3150 τοὺς
1722 3088 1972 3161 ἀστέρας.

2096 1964 2386 2038 Pyroenta,
2441 1980 2564 2035 qua
2605 1963 3198 2034 Martis;Lucil'erum,
3249 1981 3373 2037 quae
3405 1968 3662 2034 Veneris;

2093 2054 2415 2122 Stilbonem,
2457 2070 2582 2126 qua
2617 2055 2911 2121 Mercurii;
2942 2057 3112 2112 solem
3144 2057 3290 2124 inde,
3345 2057 3666 2128 septimam-

2089 2164 2196 2219 que
2228 2149 2434 2203 lunam.
2506 2147 2586 2202 Ex
2634 2149 3033 2204 mathematicis
3092 2147 3373 2204 Platonem
3428 2150 3520 2205 alii
3582 2164 3670 2207 se-

2090 2251 2355 2310 quuntur,
2395 2240 2486 2294 alii
2518 2241 2692 2295 solem
2728 2241 2874 2296 inter
2902 2253 3094 2296 omnes
3137 2241 3380 2296 medium
3409 2256 3530 2297 esse
3565 2257 3666 2298 vo-

2089 2333 2228 2388 lunt.
2266 2332 2676 2387 Anaximander
2729 2341 2784 2387 et
2831 2330 3174 2388 Metrodorus
3216 2331 3410 2396 Chius,
3447 2341 3502 2388 et
3531 2332 3671 2388 Cra-

2088 2431 2170 2478 tes
2209 2421 2532 2477 altissimam
2572 2421 2820 2477 omnium
2873 2422 2977 2478 soli
3007 2423 3284 2493 regionem
3340 2423 3666 2490 attribuunt,

2087 2513 2249 2583 eique
2302 2513 2488 2567 lunam
2524 2513 2778 2583 proxime
2837 2512 3183 2584 subjiciunt;
3219 2513 3486 2584 reliquam
3523 2513 3668 2570 side-

2087 2619 2209 2658 rum
2241 2611 2351 2658 tam
2396 2605 2674 2660 stabilium
2732 2619 2898 2674 quam
2929 2604 3230 2660 errantium
3265 2605 3665 2662 multitudinem

2085 2705 2319 2769 utroque
2342 2696 2654 2754 inferiorem
2675 2696 3010 2752 existimant.
3042 2715 3063 2750 ι

2617 2809 2850 2866 CAPUT
2902 2809 3112 2868 XLVII.

2458 2905 2540 2959 De
2577 2904 2794 2973 proprio
2819 2901 3096 2957 stellarum
3125 2910 3289 2956 motu.

2081 2997 2246 3071 “7
2264 3015 2284 3049 ι
2305 2996 2684 3067 Anaxagoras,
2714 2993 3077 3058 Democritus,
3106 2992 3418 3059 Cleanthes,
3447 2993 3516 3049 ab
3535 3002 3659 3050 ortu

2082 3089 2139 3142 in
2165 3102 2420 3143 occasum
2454 3086 2640 3142 stellas
2685 3100 2878 3140 omnes
2910 3083 3133 3141 deferri.
3166 3083 3405 3140 Alcmaeo
3449 3095 3505 3142 et
3541 3101 3660 3142 ma-

411 3177 717 3247 Ἀλκμαίων
743 3178 838 3230 καὶ
864 3177 914 3230 οἱ
945 3177 1336 3249 μαθηματικοὶ,
1390 3177 1517 3242 τοὺς
1559 3177 1835 3248 πλάνητας
1862 3182 1975 3244 τοῖς

2083 3179 2382 3246 thematici,
2417 3186 2665 3234 errantes
2706 3177 3012 3248 oppositam
3045 3176 3333 3233 stabilibus
3357 3177 3499 3232 viam
3527 3177 3659 3234 insi-

397 3267 692 3322 ἀπλανέσιν
724 3267 1014 3332 ἐναντίους·
1064 3269 1173 3322 ἀπὸ
1201 3268 1312 3340 γὰρ
1342 3269 1562 3340 δυσμῶν
1599 3273 1682 3323 ἐπ’
1710 3272 1975 3338 ἀνατολὰς

397 3358 803 3429 ἀντιφέρεσθαι.
843 3357 1284 3430 Ἀναξίμανδρος,
1335 3359 1440 3412 ὑπὸ
1479 3360 1588 3413 τῶν
1613 3360 1828 3415 κύκλων
1881 3363 1976 3416 καὶ

395 3448 505 3503 τῶν
535 3449 800 3521 σφαιρῶν,
842 3450 926 3518 ἐφ’
958 3443 1034 3503 ὧν
1064 3449 1293 3513 ἕκαστος
1315 3449 1536 3520 βέϐηκε.
1566 3451 1825 3524 φέρεσθαι
1849 3456 1975 3518 τοὺς

396 3541 652 3612 ἀστέρας.
684 3540 908 3595 Πλάτων
945 3542 1040 3594 καὶ
1093 3542 1142 3595 οἱ
1195 3542 1591 3612 μαθηματικοὶ,
1663 3537 1975 3616 ἰσοδρόμους

394 3627 536 3688 εἶναι
571 3632 664 3688 τὸν
695 3631 866 3704 ἥλιον,
899 3633 991 3686 τὸν
1018 3633 1330 3705 Φωσφόρον,
1357 3635 1448 3688 τὸν
1472 3634 1778 3689 Στίλϐοντα.
1808 3656 1826 3687 ι

892 3725 1286 3779 ΚΕΦΑΛΑΙΟΝ
1339 3727 1482 3780 MII'.

715 3817 906 3872 Πόθεν
935 3815 1280 3886 φωτίζονται
1315 3821 1369 3872 οὶ
1395 3819 1664 3887 ἀστέρες.

473 3927 492 3960 r
525 3909 910 3980 Μητρόδωρος,
952 3908 1199 3972 ἅπαντας
1253 3910 1379 3973 τοὺς
1435 3911 1695 3975 ἀπλανεῖς
1741 3912 1976 3982 ἀστέρας

396 4001 501 4055 ὑπὸ
530 4001 622 4054 τοῦ
658 4000 808 4071 ἡλίου
868 3999 1340 4070 καταλάμπεσθαι.
1404 4001 1756 4072 Ἡράκλειτος
1793 4006 1886 4058 καὶ
1927 4007 1974 4058 οἱ

395 4094 646 4154 Στωῖκοὶ,
694 4091 988 4161 τρέφεσθαι
1044 4091 1172 4155 τοὺς
1205 4091 1440 4162 ἀστέρας
1489 4094 1554 4146 ὲκ
1601 4095 1699 4164 τῆς
1733 4095 1974 4164 ἐπιγείου

395 4185 832 4255 ἀναθυμιάσεως.
876 4183 1269 4256 ’Δριστοτέλης,
1301 4183 1376 4254 μὴ
1407 4183 1613 4238 δεῖσθαι
1650 4185 1722 4238 τὰ
1747 4187 1974 4258 οὐράνια

394 4275 618 4346 τροφῆς·
651 4274 712 4327 οὐ
739 4273 847 4346 γὰρ
875 4273 1111 4346 φθαρτὰ,
1167 4273 1286 4327 ἀλλ’
1330 4274 1495 4329 ἀΐδια.
1551 4275 1808 4341 Πλάτων,
1859 4295 1974 4332 κοιο

395 4367 502 4430 νῶς
533 4367 626 4420 τὸν
659 4368 862 4438 κόσμον
891 4366 1013 4421 ὅλον
1057 4368 1150 4420 καὶ
1182 4367 1252 4420 τὰ
1308 4367 1483 4441 ἄστρα
1510 4366 1571 4434 ἐξ
1597 4369 1762 4424 αὑτοῦ
1783 4371 1974 4442 τρέφε-

396 4458 542 4514 σθαι.
570 4477 590 4510 ι

900 4553 1296 4608 ΚΕΦΑΛΑῙΟΝ
1339 4554 1472 4610 ΜΘ.

622 4643 763 4714 Περὶ
789 4643 906 4697 τῶν
932 4645 1319 4714 καλουμένων
1336 4649 1728 4716 Διοσκούρων.

471 4753 491 4787 α
523 4734 852 4807 Ξενοφάνης,
896 4737 1024 4800 τοὺς
1057 4739 1148 4790 ἐπὶ
1202 4738 1312 4792 τῶν
1369 4739 1570 4794 πλοίων
1618 4743 1972 4812 φαινομένους

393 4822 505 4882 οἷον
537 4827 771 4899 ἀστέρας
797 4827 1017 4896 νεφέλια
1066 4825 1203 4881 εἶναι
1235 4829 1378 4883 κατά
1420 4831 1520 4901 τὴν
1558 4830 1719 4885 ποιάν
1756 4831 1970 4904 κίνησιν

393 4919 853 4991 παραλάμποντα.
887 4919 1274 4991 Μητρόδωρος,
1321 4922 1429 4975 τῶν
1486 4922 1734 4995 ὁρώντων
1774 4923 1971 4994 ὀφθαλ-

397 5009 516 5080 μῶν
563 5009 704 5081 μετά
749 5011 928 5074 δέους·
958 5012 1052 5065 καὶ
1110 5013 1499 5085 καταπλήξεως
1562 5011 1700 5068 εἶναι
1756 5016 1970 5087 στιλϐη-

393 5099 568 5166 δόνας.
595 5121 614 5154 ι

465 5313 593 5398 (6.5).
620 5315 778 5396 'E£_w
796 5315 1079 5398 χσγςρνῴς.
1116 5317 1462 5398 Plutarchus,
1489 5322 1528 5398 ὃΔ
1550 5322 1610 5388 ἐξ
1635 5315 1712 5378 ὧν
1746 5325 1968 5394 γεγονὸς

391 5384 452 5436 τὸ
501 5384 606 5438 ὑπὸ
656 5387 748 5439 τοῦ
792 5384 952 5442 Θεοῦ.
998 5387 1360 5444 Eusebianam
1409 5384 1694 5448 lectionem
1747 5384 1968 5451 secutus

391 5453 605 5528 videtur
639 5456 948 5528 Xylander;
983 5460 1146 5513 vertit
1177 5462 1359 5527 enim,
1392 5460 1544 5515 Idem
1573 5465 1714 5517 enim
1761 5465 1966 5519 alienus

391 5523 496 5646 {ait
536 5525 601 5579 ab
641 5523 708 5580 ed
739 5528 1009 5597 opinione,
1051 5545 1170 5598 qua:
1202 5530 1310 5583 Deo
1346 5523 1675 5587 creationem
1725 5537 1964 5588 ascribit.

414 5603 578 5646 tauue
641 5598 1000 5646 subintellinit
1066 5599 1120 5646 in
1191 5601 1394 5646 armis
1430 5641 1443 5646 -
1513 5604 1812 5646 ὑποστῖιναι
1876 5606 1964 5646 τὸν

393 5599 578 5664 Itaque
641 5599 1000 5669 subintelligit
1066 5599 1120 5652 in
1191 5601 1394 5655 Graecis
1430 5641 1444 5665 ,
1513 5604 1812 5674 ὑποστῆναι
1876 5606 1967 5658 τὸν

390 5664 614 5733 κόσμον,
642 5669 724 5720 vel
753 5669 954 5733 aliquid
997 5669 1191 5723 simile.
1242 5671 1492 5726 Amiotus
1546 5672 1836 5728 Plutarcho
1867 5692 1966 5731 no-

393 5734 603 5808 biscum
645 5737 818 5808 haesit.
845 5734 1164 5804 Legendum
1202 5751 1380 5794 tamen
1416 5742 1659 5805 videtur,
1706 5744 1782 5806 ὡς
1809 5743 1867 5808 ἐξ
1891 5739 1966 5799 ὧν

397 5804 618 5874 γεγονὸς
641 5806 702 5858 τὸ
729 5808 832 5860 ὑπὸ
854 5809 947 5862 τοῦ
968 5809 1125 5873 Θεοῦ,
1159 5812 1241 5865 vel
1274 5810 1318 5866 si
1345 5813 1372 5865 ὃ
1397 5821 1448 5868 et
1469 5811 1547 5875 ὡς
1573 5804 1878 5880 sustuleris,
1907 5814 1966 5880 ἐξ

2076 3279 2238 3336 stere,
2265 3269 2370 3324 hoc
2388 3277 2493 3333 est,
2521 3268 2592 3323 ab
2617 3282 2816 3323 occasu
2848 3268 2904 3321 in
2931 3276 3112 3322 ortum
3140 3267 3396 3323 adversas
3429 3268 3656 3323 moveri.

2075 3361 2498 3428 Anaximander,
2514 3360 2582 3415 ab
2610 3359 2678 3415 iis
2700 3358 2924 3414 circulis
2943 3368 2998 3414 et
3019 3359 3264 3427 orbibus,
3287 3361 3354 3416 ad
3381 3375 3518 3431 quos
3545 3359 3660 3415 ain-

2073 3453 2215 3524 gulae
2253 3451 2658 3515 adhaerescunt,
2689 3449 3058 3506 circumferri.
3100 3449 3256 3507 Plato
3295 3467 3512 3522 unaque
3537 3465 3658 3506 ma-

2077 3544 2376 3611 thematici,
2415 3543 2658 3615 aequales
2685 3542 2843 3611 solis,
2872 3541 3126 3609 Veneris,
3150 3552 3205 3599 et
3231 3541 3485 3600 Mercurii
3522 3558 3656 3598 con-

2077 3637 2360 3696 versiones
2389 3651 2532 3694 esse.
2569 3656 2590 3691 ι

2607 3727 2845 3786 CAPUT
2874 3726 3106 3783 XLVIII.

2429 3820 2612 3878 Stella
2638 3822 2778 3877 unde
2809 3822 2978 3876 lucem
3017 3821 3303 3891 accipiant.

2155 3930 2174 3962 ‹
2205 3909 2566 3978 Metrodorus,
2591 3911 2688 3968 abs
2712 3910 2828 3967 sole
2853 3908 3083 3966 stabiles
3112 3924 3305 3964 omnes
3332 3906 3653 3964 illuminari.

2075 4001 2383 4060 Heraclitus
2421 4011 2477 4058 et
2525 4001 2730 4069 Stoici,
2765 4011 3012 4058 terrenas
3053 3999 3428 4055 exhalationes
3487 3998 3658 4054 stellis

2075 4097 2332 4153 omnibus
2360 4096 2621 4151 alimento
2662 4110 2806 4151 esse.
2856 4093 3184 4149 Aristoteles
3217 4092 3370 4147 nullo
3405 4091 3656 4167 caelestes

2074 4199 2303 4246 naturas
2369 4188 2626 4243 alimento
2683 4187 2944 4256 indigere,
3005 4185 3156 4256 quod
3210 4185 3281 4240 ob
3331 4185 3480 4239 omni
3533 4197 3656 4238 cor-

2074 4279 2327 4349 ruptione
2358 4277 2543 4332 libera
2561 4277 2674 4331 sint
2705 4285 2869 4346 atque
2901 4275 3265 4344 sempiternas.
3291 4272 3467 4341 Plato,
3491 4288 3652 4327 mun-

2073 4371 2205 4426 dum
2237 4369 2576 4434 universum,
2621 4383 2687 4423 ac
2715 4367 2904 4424 stellas
2929 4381 3145 4431 omnes,
3174 4379 3464 4422 commune
3480 4363 3652 4435 quod-

2076 4463 2203 4518 dam
2228 4475 2294 4517 ex
2333 4461 2427 4517 illo
2460 4461 2580 4532 ipso
2607 4461 2929 4515 alimentum
2963 4459 3205 4514 haurire.
3239 4477 3260 4510 ι

2631 4550 2862 4608 CAPUT
2905 4549 3095 4605 XLIX.

2072 4646 2150 4702 De
2198 4648 2289 4714 iis,
2332 4662 2462 4718 quos
2512 4647 2666 4717 vulgo
2712 4645 2960 4700 Castores
3004 4661 3067 4698 ac
3117 4642 3362 4698 Geminos
3402 4640 3648 4694 dicimus.

2147 4758 2166 4792 ι
2202 4737 2596 4810 Xenophanes,
2631 4753 2772 4808 quas
2798 4738 2960 4808 vulgo
2995 4735 3180 4792 stellas
3213 4733 3443 4790 summis
3471 4729 3652 4786 immi-

2072 4847 2201 4888 nere
2250 4832 2481 4888 navibus
2515 4831 2874 4896 arbitrantur,
2918 4827 3218 4886 nubeculas
3263 4841 3384 4882 csse
3432 4824 3650 4894 proprio

2070 4923 2308 4994 quodam
2363 4931 2621 4993 certoque
2669 4931 2821 4978 motu
2879 4919 3232 4992 refulgentes.
3286 4916 3648 4979 Metrodorus,

2071 5013 2339 5086 fulgorem
2372 5015 2663 5088 quemdam
2698 5030 2766 5070 ex
2799 5014 2976 5070 oculis
3002 5028 3128 5068 cum
3183 5020 3336 5066 motu
3364 5025 3430 5064 ac
3457 5006 3643 5063 formi-

2071 5107 2200 5164 dine
2235 5108 2660 5179 suspicientibus
2685 5109 3101 5178 promicantem.
3137 5121 3156 5155 ι

2071 5326 2146 5385 ὧν
2176 5331 2458 5401 γεγονέναι
2481 5331 2544 5384 τὸ
2574 5329 2800 5401 ὗπὸᾲτοῦ
2829 5330 2984 5384 Θεοῦ.
3004 5327 3252 5401 Etiamsi
3285 5325 3431 5382 enim
3463 5324 3650 5401 Plato-

2072 5396 2382 5465 nica's,'hoc
2411 5409 2495 5456 est
2527 5413 2648 5470 qua:
2684 5399 2893 5456 Platoni
2925 5399 3087 5470 vulgo
3124 5400 3459 5470 tribuuntur,
3491 5396 3648 5451 ideas

2070 5472 2389 5526 Aristoteles
2437 5469 2748 5540 exploderet
2776 5511 2791 5536 ,
2844 5471 2898 5524 in
2942 5469 3211 5524 cll‘éctrice
3261 5478 3441 5540 tamen
3484 5479 3650 5520 causa

2071 5541 2420 5596 informatam
2451 5538 2743 5596 efﬁcienda:
2773 5541 2850 5594 rei
2881 5542 3159 5595 notionem
3195 5549 3250 5594 et
3279 5538 3452 5593 ideam
3480 5551 3649 5606 agno-

2072 5613 2275 5665 scebat.
2309 5610 2453 5676 Quid
2484 5612 2628 5679 quod
2656 5628 2724 5665 ne
2769 5613 3102 5664 creationem
3132 5611 3352 5678 quidem
3377 5610 3550 5678 ipsam
3581 5619 3650 5658 an

2070 5697 2135 5737 eo
2165 5683 2470 5751 ignoratum
2497 5696 2620 5751 esse
2649 5681 2892 5751 plerique
2925 5679 3263 5751 defendunt?

2143 5747 2252 5822 (66)
2289 5747 2677 5819 Ξενοκράτηςῖ.
2719 5747 3045 5806 Plutarchus
3075 5750 3232 5819 ibid.,
3266 5750 3360 5808 lib.
3386 5765 3448 5817 tt,
3473 5767 3524 5808 c.
3561 5749 3644 5806 S5.
