4132 6432
1152 389 1423 446 EUSEBII
1464 389 1944 446 CJESARIENSIS
1982 387 2132 444 OPP.
2177 387 2359 443 PARS
2393 387 2455 441 ll.
2495 416 2562 435 -—-.
2601 380 3104 442 APOLOGETICA.
3606 375 3747 435 {596

1102 508 1334 564 CAPUT
1388 509 1450 563 L.

2699 497 3090 553 ΚΕΦΑΛΑΙΟΝ
3131 495 3215 548 N'.

986 600 1061 654 De
1091 601 1217 654 solis
1243 601 1551 670 defectione.

2583 593 2721 660 Περὶ
2753 591 3080 658 ἐκλείψεως
3107 587 3305 656 ἡλίου.

553 712 571 743 ι
611 691 808 747 Thales
851 693 1096 746 omnium
1148 695 1359 761 primus
1405 693 1594 748 docuit
1635 693 1770 748 solis
1825 702 1938 747 tum
1963 692 2056 747 de-

2247 708 2264 740 ι
2307 689 2485 759 Θαλῆς
2514 686 2623 757 (67)
2651 683 2865 756 πρῶτος
2892 681 2994 752 ἔφη
3025 680 3298 733 ἐκλείπειν
3323 677 3414 730 τὸν
3448 676 3622 748 ἡλιον,
3650 677 3751 747 τῆς

479 783 771 839 fertionem
825 784 1092 846 accidere,
1124 800 1249 838 cum
1308 787 1458 846 luna,
1493 800 1614 854 quae
1656 784 1929 840 terrestris
1963 799 2058 838 cu-

2177 783 2387 853 ςελὴνης
2415 779 2577 834 αὑτὸν
2607 774 2991 847 ὑπερχομένης
3018 772 3159 826 κατά
3193 770 3440 833 κάθετον,
3468 767 3633 839 οῆσης
3655 768 3752 837 φύ-

475 878 694 948 jusdam
731 889 940 932 naturae
983 879 1075 940 sit,
1112 878 1215 932 sub
1245 883 1370 931 eum
1402 877 1469 932 ad
1499 875 1939 946 perpendiculum
1968 891 2057 931 re-

479 978 675 1039 ctaque
737 970 888 1026 subit
936 988 949 1024 :
996 981 1161 1040 atque
1214 971 1320 1024 hoc
1377 970 1430 1024 in
1487 969 1728 1036 subjecta
1784 968 1945 1038 pelvi,
1980 967 2060 1023 sic

480 1065 738 1126 tanquam
773 1058 826 1112 in
858 1059 1103 1128 speculo,
1131 1057 1418 1113 manifeste
1466 1058 1821 1128 deprehendi.
1854 1058 2060 1112 Anaxi-

481 1150 731 1216 mander,
755 1151 944 1206 osculo
969 1152 1083 1217 illo,
1106 1167 1203 1221 per
1224 1151 1369 1221 quod
1395 1152 1601 1222 expiret
1633 1151 1792 1220 ignis,
1817 1149 2058 1205 occluso.

480 1238 810 1306 Heraclitus,
840 1257 958 1296 eam
1005 1243 1254 1312 corporis
1299 1243 1444 1297 illius
1493 1241 1711 1311 scaphae
1766 1240 2063 1311 persimilis

483 1333 841 1388 conversione
893 1334 1032 1400 fieri,
1065 1349 1190 1388 cum
1229 1349 1353 1404 pars
1385 1334 1505 1402 ejus
1553 1347 1792 1387 concava
1820 1347 2061 1397 sursum,

483 1424 709 1480 incurva
751 1435 805 1480 et
831 1427 1053 1496 globosa
1091 1426 1347 1481 deorsum
1378 1426 1554 1480 oculis
1579 1426 1782 1480 nostris
1827 1426 2064 1480 obverti.

483 1523 592 1568 tur.
640 1515 1029 1585 Xenophanes,
1062 1517 1193 1571 solis
1227 1517 1398 1586 ipsius
1422 1515 1809 1579 exstinctione,
1834 1517 1914 1570 sic
1939 1515 2066 1584 qui-

481 1607 606 1662 dem
639 1618 700 1663 ut
729 1609 869 1664 alius
906 1611 1137 1665 subinde
1185 1626 1376 1666 versus
1423 1610 1688 1664 orientem
1725 1618 2065 1664 renascatur.

481 1700 657 1772 848
704 1699 965 1771 Idemque
1016 1711 1274 1772 praeterea
1333 1702 1544 1766 scribit,
1599 1701 1732 1757 solis
1779 1701 2070 1771 aliquando

482 1791 840 1848 defectionem
867 1809 1054 1849 mense
1099 1794 1312 1865 integro
1333 1793 1647 1864 persistere,
1673 1793 1909 1863 itemque
1935 1793 2070 1847 alias

2162 892 2242 928 σει
2266 872 2516 943 γεώδους·
2549 868 2842 939 βλέπεσθαι
2869 866 2924 919 δὲ
2957 865 3114 918 τοῦτο
3146 861 3528 934 κατοπτρικῶς
3558 863 3752 920 ὑποτι.

2163 967 2374 1039 Θεμένῳ
2395 963 2474 1034 τῷ
2521 963 2691 1030 δίσκῳ
2737 959 2866 1030 (68).
2912 957 3349 1028 Ἀναξίμανδρος,
3397 955 3491 1008 τοῦ
3527 955 3750 1025 στομίου

2159 1061 2254 1113 τοῦ
2289 1057 2459 1129 πυρὸς
2479 1056 2545 1112 δι’
2581 1053 2817 1122 ἐκπνοῆς
2852 1051 2962 1123 (69)
2993 1049 3437 1120 ἀποκλειομένου.
3469 1047 3754 1119 Ἠράκλει-

2163 1168 2271 1215 τος,
2314 1150 2455 1210 κατά
2480 1147 2576 1218 τὴν
2602 1146 2694 1199 τοῦ
2727 1141 3080 1213 σκαφοειδοῦς
3105 1140 3363 1213 στροφὴν.
3385 1139 3526 1192 ὥστε
3557 1139 3618 1192 τὸ
3652 1141 3751 1209 μὲν

2164 1244 2342 1297 κοῖλον
2371 1244 2482 1297 ἄνω
2517 1239 2782 1310 γίνεσθαι,
2813 1237 2873 1290 τὸ
2925 1235 2983 1289 δὲ
3026 1235 3222 1304 κυρτὸν
3270 1234 3420 1287 κάτω
3459 1231 3595 1304 πρὸς
3653 1231 3753 1302 τὴν

2167 1335 2444 1406 ἡμετέραν
2475 1333 2617 1402 ὄψιν.
2663 1328 2974 1400 Ξενοφάνης
3021 1326 3162 1380 κατὰ
3222 1326 3424 1379 σϐέσιν·
3479 1325 3666 1394 ἕτερον
3693 1324 3754 1378 δὲ

2168 1428 2331 1482 πάλιν
2363 1427 2474 1496 (70)
2503 1423 2640 1497 πρὸς
2666 1425 2788 1487 ταῖς
2825 1419 3112 1483 ἀνατολαῖς
3145 1417 3448 1488 γίγνεσθαι.
3482 1416 3755 1490 Παριστό-

2173 1535 2307 1591 ρηκε
2334 1517 2392 1570 δέ
2435 1519 2531 1570 καὶ
2560 1515 2798 1585 ἔκλειψιν
2846 1513 2996 1585 ἡλίου
3035 1515 3119 1582 ἐφ’
3151 1512 3270 1566 ὅλον
3297 1511 3389 1565 τὸν
3451 1511 3614 1582 μῆνα,
3660 1511 3757 1566 καὶ

2173 1612 2335 1666 πάλιν
2365 1609 2608 1680 ἔκλειψιν
2645 1607 2855 1678 ἐντελῆ,
2887 1606 3028 1683 ὥστε
3055 1606 3154 1678 τὴν
3197 1605 3414 1676 ἡμέραν
3453 1604 3622 1658 νύκτα
3652 1620 3756 1672 φα-

2172 1706 2348 1777 νῆναι.
2390 1705 2583 1768 Ἔνιοι,
2642 1701 2912 1772 πύκνωμα
2943 1700 3051 1753 τῶν
3079 1698 3326 1770 ἀοράτων
3346 1696 3756 1769 -ἐπερχομένων

2173 1797 2251 1868 τῷ
2272 1797 2438 1867 δίσκῳ
2462 1795 2661 1866 νεφῶν.
2699 1794 3056 1865 Ἀρίσταρχος
3101 1792 3191 1845 τὸν
3227 1791 3379 1861 ἥλιον
3409 1790 3591 1861 ἵστησι
3615 1789 3756 1859 μετά

483 1885 703 1956 plenam
749 1901 814 1940 ac
864 1886 1161 1956 perfectam
1193 1889 1461 1952 accidere,
1491 1904 1720 1959 prorsus
1755 1897 1814 1943 ut
1857 1887 1974 1942 dies
2014 1887 2067 1941 in

2177 1891 2280 1944 τῶν
2313 1889 2590 1952 ἀπλανῶν,
2629 1887 2728 1959 τὴν
2781 1887 2838 1940 δὲ
2869 1885 3097 1957 σελήνην
3311 1884 3452 1936 κινεῖ
3494 1882 3622 1952 περὶ
3664 1881 3758 1934 τὸν

484 1988 698 2033 noctem
752 1987 958 2032 mutata
995 1979 1265 2034 videatur.
1311 1978 1431 2034 Non
1479 1980 1699 2046 desunt,
1751 1979 1844 2050 qui
1896 1978 2070 2034 nubes

483 2069 751 2138 quasdam
790 2077 1071 2139 aspectum
1100 2070 1370 2140 fugientes
1401 2069 1533 2126 solis
1565 2072 1780 2140 corpori
1815 2085 1934 2126 sese
1974 2070 2072 2125 ob-

480 2161 651 2230 jieere
690 2163 1022 2232 putaverint.
1066 2162 1449 2226 Aristarchus,
1497 2163 1667 2217 solem
1710 2163 1986 2217 stabilium
2016 2163 2069 2215 in

487 2253 727 2309 siderum
770 2253 946 2308 classe
991 2255 1358 2318 constituens,
1396 2253 1581 2307 lunam
1631 2254 1778 2308 circa
1829 2253 1964 2308 solis
1990 2269 2074 2307 or-

486 2344 611 2400 bem
641 2344 847 2399 moveri
889 2346 1025 2412 vult,
1062 2354 1226 2415 atque
1255 2347 1328 2400 ita
1357 2347 1522 2401 certis
1549 2345 1878 2415 quibusdam
1912 2345 2072 2399 incli—

487 2435 827 2500 nationibus,
861 2436 982 2506 ejus
1017 2439 1235 2507 corpori
1265 2438 1516 2492 umbram
1564 2435 1860 2491 offundere.
1892 2435 2078 2490 Xeno-

2173 1981 2394 2051 ἡλιακὸν
2445 1979 2666 2044 κύκλον,
2724 1980 2819 2033 καὶ
2876 1979 3018 2032 κατά
3086 1977 3288 2039 ταύτας
3336 1974 3434 2038 τὰς
3484 1974 3758 2042 ἐγκλίσεις

2175 2071 2491 2137 σκιάζεσθαι
2513 2071 2604 2124 τὸν
2633 2071 2835 2124 δίσκον.
2863 2068 3171 2140 Ξενοφάνης
3217 2067 3444 2132 πολλοὺς
3464 2067 3648 2137 ἡλίους
3681 2061 3762 2119 εἶ-

2175 2181 2282 2226 ναι,
2318 2162 2413 2217 καὶ
2438 2161 2663 2232 σελήνας
2691 2161 2832 2216 κατά
2883 2160 3120 2232 κλίματα
3153 2161 3278 2231 γῆς,
3315 2162 3408 2214 καὶ
3453 2160 3759 2229 ἀποτομὰς,

2175 2257 2268 2308 καὶ
2297 2254 2493 2319 ζώνας·
2521 2255 2663 2309 κατά
2687 2271 2809 2308 τινα
2833 2253 2894 2307 δέ
2915 2254 3105 2326 καιρὸν
3135 2253 3432 2324 ἐμπίπτειν
3459 2253 3548 2305 τὸν
3575 2252 3763 2306 δίσκον

2173 2348 2252 2412 είς
2312 2364 2436 2401 τινα
2479 2346 2762 2418 ἀποτομὴν
2802 2346 2901 2417 τῆς
2963 2347 3096 2416 γῆς,
3147 2346 3246 2397 οὐκ
3295 2345 3620 2415 οἰκουμένην
3667 2344 3760 2412 ὑφ’

2174 2439 2353 2509 ἡμῶν,
2414 2439 2508 2492 καὶ
2558 2437 2732 2498 οὕτως
2785 2436 2974 2509 ὥσπερ
3036 2434 3474 2507 κενεμϐατοῦντα
3520 2433 3762 2503 ἔκλειψιν

487 2529 695 2596 phanes
719 2530 924 2586 multos
951 2539 1214 2600 praeterea
1241 2530 1404 2596 soles,
1439 2529 1748 2598 multasque
1781 2529 1958 2594 lunas,
1976 2543 2074 2598 pro

2177 2530 2485 2601 ὑπομένειν.
2531 2531 2588 2583 '0
2642 2530 2688 2583 δ’
2719 2530 2878 2593 αὐτὸς
2924 2529 3016 2583 τὸν
3065 2528 3217 2599 ἥλιον
3256 2527 3352 2599 μὲν
3406 2529 3486 2590 εἰς
3534 2527 3764 2597 ἄπειρον

487 2626 645 2672 terra:
667 2618 1312 2686 climatum,sectionum,
1332 2630 1494 2690 atque
1525 2635 1785 2674 zonarum
1815 2618 2074 2673 varietate

2177 2622 2423 2692 προϊέναι
2525 2621 2702 2676 δοκεῖν
2774 2621 2833 2675 δέ
2905 2621 3222 2675 κυκλεῖσθαι
3295 2619 3384 2672 διά
3450 2619 3547 2672 τὴν
3621 2619 3764 2672 ἀπό-

489 2711 643 2778 ponit
673 2727 688 2764 :
721 2710 856 2766 solis
881 2727 1013 2782 ergo
1041 2727 1265 2782 corpus,
1299 2723 1448 2766 certo
1481 2711 1718 2783 quodam
1757 2719 1998 2780 tempore
2019 2715 2075 2764 In
2179 2731 2421 2769 στασιν.»

488 2802 726 2874 aliquam
757 2814 918 2860 terra:
974 2807 1309 2875 portionem,
1335 2823 1458 2877 qua:
1511 2823 1539 2862 a
1572 2807 1730 2862 nobis
1763 2805 1990 2861 minime
2051 2805 2458 2878 frequentetur,
2495 2810 2756 2877 incidere,
2805 2810 3050 2880 adeoque
3095 2809 3177 2865 sic
3214 2817 3472 2876 tanquam
3542 2821 3636 2876 per
3668 2821 3766 2860 va-

488 2914 652 2954 cuum
694 2901 900 2972 aliquid
935 2912 988 2957 et
1030 2904 1191 2959 inane
1237 2905 1502 2967 delatum,
1527 2903 1800 2974 ejusmodi
1825 2901 2184 2960 defectionem
2213 2905 2416 2961 subire.
2451 2904 2598 2962 Idem
2657 2921 2843 2977 porro,
2894 2905 3063 2960 solem
3090 2903 3360 2957 infinitum
3413 2903 3467 2955 in
3527 2899 3765 2969 spatium

489 2995 719 3051 ulterius
762 3011 977 3066 semper
1026 2998 1366 3070 ulteriusque
1406 3001 1721 3070 procedere,
1748 2999 1844 3070 qui
1892 3008 2076 3055 tamen
2118 3001 2190 3056 ob
2223 3001 2449 3058 nimiam
2501 3001 2773 3058 intervalli
2801 3002 3118 3058 distantiam
3154 3000 3208 3054 in
3249 2999 3434 3054 orbem
3466 2997 3552 3068 agi
3604 2994 3768 3051 nobis

489 3087 746 3158 volvique
791 3089 1064 3145 videatur.
1105 3109 1123 3142 ι

1110 3179 1340 3238 CAPUT
1374 3181 1460 3237 Ll.

1005 3272 1077 3327 De
1105 3273 1244 3327 (una
1273 3275 1563 3344 defectione

567 3382 586 3416 ι
614 3364 1041 3429 Anaximander,
1074 3367 1332 3421 obturato
1363 3377 1498 3423 rotee
1531 3370 1741 3425 osculo.
1779 3371 2078 3438 Berossus,

491 3463 645 3524 parte
675 3454 864 3518 altera,
896 3469 1018 3524 quae
1044 3455 1168 3525 igne
1195 3465 1401 3522 careat,
1430 3459 1590 3514 nobis
1624 3460 1872 3516 obversa.
1911 3461 2082 3518 Hera-

491 3546 674 3612 clitus,
726 3546 966 3600 incurvae
1015 3547 1186 3616 partis
1218 3548 1544 3619 scaphaeque
1596 3551 1794 3606 similis
1849 3569 2079 3609 conver-

492 3639 668 3693 sione.
704 3637 782 3692 Ex
809 3638 1166 3710 Pythagoreis
1223 3641 1478 3695 nonnulli
1513 3643 1657 3699 hanc
1705 3644 1844 3700 lucis
1877 3647 1962 3701 vel
1998 3663 2083 3702 re-

487 3731 783 3802 jectionem
829 3733 1128 3801 quamdam
1178 3735 1668 3790 vel.exclu5ionem
1702 3753 1822 3793 esse
1866 3748 2079 3809 putant,

492 3838 661 3893 quam
708 3832 854 3879 terra
897 3823 981 3878 vel
1025 3834 1208 3880 nostra
1249 3826 1331 3880 vel
1358 3828 1608 3896 opposita
1649 3827 1865 3884 efficiat.
1893 3831 1963 3886 At
1995 3849 2082 3886 re—

494 3916 785 3980 centiores,
813 3925 984 3970 totum
1017 3916 1070 3970 id
1104 3917 1221 3973 fieri
1259 3934 1359 3990 pro
1411 3930 1557 3975 certa
1589 3922 1823 3990 quadam
1851 3922 2083 3978 flamma:

494 4004 641 4060 illius
663 4007 1178 4072 communicatione,
1199 4025 1320 4079 quin
1347 4011 1423 4064 uti
1447 4012 1705 4080 paulatim
1729 4015 2083 4082 ordinateque

495 4099 865 4165 succenditur,
890 4099 1070 4154 donec
1113 4101 1385 4172 integrum
1441 4103 1801 4173 plenilunium
1855 4107 2080 4174 efﬁciat;

496 4188 573 4244 ita
631 4191 874 4246 vicissim
921 4209 1050 4248 cum
1117 4194 1302 4264 aliqua
1352 4196 1709 4266 proportione
1779 4198 2080 4265 minuatur,

495 4299 673 4354 usque
703 4283 770 4338 ad
790 4285 909 4355 ejus
931 4303 1058 4343 cum
1084 4288 1198 4344 sole
1229 4303 1610 4360 congressune,
1635 4290 1689 4344 in
1721 4307 1830 4361 quo
1862 4293 2080 4347 demum

495 4377 715 4447 penitus
753 4380 1140 4450 exstinguitur.
1173 4380 1350 4448 Plato,
1401 4383 1747 4447 Aristoteles,
1804 4391 1860 4438 et
1915 4383 2084 4439 Stoici

497 4485 610 4524 uno
655 4485 926 4526 consensu
971 4474 1348 4541 pronuntiant,
1380 4484 1693 4530 menstruas
1749 4476 1970 4545 quidem
2008 4477 2085 4531 la-

2694 3175 3092 3234 ΚΕΦΑΛΑΙΟΝ
3136 3173 3262 3230 ΝΑ’.

2576 3268 2717 3336 Περὶ
2749 3268 3079 3336 ἐκλείψεως
3104 3267 3396 3337 σελήνης.

2258 3385 2277 3417 ‹
2321 3361 2740 3433 Ἀναξίμανδρος
2769 3360 2902 3432 (72),
2935 3360 3027 3413 τοῦ
3085 3361 3303 3430 στομίου
3351 3357 3444 3413 τοῦ
3493 3358 3622 3431 περὶ
3675 3357 3769 3412 τὸν

2179 3457 2373 3530 τροχὸν
2410 3452 2900 3525 ἐπιφραττομένου.
2961 3452 3277 3524 Βηρωσσὸς,
3311 3451 3452 3504 κατά
3485 3449 3584 3522 τὴν
3632 3449 3772 3519 πρὸς

2182 3551 2326 3621 ἡμᾶς
2360 3546 2695 3618 ἐπιστροφὴν
2713 3546 2808 3598 τοῦ
2838 3543 3126 3616 ἀπυρώτου
3159 3542 3764 3615 μέρους.Ἥράκλειτος,

2182 3643 2322 3696 κατὰ
2343 3641 2443 3712 τὴν
2463 3639 2557 3693 τοῦ
2577 3633 2923 3707 σκαφοειδοῦς
2943 3636 3202 3707 στροφήν.
3220 3635 3342 3688 Τῶν
3384 3632 3769 3704 Πυθαγορείων

2181 3736 2343 3799 τινὲς,
2373 3732 2698 3800 ἀνταύγειαν
2729 3731 2823 3784 καὶ
2857 3729 3146 3801 ἐπίφραξιν
3179 3728 3279 3799 τῆς
3312 3727 3437 3796 γῆς,
3479 3726 3513 3798 ἢ
3545 3725 3643 3795 τῆς
3676 3725 3773 3778 άν-

2181 3829 2444 3899 τίχθονος.
2474 3825 2541 3881 Οἱ
2587 3825 2644 3878 δὲ
2699 3823 2978 3894 νεώτεροι,
3017 3823 3138 3875 κατ’
3195 3821 3518 3891 ἐπινέμησιν
3573 3817 3770 3888 φλογὸς

2183 3921 2326 3974 κατά
2364 3919 2559 3991 μικρὸν
2592 3915 2965 3987 ἐξαπτομένης
2987 3914 3357 3986 τεταγμένως.
3414 3912 3519 3975 ἓως
3547 3910 3613 3964 ἂν
3669 3911 3770 3979 τὴν

2182 4012 2395 4066 τελείαν
2436 4011 2769 4080 πανσέληνον
2795 4007 2998 4080 ἀποδῷ,
3031 4010 3126 4060 καὶ¹
3156 4006 3315 4060 πάλιν
3350 4004 3626 4072 ἀναλόγως
3653 4019 3774 4073 μει-

2183 4105 2422 4176 ουμένης
2451 4104 2613 4174 μέχρι
2631 4103 2730 4173 τῆς
2755 4102 2997 4167 συνόδου,
3039 4099 3160 4153 καθ’
3186 4099 3253 4169 ἡν
3311 4097 3510 4160 τελέως
3543 4096 3772 4148 σϐέννυ-

2183 4214 2294 4252 ται.
2327 4196 2573 4259 Πλάτων,
2619 4193 3013 4266 Ἀριστοτέλης,
3063 4193 3113 4245 οί
3143 4189 3372 4244 Στωϊκοὶ
3420 4188 3772 4259 συμφωνοῦσι

2184 4289 2285 4351 τὰς
2314 4289 2411 4358 μὲν
2442 4287 2722 4359 μηνιαὶους
2766 4285 3122 4357 ἀποκρύψεις,
3182 4282 3567 4337 συνοδεύουσαν
3601 4282 3773 4353 αὐτὴν

2185 4381 2340 4451 ἡλίῳ,
2407 4381 2503 4435 καὶ
2555 4377 3182 4450 συμπεριλαμπομένην,
3245 4375 3536 4442 ποιεῖσθαι,
3571 4374 3670 4434 τὰς
3713 4372 3774 4426 δὲ

2187 4472 2477 4542 ἐκλείψεις,
2511 4474 2591 4535 εἰς
2617 4471 2678 4523 τὺ
2712 4471 2958 4541 σκίασμα
2985 4470 3082 4541 τῆς
3110 4468 3214 4538 γῆς
3244 4467 3644 4539 ἐμπίπτουσαν,
3678 4481 3776 4536 με-

497 4560 644 4616 tendi
691 4562 838 4616 vices
863 4576 928 4616 ex
959 4577 1024 4617 eo
1065 4562 1210 4617 lunae
1253 4565 1593 4635 contingere,
1631 4565 1776 4635 quod
1807 4567 1922 4636 ipsa
1953 4582 2074 4621 cum

2189 4566 2321 4632 ταξὺ
2349 4565 2676 4638 ἀμφοτέρων
2703 4563 2811 4617 τῶν
2831 4562 3074 4635 ἀστέρων
3106 4559 3417 4629 γινομένης,
3467 4557 3665 4629 μᾶλλον
3691 4555 3773 4621 δὲ,

497 4653 613 4708 sole
637 4653 1016 4723 congrediens,
1041 4653 1339 4710 immodico
1373 4655 1622 4725 ejusdem
1650 4657 1859 4712 lumine
1882 4658 2083 4712 obrua-

2191 4660 2290 4730 τῆς
2323 4658 2550 4730 σελήνης
2581 4655 3104 4728 ἀντιφραττομένης.
3133 4673 3152 4705 ι

499 4757 590 4802 tur
617 4765 632 4802 ι
663 4747 991 4805 defectiones
1016 4764 1168 4816 vero,
1203 4765 1298 4804 seu
1322 4752 1466 4821 quod
1501 4752 1556 4805 in
1601 4760 1781 4819 terrae,
1823 4753 2108 4823 utriusque
2147 4754 2342 4809 sideris
2392 4754 2446 4806 in
2491 4753 2668 4806 medio
2728 4753 3054 4812 constitutze.
3117 4749 3366 4804 umbram
3413 4747 3635 4811 incidat,
3675 4761 3776 4801 seu

497 4846 682 4901 verius
736 4846 880 4914 quod
937 4845 1130 4900 lumini
1187 4846 1290 4901 hoc
1331 4848 1488 4902 obice
1521 4850 1587 4902 ad
1620 4849 1807 4903 lunam
1832 4864 2086 4904 accessus
2129 4851 2468 4905 obstruatur.
2519 4869 2537 4900 ι

1113 4938 1345 4995 CAPUT
1376 4939 1488 4995 LII.

500 5081 579 5136 De
622 5082 763 5135 (una:
803 5089 1016 5147 aspectu
1049 5089 1096 5133 et
1123 5078 1462 5148 quamobrem
1507 5080 1768 5132 terrestris
1811 5088 2086 5148 appareat.

579 5213 598 5246 ι
632 5193 980 5265 Pythagorei,
1030 5203 1340 5248 terrestrem
1387 5192 1509 5246 ideo
1562 5192 1750 5246 lunam
1803 5206 2087 5261 apparere,

577 5307 690 5377 (67)
731 5307 961 5376 Θαλῆς.
991 5306 1153 5371 lbid.,
1185 5304 1626 5377 li_b._n,cap.__24.

576 5373 701 5452 (68)Δ
721 5373 1478 5452 Ὑποτιθεμέιζῳμτῷ-δίᾳκῳ.
1511 5373 1809 5452 Χγιοηὰεε,
1841 5375 1996 5446 idque
2026 5378 2080 5452 ix

505 5445 729 5517 speculis
764 5449 935 5512 cerni,
970 5445 1160 5518 subjici
1191 5446 1292 5499 soli
1317 5447 1521 5518 discum
1565 5445 1724 5518 fume.
1763 5445 1964 5518 Coacta
2000 5447 2085 5518 ni:

505 5518 612 5574 mis
653 5519 1026 5592 interpretatio
1051 5516 1070 5582 ,⁷
1110 5532 1387 5592 quamque
1424 5516 1702 5572 Plutarchi
1753 5517 1917 5570 verba
1970 5517 2080 5588 pati

506 5602 616 5641 non
645 5589 876 5654 possint.

733 5657 891 5742 "Forte
929 5656 1239 5742 διεκπνοῆς.

603 5728 692 5799 70)
725 5728 980 5799 ν”Ετερον
1017 5727 1083 5780 δὲ
1113 5727 1316 5786 πάλιν.
1357 5728 1605 5785 Amiolus
1632 5727 1697 5781 de
1730 5743 1838 5781 uno
1865 5727 2085 5781 eodem—

509 5814 616 5868 que
657 5798 804 5862 Sole,
836 5799 927 5866 qui
974 5800 1144 5868 semel
1173 5801 1474 5868 exstinctus
1527 5802 1708 5853 denuo
1742 5807 2080 5868 renascatur.

514 5866 580 5924 At
609 5869 770 5942 paulo
803 5878 924 5938 post
953 5867 1153 5922 diserte
1181 5866 1505 5924 Plutarchus
1535 5869 1727 5936 habet,
1773 5869 1954 5940 plures
1979 5866 2083 5922 Xe-

2707 4937 3099 4992 ΚΕΦΑΛΑΙΟΝ
3134 4938 3181 4989 Ν
3186 4938 3258 4988 B'.

2197 5032 2337 5101 Περὶ
2368 5032 2682 5102 ἐμφάσεως
2719 5029 2943 5096 αὐτῆς,
2982 5029 3078 5082 καί
3119 5028 3218 5082 διὰ
3265 5029 3323 5080 τί
3378 5026 3599 5098 γεώδης
3638 5029 3779 5096 φαίη-

2878 5116 3063 5153 νεῖαι.

2272 5216 2290 5248 ι
2332 5198 2395 5250 Οἱ
2421 5196 2802 5266 Πυθαγορειοι,
2837 5192 3012 5264 γεώδη
3067 5190 3354 5260 φαίνεσθαι
3385 5190 3483 5260 τὴν
3517 5190 3772 5262 σελήνην,

2196 5311 2526 5380 nephauem.
2562 5320 2674 5380 tum
2705 5309 2869 5380 so_les,
2899 5315 3011 5380 tum
3043 5306 3203 5380 lunas
3229 5304 3501 5380 posuisse.

2267 5375 2378 5451 (71)
2420 5377 3120 5451 ΣελήνηνηΡΙυιιιηοὴυε,
3155 5376 3257 5451 τὴν
3307 5375 3438 5451 γῆν,
3494 5375 3635 5444 quod
3685 5389 3778 5451 scf

2189 5447 2378 5520 quitur
2421 5452 2690 5504 Amiotus.
2735 5448 3008 5520 Xylander
3048 5447 3275 5518 σελήνην
3322 5447 3476 5514 legit,
3527 5456 3585 5500 ut
3627 5447 3778 5513 apud

2191 5532 2460 5575 nostrum.

2261 5587 2903 5662 (ἹΞλἌναξίμανδρος.
2943 5585 3277 5662 Plutarchus
3317 5586 3498 5662 _ibid._.
3554 5585 3643 5662 li_b_.
3699 5601 3775 5645 ll,

2190 5655 2308 5718 cati.
2353 5655 2458 5724 ΞΕ),
2510 5655 2885 5729 Ἀναξιμένης.
2939 5656 3041 5729 Sed
3085 5656 3401 5729 retinendus
3450 5655 3781 5729 Ἀναξίμαν-

2192 5731 2343 5802 δρος,
2372 5745 2539 5802 quem
2569 5727 2830 5802 ante'jatn'
2875 5728 3110 5802 vidimus
3137 5769 3150 5790 ,
3183 5729 3286 5780 hoc
3323 5727 3376 5781 in
3406 5728 3521 5784 sole
3551 5736 3606 5780 et
3645 5727 3779 5780 luna

2194 5798 2414 5874 στόμιον
2451 5798 2584 5874 πρὸς
2613 5799 2710 5872 τὴν
2739 5799 3016 5868 ἀναπνοήν
3048 5807 3306 5854 statuere.
