  <div class='ocr_page' id='page_1' title='image "/cluster/home/n/w/nwhite01/storage/ocr_20150623/21:no.3/coo.31924054873017/714.png"; bbox 0 0 4132 6400; ppageno 0'>
   <div class='ocr_carea' id='block_1_1' title="bbox 421 393 556 446">
    <p class='ocr_par' dir='ltr' id='par_1_1' title="bbox 421 393 556 446">
     <span class='ocr_line' id='line_1_1' title="bbox 421 393 556 446; baseline 0.007 -1"><span class='ocrx_word' id='word_1_1' title='bbox 421 393 442 445; x_wconf 84' lang='lat' dir='ltr'><strong>I</strong></span> <span class='ocrx_word' id='word_1_2' title='bbox 455 393 556 446; x_wconf 75' lang='lat'><strong>397</strong></span> 
     </span>
    </p>
   </div>
   <div class='ocr_carea' id='block_1_2' title="bbox 1586 376 2534 438">
    <p class='ocr_par' dir='ltr' id='par_1_2' title="bbox 1586 376 2534 438">
     <span class='ocr_line' id='line_1_2' title="bbox 1586 376 2534 438; baseline -0.002 -3"><span class='ocrx_word' id='word_1_3' title='bbox 1586 381 1906 438; x_wconf 57' lang='lat' dir='ltr'><strong>PRxEPAR.</strong></span> <span class='ocrx_word' id='word_1_4' title='bbox 1949 379 2200 438; x_wconf 78' lang='lat' dir='ltr'><strong>EVANG.</strong></span> <span class='ocrx_word' id='word_1_5' title='bbox 2247 376 2534 435; x_wconf 72' lang='lat' dir='ltr'><strong>LIB.&#39;XV.</strong></span> 
     </span>
    </p>
   </div>
   <div class='ocr_carea' id='block_1_3' title="bbox 3548 376 3685 433">
    <p class='ocr_par' dir='ltr' id='par_1_3' title="bbox 3548 376 3685 433">
     <span class='ocr_line' id='line_1_3' title="bbox 3548 376 3685 433; baseline 0.007 -1"><span class='ocrx_word' id='word_1_6' title='bbox 3548 376 3685 433; x_wconf 73' lang='lat' dir='ltr'><strong>I598</strong></span> 
     </span>
    </p>
   </div>
   <div class='ocr_carea' id='block_1_4' title="bbox 421 494 2001 582">
    <p class='ocr_par' dir='ltr' id='par_1_4' title="bbox 421 501 1998 582">
     <span class='ocr_line' id='line_1_4' title="bbox 421 501 1998 582; baseline -0.008 -13"><span class='ocrx_word' id='word_1_7' title='bbox 421 516 505 568; x_wconf 77' lang='grc' dir='ltr'><strong>διά</strong></span> <span class='ocrx_word' id='word_1_8' title='bbox 538 513 599 567; x_wconf 79' lang='grc' dir='ltr'>τὸ</span> <span class='ocrx_word' id='word_1_9' title='bbox 626 508 1017 582; x_wconf 79' lang='grc' dir='ltr'><strong>περιοικεῖσθαι</strong></span> <span class='ocrx_word' id='word_1_10' title='bbox 1067 505 1256 576; x_wconf 81' lang='grc' dir='ltr'>αὐτὴν,</span> <span class='ocrx_word' id='word_1_11' title='bbox 1304 501 1554 574; x_wconf 83' lang='grc' dir='ltr'>καθάπερ</span> <span class='ocrx_word' id='word_1_12' title='bbox 1586 501 1684 573; x_wconf 83' lang='grc' dir='ltr'><strong>τήν</strong></span> <span class='ocrx_word' id='word_1_13' title='bbox 1713 503 1840 574; x_wconf 86' lang='grc' dir='ltr'>παρ’</span> <span class='ocrx_word' id='word_1_14' title='bbox 1865 503 1998 572; x_wconf 91' lang='grc' dir='ltr'>ἡμῖν</span> 
     </span>
    </p>
   </div>
   <div class='ocr_carea' id='block_1_5' title="bbox 2099 494 3684 582">
    <p class='ocr_par' dir='ltr' id='par_1_5' title="bbox 2101 494 3684 571">
     <span class='ocr_line' id='line_1_5' title="bbox 2101 494 3684 571; baseline -0.008 -16"><span class='ocrx_word' id='word_1_15' title='bbox 2101 499 2246 571; x_wconf 91' lang='lat' dir='ltr'><strong>quod</strong></span> <span class='ocrx_word' id='word_1_16' title='bbox 2292 499 2372 555; x_wconf 92' lang='lat' dir='ltr'><strong>uti</strong></span> <span class='ocrx_word' id='word_1_17' title='bbox 2403 506 2590 554; x_wconf 77' lang='lat' dir='ltr'><strong>nostra</strong></span> <span class='ocrx_word' id='word_1_18' title='bbox 2627 497 2742 552; x_wconf 66' lang='lat' dir='ltr'><strong>haec</strong></span> <span class='ocrx_word' id='word_1_19' title='bbox 2788 503 2932 552; x_wconf 89' lang='lat' dir='ltr'><strong>terra</strong></span> <span class='ocrx_word' id='word_1_20' title='bbox 2964 494 3173 566; x_wconf 90' lang='lat' dir='ltr'><strong>passim</strong></span> <span class='ocrx_word' id='word_1_21' title='bbox 3203 494 3596 565; x_wconf 83' lang='lat' dir='ltr'><strong>frequentetur,</strong></span> <span class='ocrx_word' id='word_1_22' title='bbox 3630 498 3684 552; x_wconf 88' lang='lat' dir='ltr'><strong>et</strong></span> 
     </span>
    </p>
   </div>
   <div class='ocr_carea' id='block_1_6' title="bbox 422 591 1995 677">
    <p class='ocr_par' dir='ltr' id='par_1_6' title="bbox 422 591 1995 677">
     <span class='ocr_line' id='line_1_6' title="bbox 422 591 1995 677; baseline -0.008 -16"><span class='ocrx_word' id='word_1_23' title='bbox 422 608 544 677; x_wconf 81' lang='grc' dir='ltr'>γῆν,</span> <span class='ocrx_word' id='word_1_24' title='bbox 583 603 792 676; x_wconf 76' lang='grc' dir='ltr'>μείζοσι</span> <span class='ocrx_word' id='word_1_25' title='bbox 819 602 998 667; x_wconf 78' lang='grc' dir='ltr'>ζώοις,</span> <span class='ocrx_word' id='word_1_26' title='bbox 1034 602 1128 654; x_wconf 69' lang='grc' dir='ltr'><strong>κα)⁵</strong></span> <span class='ocrx_word' id='word_1_27' title='bbox 1151 602 1336 670; x_wconf 83' lang='grc' dir='ltr'>φυτοῖς</span> <span class='ocrx_word' id='word_1_28' title='bbox 1364 597 1657 652; x_wconf 90' lang='grc' dir='ltr'>καλλίοσιν.</span> <span class='ocrx_word' id='word_1_29' title='bbox 1680 591 1834 650; x_wconf 81' lang='grc' dir='ltr'>Εἶναι</span> <span class='ocrx_word' id='word_1_30' title='bbox 1885 595 1995 667; x_wconf 83' lang='grc' dir='ltr'>γὰρ</span> 
     </span>
    </p>
   </div>
   <div class='ocr_carea' id='block_1_7' title="bbox 424 687 1997 761">
    <p class='ocr_par' dir='ltr' id='par_1_7' title="bbox 424 687 1997 761">
     <span class='ocr_line' id='line_1_7' title="bbox 424 687 1997 761; baseline -0.008 -9"><span class='ocrx_word' id='word_1_31' title='bbox 424 696 1076 752; x_wconf 84' lang='grc' dir='ltr'>πεντεκαιδεκαπλασίονα</span> <span class='ocrx_word' id='word_1_32' title='bbox 1097 693 1167 746; x_wconf 76' lang='grc' dir='ltr'><strong>τὰ</strong></span> <span class='ocrx_word' id='word_1_33' title='bbox 1192 695 1275 746; x_wconf 78' lang='grc' dir='ltr'><strong>ἐπ’</strong></span> <span class='ocrx_word' id='word_1_34' title='bbox 1304 690 1474 761; x_wconf 79' lang='grc' dir='ltr'>αὐτῆς</span> <span class='ocrx_word' id='word_1_35' title='bbox 1525 687 1640 754; x_wconf 83' lang='grc' dir='ltr'>ζῶα</span> <span class='ocrx_word' id='word_1_36' title='bbox 1674 688 1805 760; x_wconf 77' lang='grc'>(75),</span> <span class='ocrx_word' id='word_1_37' title='bbox 1834 687 1997 758; x_wconf 83' lang='grc' dir='ltr'>μηδὲν</span> 
     </span>
    </p>
   </div>
   <div class='ocr_carea' id='block_1_8' title="bbox 423 778 2001 864">
    <p class='ocr_par' dir='ltr' id='par_1_8' title="bbox 423 778 2001 864">
     <span class='ocr_line' id='line_1_8' title="bbox 423 778 2001 864; baseline -0.01 -17"><span class='ocrx_word' id='word_1_38' title='bbox 423 791 730 864; x_wconf 76' lang='grc' dir='ltr'>σωματικὸν</span> <span class='ocrx_word' id='word_1_39' title='bbox 763 791 1142 860; x_wconf 82' lang='grc' dir='ltr'><strong>ἀποκρίνοντα·</strong></span> <span class='ocrx_word' id='word_1_40' title='bbox 1178 786 1270 839; x_wconf 74' lang='grc' dir='ltr'>καὶ</span> <span class='ocrx_word' id='word_1_41' title='bbox 1316 784 1414 855; x_wconf 80' lang='grc' dir='ltr'>τὴν</span> <span class='ocrx_word' id='word_1_42' title='bbox 1447 782 1658 853; x_wconf 82' lang='grc' dir='ltr'>ἡμέραν</span> <span class='ocrx_word' id='word_1_43' title='bbox 1688 778 2001 850; x_wconf 74' lang='grc' dir='ltr'>(74)τοσαύο</span> 
     </span>
    </p>
   </div>
   <div class='ocr_carea' id='block_1_9' title="bbox 421 872 1998 955">
    <p class='ocr_par' dir='ltr' id='par_1_9' title="bbox 421 872 1998 955">
     <span class='ocr_line' id='line_1_9' title="bbox 421 872 1998 955; baseline -0.008 -18"><span class='ocrx_word' id='word_1_44' title='bbox 421 882 621 955; x_wconf 82' lang='grc' dir='ltr'>τηντῷ</span> <span class='ocrx_word' id='word_1_45' title='bbox 651 885 833 954; x_wconf 89' lang='grc' dir='ltr'>μήκει.</span> <span class='ocrx_word' id='word_1_46' title='bbox 878 880 1264 951; x_wconf 84' lang='grc' dir='ltr'><strong>Ἀναξαγόρας,</strong></span> <span class='ocrx_word' id='word_1_47' title='bbox 1310 877 1398 931; x_wconf 82' lang='grc' dir='ltr'><strong>διὰ</strong></span> <span class='ocrx_word' id='word_1_48' title='bbox 1449 875 1842 946; x_wconf 81' lang='grc' dir='ltr'><strong>ἀνωμαλότητα</strong></span> <span class='ocrx_word' id='word_1_49' title='bbox 1884 872 1998 944; x_wconf 85' lang='grc'>(75)</span> 
     </span>
    </p>
   </div>
   <div class='ocr_carea' id='block_1_10' title="bbox 420 968 2001 1048">
    <p class='ocr_par' dir='ltr' id='par_1_10' title="bbox 420 968 2001 1048">
     <span class='ocr_line' id='line_1_10' title="bbox 420 968 2001 1048; baseline -0.007 -17"><span class='ocrx_word' id='word_1_50' title='bbox 420 979 513 1031; x_wconf 82' lang='grc' dir='ltr'><strong>τοῦ</strong></span> <span class='ocrx_word' id='word_1_51' title='bbox 547 977 940 1048; x_wconf 82' lang='grc' dir='ltr'>συγκρίματος,</span> <span class='ocrx_word' id='word_1_52' title='bbox 974 974 1060 1027; x_wconf 81' lang='grc' dir='ltr'><strong>διὰ</strong></span> <span class='ocrx_word' id='word_1_53' title='bbox 1108 974 1168 1026; x_wconf 86' lang='grc' dir='ltr'>τὸ</span> <span class='ocrx_word' id='word_1_54' title='bbox 1213 969 1531 1044; x_wconf 77' lang='grc' dir='ltr'>ψυχροειδὲς</span> <span class='ocrx_word' id='word_1_55' title='bbox 1581 969 1694 1039; x_wconf 89' lang='grc'>(76)</span> <span class='ocrx_word' id='word_1_56' title='bbox 1750 969 1868 1039; x_wconf 76' lang='grc' dir='ltr'>ἅμα</span> <span class='ocrx_word' id='word_1_57' title='bbox 1905 968 2001 1020; x_wconf 70' lang='grc' dir='ltr'><strong>κα)⁸</strong></span> 
     </span>
    </p>
   </div>
   <div class='ocr_carea' id='block_1_11' title="bbox 419 1060 1994 1139">
    <p class='ocr_par' dir='ltr' id='par_1_11' title="bbox 419 1060 1994 1139">
     <span class='ocr_line' id='line_1_11' title="bbox 419 1060 1994 1139; baseline -0.006 -17"><span class='ocrx_word' id='word_1_58' title='bbox 419 1069 640 1138; x_wconf 86' lang='grc' dir='ltr'>γεῶδες·</span> <span class='ocrx_word' id='word_1_59' title='bbox 703 1067 962 1139; x_wconf 86' lang='grc' dir='ltr'>μεμίχθαι</span> <span class='ocrx_word' id='word_1_60' title='bbox 995 1066 1104 1138; x_wconf 79' lang='grc' dir='ltr'><strong>γὰρ</strong></span> <span class='ocrx_word' id='word_1_61' title='bbox 1159 1063 1237 1136; x_wconf 79' lang='grc' dir='ltr'>τῷ</span> <span class='ocrx_word' id='word_1_62' title='bbox 1297 1063 1574 1136; x_wconf 82' lang='grc' dir='ltr'>πυροειδεῖ</span> <span class='ocrx_word' id='word_1_63' title='bbox 1623 1063 1688 1115; x_wconf 85' lang='grc' dir='ltr'>τὸ</span> <span class='ocrx_word' id='word_1_64' title='bbox 1736 1060 1994 1131; x_wconf 79' lang='grc' dir='ltr'>ζοφῶδες·</span> 
     </span>
    </p>
   </div>
   <div class='ocr_carea' id='block_1_12' title="bbox 419 1153 1998 1231">
    <p class='ocr_par' dir='ltr' id='par_1_12' title="bbox 419 1153 1998 1231">
     <span class='ocr_line' id='line_1_12' title="bbox 419 1153 1998 1231; baseline -0.006 -16"><span class='ocrx_word' id='word_1_65' title='bbox 419 1162 540 1215; x_wconf 81' lang='grc' dir='ltr'>ὅθεν</span> <span class='ocrx_word' id='word_1_66' title='bbox 563 1160 869 1231; x_wconf 79' lang='grc' dir='ltr'>ψευδοφανῆ</span> <span class='ocrx_word' id='word_1_67' title='bbox 917 1159 1167 1228; x_wconf 84' lang='grc' dir='ltr'>λέγεσθαι</span> <span class='ocrx_word' id='word_1_68' title='bbox 1228 1158 1319 1212; x_wconf 81' lang='grc' dir='ltr'>τὸν</span> <span class='ocrx_word' id='word_1_69' title='bbox 1355 1157 1579 1227; x_wconf 80' lang='grc' dir='ltr'>ἀστέρα.</span> <span class='ocrx_word' id='word_1_70' title='bbox 1629 1157 1692 1211; x_wconf 79' lang='grc' dir='ltr'><strong>Οἱ</strong></span> <span class='ocrx_word' id='word_1_71' title='bbox 1749 1153 1998 1218; x_wconf 70' lang='grc' dir='ltr'>Στωϊκοὶ,</span> 
     </span>
    </p>
   </div>
   <div class='ocr_carea' id='block_1_13' title="bbox 419 1243 2002 1325">
    <p class='ocr_par' dir='ltr' id='par_1_13' title="bbox 419 1243 2002 1325">
     <span class='ocr_line' id='line_1_13' title="bbox 419 1243 2002 1325; baseline -0.005 -18"><span class='ocrx_word' id='word_1_72' title='bbox 419 1253 592 1307; x_wconf 81' lang='grc' dir='ltr'>διὰτὸ</span> <span class='ocrx_word' id='word_1_73' title='bbox 647 1254 939 1325; x_wconf 80' lang='grc' dir='ltr'>ἀερομιγὲς</span> <span class='ocrx_word' id='word_1_74' title='bbox 985 1252 1098 1322; x_wconf 90' lang='grc'><strong>(77)</strong></span> <span class='ocrx_word' id='word_1_75' title='bbox 1143 1252 1240 1322; x_wconf 83' lang='grc' dir='ltr'>τῆς</span> <span class='ocrx_word' id='word_1_76' title='bbox 1295 1249 1482 1313; x_wconf 81' lang='grc' dir='ltr'>οὐσίας</span> <span class='ocrx_word' id='word_1_77' title='bbox 1537 1249 1610 1320; x_wconf 85' lang='grc' dir='ltr'>μὴ</span> <span class='ocrx_word' id='word_1_78' title='bbox 1647 1243 1787 1301; x_wconf 85' lang='grc' dir='ltr'>εἶναι</span> <span class='ocrx_word' id='word_1_79' title='bbox 1831 1247 2002 1316; x_wconf 83' lang='grc' dir='ltr'>αὐτῆς</span> 
     </span>
    </p>
   </div>
   <div class='ocr_carea' id='block_1_14' title="bbox 420 1346 1153 1418">
    <p class='ocr_par' dir='ltr' id='par_1_14' title="bbox 420 1346 1153 1418">
     <span class='ocr_line' id='line_1_14' title="bbox 420 1346 1153 1418; baseline -0.004 -19"><span class='ocrx_word' id='word_1_80' title='bbox 420 1347 696 1418; x_wconf 90' lang='grc' dir='ltr'>ἀκήρατον</span> <span class='ocrx_word' id='word_1_81' title='bbox 722 1347 783 1399; x_wconf 87' lang='grc' dir='ltr'><strong>τὺ</strong></span> <span class='ocrx_word' id='word_1_82' title='bbox 820 1346 1120 1416; x_wconf 82' lang='grc' dir='ltr'><strong>σύγκριμα.</strong></span> <span class='ocrx_word' id='word_1_83' title='bbox 1135 1363 1153 1396; x_wconf 73' lang='grc' dir='ltr'><strong>ι</strong></span> 
     </span>
    </p>
   </div>
   <div class='ocr_carea' id='block_1_15' title="bbox 921 1612 1488 1682">
    <p class='ocr_par' dir='ltr' id='par_1_15' title="bbox 921 1612 1488 1682">
     <span class='ocr_line' id='line_1_15' title="bbox 921 1612 1488 1682; baseline 0.002 -1"><span class='ocrx_word' id='word_1_84' title='bbox 921 1612 1328 1682; x_wconf 65' lang='grc' dir='ltr'><strong>’ΚΕΦΑΛΑΙΟΝ</strong></span> <span class='ocrx_word' id='word_1_85' title='bbox 1361 1629 1488 1682; x_wconf 83' lang='lat' dir='ltr'><strong>NI&quot;.</strong></span> 
     </span>
    </p>
   </div>
   <div class='ocr_carea' id='block_1_16' title="bbox 701 1740 1713 1814">
    <p class='ocr_par' dir='ltr' id='par_1_16' title="bbox 701 1740 1713 1814">
     <span class='ocr_line' id='line_1_16' title="bbox 701 1740 1713 1814; baseline -0.005 -14"><span class='ocrx_word' id='word_1_86' title='bbox 701 1745 838 1814; x_wconf 69' lang='grc' dir='ltr'>Περὶ</span> <span class='ocrx_word' id='word_1_87' title='bbox 873 1743 990 1798; x_wconf 82' lang='grc' dir='ltr'>τῶν</span> <span class='ocrx_word' id='word_1_88' title='bbox 1026 1742 1470 1812; x_wconf 64' lang='grc' dir='ltr'>ἀποστημάτων»</span> <span class='ocrx_word' id='word_1_89' title='bbox 1504 1740 1713 1809; x_wconf 80' lang='grc' dir='ltr'>αὐτῆς.</span> 
     </span>
    </p>
   </div>
   <div class='ocr_carea' id='block_1_17' title="bbox 496 1851 2074 1944">
    <p class='ocr_par' dir='ltr' id='par_1_17' title="bbox 496 1851 2074 1944">
     <span class='ocr_line' id='line_1_17' title="bbox 496 1851 2074 1944; baseline -0.005 -34"><span class='ocrx_word' id='word_1_90' title='bbox 496 1879 515 1910; x_wconf 80' lang='grc' dir='ltr'><strong>ι</strong></span> <span class='ocrx_word' id='word_1_91' title='bbox 562 1859 952 1930; x_wconf 81' lang='grc' dir='ltr'>Ἐμπεδοκλῆς,</span> <span class='ocrx_word' id='word_1_92' title='bbox 1005 1857 1286 1912; x_wconf 87' lang='grc' dir='ltr'>διπλάσιον</span> <span class='ocrx_word' id='word_1_93' title='bbox 1347 1855 1571 1927; x_wconf 77' lang='grc' dir='ltr'>ἀπέχειν</span> <span class='ocrx_word' id='word_1_94' title='bbox 1621 1853 1721 1924; x_wconf 78' lang='grc' dir='ltr'>τὴν</span> <span class='ocrx_word' id='word_1_95' title='bbox 1771 1851 2001 1922; x_wconf 84' lang='grc' dir='ltr'>σελήνην</span> <span class='ocrx_word' id='word_1_96' title='bbox 2031 1889 2074 1944; x_wconf 79' lang='grc' dir='ltr'><strong>Β</strong></span> 
     </span>
    </p>
   </div>
   <div class='ocr_carea' id='block_1_18' title="bbox 419 1944 2001 2023">
    <p class='ocr_par' dir='ltr' id='par_1_18' title="bbox 419 1944 2001 2023">
     <span class='ocr_line' id='line_1_18' title="bbox 419 1944 2001 2023; baseline -0.004 -19"><span class='ocrx_word' id='word_1_97' title='bbox 419 1951 528 2004; x_wconf 81' lang='grc' dir='ltr'>ἀπὸ</span> <span class='ocrx_word' id='word_1_98' title='bbox 551 1951 646 2004; x_wconf 82' lang='grc' dir='ltr'><strong>τοῦ</strong></span> <span class='ocrx_word' id='word_1_99' title='bbox 679 1951 827 2022; x_wconf 80' lang='grc' dir='ltr'>ἡλίου</span> <span class='ocrx_word' id='word_1_100' title='bbox 868 1952 1011 2023; x_wconf 76' lang='grc' dir='ltr'>ἥπερ</span> <span class='ocrx_word' id='word_1_101' title='bbox 1039 1951 1147 2005; x_wconf 84' lang='grc' dir='ltr'>ἀπὸ</span> <span class='ocrx_word' id='word_1_102' title='bbox 1193 1951 1292 2020; x_wconf 81' lang='grc' dir='ltr'>τῆς</span> <span class='ocrx_word' id='word_1_103' title='bbox 1320 1950 1442 2021; x_wconf 82' lang='grc' dir='ltr'>γῆς.</span> <span class='ocrx_word' id='word_1_104' title='bbox 1469 1949 1530 2002; x_wconf 83' lang='grc' dir='ltr'><strong>Οἱ</strong></span> <span class='ocrx_word' id='word_1_105' title='bbox 1554 1946 1660 2002; x_wconf 87' lang='grc' dir='ltr'>ἀπὸ</span> <span class='ocrx_word' id='word_1_106' title='bbox 1683 1945 1791 1998; x_wconf 92' lang='grc' dir='ltr'><strong>τῶν</strong></span> <span class='ocrx_word' id='word_1_107' title='bbox 1827 1944 2001 2016; x_wconf 86' lang='grc' dir='ltr'>μαθη-</span> 
     </span>
    </p>
   </div>
   <div class='ocr_carea' id='block_1_19' title="bbox 423 2037 2001 2111">
    <p class='ocr_par' dir='ltr' id='par_1_19' title="bbox 423 2037 2001 2111">
     <span class='ocr_line' id='line_1_19' title="bbox 423 2037 2001 2111; baseline -0.003 -16"><span class='ocrx_word' id='word_1_108' title='bbox 423 2041 690 2110; x_wconf 85' lang='grc' dir='ltr'>ματικῶν,</span> <span class='ocrx_word' id='word_1_109' title='bbox 749 2041 1373 2096; x_wconf 84' lang='grc' dir='ltr'>ὀκτωκαιδεκαπλάσιον.</span> <span class='ocrx_word' id='word_1_110' title='bbox 1431 2037 1852 2111; x_wconf 82' lang='grc' dir='ltr'>Ἐρατοσθένης,</span> <span class='ocrx_word' id='word_1_111' title='bbox 1908 2037 2001 2090; x_wconf 86' lang='grc' dir='ltr'>τὸν</span> 
     </span>
    </p>
   </div>
   <div class='ocr_carea' id='block_1_20' title="bbox 418 2131 2004 2205">
    <p class='ocr_par' dir='ltr' id='par_1_20' title="bbox 418 2131 2004 2205">
     <span class='ocr_line' id='line_1_20' title="bbox 418 2131 2004 2205; baseline -0.003 -19"><span class='ocrx_word' id='word_1_112' title='bbox 418 2135 570 2204; x_wconf 88' lang='grc' dir='ltr'>’ήλιον</span> <span class='ocrx_word' id='word_1_113' title='bbox 589 2135 939 2205; x_wconf 84' lang='grc' dir='ltr'>ἀπέχεινάπό</span> <span class='ocrx_word' id='word_1_114' title='bbox 972 2135 1072 2204; x_wconf 79' lang='grc' dir='ltr'>τῆς</span> <span class='ocrx_word' id='word_1_115' title='bbox 1103 2135 1203 2204; x_wconf 83' lang='grc' dir='ltr'>γῆς</span> <span class='ocrx_word' id='word_1_116' title='bbox 1258 2133 1485 2187; x_wconf 88' lang='grc' dir='ltr'>σταδίων</span> <span class='ocrx_word' id='word_1_117' title='bbox 1512 2131 1778 2203; x_wconf 80' lang='grc' dir='ltr'>μυριάδας</span> <span class='ocrx_word' id='word_1_118' title='bbox 1812 2145 2004 2200; x_wconf 90' lang='grc' dir='ltr'>τετρα-</span> 
     </span>
    </p>
   </div>
   <div class='ocr_carea' id='block_1_21' title="bbox 419 2222 1999 2300">
    <p class='ocr_par' dir='ltr' id='par_1_21' title="bbox 419 2222 1999 2300">
     <span class='ocr_line' id='line_1_21' title="bbox 419 2222 1999 2300; baseline -0.001 -21"><span class='ocrx_word' id='word_1_119' title='bbox 419 2229 608 2292; x_wconf 79' lang='grc' dir='ltr'>κοσίας</span> <span class='ocrx_word' id='word_1_120' title='bbox 634 2231 728 2282; x_wconf 77' lang='grc' dir='ltr'>καὶ</span> <span class='ocrx_word' id='word_1_121' title='bbox 755 2227 1187 2300; x_wconf 83' lang='grc' dir='ltr'>ὀκτακισμυρίας</span> <span class='ocrx_word' id='word_1_122' title='bbox 1223 2222 1356 2298; x_wconf 57' lang='grc' dir='ltr'>(78)έ</span> <span class='ocrx_word' id='word_1_123' title='bbox 1395 2226 1494 2296; x_wconf 86' lang='grc' dir='ltr'>τὴν</span> <span class='ocrx_word' id='word_1_124' title='bbox 1519 2225 1576 2278; x_wconf 86' lang='grc' dir='ltr'>δὲ</span> <span class='ocrx_word' id='word_1_125' title='bbox 1603 2225 1834 2296; x_wconf 84' lang='grc' dir='ltr'>σελήνην</span> <span class='ocrx_word' id='word_1_126' title='bbox 1887 2222 1999 2293; x_wconf 87' lang='grc'>(79)</span> 
     </span>
    </p>
   </div>
   <div class='ocr_carea' id='block_1_22' title="bbox 418 2318 1608 2393">
    <p class='ocr_par' dir='ltr' id='par_1_22' title="bbox 418 2318 1608 2393">
     <span class='ocr_line' id='line_1_22' title="bbox 418 2318 1608 2393; baseline -0.003 -21"><span class='ocrx_word' id='word_1_127' title='bbox 418 2320 645 2391; x_wconf 82' lang='grc' dir='ltr'>ἀπέχειν</span> <span class='ocrx_word' id='word_1_128' title='bbox 664 2321 763 2392; x_wconf 82' lang='grc' dir='ltr'>τῆς</span> <span class='ocrx_word' id='word_1_129' title='bbox 793 2321 898 2392; x_wconf 84' lang='grc' dir='ltr'>γῆς</span> <span class='ocrx_word' id='word_1_130' title='bbox 925 2320 1191 2393; x_wconf 84' lang='grc' dir='ltr'>μυριάδας</span> <span class='ocrx_word' id='word_1_131' title='bbox 1213 2326 1296 2390; x_wconf 72' lang='grc' dir='ltr'>οηθ</span> <span class='ocrx_word' id='word_1_132' title='bbox 1325 2318 1573 2372; x_wconf 89' lang='grc' dir='ltr'>σταδίων.</span> <span class='ocrx_word' id='word_1_133' title='bbox 1591 2337 1608 2368; x_wconf 72' lang='grc' dir='ltr'><strong>ι</strong></span> 
     </span>
    </p>
   </div>
   <div class='ocr_carea' id='block_1_23' title="bbox 936 2433 1474 2487">
    <p class='ocr_par' dir='ltr' id='par_1_23' title="bbox 936 2433 1474 2487">
     <span class='ocr_line' id='line_1_23' title="bbox 936 2433 1474 2487; baseline 0 0"><span class='ocrx_word' id='word_1_134' title='bbox 936 2433 1329 2487; x_wconf 79' lang='grc' dir='ltr'><strong>ΚΕΦΑΛΑΙΟΝ</strong></span> <span class='ocrx_word' id='word_1_135' title='bbox 1352 2434 1474 2487; x_wconf 75' lang='lat' dir='ltr'><strong>NA’.</strong></span> 
     </span>
    </p>
   </div>
   <div class='ocr_carea' id='block_1_24' title="bbox 961 2547 1438 2617">
    <p class='ocr_par' dir='ltr' id='par_1_24' title="bbox 961 2547 1438 2617">
     <span class='ocr_line' id='line_1_24' title="bbox 961 2547 1438 2617; baseline -0.002 -14"><span class='ocrx_word' id='word_1_136' title='bbox 961 2549 1098 2617; x_wconf 71' lang='grc' dir='ltr'>Περὶ</span> <span class='ocrx_word' id='word_1_137' title='bbox 1125 2547 1438 2603; x_wconf 81' lang='grc' dir='ltr'>ἐνιαυτῶν.</span> 
     </span>
    </p>
   </div>
   <div class='ocr_carea' id='block_1_25' title="bbox 495 2662 1999 2736">
    <p class='ocr_par' dir='ltr' id='par_1_25' title="bbox 495 2662 1999 2736">
     <span class='ocr_line' id='line_1_25' title="bbox 495 2662 1999 2736; baseline 0.003 -23"><span class='ocrx_word' id='word_1_138' title='bbox 495 2680 514 2712; x_wconf 81' lang='grc' dir='ltr'><strong>ι</strong></span> <span class='ocrx_word' id='word_1_139' title='bbox 537 2662 807 2726; x_wconf 86' lang='grc' dir='ltr'>Ἐνιαυτός</span> <span class='ocrx_word' id='word_1_140' title='bbox 836 2664 954 2716; x_wconf 82' lang='grc' dir='ltr'>ἐστι</span> <span class='ocrx_word' id='word_1_141' title='bbox 985 2662 1197 2734; x_wconf 85' lang='grc' dir='ltr'>Κρόνου</span> <span class='ocrx_word' id='word_1_142' title='bbox 1235 2662 1334 2732; x_wconf 83' lang='grc' dir='ltr'>μὲν</span> <span class='ocrx_word' id='word_1_143' title='bbox 1361 2663 1624 2716; x_wconf 81' lang='grc' dir='ltr'>ἐνιαυτῶν</span> <span class='ocrx_word' id='word_1_144' title='bbox 1654 2663 1902 2736; x_wconf 86' lang='grc' dir='ltr'>περίοδος</span> <span class='ocrx_word' id='word_1_145' title='bbox 1934 2663 1999 2728; x_wconf 90' lang='grc' dir='ltr'>λ’,</span> 
     </span>
    </p>
   </div>
   <div class='ocr_carea' id='block_1_26' title="bbox 416 2754 1999 2827">
    <p class='ocr_par' dir='ltr' id='par_1_26' title="bbox 416 2754 1999 2827">
     <span class='ocr_line' id='line_1_26' title="bbox 416 2754 1999 2827; baseline 0.001 -21"><span class='ocrx_word' id='word_1_146' title='bbox 416 2754 537 2817; x_wconf 83' lang='grc' dir='ltr'>Διὸς</span> <span class='ocrx_word' id='word_1_147' title='bbox 563 2754 620 2806; x_wconf 84' lang='grc' dir='ltr'>δὲ</span> <span class='ocrx_word' id='word_1_148' title='bbox 640 2754 868 2817; x_wconf 83' lang='grc' dir='ltr'>δώδεκα,</span> <span class='ocrx_word' id='word_1_149' title='bbox 907 2755 1100 2827; x_wconf 81' lang='grc' dir='ltr'>Ἀρεος</span> <span class='ocrx_word' id='word_1_150' title='bbox 1128 2754 1184 2811; x_wconf 80' lang='grc' dir='ltr'>δὲ</span> <span class='ocrx_word' id='word_1_151' title='bbox 1231 2754 1396 2818; x_wconf 81' lang='grc' dir='ltr'>δυεῖν,</span> <span class='ocrx_word' id='word_1_152' title='bbox 1431 2754 1592 2826; x_wconf 86' lang='grc' dir='ltr'>ἡλίου</span> <span class='ocrx_word' id='word_1_153' title='bbox 1618 2754 1675 2807; x_wconf 81' lang='grc' dir='ltr'>δὲ</span> <span class='ocrx_word' id='word_1_154' title='bbox 1708 2755 1773 2826; x_wconf 83' lang='grc' dir='ltr'><strong>ιβ’</strong></span> <span class='ocrx_word' id='word_1_155' title='bbox 1811 2755 1999 2826; x_wconf 68' lang='grc' dir='ltr'>μῆνεςυ</span> 
     </span>
    </p>
   </div>
   <div class='ocr_carea' id='block_1_27' title="bbox 416 2845 2000 2918">
    <p class='ocr_par' dir='ltr' id='par_1_27' title="bbox 416 2845 2000 2918">
     <span class='ocr_line' id='line_1_27' title="bbox 416 2845 2000 2918; baseline 0 -18"><span class='ocrx_word' id='word_1_156' title='bbox 416 2848 464 2900; x_wconf 86' lang='grc' dir='ltr'>οἱ</span> <span class='ocrx_word' id='word_1_157' title='bbox 502 2847 547 2900; x_wconf 84' lang='grc' dir='ltr'>δ’</span> <span class='ocrx_word' id='word_1_158' title='bbox 581 2847 732 2899; x_wconf 79' lang='grc' dir='ltr'>αὐτοὶ</span> <span class='ocrx_word' id='word_1_159' title='bbox 773 2845 973 2918; x_wconf 75' lang='grc' dir='ltr'>Ἑρμοῦ</span> <span class='ocrx_word' id='word_1_160' title='bbox 1033 2846 1128 2900; x_wconf 73' lang='grc' dir='ltr'>καὶ</span> <span class='ocrx_word' id='word_1_161' title='bbox 1171 2847 1508 2918; x_wconf 82' lang='grc' dir='ltr'>Ἀφροδίτης·</span> <span class='ocrx_word' id='word_1_162' title='bbox 1549 2846 1819 2918; x_wconf 73' lang='grc' dir='ltr'>ἰσόδρομοι</span> <span class='ocrx_word' id='word_1_163' title='bbox 1870 2847 2000 2918; x_wconf 88' lang='grc' dir='ltr'>γάρ·</span> 
     </span>
    </p>
   </div>
   <div class='ocr_carea' id='block_1_28' title="bbox 419 2930 2002 3009">
    <p class='ocr_par' dir='ltr' id='par_1_28' title="bbox 419 2930 2002 3009">
     <span class='ocr_line' id='line_1_28' title="bbox 419 2930 2002 3009; baseline -0.002 -18"><span class='ocrx_word' id='word_1_164' title='bbox 419 2939 648 3009; x_wconf 82' lang='grc' dir='ltr'>σελήνης</span> <span class='ocrx_word' id='word_1_165' title='bbox 675 2937 731 2990; x_wconf 85' lang='grc' dir='ltr'>δὲ</span> <span class='ocrx_word' id='word_1_166' title='bbox 765 2937 969 3008; x_wconf 77' lang='grc' dir='ltr'>ἡμέραι</span> <span class='ocrx_word' id='word_1_167' title='bbox 1017 2937 1079 2990; x_wconf 86' lang='grc' dir='ltr'><strong>λ’·</strong></span> <span class='ocrx_word' id='word_1_168' title='bbox 1110 2930 1263 3000; x_wconf 75' lang='grc' dir='ltr'>οὗτος</span> <span class='ocrx_word' id='word_1_169' title='bbox 1295 2936 1405 3007; x_wconf 87' lang='grc' dir='ltr'>γὰρ</span> <span class='ocrx_word' id='word_1_170' title='bbox 1436 2939 1464 2990; x_wconf 87' lang='grc' dir='ltr'><strong>ὀ</strong></span> <span class='ocrx_word' id='word_1_171' title='bbox 1497 2937 1700 3001; x_wconf 87' lang='grc' dir='ltr'>τέλειος</span> <span class='ocrx_word' id='word_1_172' title='bbox 1734 2937 1841 3007; x_wconf 83' lang='grc' dir='ltr'>μὴν</span> <span class='ocrx_word' id='word_1_173' title='bbox 1895 2936 2002 2989; x_wconf 87' lang='grc' dir='ltr'>ἀπὸ</span> 
     </span>
    </p>
   </div>
   <div class='ocr_carea' id='block_1_29' title="bbox 419 3027 2002 3099">
    <p class='ocr_par' dir='ltr' id='par_1_29' title="bbox 419 3027 2002 3099">
     <span class='ocr_line' id='line_1_29' title="bbox 419 3027 2002 3099; baseline -0.002 -17"><span class='ocrx_word' id='word_1_174' title='bbox 419 3029 634 3099; x_wconf 83' lang='grc' dir='ltr'>φάσεως</span> <span class='ocrx_word' id='word_1_175' title='bbox 661 3031 741 3092; x_wconf 86' lang='grc' dir='ltr'><strong>είς</strong></span> <span class='ocrx_word' id='word_1_176' title='bbox 771 3029 1004 3084; x_wconf 82' lang='grc' dir='ltr'>σύνοδον.</span> <span class='ocrx_word' id='word_1_177' title='bbox 1039 3029 1142 3082; x_wconf 87' lang='grc' dir='ltr'><strong>Τὸν</strong></span> <span class='ocrx_word' id='word_1_178' title='bbox 1197 3029 1255 3081; x_wconf 82' lang='grc' dir='ltr'>δὲ</span> <span class='ocrx_word' id='word_1_179' title='bbox 1294 3028 1467 3099; x_wconf 83' lang='grc' dir='ltr'>μέγαν</span> <span class='ocrx_word' id='word_1_180' title='bbox 1520 3028 1764 3081; x_wconf 79' lang='grc' dir='ltr'>ἐνιαυτὸν</span> <span class='ocrx_word' id='word_1_181' title='bbox 1788 3027 1899 3098; x_wconf 90' lang='grc'><strong>(80)</strong></span> <span class='ocrx_word' id='word_1_182' title='bbox 1951 3029 2002 3080; x_wconf 81' lang='grc' dir='ltr'>οἱ</span> 
     </span>
    </p>
   </div>
   <div class='ocr_carea' id='block_1_30' title="bbox 420 3121 2003 3194">
    <p class='ocr_par' dir='ltr' id='par_1_30' title="bbox 420 3121 2003 3194">
     <span class='ocr_line' id='line_1_30' title="bbox 420 3121 2003 3194; baseline -0.003 -19"><span class='ocrx_word' id='word_1_183' title='bbox 420 3124 519 3193; x_wconf 84' lang='grc' dir='ltr'>μὲν</span> <span class='ocrx_word' id='word_1_184' title='bbox 547 3125 604 3176; x_wconf 78' lang='grc' dir='ltr'>ἐν</span> <span class='ocrx_word' id='word_1_185' title='bbox 636 3126 700 3194; x_wconf 84' lang='grc' dir='ltr'>τῇ</span> <span class='ocrx_word' id='word_1_186' title='bbox 725 3121 1065 3194; x_wconf 85' lang='grc' dir='ltr'>ὀκταετηρίδι</span> <span class='ocrx_word' id='word_1_187' title='bbox 1099 3121 1358 3184; x_wconf 83' lang='grc' dir='ltr'>τίθενται,</span> <span class='ocrx_word' id='word_1_188' title='bbox 1392 3122 1441 3173; x_wconf 82' lang='grc' dir='ltr'>οἱ</span> <span class='ocrx_word' id='word_1_189' title='bbox 1467 3121 1524 3173; x_wconf 87' lang='grc' dir='ltr'>δὲ</span> <span class='ocrx_word' id='word_1_190' title='bbox 1548 3122 1605 3173; x_wconf 80' lang='grc' dir='ltr'>ὲν</span> <span class='ocrx_word' id='word_1_191' title='bbox 1627 3123 1694 3192; x_wconf 82' lang='grc' dir='ltr'><strong>τῇ</strong></span> <span class='ocrx_word' id='word_1_192' title='bbox 1724 3122 2003 3172; x_wconf 79' lang='grc' dir='ltr'>ἐννεακαι-</span> 
     </span>
    </p>
   </div>
   <div class='ocr_carea' id='block_1_31' title="bbox 417 3210 2003 3288">
    <p class='ocr_par' dir='ltr' id='par_1_31' title="bbox 417 3210 2003 3288">
     <span class='ocr_line' id='line_1_31' title="bbox 417 3210 2003 3288; baseline -0.003 -20"><span class='ocrx_word' id='word_1_193' title='bbox 417 3215 780 3288; x_wconf 84' lang='grc' dir='ltr'>δεκαετηρίδι,</span> <span class='ocrx_word' id='word_1_194' title='bbox 805 3215 854 3266; x_wconf 81' lang='grc' dir='ltr'><strong>οί</strong></span> <span class='ocrx_word' id='word_1_195' title='bbox 876 3213 932 3267; x_wconf 81' lang='grc' dir='ltr'>δὲ</span> <span class='ocrx_word' id='word_1_196' title='bbox 964 3216 1020 3266; x_wconf 83' lang='grc' dir='ltr'>ὲν</span> <span class='ocrx_word' id='word_1_197' title='bbox 1069 3217 1179 3276; x_wconf 88' lang='grc' dir='ltr'>τοῖς</span> <span class='ocrx_word' id='word_1_198' title='bbox 1210 3213 1251 3278; x_wconf 80' lang='grc' dir='ltr'><strong>ξ’</strong></span> <span class='ocrx_word' id='word_1_199' title='bbox 1277 3213 1396 3276; x_wconf 75' lang='grc' dir='ltr'>ἑνὸς</span> <span class='ocrx_word' id='word_1_200' title='bbox 1442 3213 1671 3265; x_wconf 80' lang='grc' dir='ltr'>δέουσιν.</span> <span class='ocrx_word' id='word_1_201' title='bbox 1720 3210 2003 3283; x_wconf 83' lang='grc' dir='ltr'>Ἠράκλει-</span> 
     </span>
    </p>
   </div>
   <div class='ocr_carea' id='block_1_32' title="bbox 416 3305 1998 3378">
    <p class='ocr_par' dir='ltr' id='par_1_32' title="bbox 416 3305 1998 3378">
     <span class='ocr_line' id='line_1_32' title="bbox 416 3305 1998 3378; baseline -0.004 -17"><span class='ocrx_word' id='word_1_202' title='bbox 416 3326 528 3371; x_wconf 86' lang='grc' dir='ltr'>τος,</span> <span class='ocrx_word' id='word_1_203' title='bbox 560 3310 624 3360; x_wconf 81' lang='grc' dir='ltr'>ἐκ</span> <span class='ocrx_word' id='word_1_204' title='bbox 658 3308 862 3378; x_wconf 86' lang='grc' dir='ltr'>μυρίων</span> <span class='ocrx_word' id='word_1_205' title='bbox 889 3307 1302 3376; x_wconf 87' lang='grc' dir='ltr'>ὀκτακισχιλίων</span> <span class='ocrx_word' id='word_1_206' title='bbox 1339 3305 1602 3376; x_wconf 88' lang='grc' dir='ltr'>ἡλιακῶν.</span> <span class='ocrx_word' id='word_1_207' title='bbox 1629 3305 1906 3375; x_wconf 76' lang='grc' dir='ltr'>Διογένης,</span> <span class='ocrx_word' id='word_1_208' title='bbox 1935 3305 1998 3356; x_wconf 79' lang='grc' dir='ltr'>ἐκ</span> 
     </span>
    </p>
   </div>
   <div class='ocr_carea' id='block_1_33' title="bbox 418 3393 1999 3470">
    <p class='ocr_par' dir='ltr' id='par_1_33' title="bbox 418 3393 1999 3470">
     <span class='ocr_line' id='line_1_33' title="bbox 418 3393 1999 3470; baseline -0.004 -17"><span class='ocrx_word' id='word_1_209' title='bbox 418 3401 581 3453; x_wconf 80' lang='grc' dir='ltr'>πέντε</span> <span class='ocrx_word' id='word_1_210' title='bbox 603 3402 696 3456; x_wconf 73' lang='grc' dir='ltr'>καὶ</span> <span class='ocrx_word' id='word_1_211' title='bbox 725 3399 986 3470; x_wconf 80' lang='grc' dir='ltr'>ἐξήκοντα</span> <span class='ocrx_word' id='word_1_212' title='bbox 1011 3399 1104 3451; x_wconf 74' lang='grc' dir='ltr'>καὶ</span> <span class='ocrx_word' id='word_1_213' title='bbox 1132 3398 1460 3470; x_wconf 86' lang='grc' dir='ltr'>τριακοσίων</span> <span class='ocrx_word' id='word_1_214' title='bbox 1506 3395 1787 3459; x_wconf 82' lang='grc' dir='ltr'>ἐνιαυτῶν,</span> <span class='ocrx_word' id='word_1_215' title='bbox 1812 3393 1969 3448; x_wconf 88' lang='grc' dir='ltr'>τοσού</span> <span class='ocrx_word' id='word_1_216' title='bbox 1985 3424 1999 3434; x_wconf 89' lang='lat'><strong>-</strong></span> 
     </span>
    </p>
   </div>
   <div class='ocr_carea' id='block_1_34' title="bbox 415 3487 1999 3564">
    <p class='ocr_par' dir='ltr' id='par_1_34' title="bbox 415 3487 1999 3564">
     <span class='ocr_line' id='line_1_34' title="bbox 415 3487 1999 3564; baseline -0.004 -18"><span class='ocrx_word' id='word_1_217' title='bbox 415 3510 545 3559; x_wconf 85' lang='grc' dir='ltr'>των,</span> <span class='ocrx_word' id='word_1_218' title='bbox 573 3494 709 3545; x_wconf 85' lang='grc' dir='ltr'>ὅσων</span> <span class='ocrx_word' id='word_1_219' title='bbox 755 3491 863 3562; x_wconf 81' lang='grc'>(81)</span> <span class='ocrx_word' id='word_1_220' title='bbox 914 3491 1056 3544; x_wconf 89' lang='grc' dir='ltr'><strong>κατά</strong></span> <span class='ocrx_word' id='word_1_221' title='bbox 1111 3491 1458 3564; x_wconf 84' lang='grc' dir='ltr'>Ἡράκλειτον</span> <span class='ocrx_word' id='word_1_222' title='bbox 1497 3491 1524 3542; x_wconf 93' lang='grc' dir='ltr'><strong>ὀ</strong></span> <span class='ocrx_word' id='word_1_223' title='bbox 1553 3489 1852 3552; x_wconf 76' lang='grc' dir='ltr'>ἐνιαυτός.»</span> <span class='ocrx_word' id='word_1_224' title='bbox 1888 3487 1999 3540; x_wconf 69' lang='grc' dir='ltr'>Καὶ</span> 
     </span>
    </p>
   </div>
   <div class='ocr_carea' id='block_1_35' title="bbox 418 3577 1998 3651">
    <p class='ocr_par' dir='ltr' id='par_1_35' title="bbox 418 3577 1998 3651">
     <span class='ocr_line' id='line_1_35' title="bbox 418 3577 1998 3651; baseline -0.002 -19"><span class='ocrx_word' id='word_1_225' title='bbox 418 3581 546 3651; x_wconf 75' lang='grc' dir='ltr'>περὶ</span> <span class='ocrx_word' id='word_1_226' title='bbox 583 3580 680 3650; x_wconf 80' lang='grc' dir='ltr'>μὲν</span> <span class='ocrx_word' id='word_1_227' title='bbox 714 3577 820 3632; x_wconf 88' lang='grc' dir='ltr'><strong>τῶν</strong></span> <span class='ocrx_word' id='word_1_228' title='bbox 849 3579 1113 3650; x_wconf 82' lang='grc' dir='ltr'>οὐρανίων</span> <span class='ocrx_word' id='word_1_229' title='bbox 1139 3580 1233 3632; x_wconf 78' lang='grc' dir='ltr'>καὶ</span> <span class='ocrx_word' id='word_1_230' title='bbox 1261 3579 1567 3651; x_wconf 87' lang='grc' dir='ltr'>μεταρσίων</span> <span class='ocrx_word' id='word_1_231' title='bbox 1620 3577 1859 3630; x_wconf 83' lang='grc' dir='ltr'>τοσαῦτα</span> <span class='ocrx_word' id='word_1_232' title='bbox 1886 3579 1998 3640; x_wconf 86' lang='grc' dir='ltr'>τοῖς</span> 
     </span>
    </p>
   </div>
   <div class='ocr_carea' id='block_1_36' title="bbox 417 3670 2002 3742">
    <p class='ocr_par' dir='ltr' id='par_1_36' title="bbox 417 3670 2002 3742">
     <span class='ocr_line' id='line_1_36' title="bbox 417 3670 2002 3742; baseline -0.003 -15"><span class='ocrx_word' id='word_1_233' title='bbox 417 3670 807 3742; x_wconf 72' lang='grc' dir='ltr'>δεδηλωμένοις</span> <span class='ocrx_word' id='word_1_234' title='bbox 836 3671 972 3742; x_wconf 81' lang='grc' dir='ltr'>πρὸς</span> <span class='ocrx_word' id='word_1_235' title='bbox 995 3671 1258 3742; x_wconf 78' lang='grc' dir='ltr'>ἀλλήλους</span> <span class='ocrx_word' id='word_1_236' title='bbox 1315 3671 1741 3725; x_wconf 88' lang='grc' dir='ltr'>διεστασίασται.</span> <span class='ocrx_word' id='word_1_237' title='bbox 1781 3670 1891 3724; x_wconf 86' lang='grc' dir='ltr'>Θέα</span> <span class='ocrx_word' id='word_1_238' title='bbox 1942 3670 2002 3722; x_wconf 82' lang='grc' dir='ltr'>δὲ</span> 
     </span>
    </p>
   </div>
   <div class='ocr_carea' id='block_1_37' title="bbox 419 3760 904 3832">
    <p class='ocr_par' dir='ltr' id='par_1_37' title="bbox 419 3760 904 3832">
     <span class='ocr_line' id='line_1_37' title="bbox 419 3760 904 3832; baseline 0.002 -19"><span class='ocrx_word' id='word_1_239' title='bbox 419 3762 514 3814; x_wconf 71' lang='grc' dir='ltr'>καὶ</span> <span class='ocrx_word' id='word_1_240' title='bbox 537 3760 604 3812; x_wconf 86' lang='grc' dir='ltr'>τὰ</span> <span class='ocrx_word' id='word_1_241' title='bbox 630 3761 756 3832; x_wconf 68' lang='grc' dir='ltr'>περ).</span> <span class='ocrx_word' id='word_1_242' title='bbox 780 3761 904 3831; x_wconf 76' lang='grc' dir='ltr'>γῆς.</span> 
     </span>
    </p>
   </div>
   <div class='ocr_carea' id='block_1_38' title="bbox 938 3943 1482 3996">
    <p class='ocr_par' dir='ltr' id='par_1_38' title="bbox 938 3943 1482 3996">
     <span class='ocr_line' id='line_1_38' title="bbox 938 3943 1482 3996; baseline 0.006 -3"><span class='ocrx_word' id='word_1_243' title='bbox 938 3943 1333 3995; x_wconf 83' lang='grc' dir='ltr'><strong>ΚΕΦΑΛΑΙΟΝ</strong></span> <span class='ocrx_word' id='word_1_244' title='bbox 1357 3944 1402 3994; x_wconf 85' lang='grc' dir='ltr'><strong>Ν</strong></span> <span class='ocrx_word' id='word_1_245' title='bbox 1409 3945 1482 3996; x_wconf 85' lang='grc' dir='ltr'><strong>Ε’.</strong></span> 
     </span>
    </p>
   </div>
   <div class='ocr_carea' id='block_1_39' title="bbox 1051 4053 1350 4125">
    <p class='ocr_par' dir='ltr' id='par_1_39' title="bbox 1051 4053 1350 4125">
     <span class='ocr_line' id='line_1_39' title="bbox 1051 4053 1350 4125; baseline 0 -17"><span class='ocrx_word' id='word_1_246' title='bbox 1051 4055 1189 4122; x_wconf 81' lang='grc' dir='ltr'>Περὶ</span> <span class='ocrx_word' id='word_1_247' title='bbox 1220 4053 1350 4125; x_wconf 76' lang='grc' dir='ltr'>γῆς.</span> 
     </span>
    </p>
   </div>
   <div class='ocr_carea' id='block_1_40' title="bbox 495 4167 1994 4248">
    <p class='ocr_par' dir='ltr' id='par_1_40' title="bbox 495 4167 1994 4248">
     <span class='ocr_line' id='line_1_40' title="bbox 495 4167 1994 4248; baseline 0.005 -28"><span class='ocrx_word' id='word_1_248' title='bbox 495 4185 514 4220; x_wconf 78' lang='grc' dir='ltr'><strong>ι</strong></span> <span class='ocrx_word' id='word_1_249' title='bbox 551 4167 729 4240; x_wconf 82' lang='grc' dir='ltr'>Θαλῆς</span> <span class='ocrx_word' id='word_1_250' title='bbox 763 4168 872 4240; x_wconf 70' lang='grc'>(82)</span> <span class='ocrx_word' id='word_1_251' title='bbox 903 4170 996 4223; x_wconf 79' lang='grc' dir='ltr'>καὶ</span> <span class='ocrx_word' id='word_1_252' title='bbox 1028 4173 1074 4224; x_wconf 87' lang='grc' dir='ltr'><strong>οί</strong></span> <span class='ocrx_word' id='word_1_253' title='bbox 1105 4172 1196 4224; x_wconf 85' lang='grc' dir='ltr'><strong>ἀπ’</strong></span> <span class='ocrx_word' id='word_1_254' title='bbox 1229 4170 1417 4234; x_wconf 78' lang='grc' dir='ltr'>αὐτοῦ,</span> <span class='ocrx_word' id='word_1_255' title='bbox 1445 4172 1573 4243; x_wconf 88' lang='grc' dir='ltr'>μίαν</span> <span class='ocrx_word' id='word_1_256' title='bbox 1593 4167 1730 4227; x_wconf 78' lang='grc' dir='ltr'>εἶναι</span> <span class='ocrx_word' id='word_1_257' title='bbox 1755 4171 1854 4248; x_wconf 81' lang='grc' dir='ltr'>τὴν</span> <span class='ocrx_word' id='word_1_258' title='bbox 1870 4173 1994 4244; x_wconf 84' lang='grc' dir='ltr'>γῆν.</span> 
     </span>
    </p>
   </div>
   <div class='ocr_carea' id='block_1_41' title="bbox 429 4261 1998 4337">
    <p class='ocr_par' dir='ltr' id='par_1_41' title="bbox 429 4261 1998 4337">
     <span class='ocr_line' id='line_1_41' title="bbox 429 4261 1998 4337; baseline 0.003 -24"><span class='ocrx_word' id='word_1_259' title='bbox 429 4261 663 4332; x_wconf 81' lang='grc' dir='ltr'>Ἰκαίτης</span> <span class='ocrx_word' id='word_1_260' title='bbox 691 4262 800 4332; x_wconf 81' lang='grc'>(85)</span> <span class='ocrx_word' id='word_1_261' title='bbox 831 4265 858 4315; x_wconf 93' lang='grc' dir='ltr'><strong>ὀ</strong></span> <span class='ocrx_word' id='word_1_262' title='bbox 883 4263 1247 4336; x_wconf 87' lang='grc' dir='ltr'>Πυθαγόρειος</span> <span class='ocrx_word' id='word_1_263' title='bbox 1267 4264 1381 4329; x_wconf 86' lang='grc' dir='ltr'>δύο,</span> <span class='ocrx_word' id='word_1_264' title='bbox 1409 4264 1634 4335; x_wconf 88' lang='grc' dir='ltr'>ταύτην,</span> <span class='ocrx_word' id='word_1_265' title='bbox 1671 4265 1765 4319; x_wconf 78' lang='grc' dir='ltr'>καὶ</span> <span class='ocrx_word' id='word_1_266' title='bbox 1789 4265 1884 4337; x_wconf 80' lang='grc' dir='ltr'><strong>τήν</strong></span> <span class='ocrx_word' id='word_1_267' title='bbox 1901 4266 1998 4319; x_wconf 89' lang='grc' dir='ltr'>ἀν-</span> 
     </span>
    </p>
   </div>
   <div class='ocr_carea' id='block_1_42' title="bbox 414 4350 1994 4429">
    <p class='ocr_par' dir='ltr' id='par_1_42' title="bbox 414 4350 1994 4429">
     <span class='ocr_line' id='line_1_42' title="bbox 414 4350 1994 4429; baseline 0.006 -27"><span class='ocrx_word' id='word_1_268' title='bbox 414 4350 652 4421; x_wconf 83' lang='grc' dir='ltr'>τίχθονα.</span> <span class='ocrx_word' id='word_1_269' title='bbox 680 4354 743 4405; x_wconf 83' lang='grc' dir='ltr'><strong>Οἱ</strong></span> <span class='ocrx_word' id='word_1_270' title='bbox 767 4354 1015 4418; x_wconf 75' lang='grc' dir='ltr'>Στωϊκοὶ,</span> <span class='ocrx_word' id='word_1_271' title='bbox 1038 4356 1134 4426; x_wconf 85' lang='grc' dir='ltr'><strong>τὴν</strong></span> <span class='ocrx_word' id='word_1_272' title='bbox 1156 4356 1259 4426; x_wconf 80' lang='grc' dir='ltr'>γῆν</span> <span class='ocrx_word' id='word_1_273' title='bbox 1285 4357 1409 4426; x_wconf 89' lang='grc' dir='ltr'>μίαν</span> <span class='ocrx_word' id='word_1_274' title='bbox 1431 4357 1525 4410; x_wconf 72' lang='grc' dir='ltr'>καὶ</span> <span class='ocrx_word' id='word_1_275' title='bbox 1551 4359 1994 4429; x_wconf 80' lang='grc' dir='ltr'>πεπερασμένην.</span> 
     </span>
    </p>
   </div>
   <div class='ocr_carea' id='block_1_43' title="bbox 416 4442 1997 4524">
    <p class='ocr_par' dir='ltr' id='par_1_43' title="bbox 416 4442 1997 4524">
     <span class='ocr_line' id='line_1_43' title="bbox 416 4442 1997 4524; baseline 0.006 -28"><span class='ocrx_word' id='word_1_276' title='bbox 416 4442 744 4515; x_wconf 83' lang='grc' dir='ltr'>Ξενοφάνης,</span> <span class='ocrx_word' id='word_1_277' title='bbox 778 4446 843 4498; x_wconf 77' lang='grc' dir='ltr'>ἐκ</span> <span class='ocrx_word' id='word_1_278' title='bbox 897 4447 991 4500; x_wconf 80' lang='grc' dir='ltr'><strong>τοῦ</strong></span> <span class='ocrx_word' id='word_1_279' title='bbox 1049 4448 1357 4519; x_wconf 85' lang='grc' dir='ltr'>κατωτέρου</span> <span class='ocrx_word' id='word_1_280' title='bbox 1403 4449 1602 4520; x_wconf 85' lang='grc' dir='ltr'>μέρους</span> <span class='ocrx_word' id='word_1_281' title='bbox 1651 4454 1731 4514; x_wconf 83' lang='grc' dir='ltr'><strong>είς</strong></span> <span class='ocrx_word' id='word_1_282' title='bbox 1771 4451 1997 4524; x_wconf 77' lang='grc' dir='ltr'>ἄπειρον</span> 
     </span>
    </p>
   </div>
   <div class='ocr_carea' id='block_1_44' title="bbox 2098 588 3690 664">
    <p class='ocr_par' dir='ltr' id='par_1_44' title="bbox 2098 588 3690 664">
     <span class='ocr_line' id='line_1_44' title="bbox 2098 588 3690 664; baseline -0.004 -16"><span class='ocrx_word' id='word_1_283' title='bbox 2098 594 2316 664; x_wconf 85' lang='lat' dir='ltr'><strong>quidem</strong></span> <span class='ocrx_word' id='word_1_284' title='bbox 2348 591 2652 662; x_wconf 83' lang='lat' dir='ltr'><strong>majoribus</strong></span> <span class='ocrx_word' id='word_1_285' title='bbox 2694 589 3068 645; x_wconf 70' lang='lat' dir='ltr'><strong>animantibus</strong></span> <span class='ocrx_word' id='word_1_286' title='bbox 3103 588 3414 659; x_wconf 79' lang='lat' dir='ltr'><strong>plantisque</strong></span> <span class='ocrx_word' id='word_1_287' title='bbox 3445 588 3690 656; x_wconf 80' lang='lat' dir='ltr'><strong>pulchri-</strong></span> 
     </span>
    </p>
   </div>
   <div class='ocr_carea' id='block_1_45' title="bbox 2097 680 3689 755">
    <p class='ocr_par' dir='ltr' id='par_1_45' title="bbox 2097 680 3689 755">
     <span class='ocr_line' id='line_1_45' title="bbox 2097 680 3689 755; baseline -0.003 -17"><span class='ocrx_word' id='word_1_288' title='bbox 2097 685 2321 751; x_wconf 90' lang='lat' dir='ltr'><strong>oribus;</strong></span> <span class='ocrx_word' id='word_1_289' title='bbox 2354 682 2524 755; x_wconf 60' lang='lat'><strong>849</strong></span> <span class='ocrx_word' id='word_1_290' title='bbox 2552 681 2672 750; x_wconf 84' lang='lat' dir='ltr'><strong>ejus</strong></span> <span class='ocrx_word' id='word_1_291' title='bbox 2719 682 2865 736; x_wconf 91' lang='lat' dir='ltr'><strong>enim</strong></span> <span class='ocrx_word' id='word_1_292' title='bbox 2924 682 3232 736; x_wconf 77' lang='lat' dir='ltr'><strong>animantes</strong></span> <span class='ocrx_word' id='word_1_293' title='bbox 3275 680 3488 735; x_wconf 87' lang='lat' dir='ltr'><strong>vicibus</strong></span> <span class='ocrx_word' id='word_1_294' title='bbox 3524 680 3689 749; x_wconf 90' lang='lat' dir='ltr'><strong>quin-</strong></span> 
     </span>
    </p>
   </div>
   <div class='ocr_carea' id='block_1_46' title="bbox 2097 772 3686 846">
    <p class='ocr_par' dir='ltr' id='par_1_46' title="bbox 2097 772 3686 846">
     <span class='ocr_line' id='line_1_46' title="bbox 2097 772 3686 846; baseline -0.004 -14"><span class='ocrx_word' id='word_1_295' title='bbox 2097 777 2273 832; x_wconf 86' lang='lat' dir='ltr'><strong>decim</strong></span> <span class='ocrx_word' id='word_1_296' title='bbox 2329 787 2548 831; x_wconf 90' lang='lat' dir='ltr'><strong>nostras</strong></span> <span class='ocrx_word' id='word_1_297' title='bbox 2597 776 2912 846; x_wconf 75' lang='lat' dir='ltr'><strong>adaequare,</strong></span> <span class='ocrx_word' id='word_1_298' title='bbox 2942 787 3382 844; x_wconf 90' lang='lat' dir='ltr'><strong>corporeumque</strong></span> <span class='ocrx_word' id='word_1_299' title='bbox 3419 772 3556 826; x_wconf 87' lang='lat' dir='ltr'><strong>nihil</strong></span> <span class='ocrx_word' id='word_1_300' title='bbox 3591 787 3686 827; x_wconf 79' lang='lat' dir='ltr'><strong>ex-</strong></span> 
     </span>
    </p>
   </div>
   <div class='ocr_carea' id='block_1_47' title="bbox 2099 863 3681 936">
    <p class='ocr_par' dir='ltr' id='par_1_47' title="bbox 2099 863 3681 936">
     <span class='ocr_line' id='line_1_47' title="bbox 2099 863 3681 936; baseline -0.002 -15"><span class='ocrx_word' id='word_1_301' title='bbox 2099 881 2351 933; x_wconf 88' lang='lat' dir='ltr'><strong>cernere;</strong></span> <span class='ocrx_word' id='word_1_302' title='bbox 2378 867 2522 922; x_wconf 90' lang='lat' dir='ltr'><strong>diem</strong></span> <span class='ocrx_word' id='word_1_303' title='bbox 2555 866 2667 921; x_wconf 91' lang='lat' dir='ltr'><strong>illic</strong></span> <span class='ocrx_word' id='word_1_304' title='bbox 2719 875 2983 936; x_wconf 66' lang='lat' dir='ltr'><strong>praeterea</strong></span> <span class='ocrx_word' id='word_1_305' title='bbox 3034 865 3259 919; x_wconf 91' lang='lat' dir='ltr'><strong>totidem</strong></span> <span class='ocrx_word' id='word_1_306' title='bbox 3297 863 3543 933; x_wconf 84' lang='lat' dir='ltr'><strong>partibus</strong></span> <span class='ocrx_word' id='word_1_307' title='bbox 3581 879 3681 918; x_wconf 87' lang='lat' dir='ltr'><strong>no-</strong></span> 
     </span>
    </p>
   </div>
   <div class='ocr_carea' id='block_1_48' title="bbox 2105 957 3686 1028">
    <p class='ocr_par' dir='ltr' id='par_1_48' title="bbox 2105 957 3686 1028">
     <span class='ocr_line' id='line_1_48' title="bbox 2105 957 3686 1028; baseline -0.001 -16"><span class='ocrx_word' id='word_1_308' title='bbox 2105 966 2282 1012; x_wconf 88' lang='lat' dir='ltr'><strong>strum</strong></span> <span class='ocrx_word' id='word_1_309' title='bbox 2314 959 2463 1013; x_wconf 87' lang='lat' dir='ltr'><strong>hunc</strong></span> <span class='ocrx_word' id='word_1_310' title='bbox 2485 973 2766 1028; x_wconf 91' lang='lat' dir='ltr'><strong>superare.</strong></span> <span class='ocrx_word' id='word_1_311' title='bbox 2790 959 3168 1025; x_wconf 79' lang='lat' dir='ltr'><strong>Anaxagoras,</strong></span> <span class='ocrx_word' id='word_1_312' title='bbox 3187 957 3261 1011; x_wconf 81' lang='lat' dir='ltr'><strong>ob</strong></span> <span class='ocrx_word' id='word_1_313' title='bbox 3276 957 3686 1027; x_wconf 83' lang='lat' dir='ltr'><strong>temperationis</strong></span> 
     </span>
    </p>
   </div>
   <div class='ocr_carea' id='block_1_49' title="bbox 2100 1047 3688 1122">
    <p class='ocr_par' dir='ltr' id='par_1_49' title="bbox 2100 1047 3688 1122">
     <span class='ocr_line' id='line_1_49' title="bbox 2100 1047 3688 1122; baseline -0.004 -16"><span class='ocrx_word' id='word_1_314' title='bbox 2100 1051 2544 1122; x_wconf 62' lang='lat' dir='ltr'><strong>inaequalitatem,</strong></span> <span class='ocrx_word' id='word_1_315' title='bbox 2592 1048 2886 1120; x_wconf 71' lang='lat' dir='ltr'><strong>{rigidique</strong></span> <span class='ocrx_word' id='word_1_316' title='bbox 2941 1048 3106 1103; x_wconf 88' lang='lat' dir='ltr'><strong>simul</strong></span> <span class='ocrx_word' id='word_1_317' title='bbox 3149 1063 3214 1103; x_wconf 91' lang='lat' dir='ltr'><strong>ac</strong></span> <span class='ocrx_word' id='word_1_318' title='bbox 3264 1049 3538 1102; x_wconf 88' lang='lat' dir='ltr'><strong>terrestris</strong></span> <span class='ocrx_word' id='word_1_319' title='bbox 3591 1047 3688 1100; x_wconf 81' lang='lat' dir='ltr'><strong>ad—</strong></span> 
     </span>
    </p>
   </div>
   <div class='ocr_carea' id='block_1_50' title="bbox 2101 1140 3684 1210">
    <p class='ocr_par' dir='ltr' id='par_1_50' title="bbox 2101 1140 3684 1210">
     <span class='ocr_line' id='line_1_50' title="bbox 2101 1140 3684 1210; baseline -0.003 -12"><span class='ocrx_word' id='word_1_320' title='bbox 2101 1144 2414 1199; x_wconf 89' lang='lat' dir='ltr'><strong>mistioncm</strong></span> <span class='ocrx_word' id='word_1_321' title='bbox 2451 1161 2466 1197; x_wconf 90' lang='lat'><strong>:</strong></span> <span class='ocrx_word' id='word_1_322' title='bbox 2504 1142 2856 1197; x_wconf 89' lang='lat' dir='ltr'><strong>tenebrosum</strong></span> <span class='ocrx_word' id='word_1_323' title='bbox 2888 1141 3038 1196; x_wconf 90' lang='lat' dir='ltr'><strong>enim</strong></span> <span class='ocrx_word' id='word_1_324' title='bbox 3063 1140 3324 1210; x_wconf 88' lang='lat' dir='ltr'><strong>quiddam</strong></span> <span class='ocrx_word' id='word_1_325' title='bbox 3358 1141 3538 1195; x_wconf 89' lang='lat' dir='ltr'><strong>inesse</strong></span> <span class='ocrx_word' id='word_1_326' title='bbox 3560 1154 3684 1194; x_wconf 92' lang='lat' dir='ltr'><strong>cum</strong></span> 
     </span>
    </p>
   </div>
   <div class='ocr_carea' id='block_1_51' title="bbox 2100 1232 3677 1306">
    <p class='ocr_par' dir='ltr' id='par_1_51' title="bbox 2100 1232 3677 1306">
     <span class='ocr_line' id='line_1_51' title="bbox 2100 1232 3677 1306; baseline -0.002 -17"><span class='ocrx_word' id='word_1_327' title='bbox 2100 1235 2261 1306; x_wconf 83' lang='lat' dir='ltr'><strong>igneo</strong></span> <span class='ocrx_word' id='word_1_328' title='bbox 2296 1235 2504 1306; x_wconf 76' lang='lat' dir='ltr'><strong>fulgore</strong></span> <span class='ocrx_word' id='word_1_329' title='bbox 2541 1235 2893 1289; x_wconf 86' lang='lat' dir='ltr'><strong>commistum</strong></span> <span class='ocrx_word' id='word_1_330' title='bbox 2926 1252 2939 1287; x_wconf 90' lang='lat'><strong>:</strong></span> <span class='ocrx_word' id='word_1_331' title='bbox 2969 1248 3145 1304; x_wconf 90' lang='lat' dir='ltr'><strong>eoque</strong></span> <span class='ocrx_word' id='word_1_332' title='bbox 3171 1233 3382 1301; x_wconf 89' lang='lat' dir='ltr'><strong>lunam,</strong></span> <span class='ocrx_word' id='word_1_333' title='bbox 3412 1232 3534 1288; x_wconf 82' lang='lat' dir='ltr'><strong>falsi</strong></span> <span class='ocrx_word' id='word_1_334' title='bbox 3569 1233 3677 1286; x_wconf 80' lang='lat' dir='ltr'><strong>vul-</strong></span> 
     </span>
    </p>
   </div>
   <div class='ocr_carea' id='block_1_52' title="bbox 2101 1325 3683 1396">
    <p class='ocr_par' dir='ltr' id='par_1_52' title="bbox 2101 1325 3683 1396">
     <span class='ocr_line' id='line_1_52' title="bbox 2101 1325 3683 1396; baseline -0.003 -15"><span class='ocrx_word' id='word_1_335' title='bbox 2101 1334 2190 1382; x_wconf 89' lang='lat' dir='ltr'><strong>tus</strong></span> <span class='ocrx_word' id='word_1_336' title='bbox 2220 1342 2284 1382; x_wconf 87' lang='lat' dir='ltr'><strong>ac</strong></span> <span class='ocrx_word' id='word_1_337' title='bbox 2316 1327 2540 1382; x_wconf 89' lang='lat' dir='ltr'><strong>luminis</strong></span> <span class='ocrx_word' id='word_1_338' title='bbox 2562 1336 2772 1383; x_wconf 90' lang='lat' dir='ltr'><strong>astrum</strong></span> <span class='ocrx_word' id='word_1_339' title='bbox 2807 1326 3014 1380; x_wconf 86' lang='lat' dir='ltr'><strong>vocari.</strong></span> <span class='ocrx_word' id='word_1_340' title='bbox 3051 1325 3242 1390; x_wconf 90' lang='lat' dir='ltr'><strong>Stoici,</strong></span> <span class='ocrx_word' id='word_1_341' title='bbox 3270 1325 3418 1396; x_wconf 90' lang='lat' dir='ltr'><strong>quod</strong></span> <span class='ocrx_word' id='word_1_342' title='bbox 3460 1325 3683 1380; x_wconf 87' lang='lat' dir='ltr'><strong>mistam</strong></span> 
     </span>
    </p>
   </div>
   <div class='ocr_carea' id='block_1_53' title="bbox 2101 1417 3690 1488">
    <p class='ocr_par' dir='ltr' id='par_1_53' title="bbox 2101 1417 3690 1488">
     <span class='ocr_line' id='line_1_53' title="bbox 2101 1417 3690 1488; baseline -0.001 -13"><span class='ocrx_word' id='word_1_343' title='bbox 2101 1435 2226 1475; x_wconf 80' lang='lat' dir='ltr'><strong>aere</strong></span> <span class='ocrx_word' id='word_1_344' title='bbox 2259 1431 2508 1474; x_wconf 89' lang='lat' dir='ltr'><strong>naturam</strong></span> <span class='ocrx_word' id='word_1_345' title='bbox 2545 1420 2763 1483; x_wconf 87' lang='lat' dir='ltr'><strong>habeat,</strong></span> <span class='ocrx_word' id='word_1_346' title='bbox 2809 1419 3267 1488; x_wconf 88' lang='lat' dir='ltr'><strong>temperationem</strong></span> <span class='ocrx_word' id='word_1_347' title='bbox 3323 1417 3445 1487; x_wconf 85' lang='lat' dir='ltr'><strong>ejus</strong></span> <span class='ocrx_word' id='word_1_348' title='bbox 3495 1433 3690 1474; x_wconf 80' lang='lat' dir='ltr'><strong>corru-</strong></span> 
     </span>
    </p>
   </div>
   <div class='ocr_carea' id='block_1_54' title="bbox 2101 1513 2976 1582">
    <p class='ocr_par' dir='ltr' id='par_1_54' title="bbox 2101 1513 2976 1582">
     <span class='ocr_line' id='line_1_54' title="bbox 2101 1513 2976 1582; baseline -0.005 -16"><span class='ocrx_word' id='word_1_349' title='bbox 2101 1513 2304 1582; x_wconf 84' lang='lat' dir='ltr'><strong>ptionis</strong></span> <span class='ocrx_word' id='word_1_350' title='bbox 2328 1522 2602 1582; x_wconf 83' lang='lat' dir='ltr'><strong>expertem</strong></span> <span class='ocrx_word' id='word_1_351' title='bbox 2630 1527 2739 1566; x_wconf 89' lang='lat' dir='ltr'><strong>non</strong></span> <span class='ocrx_word' id='word_1_352' title='bbox 2769 1527 2912 1566; x_wconf 87' lang='lat' dir='ltr'><strong>esse.</strong></span> <span class='ocrx_word' id='word_1_353' title='bbox 2957 1531 2976 1562; x_wconf 74' lang='grc' dir='ltr'><strong>ι</strong></span> 
     </span>
    </p>
   </div>
   <div class='ocr_carea' id='block_1_55' title="bbox 2681 1622 3092 1679">
    <p class='ocr_par' dir='ltr' id='par_1_55' title="bbox 2681 1622 3092 1679">
     <span class='ocr_line' id='line_1_55' title="bbox 2681 1622 3092 1679; baseline 0.002 -1"><span class='ocrx_word' id='word_1_354' title='bbox 2681 1623 2912 1678; x_wconf 82' lang='lat' dir='ltr'><strong>CAPUT</strong></span> <span class='ocrx_word' id='word_1_355' title='bbox 2962 1622 3092 1679; x_wconf 90' lang='lat' dir='ltr'>LIII.</span> 
     </span>
    </p>
   </div>
   <div class='ocr_carea' id='block_1_56' title="bbox 2404 1735 3391 1808">
    <p class='ocr_par' dir='ltr' id='par_1_56' title="bbox 2404 1735 3391 1808">
     <span class='ocr_line' id='line_1_56' title="bbox 2404 1735 3391 1808; baseline 0.005 -20"><span class='ocrx_word' id='word_1_356' title='bbox 2404 1735 2681 1802; x_wconf 83' lang='lat' dir='ltr'><strong>Quantum</strong></span> <span class='ocrx_word' id='word_1_357' title='bbox 2709 1738 2772 1790; x_wconf 89' lang='lat' dir='ltr'><strong>ab</strong></span> <span class='ocrx_word' id='word_1_358' title='bbox 2803 1737 2910 1792; x_wconf 80' lang='lat' dir='ltr'><strong>sole</strong></span> <span class='ocrx_word' id='word_1_359' title='bbox 2935 1747 3175 1808; x_wconf 84' lang='lat' dir='ltr'><strong>terraque</strong></span> <span class='ocrx_word' id='word_1_360' title='bbox 3207 1736 3391 1793; x_wconf 77' lang='lat' dir='ltr'><strong>distet.</strong></span> 
     </span>
    </p>
   </div>
   <div class='ocr_carea' id='block_1_57' title="bbox 2179 1843 3684 1920">
    <p class='ocr_par' dir='ltr' id='par_1_57' title="bbox 2179 1843 3684 1920">
     <span class='ocr_line' id='line_1_57' title="bbox 2179 1843 3684 1920; baseline 0.004 -24"><span class='ocrx_word' id='word_1_361' title='bbox 2179 1861 2199 1896; x_wconf 81' lang='grc' dir='ltr'><strong>ι</strong></span> <span class='ocrx_word' id='word_1_362' title='bbox 2242 1843 2632 1915; x_wconf 84' lang='lat' dir='ltr'><strong>Empedocles,</strong></span> <span class='ocrx_word' id='word_1_363' title='bbox 2667 1847 2752 1902; x_wconf 87' lang='lat' dir='ltr'><strong>bis</strong></span> <span class='ocrx_word' id='word_1_364' title='bbox 2775 1863 2894 1902; x_wconf 88' lang='lat' dir='ltr'><strong>eam</strong></span> <span class='ocrx_word' id='word_1_365' title='bbox 2925 1849 2994 1903; x_wconf 85' lang='lat' dir='ltr'><strong>ab</strong></span> <span class='ocrx_word' id='word_1_366' title='bbox 3023 1849 3137 1904; x_wconf 89' lang='lat' dir='ltr'><strong>sole</strong></span> <span class='ocrx_word' id='word_1_367' title='bbox 3160 1857 3394 1915; x_wconf 89' lang='lat' dir='ltr'><strong>tantum,</strong></span> <span class='ocrx_word' id='word_1_368' title='bbox 3419 1857 3684 1920; x_wconf 88' lang='lat' dir='ltr'><strong>quantum</strong></span> 
     </span>
    </p>
   </div>
   <div class='ocr_carea' id='block_1_58' title="bbox 2102 1937 3688 2012">
    <p class='ocr_par' dir='ltr' id='par_1_58' title="bbox 2102 1937 3688 2012">
     <span class='ocr_line' id='line_1_58' title="bbox 2102 1937 3688 2012; baseline 0.003 -23"><span class='ocrx_word' id='word_1_369' title='bbox 2102 1950 2132 1989; x_wconf 93' lang='lat' dir='ltr'><strong>a</strong></span> <span class='ocrx_word' id='word_1_370' title='bbox 2185 1946 2330 1990; x_wconf 89' lang='lat' dir='ltr'><strong>terra</strong></span> <span class='ocrx_word' id='word_1_371' title='bbox 2354 1937 2580 1992; x_wconf 84' lang='lat' dir='ltr'><strong>distare.</strong></span> <span class='ocrx_word' id='word_1_372' title='bbox 2632 1937 3024 2005; x_wconf 88' lang='lat' dir='ltr'><strong>Mathematici,</strong></span> <span class='ocrx_word' id='word_1_373' title='bbox 3055 1942 3413 2012; x_wconf 89' lang='lat' dir='ltr'><strong>posteriorem</strong></span> <span class='ocrx_word' id='word_1_374' title='bbox 3443 1956 3474 1996; x_wconf 87' lang='lat' dir='ltr'><strong>a</strong></span> <span class='ocrx_word' id='word_1_375' title='bbox 3504 1941 3688 2011; x_wconf 85' lang='lat' dir='ltr'><strong>priore</strong></span> 
     </span>
    </p>
   </div>
   <div class='ocr_carea' id='block_1_59' title="bbox 2101 2024 3686 2103">
    <p class='ocr_par' dir='ltr' id='par_1_59' title="bbox 2101 2024 3686 2103">
     <span class='ocr_line' id='line_1_59' title="bbox 2101 2024 3686 2103; baseline 0.004 -22"><span class='ocrx_word' id='word_1_376' title='bbox 2101 2024 2416 2081; x_wconf 82' lang='lat' dir='ltr'><strong>distantiam</strong></span> <span class='ocrx_word' id='word_1_377' title='bbox 2463 2028 2767 2083; x_wconf 89' lang='lat' dir='ltr'><strong>octodecim</strong></span> <span class='ocrx_word' id='word_1_378' title='bbox 2804 2031 3015 2087; x_wconf 86' lang='lat' dir='ltr'><strong>vicibus</strong></span> <span class='ocrx_word' id='word_1_379' title='bbox 3045 2031 3343 2103; x_wconf 60' lang='lat' dir='ltr'><strong>adaquari.</strong></span> <span class='ocrx_word' id='word_1_380' title='bbox 3367 2033 3686 2088; x_wconf 88' lang='lat' dir='ltr'><strong>Eratosthe-</strong></span> 
     </span>
    </p>
   </div>
   <div class='ocr_carea' id='block_1_60' title="bbox 2101 2121 3689 2194">
    <p class='ocr_par' dir='ltr' id='par_1_60' title="bbox 2101 2121 3689 2194">
     <span class='ocr_line' id='line_1_60' title="bbox 2101 2121 3689 2194; baseline 0.002 -21"><span class='ocrx_word' id='word_1_381' title='bbox 2101 2133 2220 2182; x_wconf 90' lang='lat' dir='ltr'><strong>nes,</strong></span> <span class='ocrx_word' id='word_1_382' title='bbox 2275 2121 2580 2174; x_wconf 88' lang='lat' dir='ltr'><strong>stadiorum</strong></span> <span class='ocrx_word' id='word_1_383' title='bbox 2627 2122 2871 2178; x_wconf 85' lang='lat' dir='ltr'><strong>millibus</strong></span> <span class='ocrx_word' id='word_1_384' title='bbox 2927 2124 3205 2194; x_wconf 76' lang='lat' dir='ltr'><strong>octoginta</strong></span> <span class='ocrx_word' id='word_1_385' title='bbox 3278 2140 3444 2194; x_wconf 86' lang='lat' dir='ltr'><strong>supra</strong></span> <span class='ocrx_word' id='word_1_386' title='bbox 3497 2133 3689 2194; x_wconf 88' lang='lat' dir='ltr'><strong>quater</strong></span> 
     </span>
    </p>
   </div>
   <div class='ocr_carea' id='block_1_61' title="bbox 2101 2211 3689 2283">
    <p class='ocr_par' dir='ltr' id='par_1_61' title="bbox 2101 2211 3689 2283">
     <span class='ocr_line' id='line_1_61' title="bbox 2101 2211 3689 2283; baseline 0.003 -17"><span class='ocrx_word' id='word_1_387' title='bbox 2101 2211 2282 2266; x_wconf 85' lang='lat' dir='ltr'><strong>decies</strong></span> <span class='ocrx_word' id='word_1_388' title='bbox 2331 2213 2502 2267; x_wconf 85' lang='lat' dir='ltr'><strong>solem</strong></span> <span class='ocrx_word' id='word_1_389' title='bbox 2547 2229 2578 2268; x_wconf 92' lang='lat' dir='ltr'><strong>a</strong></span> <span class='ocrx_word' id='word_1_390' title='bbox 2613 2223 2759 2270; x_wconf 90' lang='lat' dir='ltr'><strong>terra</strong></span> <span class='ocrx_word' id='word_1_391' title='bbox 2799 2216 3038 2283; x_wconf 89' lang='lat' dir='ltr'><strong>distare;</strong></span> <span class='ocrx_word' id='word_1_392' title='bbox 3077 2217 3265 2272; x_wconf 89' lang='lat' dir='ltr'><strong>lunam</strong></span> <span class='ocrx_word' id='word_1_393' title='bbox 3299 2232 3445 2283; x_wconf 82' lang='lat' dir='ltr'><strong>vero,</strong></span> <span class='ocrx_word' id='word_1_394' title='bbox 3483 2216 3689 2272; x_wconf 85' lang='lat' dir='ltr'><strong>stadio-</strong></span> 
     </span>
    </p>
   </div>
   <div class='ocr_carea' id='block_1_62' title="bbox 2103 2302 3683 2381">
    <p class='ocr_par' dir='ltr' id='par_1_62' title="bbox 2103 2302 3683 2381">
     <span class='ocr_line' id='line_1_62' title="bbox 2103 2302 3683 2381; baseline 0.003 -25"><span class='ocrx_word' id='word_1_395' title='bbox 2103 2316 2224 2356; x_wconf 87' lang='lat' dir='ltr'><strong>rum</strong></span> <span class='ocrx_word' id='word_1_396' title='bbox 2258 2302 2502 2359; x_wconf 89' lang='lat' dir='ltr'><strong>millibus</strong></span> <span class='ocrx_word' id='word_1_397' title='bbox 2535 2307 2813 2377; x_wconf 82' lang='lat' dir='ltr'><strong>octoginta</strong></span> <span class='ocrx_word' id='word_1_398' title='bbox 2866 2321 3033 2377; x_wconf 86' lang='lat' dir='ltr'><strong>supra</strong></span> <span class='ocrx_word' id='word_1_399' title='bbox 3062 2308 3400 2381; x_wconf 80' lang='lat' dir='ltr'><strong>septingenta</strong></span> <span class='ocrx_word' id='word_1_400' title='bbox 3436 2308 3628 2364; x_wconf 86' lang='lat' dir='ltr'><strong>millia.</strong></span> <span class='ocrx_word' id='word_1_401' title='bbox 3663 2326 3683 2360; x_wconf 70' lang='grc' dir='ltr'><strong>ο</strong></span> 
     </span>
    </p>
   </div>
   <div class='ocr_carea' id='block_1_63' title="bbox 2691 2417 3102 2475">
    <p class='ocr_par' dir='ltr' id='par_1_63' title="bbox 2691 2417 3102 2475">
     <span class='ocr_line' id='line_1_63' title="bbox 2691 2417 3102 2475; baseline 0.002 -3"><span class='ocrx_word' id='word_1_402' title='bbox 2691 2417 2924 2475; x_wconf 82' lang='lat' dir='ltr'><strong>CAPUT</strong></span> <span class='ocrx_word' id='word_1_403' title='bbox 2966 2418 3102 2475; x_wconf 81' lang='lat' dir='ltr'><strong>LIV.</strong></span> 
     </span>
    </p>
   </div>
   <div class='ocr_carea' id='block_1_64' title="bbox 2753 2530 3047 2588">
    <p class='ocr_par' dir='ltr' id='par_1_64' title="bbox 2753 2530 3047 2588">
     <span class='ocr_line' id='line_1_64' title="bbox 2753 2530 3047 2588; baseline 0.014 -4"><span class='ocrx_word' id='word_1_404' title='bbox 2753 2530 2830 2586; x_wconf 85' lang='lat' dir='ltr'><strong>De</strong></span> <span class='ocrx_word' id='word_1_405' title='bbox 2871 2535 3047 2588; x_wconf 79' lang='lat' dir='ltr'><strong>annis.</strong></span> 
     </span>
    </p>
   </div>
   <div class='ocr_carea' id='block_1_65' title="bbox 2182 2640 3684 2720">
    <p class='ocr_par' dir='ltr' id='par_1_65' title="bbox 2182 2640 3684 2720">
     <span class='ocr_line' id='line_1_65' title="bbox 2182 2640 3684 2720; baseline 0.011 -29"><span class='ocrx_word' id='word_1_406' title='bbox 2182 2657 2200 2690; x_wconf 83' lang='grc' dir='ltr'><strong>ι</strong></span> <span class='ocrx_word' id='word_1_407' title='bbox 2238 2640 2462 2696; x_wconf 88' lang='lat' dir='ltr'><strong>Saturni</strong></span> <span class='ocrx_word' id='word_1_408' title='bbox 2497 2657 2696 2710; x_wconf 89' lang='lat' dir='ltr'><strong>annus,</strong></span> <span class='ocrx_word' id='word_1_409' title='bbox 2725 2661 2992 2701; x_wconf 80' lang='lat' dir='ltr'><strong>annorum</strong></span> <span class='ocrx_word' id='word_1_410' title='bbox 3022 2657 3105 2703; x_wconf 85' lang='lat' dir='ltr'><strong>est</strong></span> <span class='ocrx_word' id='word_1_411' title='bbox 3135 2650 3354 2720; x_wconf 90' lang='lat' dir='ltr'><strong>triginta</strong></span> <span class='ocrx_word' id='word_1_412' title='bbox 3381 2651 3634 2720; x_wconf 88' lang='lat' dir='ltr'><strong>periodus</strong></span> <span class='ocrx_word' id='word_1_413' title='bbox 3667 2669 3684 2707; x_wconf 86' lang='lat'><strong>:</strong></span> 
     </span>
    </p>
   </div>
   <div class='ocr_carea' id='block_1_66' title="bbox 2101 2728 3685 2807">
    <p class='ocr_par' dir='ltr' id='par_1_66' title="bbox 2101 2728 3685 2807">
     <span class='ocr_line' id='line_1_66' title="bbox 2101 2728 3685 2807; baseline 0.008 -23"><span class='ocrx_word' id='word_1_414' title='bbox 2101 2728 2273 2795; x_wconf 80' lang='lat' dir='ltr'><strong>Jovis,</strong></span> <span class='ocrx_word' id='word_1_415' title='bbox 2306 2731 2594 2789; x_wconf 88' lang='lat' dir='ltr'><strong>duodecim</strong></span> <span class='ocrx_word' id='word_1_416' title='bbox 2630 2753 2645 2790; x_wconf 88' lang='lat'><strong>:</strong></span> <span class='ocrx_word' id='word_1_417' title='bbox 2682 2735 2894 2803; x_wconf 87' lang='lat' dir='ltr'><strong>Martis,</strong></span> <span class='ocrx_word' id='word_1_418' title='bbox 2921 2739 3156 2794; x_wconf 87' lang='lat' dir='ltr'><strong>duorum</strong></span> <span class='ocrx_word' id='word_1_419' title='bbox 3189 2759 3202 2794; x_wconf 89' lang='lat'><strong>:</strong></span> <span class='ocrx_word' id='word_1_420' title='bbox 3237 2742 3391 2807; x_wconf 89' lang='lat' dir='ltr'><strong>solis,</strong></span> <span class='ocrx_word' id='word_1_421' title='bbox 3417 2743 3685 2798; x_wconf 90' lang='lat' dir='ltr'><strong>mensium</strong></span> 
     </span>
    </p>
   </div>
   <div class='ocr_carea' id='block_1_67' title="bbox 2101 2820 3687 2902">
    <p class='ocr_par' dir='ltr' id='par_1_67' title="bbox 2101 2820 3687 2902">
     <span class='ocr_line' id='line_1_67' title="bbox 2101 2820 3687 2902; baseline 0.009 -28"><span class='ocrx_word' id='word_1_422' title='bbox 2101 2820 2388 2876; x_wconf 91' lang='lat' dir='ltr'><strong>duodecim</strong></span> <span class='ocrx_word' id='word_1_423' title='bbox 2410 2839 2422 2874; x_wconf 94' lang='lat'>:</span> <span class='ocrx_word' id='word_1_424' title='bbox 2444 2821 2697 2879; x_wconf 89' lang='lat' dir='ltr'><strong>Mercurii</strong></span> <span class='ocrx_word' id='word_1_425' title='bbox 2714 2842 2779 2882; x_wconf 91' lang='lat' dir='ltr'><strong>ac</strong></span> <span class='ocrx_word' id='word_1_426' title='bbox 2798 2828 3023 2884; x_wconf 84' lang='lat' dir='ltr'><strong>Veneris</strong></span> <span class='ocrx_word' id='word_1_427' title='bbox 3039 2831 3261 2886; x_wconf 88' lang='lat' dir='ltr'><strong>totidem</strong></span> <span class='ocrx_word' id='word_1_428' title='bbox 3306 2833 3524 2902; x_wconf 89' lang='lat' dir='ltr'><strong>(cursus</strong></span> <span class='ocrx_word' id='word_1_429' title='bbox 3539 2834 3687 2888; x_wconf 89' lang='lat' dir='ltr'><strong>enim</strong></span> 
     </span>
    </p>
   </div>
   <div class='ocr_carea' id='block_1_68' title="bbox 2101 2913 3688 2995">
    <p class='ocr_par' dir='ltr' id='par_1_68' title="bbox 2101 2913 3688 2995">
     <span class='ocr_line' id='line_1_68' title="bbox 2101 2913 3688 2995; baseline 0.008 -30"><span class='ocrx_word' id='word_1_430' title='bbox 2101 2913 2368 2982; x_wconf 69' lang='lat' dir='ltr'><strong>aequalem</strong></span> <span class='ocrx_word' id='word_1_431' title='bbox 2397 2914 2616 2989; x_wconf 87' lang='lat' dir='ltr'><strong>habent)</strong></span> <span class='ocrx_word' id='word_1_432' title='bbox 2663 2937 2677 2972; x_wconf 88' lang='lat'><strong>:</strong></span> <span class='ocrx_word' id='word_1_433' title='bbox 2709 2919 2871 2987; x_wconf 68' lang='lat' dir='ltr'><strong>lunae,</strong></span> <span class='ocrx_word' id='word_1_434' title='bbox 2906 2921 3118 2976; x_wconf 91' lang='lat' dir='ltr'><strong>dierum</strong></span> <span class='ocrx_word' id='word_1_435' title='bbox 3144 2923 3362 2995; x_wconf 80' lang='lat' dir='ltr'><strong>triginta</strong></span> <span class='ocrx_word' id='word_1_436' title='bbox 3387 2924 3688 2995; x_wconf 77' lang='lat' dir='ltr'><strong>:pcrl‘ectus</strong></span> 
     </span>
    </p>
   </div>
   <div class='ocr_carea' id='block_1_69' title="bbox 2102 3009 3686 3090">
    <p class='ocr_par' dir='ltr' id='par_1_69' title="bbox 2102 3009 3686 3090">
     <span class='ocr_line' id='line_1_69' title="bbox 2102 3009 3686 3090; baseline 0.008 -29"><span class='ocrx_word' id='word_1_437' title='bbox 2102 3009 2249 3063; x_wconf 89' lang='lat' dir='ltr'><strong>enim</strong></span> <span class='ocrx_word' id='word_1_438' title='bbox 2306 3011 2514 3068; x_wconf 89' lang='lat' dir='ltr'><strong>mensis</strong></span> <span class='ocrx_word' id='word_1_439' title='bbox 2557 3012 2647 3067; x_wconf 91' lang='lat' dir='ltr'><strong>ille</strong></span> <span class='ocrx_word' id='word_1_440' title='bbox 2670 3024 2773 3078; x_wconf 87' lang='lat' dir='ltr'><strong>est,</strong></span> <span class='ocrx_word' id='word_1_441' title='bbox 2811 3017 2904 3086; x_wconf 87' lang='lat' dir='ltr'><strong>qui</strong></span> <span class='ocrx_word' id='word_1_442' title='bbox 2934 3033 2964 3072; x_wconf 89' lang='lat' dir='ltr'><strong>a</strong></span> <span class='ocrx_word' id='word_1_443' title='bbox 2992 3020 3170 3087; x_wconf 89' lang='lat' dir='ltr'><strong>primo</strong></span> <span class='ocrx_word' id='word_1_444' title='bbox 3198 3019 3316 3089; x_wconf 87' lang='lat' dir='ltr'><strong>ejus</strong></span> <span class='ocrx_word' id='word_1_445' title='bbox 3347 3030 3590 3090; x_wconf 81' lang='lat' dir='ltr'><strong>aspectu,</strong></span> <span class='ocrx_word' id='word_1_446' title='bbox 3616 3021 3686 3076; x_wconf 88' lang='lat' dir='ltr'><strong>ad</strong></span> 
     </span>
    </p>
   </div>
   <div class='ocr_carea' id='block_1_70' title="bbox 2101 3099 3686 3183">
    <p class='ocr_par' dir='ltr' id='par_1_70' title="bbox 2101 3099 3686 3183">
     <span class='ocr_line' id='line_1_70' title="bbox 2101 3099 3686 3183; baseline 0.006 -29"><span class='ocrx_word' id='word_1_447' title='bbox 2101 3099 2343 3169; x_wconf 88' lang='lat' dir='ltr'><strong>ejusdem</strong></span> <span class='ocrx_word' id='word_1_448' title='bbox 2378 3118 2503 3158; x_wconf 92' lang='lat' dir='ltr'><strong>cum</strong></span> <span class='ocrx_word' id='word_1_449' title='bbox 2535 3106 2650 3160; x_wconf 90' lang='lat' dir='ltr'><strong>sole</strong></span> <span class='ocrx_word' id='word_1_450' title='bbox 2677 3122 3034 3177; x_wconf 79' lang='lat' dir='ltr'><strong>congressum</strong></span> <span class='ocrx_word' id='word_1_451' title='bbox 3064 3111 3400 3176; x_wconf 87' lang='lat' dir='ltr'><strong>perducitur.</strong></span> <span class='ocrx_word' id='word_1_452' title='bbox 3427 3109 3686 3183; x_wconf 82' lang='lat' dir='ltr'><strong>Magnum</strong></span> 
     </span>
    </p>
   </div>
   <div class='ocr_carea' id='block_1_71' title="bbox 2104 3199 3681 3270">
    <p class='ocr_par' dir='ltr' id='par_1_71' title="bbox 2104 3199 3681 3270">
     <span class='ocr_line' id='line_1_71' title="bbox 2104 3199 3681 3270; baseline 0.009 -24"><span class='ocrx_word' id='word_1_453' title='bbox 2104 3203 2285 3248; x_wconf 87' lang='lat' dir='ltr'><strong>autem</strong></span> <span class='ocrx_word' id='word_1_454' title='bbox 2314 3211 2544 3262; x_wconf 87' lang='lat' dir='ltr'><strong>annum,</strong></span> <span class='ocrx_word' id='word_1_455' title='bbox 2569 3199 2659 3252; x_wconf 89' lang='lat' dir='ltr'><strong>alii</strong></span> <span class='ocrx_word' id='word_1_456' title='bbox 2694 3215 2960 3255; x_wconf 88' lang='lat' dir='ltr'><strong>annorum</strong></span> <span class='ocrx_word' id='word_1_457' title='bbox 2984 3215 3130 3270; x_wconf 92' lang='lat' dir='ltr'><strong>octo,</strong></span> <span class='ocrx_word' id='word_1_458' title='bbox 3165 3203 3256 3259; x_wconf 87' lang='lat' dir='ltr'><strong>alii</strong></span> <span class='ocrx_word' id='word_1_459' title='bbox 3284 3206 3681 3266; x_wconf 84' lang='lat' dir='ltr'><strong>novemdecim.</strong></span> 
     </span>
    </p>
   </div>
   <div class='ocr_carea' id='block_1_72' title="bbox 2104 3286 3688 3367">
    <p class='ocr_par' dir='ltr' id='par_1_72' title="bbox 2104 3286 3688 3367">
     <span class='ocr_line' id='line_1_72' title="bbox 2104 3286 3688 3367; baseline 0.006 -27"><span class='ocrx_word' id='word_1_460' title='bbox 2104 3286 2198 3340; x_wconf 89' lang='lat' dir='ltr'><strong>alii</strong></span> <span class='ocrx_word' id='word_1_461' title='bbox 2263 3303 2459 3346; x_wconf 79' lang='lat' dir='ltr'><strong>Iovem</strong></span> <span class='ocrx_word' id='word_1_462' title='bbox 2506 3300 2562 3347; x_wconf 91' lang='lat' dir='ltr'><strong>et</strong></span> <span class='ocrx_word' id='word_1_463' title='bbox 2606 3293 3002 3364; x_wconf 79' lang='lat' dir='ltr'><strong>quinquaginta</strong></span> <span class='ocrx_word' id='word_1_464' title='bbox 3052 3296 3285 3352; x_wconf 88' lang='lat' dir='ltr'><strong>circuitu</strong></span> <span class='ocrx_word' id='word_1_465' title='bbox 3329 3298 3688 3367; x_wconf 77' lang='lat' dir='ltr'><strong>comprehen-</strong></span> 
     </span>
    </p>
   </div>
   <div class='ocr_carea' id='block_1_73' title="bbox 2099 3379 3688 3446">
    <p class='ocr_par' dir='ltr' id='par_1_73' title="bbox 2099 3379 3688 3446">
     <span class='ocr_line' id='line_1_73' title="bbox 2099 3379 3688 3446; baseline 0.006 -11"><span class='ocrx_word' id='word_1_466' title='bbox 2099 3380 2253 3435; x_wconf 88' lang='lat' dir='ltr'><strong>dunt.</strong></span> <span class='ocrx_word' id='word_1_467' title='bbox 2288 3379 2597 3440; x_wconf 85' lang='lat' dir='ltr'><strong>Heraclitus</strong></span> <span class='ocrx_word' id='word_1_468' title='bbox 2627 3401 2897 3442; x_wconf 89' lang='lat' dir='ltr'><strong>annorum</strong></span> <span class='ocrx_word' id='word_1_469' title='bbox 2930 3390 2979 3442; x_wconf 88' lang='lat' dir='ltr'><strong>ei</strong></span> <span class='ocrx_word' id='word_1_470' title='bbox 3010 3390 3272 3444; x_wconf 89' lang='lat' dir='ltr'><strong>solarium</strong></span> <span class='ocrx_word' id='word_1_471' title='bbox 3299 3391 3466 3446; x_wconf 90' lang='lat' dir='ltr'><strong>millia</strong></span> <span class='ocrx_word' id='word_1_472' title='bbox 3497 3392 3688 3446; x_wconf 89' lang='lat' dir='ltr'><strong>tribuit</strong></span> 
     </span>
    </p>
   </div>
   <div class='ocr_carea' id='block_1_74' title="bbox 2099 3475 3686 3553">
    <p class='ocr_par' dir='ltr' id='par_1_74' title="bbox 2099 3475 3686 3553">
     <span class='ocr_line' id='line_1_74' title="bbox 2099 3475 3686 3553; baseline 0.008 -28"><span class='ocrx_word' id='word_1_473' title='bbox 2099 3475 2428 3532; x_wconf 88' lang='lat' dir='ltr'><strong>octodecim.</strong></span> <span class='ocrx_word' id='word_1_474' title='bbox 2478 3475 2766 3548; x_wconf 84' lang='lat' dir='ltr'><strong>Diogenes,</strong></span> <span class='ocrx_word' id='word_1_475' title='bbox 2803 3495 2977 3536; x_wconf 90' lang='lat' dir='ltr'><strong>annos</strong></span> <span class='ocrx_word' id='word_1_476' title='bbox 3017 3482 3261 3553; x_wconf 89' lang='lat' dir='ltr'><strong>quinque</strong></span> <span class='ocrx_word' id='word_1_477' title='bbox 3307 3493 3361 3537; x_wconf 87' lang='lat' dir='ltr'><strong>et</strong></span> <span class='ocrx_word' id='word_1_478' title='bbox 3404 3485 3686 3552; x_wconf 78' lang='lat' dir='ltr'><strong>sexaginta</strong></span> 
     </span>
    </p>
   </div>
   <div class='ocr_carea' id='block_1_75' title="bbox 2100 3571 3690 3647">
    <p class='ocr_par' dir='ltr' id='par_1_75' title="bbox 2100 3571 3690 3647">
     <span class='ocr_line' id='line_1_75' title="bbox 2100 3571 3690 3647; baseline 0.009 -30"><span class='ocrx_word' id='word_1_479' title='bbox 2100 3579 2262 3637; x_wconf 86' lang='lat' dir='ltr'><strong>supra</strong></span> <span class='ocrx_word' id='word_1_480' title='bbox 2283 3573 2578 3635; x_wconf 89' lang='lat' dir='ltr'><strong>trecentos,</strong></span> <span class='ocrx_word' id='word_1_481' title='bbox 2597 3571 2784 3640; x_wconf 87' lang='lat' dir='ltr'><strong>etejus</strong></span> <span class='ocrx_word' id='word_1_482' title='bbox 2800 3573 3019 3643; x_wconf 90' lang='lat' dir='ltr'><strong>quidem</strong></span> <span class='ocrx_word' id='word_1_483' title='bbox 3033 3576 3284 3641; x_wconf 89' lang='lat' dir='ltr'><strong>rationis,</strong></span> <span class='ocrx_word' id='word_1_484' title='bbox 3302 3577 3460 3646; x_wconf 88' lang='lat' dir='ltr'><strong>cujus</strong></span> <span class='ocrx_word' id='word_1_485' title='bbox 3477 3577 3589 3647; x_wconf 79' lang='lat' dir='ltr'><strong>ipse</strong></span> <span class='ocrx_word' id='word_1_486' title='bbox 3605 3589 3690 3635; x_wconf 57' lang='grc' dir='ltr'>(κει</span> 
     </span>
    </p>
   </div>
   <div class='ocr_carea' id='block_1_76' title="bbox 2101 3655 3687 3739">
    <p class='ocr_par' dir='ltr' id='par_1_76' title="bbox 2101 3655 3687 3739">
     <span class='ocr_line' id='line_1_76' title="bbox 2101 3655 3687 3739; baseline 0.003 -24"><span class='ocrx_word' id='word_1_487' title='bbox 2101 3655 2355 3715; x_wconf 79' lang='lat' dir='ltr'><strong>Heracliti</strong></span> <span class='ocrx_word' id='word_1_488' title='bbox 2383 3676 2582 3718; x_wconf 86' lang='lat' dir='ltr'><strong>annus.</strong></span> <span class='ocrx_word' id='word_1_489' title='bbox 2635 3683 2652 3716; x_wconf 74' lang='grc' dir='ltr'><strong>ι</strong></span> <span class='ocrx_word' id='word_1_490' title='bbox 2682 3665 2860 3736; x_wconf 87' lang='lat' dir='ltr'><strong>Atque</strong></span> <span class='ocrx_word' id='word_1_491' title='bbox 2882 3666 3196 3737; x_wconf 88' lang='lat' dir='ltr'><strong>hujusmodi</strong></span> <span class='ocrx_word' id='word_1_492' title='bbox 3225 3677 3308 3724; x_wconf 82' lang='lat' dir='ltr'><strong>est</strong></span> <span class='ocrx_word' id='word_1_493' title='bbox 3337 3669 3687 3739; x_wconf 81' lang='lat' dir='ltr'><strong>philosopho-</strong></span> 
     </span>
    </p>
   </div>
   <div class='ocr_carea' id='block_1_77' title="bbox 2099 3757 3684 3832">
    <p class='ocr_par' dir='ltr' id='par_1_77' title="bbox 2099 3757 3684 3832">
     <span class='ocr_line' id='line_1_77' title="bbox 2099 3757 3684 3832; baseline 0.007 -28"><span class='ocrx_word' id='word_1_494' title='bbox 2099 3766 2220 3805; x_wconf 92' lang='lat' dir='ltr'><strong>rum</strong></span> <span class='ocrx_word' id='word_1_495' title='bbox 2247 3761 2558 3809; x_wconf 88' lang='lat' dir='ltr'><strong>nostrornm</strong></span> <span class='ocrx_word' id='word_1_496' title='bbox 2600 3757 2668 3813; x_wconf 91' lang='lat' dir='ltr'><strong>de</strong></span> <span class='ocrx_word' id='word_1_497' title='bbox 2695 3775 2876 3814; x_wconf 90' lang='lat' dir='ltr'><strong>rerum</strong></span> <span class='ocrx_word' id='word_1_498' title='bbox 2912 3762 3220 3816; x_wconf 68' lang='lat' dir='ltr'><strong>caelestium</strong></span> <span class='ocrx_word' id='word_1_499' title='bbox 3251 3777 3315 3816; x_wconf 89' lang='lat' dir='ltr'><strong>ac</strong></span> <span class='ocrx_word' id='word_1_500' title='bbox 3339 3763 3684 3832; x_wconf 86' lang='lat' dir='ltr'><strong>superiorum</strong></span> 
     </span>
    </p>
   </div>
   <div class='ocr_carea' id='block_1_78' title="bbox 2101 3848 3682 3910">
    <p class='ocr_par' dir='ltr' id='par_1_78' title="bbox 2101 3848 3682 3910">
     <span class='ocr_line' id='line_1_78' title="bbox 2101 3848 3682 3910; baseline 0.008 -15"><span class='ocrx_word' id='word_1_501' title='bbox 2101 3852 2295 3898; x_wconf 89' lang='lat' dir='ltr'><strong>natura</strong></span> <span class='ocrx_word' id='word_1_502' title='bbox 2343 3854 2395 3900; x_wconf 91' lang='lat' dir='ltr'><strong>et</strong></span> <span class='ocrx_word' id='word_1_503' title='bbox 2427 3848 2638 3902; x_wconf 91' lang='lat' dir='ltr'><strong>ratione</strong></span> <span class='ocrx_word' id='word_1_504' title='bbox 2699 3850 2992 3908; x_wconf 85' lang='lat' dir='ltr'><strong>dissensio.</strong></span> <span class='ocrx_word' id='word_1_505' title='bbox 3027 3850 3323 3908; x_wconf 78' lang='lat' dir='ltr'><strong>Veniemus</strong></span> <span class='ocrx_word' id='word_1_506' title='bbox 3355 3853 3422 3907; x_wconf 88' lang='lat' dir='ltr'><strong>ad</strong></span> <span class='ocrx_word' id='word_1_507' title='bbox 3457 3864 3682 3910; x_wconf 85' lang='lat' dir='ltr'><strong>terram.</strong></span> 
     </span>
    </p>
   </div>
   <div class='ocr_carea' id='block_1_79' title="bbox 2704 3958 3078 4017">
    <p class='ocr_par' dir='ltr' id='par_1_79' title="bbox 2704 3958 3078 4017">
     <span class='ocr_line' id='line_1_79' title="bbox 2704 3958 3078 4017; baseline 0.013 -5"><span class='ocrx_word' id='word_1_508' title='bbox 2704 3958 2935 4016; x_wconf 83' lang='lat' dir='ltr'><strong>CAPUT</strong></span> <span class='ocrx_word' id='word_1_509' title='bbox 2969 3961 3078 4017; x_wconf 82' lang='lat' dir='ltr'><strong>LV.</strong></span> 
     </span>
    </p>
   </div>
   <div class='ocr_carea' id='block_1_80' title="bbox 2746 4074 3022 4129">
    <p class='ocr_par' dir='ltr' id='par_1_80' title="bbox 2746 4074 3022 4129">
     <span class='ocr_line' id='line_1_80' title="bbox 2746 4074 3022 4129; baseline 0.011 -3"><span class='ocrx_word' id='word_1_510' title='bbox 2746 4074 2822 4128; x_wconf 78' lang='lat' dir='ltr'><strong>De</strong></span> <span class='ocrx_word' id='word_1_511' title='bbox 2863 4085 3022 4129; x_wconf 84' lang='lat' dir='ltr'><strong>terra.</strong></span> 
     </span>
    </p>
   </div>
   <div class='ocr_carea' id='block_1_81' title="bbox 2175 4182 3678 4255">
    <p class='ocr_par' dir='ltr' id='par_1_81' title="bbox 2175 4182 3678 4255">
     <span class='ocr_line' id='line_1_81' title="bbox 2175 4182 3678 4255; baseline 0.012 -21"><span class='ocrx_word' id='word_1_512' title='bbox 2175 4202 2193 4234; x_wconf 76' lang='grc' dir='ltr'><strong>ι</strong></span> <span class='ocrx_word' id='word_1_513' title='bbox 2220 4182 2680 4255; x_wconf 80' lang='lat' dir='ltr'><strong>Thales,ejusque</strong></span> <span class='ocrx_word' id='word_1_514' title='bbox 2712 4197 3028 4255; x_wconf 87' lang='lat' dir='ltr'><strong>sectatores,</strong></span> <span class='ocrx_word' id='word_1_515' title='bbox 3058 4191 3275 4246; x_wconf 87' lang='lat' dir='ltr'><strong>unicam</strong></span> <span class='ocrx_word' id='word_1_516' title='bbox 3306 4206 3428 4248; x_wconf 90' lang='lat' dir='ltr'><strong>esse</strong></span> <span class='ocrx_word' id='word_1_517' title='bbox 3453 4203 3678 4252; x_wconf 86' lang='lat' dir='ltr'><strong>terram.</strong></span> 
     </span>
    </p>
   </div>
   <div class='ocr_carea' id='block_1_82' title="bbox 2097 4272 3683 4357">
    <p class='ocr_par' dir='ltr' id='par_1_82' title="bbox 2097 4272 3683 4357">
     <span class='ocr_line' id='line_1_82' title="bbox 2097 4272 3683 4357; baseline 0.011 -30"><span class='ocrx_word' id='word_1_518' title='bbox 2097 4272 2325 4330; x_wconf 84' lang='lat' dir='ltr'><strong>OEcetes</strong></span> <span class='ocrx_word' id='word_1_519' title='bbox 2367 4275 2742 4346; x_wconf 83' lang='lat' dir='ltr'><strong>Pythagoreus</strong></span> <span class='ocrx_word' id='word_1_520' title='bbox 2793 4280 2950 4344; x_wconf 91' lang='lat' dir='ltr'><strong>duas,</strong></span> <span class='ocrx_word' id='word_1_521' title='bbox 3003 4283 3144 4338; x_wconf 89' lang='lat' dir='ltr'><strong>hanc</strong></span> <span class='ocrx_word' id='word_1_522' title='bbox 3199 4295 3465 4352; x_wconf 87' lang='lat' dir='ltr'><strong>nostram,</strong></span> <span class='ocrx_word' id='word_1_523' title='bbox 3521 4288 3683 4357; x_wconf 81' lang='lat' dir='ltr'><strong>eique</strong></span> 
     </span>
    </p>
   </div>
   <div class='ocr_carea' id='block_1_83' title="bbox 2099 4369 3684 4439">
    <p class='ocr_par' dir='ltr' id='par_1_83' title="bbox 2099 4369 3684 4439">
     <span class='ocr_line' id='line_1_83' title="bbox 2099 4369 3684 4439; baseline 0.011 -18"><span class='ocrx_word' id='word_1_524' title='bbox 2099 4369 2426 4438; x_wconf 89' lang='lat' dir='ltr'><strong>oppositam.</strong></span> <span class='ocrx_word' id='word_1_525' title='bbox 2475 4370 2666 4439; x_wconf 87' lang='lat' dir='ltr'><strong>Stoici,</strong></span> <span class='ocrx_word' id='word_1_526' title='bbox 2701 4381 2757 4428; x_wconf 90' lang='lat' dir='ltr'><strong>et</strong></span> <span class='ocrx_word' id='word_1_527' title='bbox 2812 4389 2999 4439; x_wconf 90' lang='lat' dir='ltr'><strong>unam,</strong></span> <span class='ocrx_word' id='word_1_528' title='bbox 3029 4384 3083 4431; x_wconf 87' lang='lat' dir='ltr'><strong>et</strong></span> <span class='ocrx_word' id='word_1_529' title='bbox 3125 4380 3290 4435; x_wconf 89' lang='lat' dir='ltr'><strong>certis</strong></span> <span class='ocrx_word' id='word_1_530' title='bbox 3339 4380 3541 4437; x_wconf 87' lang='lat' dir='ltr'><strong>ﬁnibus</strong></span> <span class='ocrx_word' id='word_1_531' title='bbox 3573 4392 3684 4438; x_wconf 85' lang='lat' dir='ltr'><strong>ter-</strong></span> 
     </span>
    </p>
   </div>
   <div class='ocr_carea' id='block_1_84' title="bbox 2099 4460 3681 4542">
    <p class='ocr_par' dir='ltr' id='par_1_84' title="bbox 2099 4460 3681 4542">
     <span class='ocr_line' id='line_1_84' title="bbox 2099 4460 3681 4542; baseline 0.013 -30"><span class='ocrx_word' id='word_1_532' title='bbox 2099 4460 2384 4514; x_wconf 90' lang='lat' dir='ltr'><strong>minatam.</strong></span> <span class='ocrx_word' id='word_1_533' title='bbox 2429 4461 2816 4532; x_wconf 83' lang='lat' dir='ltr'><strong>Xenophanes,</strong></span> <span class='ocrx_word' id='word_1_534' title='bbox 2847 4464 3110 4525; x_wconf 83' lang='lat' dir='ltr'><strong>inferiore</strong></span> <span class='ocrx_word' id='word_1_535' title='bbox 3142 4471 3224 4525; x_wconf 88' lang='lat' dir='ltr'><strong>sui</strong></span> <span class='ocrx_word' id='word_1_536' title='bbox 3259 4483 3434 4542; x_wconf 85' lang='lat' dir='ltr'><strong>parte,</strong></span> <span class='ocrx_word' id='word_1_537' title='bbox 3467 4475 3681 4532; x_wconf 88' lang='lat' dir='ltr'><strong>intinita</strong></span> 
     </span>
    </p>
   </div>
   <div class='ocr_carea' id='block_1_85' title="bbox 415 4536 2001 4637">
    <p class='ocr_par' dir='ltr' id='par_1_85' title="bbox 415 4536 1998 4615">
     <span class='ocr_line' id='line_1_85' title="bbox 415 4536 1998 4615; baseline 0.007 -28"><span class='ocrx_word' id='word_1_538' title='bbox 415 4536 764 4608; x_wconf 71' lang='grc' dir='ltr'>ἐρριζῶσθαι,</span> <span class='ocrx_word' id='word_1_539' title='bbox 789 4537 848 4602; x_wconf 77' lang='grc' dir='ltr'>ἐξ</span> <span class='ocrx_word' id='word_1_540' title='bbox 880 4538 1039 4609; x_wconf 86' lang='grc' dir='ltr'>ἀέρος</span> <span class='ocrx_word' id='word_1_541' title='bbox 1071 4540 1127 4592; x_wconf 80' lang='grc' dir='ltr'>δὲ</span> <span class='ocrx_word' id='word_1_542' title='bbox 1159 4541 1253 4592; x_wconf 79' lang='grc' dir='ltr'>καὶ</span> <span class='ocrx_word' id='word_1_543' title='bbox 1278 4541 1448 4611; x_wconf 81' lang='grc' dir='ltr'>πυρὸς</span> <span class='ocrx_word' id='word_1_544' title='bbox 1483 4544 1998 4615; x_wconf 85' lang='grc' dir='ltr'>συμπαγῆναι.Μη-</span> 
     </span>
    </p>
   </div>
   <div class='ocr_carea' id='block_1_86' title="bbox 2099 4536 3674 4637">
    <p class='ocr_par' dir='ltr' id='par_1_86' title="bbox 2099 4536 3674 4635">
     <span class='ocr_line' id='line_1_86' title="bbox 2099 4536 3674 4635; baseline 0.013 -32"><span class='ocrx_word' id='word_1_545' title='bbox 2099 4551 2335 4618; x_wconf 86' lang='lat' dir='ltr'><strong>quadam</strong></span> <span class='ocrx_word' id='word_1_546' title='bbox 2392 4552 2446 4606; x_wconf 93' lang='lat' dir='ltr'><strong>in</strong></span> <span class='ocrx_word' id='word_1_547' title='bbox 2495 4554 2778 4611; x_wconf 89' lang='lat' dir='ltr'><strong>altitudine</strong></span> <span class='ocrx_word' id='word_1_548' title='bbox 2810 4558 3090 4616; x_wconf 77' lang='lat' dir='ltr'><strong>fundatam</strong></span> <span class='ocrx_word' id='word_1_549' title='bbox 3118 4578 3183 4618; x_wconf 88' lang='lat' dir='ltr'><strong>ac</strong></span> <span class='ocrx_word' id='word_1_550' title='bbox 3206 4536 3499 4620; x_wconf 76' lang='lat' dir='ltr'><strong>stabilitam</strong></span> <span class='ocrx_word' id='word_1_551' title='bbox 3533 4583 3674 4635; x_wconf 77' lang='lat' dir='ltr'><strong>esse,</strong></span> 
     </span>
    </p>
   </div>
   <div class='ocr_carea' id='block_1_87' title="bbox 414 4627 2001 4731">
    <p class='ocr_par' dir='ltr' id='par_1_87' title="bbox 414 4627 1993 4708">
     <span class='ocr_line' id='line_1_87' title="bbox 414 4627 1993 4708; baseline 0.008 -30"><span class='ocrx_word' id='word_1_552' title='bbox 414 4627 684 4701; x_wconf 86' lang='grc' dir='ltr'>τρόδωρος</span> <span class='ocrx_word' id='word_1_553' title='bbox 710 4632 806 4698; x_wconf 80' lang='grc' dir='ltr'>τὴν</span> <span class='ocrx_word' id='word_1_554' title='bbox 844 4631 940 4700; x_wconf 81' lang='grc' dir='ltr'>μὲν</span> <span class='ocrx_word' id='word_1_555' title='bbox 986 4632 1087 4701; x_wconf 75' lang='grc' dir='ltr'>γῆν</span> <span class='ocrx_word' id='word_1_556' title='bbox 1122 4631 1420 4686; x_wconf 82' lang='grc' dir='ltr'>ὑπόστασιν</span> <span class='ocrx_word' id='word_1_557' title='bbox 1477 4630 1614 4693; x_wconf 73' lang='grc' dir='ltr'>εἴναι</span> <span class='ocrx_word' id='word_1_558' title='bbox 1664 4638 1758 4690; x_wconf 75' lang='grc' dir='ltr'>καὶ</span> <span class='ocrx_word' id='word_1_559' title='bbox 1819 4637 1993 4708; x_wconf 80' lang='grc' dir='ltr'>τρύγα</span> 
     </span>
    </p>
   </div>
   <div class='ocr_carea' id='block_1_88' title="bbox 2099 4627 3683 4731">
    <p class='ocr_par' dir='ltr' id='par_1_88' title="bbox 2099 4648 3683 4731">
     <span class='ocr_line' id='line_1_88' title="bbox 2099 4648 3683 4731; baseline 0.013 -36"><span class='ocrx_word' id='word_1_560' title='bbox 2099 4655 2162 4696; x_wconf 79' lang='lat' dir='ltr'><strong>ex</strong></span> <span class='ocrx_word' id='word_1_561' title='bbox 2203 4658 2326 4697; x_wconf 86' lang='lat' dir='ltr'><strong>aere</strong></span> <span class='ocrx_word' id='word_1_562' title='bbox 2366 4655 2548 4700; x_wconf 89' lang='lat' dir='ltr'><strong>autem</strong></span> <span class='ocrx_word' id='word_1_563' title='bbox 2579 4656 2633 4701; x_wconf 90' lang='lat' dir='ltr'><strong>et</strong></span> <span class='ocrx_word' id='word_1_564' title='bbox 2659 4648 2767 4719; x_wconf 86' lang='lat' dir='ltr'><strong>igni</strong></span> <span class='ocrx_word' id='word_1_565' title='bbox 2791 4659 2959 4706; x_wconf 89' lang='lat' dir='ltr'><strong>totam</strong></span> <span class='ocrx_word' id='word_1_566' title='bbox 2990 4668 3112 4708; x_wconf 90' lang='lat' dir='ltr'><strong>esse</strong></span> <span class='ocrx_word' id='word_1_567' title='bbox 3171 4655 3479 4713; x_wconf 84' lang='lat' dir='ltr'><strong>conﬂatam.</strong></span> <span class='ocrx_word' id='word_1_568' title='bbox 3514 4658 3683 4731; x_wconf 81' lang='lat'><strong>850</strong></span> 
     </span>
    </p>
   </div>
   <div class='ocr_carea' id='block_1_89' title="bbox 413 4717 1370 4793">
    <p class='ocr_par' dir='ltr' id='par_1_89' title="bbox 413 4717 1370 4793">
     <span class='ocr_line' id='line_1_89' title="bbox 413 4717 1370 4793; baseline 0.005 -23"><span class='ocrx_word' id='word_1_569' title='bbox 413 4717 509 4770; x_wconf 80' lang='grc' dir='ltr'>τοῦ</span> <span class='ocrx_word' id='word_1_570' title='bbox 539 4717 747 4783; x_wconf 78' lang='grc' dir='ltr'>ὓδατος,</span> <span class='ocrx_word' id='word_1_571' title='bbox 774 4720 864 4773; x_wconf 77' lang='grc' dir='ltr'>τὸν</span> <span class='ocrx_word' id='word_1_572' title='bbox 895 4720 951 4773; x_wconf 85' lang='grc' dir='ltr'>δὲ</span> <span class='ocrx_word' id='word_1_573' title='bbox 977 4721 1127 4790; x_wconf 74' lang='grc' dir='ltr'>ἥλιον</span> <span class='ocrx_word' id='word_1_574' title='bbox 1157 4723 1370 4793; x_wconf 76' lang='grc' dir='ltr'>ἀέρος.»</span> 
     </span>
    </p>
   </div>
   <div class='ocr_carea' id='block_1_90' title="bbox 495 4917 1995 5000">
    <p class='ocr_par' dir='ltr' id='par_1_90' title="bbox 495 4917 1995 5000">
     <span class='ocr_line' id='line_1_90' title="bbox 495 4917 1995 5000; baseline 0.008 -28"><span class='ocrx_word' id='word_1_575' title='bbox 495 4917 622 5000; x_wconf 44' lang='grc'>(75).</span> <span class='ocrx_word' id='word_1_576' title='bbox 647 4917 796 5000; x_wconf 54' lang='grc' dir='ltr'>Ζῶα,</span> <span class='ocrx_word' id='word_1_577' title='bbox 833 4918 1040 5000; x_wconf 16' lang='grc' dir='ltr'><strong>ΔΑᾴόὶξ</strong></span> <span class='ocrx_word' id='word_1_578' title='bbox 1068 4919 1429 4991; x_wconf 79' lang='lat' dir='ltr'><strong>Plutarchus,</strong></span> <span class='ocrx_word' id='word_1_579' title='bbox 1463 4927 1528 4996; x_wconf 82' lang='grc' dir='ltr'>τῇ</span> <span class='ocrx_word' id='word_1_580' title='bbox 1579 4925 1824 5000; x_wconf 87' lang='grc' dir='ltr'>δυνάμει.</span> <span class='ocrx_word' id='word_1_581' title='bbox 1886 4927 1995 4985; x_wconf 78' lang='lat' dir='ltr'><strong>Sed</strong></span> 
     </span>
    </p>
   </div>
   <div class='ocr_carea' id='block_1_91' title="bbox 415 4990 1994 5068">
    <p class='ocr_par' dir='ltr' id='par_1_91' title="bbox 415 4990 1994 5068">
     <span class='ocr_line' id='line_1_91' title="bbox 415 4990 1994 5068; baseline 0.008 -26"><span class='ocrx_word' id='word_1_582' title='bbox 415 4990 949 5068; x_wconf 51' lang='lat' dir='ltr'><strong>auctariummistud</strong></span> <span class='ocrx_word' id='word_1_583' title='bbox 973 4992 1238 5068; x_wconf 89' lang='lat' dir='ltr'><strong>alienum_</strong></span> <span class='ocrx_word' id='word_1_584' title='bbox 1259 5004 1342 5048; x_wconf 89' lang='lat' dir='ltr'><strong>est</strong></span> <span class='ocrx_word' id='word_1_585' title='bbox 1373 5015 1395 5068; x_wconf 89' lang='lat'><strong>:_</strong></span> <span class='ocrx_word' id='word_1_586' title='bbox 1417 4990 1802 5068; x_wconf 10' lang='lat' dir='ltr'><strong>tan&#39;iumien&#39;im</strong></span> <span class='ocrx_word' id='word_1_587' title='bbox 1853 5015 1994 5067; x_wconf 68' lang='lat' dir='ltr'><strong>pra:-</strong></span> 
     </span>
    </p>
   </div>
   <div class='ocr_carea' id='block_1_92' title="bbox 415 5058 1992 5140">
    <p class='ocr_par' dir='ltr' id='par_1_92' title="bbox 415 5058 1992 5140">
     <span class='ocr_line' id='line_1_92' title="bbox 415 5058 1992 5140; baseline 0.01 -31"><span class='ocrx_word' id='word_1_588' title='bbox 415 5059 610 5140; x_wconf 75' lang='lat' dir='ltr'><strong>eessjt,</strong></span> <span class='ocrx_word' id='word_1_589' title='bbox 646 5058 868 5140; x_wconf 48' lang='grc' dir='ltr'>μείζοσι.</span> <span class='ocrx_word' id='word_1_590' title='bbox 888 5060 1080 5127; x_wconf 80' lang='grc' dir='ltr'>ζώοις,</span> <span class='ocrx_word' id='word_1_591' title='bbox 1119 5073 1179 5118; x_wconf 90' lang='lat' dir='ltr'><strong>ut</strong></span> <span class='ocrx_word' id='word_1_592' title='bbox 1208 5063 1275 5119; x_wconf 89' lang='lat' dir='ltr'><strong>de</strong></span> <span class='ocrx_word' id='word_1_593' title='bbox 1317 5064 1430 5118; x_wconf 91' lang='lat' dir='ltr'><strong>sola</strong></span> <span class='ocrx_word' id='word_1_594' title='bbox 1463 5067 1836 5134; x_wconf 78' lang='lat' dir='ltr'><strong>magnitudine</strong></span> <span class='ocrx_word' id='word_1_595' title='bbox 1857 5058 1992 5124; x_wconf 58' lang='lat' dir='ltr'><strong>&#39;con-</strong></span> 
     </span>
    </p>
   </div>
   <div class='ocr_carea' id='block_1_93' title="bbox 415 5136 1007 5185">
    <p class='ocr_par' dir='ltr' id='par_1_93' title="bbox 415 5136 1007 5185">
     <span class='ocr_line' id='line_1_93' title="bbox 415 5136 1007 5185; baseline 0.005 -3"><span class='ocrx_word' id='word_1_596' title='bbox 415 5136 712 5182; x_wconf 78' lang='lat' dir='ltr'><strong>tentiom-m</strong></span> <span class='ocrx_word' id='word_1_597' title='bbox 745 5136 1007 5185; x_wconf 86' lang='lat' dir='ltr'><strong>instituat.</strong></span> 
     </span>
    </p>
   </div>
   <div class='ocr_carea' id='block_1_94' title="bbox 486 5197 1992 5279">
    <p class='ocr_par' dir='ltr' id='par_1_94' title="bbox 486 5197 1992 5279">
     <span class='ocr_line' id='line_1_94' title="bbox 486 5197 1992 5279; baseline 0.01 -29"><span class='ocrx_word' id='word_1_598' title='bbox 486 5197 600 5267; x_wconf 78' lang='grc'>(74)</span> <span class='ocrx_word' id='word_1_599' title='bbox 644 5197 764 5279; x_wconf 53' lang='lat' dir='ltr'><strong>Thr</strong></span> <span class='ocrx_word' id='word_1_600' title='bbox 793 5200 1040 5279; x_wconf 71' lang='grc' dir='ltr'>ἡμέραν.</span> <span class='ocrx_word' id='word_1_601' title='bbox 1092 5202 1339 5279; x_wconf 69' lang='lat' dir='ltr'><strong>Amiotus</strong></span> <span class='ocrx_word' id='word_1_602' title='bbox 1372 5205 1498 5275; x_wconf 80' lang='lat' dir='ltr'><strong>legit</strong></span> <span class='ocrx_word' id='word_1_603' title='bbox 1533 5206 1635 5279; x_wconf 76' lang='grc' dir='ltr'>τὴν</span> <span class='ocrx_word' id='word_1_604' title='bbox 1667 5207 1869 5276; x_wconf 84' lang='grc' dir='ltr'>νύκτα,</span> <span class='ocrx_word' id='word_1_605' title='bbox 1902 5225 1992 5265; x_wconf 88' lang='lat' dir='ltr'><strong>er-</strong></span> 
     </span>
    </p>
   </div>
   <div class='ocr_carea' id='block_1_95' title="bbox 413 5269 1990 5348">
    <p class='ocr_par' dir='ltr' id='par_1_95' title="bbox 413 5269 1990 5348">
     <span class='ocr_line' id='line_1_95' title="bbox 413 5269 1990 5348; baseline 0.01 -28"><span class='ocrx_word' id='word_1_606' title='bbox 413 5283 538 5348; x_wconf 72' lang='lat' dir='ltr'><strong>rore</strong></span> <span class='ocrx_word' id='word_1_607' title='bbox 568 5269 880 5348; x_wconf 78' lang='lat' dir='ltr'><strong>manifesto.</strong></span> <span class='ocrx_word' id='word_1_608' title='bbox 913 5271 967 5326; x_wconf 91' lang='lat' dir='ltr'><strong>Id</strong></span> <span class='ocrx_word' id='word_1_609' title='bbox 993 5282 1174 5348; x_wconf 70' lang='lat' dir='ltr'><strong>autem</strong></span> <span class='ocrx_word' id='word_1_610' title='bbox 1222 5269 1545 5348; x_wconf 67' lang='lat' dir='ltr'><strong>Pythagbrei</strong></span> <span class='ocrx_word' id='word_1_611' title='bbox 1577 5269 1990 5343; x_wconf 52' lang='lat' dir='ltr'><strong>rolebant,&#39;tot-</strong></span> 
     </span>
    </p>
   </div>
   <div class='ocr_carea' id='block_1_96' title="bbox 415 5337 1990 5419">
    <p class='ocr_par' dir='ltr' id='par_1_96' title="bbox 415 5337 1990 5419">
     <span class='ocr_line' id='line_1_96' title="bbox 415 5337 1990 5419; baseline 0.009 -28"><span class='ocrx_word' id='word_1_612' title='bbox 415 5337 557 5418; x_wconf 83' lang='lat' dir='ltr'><strong>idem</strong></span> <span class='ocrx_word' id='word_1_613' title='bbox 604 5338 750 5419; x_wconf 87' lang='lat' dir='ltr'><strong>hunc</strong></span> <span class='ocrx_word' id='word_1_614' title='bbox 795 5350 1044 5419; x_wconf 72' lang='lat' dir='ltr'><strong>nostrum</strong></span> <span class='ocrx_word' id='word_1_615' title='bbox 1071 5343 1213 5419; x_wconf 81' lang='lat' dir='ltr'><strong>diem</strong></span> <span class='ocrx_word' id='word_1_616' title='bbox 1341 5337 1516 5399; x_wconf 74' lang='lat' dir='ltr'><strong>lunari</strong></span> <span class='ocrx_word' id='word_1_617' title='bbox 1557 5349 1802 5416; x_wconf 90' lang='lat' dir='ltr'><strong>partibus</strong></span> <span class='ocrx_word' id='word_1_618' title='bbox 1833 5337 1990 5419; x_wconf 79' lang='lat' dir='ltr'><strong>supe-</strong></span> 
     </span>
    </p>
   </div>
   <div class='ocr_carea' id='block_1_97' title="bbox 414 5409 2052 5490">
    <p class='ocr_par' dir='ltr' id='par_1_97' title="bbox 414 5409 2052 5490">
     <span class='ocr_line' id='line_1_97' title="bbox 414 5409 2052 5490; baseline 0.01 -30"><span class='ocrx_word' id='word_1_619' title='bbox 414 5409 1025 5490; x_wconf 39' lang='lat' dir='ltr'><strong>rarb‘qu‘otapimantes</strong></span> <span class='ocrx_word' id='word_1_620' title='bbox 1052 5427 1080 5466; x_wconf 84' lang='lat' dir='ltr'><strong>a</strong></span> <span class='ocrx_word' id='word_1_621' title='bbox 1109 5414 1392 5490; x_wconf 67' lang='lat' dir='ltr'><strong>lunaribus</strong></span> <span class='ocrx_word' id='word_1_622' title='bbox 1414 5409 1614 5490; x_wconf 49' lang='lat' dir='ltr'><strong>nostra</strong></span> <span class='ocrx_word' id='word_1_623' title='bbox 1640 5409 1986 5490; x_wconf 76' lang='lat' dir='ltr'><strong>superentur.</strong></span> <span class='ocrx_word' id='word_1_624' title='bbox 2044 5457 2052 5464; x_wconf 84' lang='lat'><strong>-</strong></span> 
     </span>
    </p>
   </div>
   <div class='ocr_carea' id='block_1_98' title="bbox 451 5475 1987 5559">
    <p class='ocr_par' dir='ltr' id='par_1_98' title="bbox 451 5475 1987 5559">
     <span class='ocr_line' id='line_1_98' title="bbox 451 5475 1987 5559; baseline 0.009 -28"><span class='ocrx_word' id='word_1_625' title='bbox 451 5488 464 5501; x_wconf 91' lang='lat'><strong><em>&#39;</em></strong></span> <span class='ocrx_word' id='word_1_626' title='bbox 485 5475 598 5559; x_wconf 60' lang='lat'><strong>(75)</strong></span> <span class='ocrx_word' id='word_1_627' title='bbox 619 5479 722 5559; x_wconf 68' lang='grc' dir='ltr'><strong>ᾼιὰ</strong></span> <span class='ocrx_word' id='word_1_628' title='bbox 735 5481 1185 5559; x_wconf 67' lang='grc' dir='ltr'>ἀνωμᾳλᾴτητα.</span> <span class='ocrx_word' id='word_1_629' title='bbox 1206 5483 1478 5559; x_wconf 83' lang='lat' dir='ltr'><strong>Plutarch.</strong></span> <span class='ocrx_word' id='word_1_630' title='bbox 1502 5475 1987 5559; x_wconf 47' lang='lat' dir='ltr'><strong>tollitpr&#39;mpositio4</strong></span> 
     </span>
    </p>
   </div>
   <div class='ocr_carea' id='block_1_99' title="bbox 414 5549 1990 5624">
    <p class='ocr_par' dir='ltr' id='par_1_99' title="bbox 414 5549 1990 5624">
     <span class='ocr_line' id='line_1_99' title="bbox 414 5549 1990 5624; baseline 0.01 -24"><span class='ocrx_word' id='word_1_631' title='bbox 414 5562 535 5601; x_wconf 87' lang='lat' dir='ltr'><strong>nem</strong></span> <span class='ocrx_word' id='word_1_632' title='bbox 557 5549 665 5624; x_wconf 82' lang='grc' dir='ltr'>διά,</span> <span class='ocrx_word' id='word_1_633' title='bbox 689 5549 964 5624; x_wconf 75' lang='lat' dir='ltr'><strong>quomodo</strong></span> <span class='ocrx_word' id='word_1_634' title='bbox 987 5549 1234 5624; x_wconf 77' lang='lat' dir='ltr'><strong>legerunt</strong></span> <span class='ocrx_word' id='word_1_635' title='bbox 1260 5555 1598 5624; x_wconf 88' lang='lat' dir='ltr'><strong>interpretes.</strong></span> <span class='ocrx_word' id='word_1_636' title='bbox 1638 5549 1872 5615; x_wconf 73' lang='lat' dir='ltr'><strong>Eusebio</strong></span> <span class='ocrx_word' id='word_1_637' title='bbox 1907 5571 1990 5616; x_wconf 91' lang='lat' dir='ltr'><strong>ta--</strong></span> 
     </span>
    </p>
   </div>
   <div class='ocr_carea' id='block_1_100' title="bbox 415 5620 1988 5702">
    <p class='ocr_par' dir='ltr' id='par_1_100' title="bbox 415 5620 1988 5702">
     <span class='ocr_line' id='line_1_100' title="bbox 415 5620 1988 5702; baseline 0.009 -32"><span class='ocrx_word' id='word_1_638' title='bbox 415 5628 538 5702; x_wconf 77' lang='lat' dir='ltr'><strong>men</strong></span> <span class='ocrx_word' id='word_1_639' title='bbox 576 5620 1156 5702; x_wconf 45' lang='lat' dir='ltr'><strong>haz&#39;rendurnyidetur;</strong></span> <span class='ocrx_word' id='word_1_640' title='bbox 1195 5641 1293 5678; x_wconf 88' lang='lat' dir='ltr'><strong>nec</strong></span> <span class='ocrx_word' id='word_1_641' title='bbox 1319 5620 1463 5702; x_wconf 73' lang='lat' dir='ltr'><strong>enim</strong></span> <span class='ocrx_word' id='word_1_642' title='bbox 1497 5627 1583 5681; x_wconf 89' lang='lat' dir='ltr'><strong>hic</strong></span> <span class='ocrx_word' id='word_1_643' title='bbox 1607 5629 1672 5683; x_wconf 86' lang='lat' dir='ltr'><strong>de</strong></span> <span class='ocrx_word' id='word_1_644' title='bbox 1695 5645 1861 5685; x_wconf 78' lang='lat' dir='ltr'><strong>causa</strong></span> <span class='ocrx_word' id='word_1_645' title='bbox 1891 5632 1988 5702; x_wconf 83' lang='grc' dir='ltr'>τῆς</span> 
     </span>
    </p>
   </div>
   <div class='ocr_carea' id='block_1_101' title="bbox 413 5689 1986 5762">
    <p class='ocr_par' dir='ltr' id='par_1_101' title="bbox 413 5689 1986 5762">
     <span class='ocr_line' id='line_1_101' title="bbox 413 5689 1986 5762; baseline 0.008 -20"><span class='ocrx_word' id='word_1_646' title='bbox 413 5689 830 5762; x_wconf 83' lang='grc' dir='ltr'>ἀνωμαλότητος</span> <span class='ocrx_word' id='word_1_647' title='bbox 864 5692 1194 5762; x_wconf 87' lang='lat' dir='ltr'><strong>disputatur,</strong></span> <span class='ocrx_word' id='word_1_648' title='bbox 1245 5697 1336 5748; x_wconf 88' lang='lat' dir='ltr'><strong>sed</strong></span> <span class='ocrx_word' id='word_1_649' title='bbox 1371 5711 1536 5750; x_wconf 84' lang='lat' dir='ltr'><strong>causa</strong></span> <span class='ocrx_word' id='word_1_650' title='bbox 1567 5706 1777 5756; x_wconf 91' lang='lat' dir='ltr'><strong>tantum</strong></span> <span class='ocrx_word' id='word_1_651' title='bbox 1807 5689 1986 5756; x_wconf 56' lang='lat' dir='ltr'><strong>reddi;</strong></span> 
     </span>
    </p>
   </div>
   <div class='ocr_carea' id='block_1_102' title="bbox 415 5763 1657 5834">
    <p class='ocr_par' dir='ltr' id='par_1_102' title="bbox 415 5763 1657 5834">
     <span class='ocr_line' id='line_1_102' title="bbox 415 5763 1657 5834; baseline 0.009 -24"><span class='ocrx_word' id='word_1_652' title='bbox 415 5766 504 5834; x_wconf 89' lang='lat' dir='ltr'><strong>tur</strong></span> <span class='ocrx_word' id='word_1_653' title='bbox 513 5763 885 5834; x_wconf 16' lang='lat' dir='ltr'><strong>illaililiohl&#39;em</strong></span> <span class='ocrx_word' id='word_1_654' title='bbox 919 5763 1047 5834; x_wconf 80' lang='lat' dir='ltr'><strong>luna</strong></span> <span class='ocrx_word' id='word_1_655' title='bbox 1074 5765 1349 5834; x_wconf 76' lang='lat' dir='ltr'><strong>terrestris</strong></span> <span class='ocrx_word' id='word_1_656' title='bbox 1381 5777 1657 5834; x_wconf 87' lang='lat' dir='ltr'><strong>appareat.</strong></span> 
     </span>
    </p>
   </div>
   <div class='ocr_carea' id='block_1_103' title="bbox 489 5827 1764 5907">
    <p class='ocr_par' dir='ltr' id='par_1_103' title="bbox 489 5827 1764 5907">
     <span class='ocr_line' id='line_1_103' title="bbox 489 5827 1764 5907; baseline 0.01 -28"><span class='ocrx_word' id='word_1_657' title='bbox 489 5827 601 5897; x_wconf 87' lang='grc'>(76)</span> <span class='ocrx_word' id='word_1_658' title='bbox 649 5831 1027 5900; x_wconf 78' lang='grc' dir='ltr'>Ψυχροειδές.</span> <span class='ocrx_word' id='word_1_659' title='bbox 1072 5827 1764 5907; x_wconf 63' lang='grc' dir='ltr'>ΡΙιιῑτιιοοΙιυεξῷυχομιγές.</span> 
     </span>
    </p>
   </div>
   <div class='ocr_carea' id='block_1_104' title="bbox 2096 4731 3678 4816">
    <p class='ocr_par' dir='ltr' id='par_1_104' title="bbox 2096 4731 3678 4816">
     <span class='ocr_line' id='line_1_104' title="bbox 2096 4731 3678 4816; baseline 0.013 -31"><span class='ocrx_word' id='word_1_660' title='bbox 2096 4731 2478 4799; x_wconf 76' lang='lat' dir='ltr'><strong>Metrodorus,</strong></span> <span class='ocrx_word' id='word_1_661' title='bbox 2562 4746 2760 4794; x_wconf 89' lang='lat' dir='ltr'><strong>terram</strong></span> <span class='ocrx_word' id='word_1_662' title='bbox 2817 4743 3189 4801; x_wconf 90' lang='lat' dir='ltr'><strong>subsidentem</strong></span> <span class='ocrx_word' id='word_1_663' title='bbox 3264 4762 3420 4816; x_wconf 67' lang='lat' dir='ltr'><strong>aquae</strong></span> <span class='ocrx_word' id='word_1_664' title='bbox 3491 4748 3678 4806; x_wconf 67' lang='lat' dir='ltr'><strong>faecem</strong></span> 
     </span>
    </p>
   </div>
   <div class='ocr_carea' id='block_1_105' title="bbox 2093 4829 2794 4892">
    <p class='ocr_par' dir='ltr' id='par_1_105' title="bbox 2093 4829 2794 4892">
     <span class='ocr_line' id='line_1_105' title="bbox 2093 4829 2794 4892; baseline 0.009 -14"><span class='ocrx_word' id='word_1_665' title='bbox 2093 4839 2234 4892; x_wconf 86' lang='lat' dir='ltr'><strong>esse,</strong></span> <span class='ocrx_word' id='word_1_666' title='bbox 2273 4835 2332 4879; x_wconf 91' lang='lat' dir='ltr'><strong>ut</strong></span> <span class='ocrx_word' id='word_1_667' title='bbox 2368 4829 2537 4882; x_wconf 91' lang='lat' dir='ltr'><strong>solem</strong></span> <span class='ocrx_word' id='word_1_668' title='bbox 2574 4831 2735 4886; x_wconf 88' lang='lat' dir='ltr'><strong>aeris.</strong></span> <span class='ocrx_word' id='word_1_669' title='bbox 2776 4853 2794 4884; x_wconf 71' lang='grc' dir='ltr'><strong>ι</strong></span> 
     </span>
    </p>
   </div>
   <div class='ocr_carea' id='block_1_106' title="bbox 2169 4940 3678 5028">
    <p class='ocr_par' dir='ltr' id='par_1_106' title="bbox 2169 4940 3678 5028">
     <span class='ocr_line' id='line_1_106' title="bbox 2169 4940 3678 5028; baseline 0.014 -37"><span class='ocrx_word' id='word_1_670' title='bbox 2169 4940 2691 5028; x_wconf 31' lang='lat' dir='ltr'><strong>(ptumam-4&amp;9</strong></span> <span class='ocrx_word' id='word_1_671' title='bbox 2752 4947 3131 5028; x_wconf 82' lang='lat' dir='ltr'><strong>Plutarchus,_</strong></span> <span class='ocrx_word' id='word_1_672' title='bbox 3171 4953 3510 5024; x_wconf 69' lang='grc' dir='ltr'>ἑτεροειδὲς.</span> <span class='ocrx_word' id='word_1_673' title='bbox 3567 4973 3678 5028; x_wconf 89' lang='lat' dir='ltr'><strong>quo</strong></span> 
     </span>
    </p>
   </div>
   <div class='ocr_carea' id='block_1_107' title="bbox 2094 5012 3186 5086">
    <p class='ocr_par' dir='ltr' id='par_1_107' title="bbox 2094 5012 3186 5086">
     <span class='ocr_line' id='line_1_107' title="bbox 2094 5012 3186 5086; baseline 0.013 -24"><span class='ocrx_word' id='word_1_674' title='bbox 2094 5012 2264 5086; x_wconf 70' lang='lat' dir='ltr'><strong>modo</strong></span> <span class='ocrx_word' id='word_1_675' title='bbox 2290 5012 2475 5086; x_wconf 64' lang='lat' dir='ltr'><strong>legunt</strong></span> <span class='ocrx_word' id='word_1_676' title='bbox 2499 5012 2850 5086; x_wconf 84' lang='lat' dir='ltr'><strong>interpretes;</strong></span> <span class='ocrx_word' id='word_1_677' title='bbox 2887 5035 2988 5074; x_wconf 89' lang='lat' dir='ltr'><strong>nec</strong></span> <span class='ocrx_word' id='word_1_678' title='bbox 3025 5012 3186 5076; x_wconf 82' lang='lat' dir='ltr'><strong>male.</strong></span> 
     </span>
    </p>
   </div>
   <div class='ocr_carea' id='block_1_108' title="bbox 2162 5081 3674 5166">
    <p class='ocr_par' dir='ltr' id='par_1_108' title="bbox 2162 5081 3674 5166">
     <span class='ocr_line' id='line_1_108' title="bbox 2162 5081 3674 5166; baseline 0.013 -33"><span class='ocrx_word' id='word_1_679' title='bbox 2162 5081 2286 5166; x_wconf 38' lang='lat'><strong>$78),</strong></span> <span class='ocrx_word' id='word_1_680' title='bbox 2306 5081 2698 5166; x_wconf 60' lang='grc' dir='ltr'>Τετρακοσζιὶς</span> <span class='ocrx_word' id='word_1_681' title='bbox 2731 5081 3336 5166; x_wconf 67' lang='grc' dir='ltr'>καϊόκτακισνμυριάς.</span> <span class='ocrx_word' id='word_1_682' title='bbox 3370 5093 3674 5163; x_wconf 47' lang='lat' dir='ltr'><strong>Plutarch”</strong></span> 
     </span>
    </p>
   </div>
   <div class='ocr_carea' id='block_1_109' title="bbox 2092 5149 3474 5233">
    <p class='ocr_par' dir='ltr' id='par_1_109' title="bbox 2092 5149 3474 5233">
     <span class='ocr_line' id='line_1_109' title="bbox 2092 5149 3474 5233; baseline -0.005 -8"><span class='ocrx_word' id='word_1_683' title='bbox 2092 5149 2465 5233; x_wconf 60' lang='grc' dir='ltr'>έδᾷεεέήκξγτα</span> <span class='ocrx_word' id='word_1_684' title='bbox 2479 5149 2802 5233; x_wconf 42' lang='lat' dir='ltr'><strong>Pﬂwiﬁﬂm</strong></span> <span class='ocrx_word' id='word_1_685' title='bbox 2830 5175 3045 5233; x_wconf 70' lang='lat' dir='ltr'><strong>summa</strong></span> <span class='ocrx_word' id='word_1_686' title='bbox 3082 5149 3242 5233; x_wconf 64' lang='lat' dir='ltr'><strong>lbnge</strong></span> <span class='ocrx_word' id='word_1_687' title='bbox 3265 5149 3474 5220; x_wconf 17' lang='lat' dir='ltr'><strong>.n&#39;iinor.</strong></span> 
     </span>
    </p>
   </div>
   <div class='ocr_carea' id='block_1_110' title="bbox 2164 5169 3672 5310">
    <p class='ocr_par' dir='ltr' id='par_1_110' title="bbox 2164 5169 3672 5310">
     <span class='ocr_line' id='line_1_110' title="bbox 2164 5169 3474 5275; baseline 0.012 -73"><span class='ocrx_word' id='word_1_688' title='bbox 2164 5169 2465 5275; x_wconf 59' lang='grc' dir='ltr'>οοιὸηκοντα</span> <span class='ocrx_word' id='word_1_689' title='bbox 2489 5169 2652 5218; x_wconf 85' lang='grc' dir='ltr'>οκτω,</span> <span class='ocrx_word' id='word_1_690' title='bbox 2681 5173 2802 5225; x_wconf 61' lang='lat' dir='ltr'><strong>quae</strong></span> <span class='ocrx_word' id='word_1_691' title='bbox 2830 5175 3045 5215; x_wconf 90' lang='lat' dir='ltr'><strong>summa</strong></span> <span class='ocrx_word' id='word_1_692' title='bbox 3082 5169 3242 5233; x_wconf 82' lang='lat' dir='ltr'><strong>longe</strong></span> <span class='ocrx_word' id='word_1_693' title='bbox 3272 5169 3474 5220; x_wconf 86' lang='lat' dir='ltr'><strong>minor.</strong></span> 
     </span>
     <span class='ocr_line' id='line_1_111' title="bbox 2164 5222 3672 5310; baseline 0.013 -37"><span class='ocrx_word' id='word_1_694' title='bbox 2164 5222 2279 5310; x_wconf 57' lang='grc' dir='ltr'>(7η)</span> <span class='ocrx_word' id='word_1_695' title='bbox 2306 5222 2536 5310; x_wconf 47' lang='lat' dir='ltr'><strong>{mea</strong></span> <span class='ocrx_word' id='word_1_696' title='bbox 2569 5226 2863 5310; x_wconf 57' lang='grc' dir='ltr'>σελήγητξ.</span> <span class='ocrx_word' id='word_1_697' title='bbox 2886 5229 3063 5310; x_wconf 55' lang='grc' dir='ltr'><strong>ΔΙ-Ιεξιιίε</strong></span> <span class='ocrx_word' id='word_1_698' title='bbox 3103 5233 3338 5310; x_wconf 86' lang='lat' dir='ltr'><strong>de__lu_na</strong></span> <span class='ocrx_word' id='word_1_699' title='bbox 3372 5235 3672 5310; x_wconf 72' lang='lat' dir='ltr'><strong>clausulam</strong></span> 
     </span>
    </p>
   </div>
   <div class='ocr_carea' id='block_1_111' title="bbox 2093 5291 3672 5376">
    <p class='ocr_par' dir='ltr' id='par_1_111' title="bbox 2093 5291 3672 5376">
     <span class='ocr_line' id='line_1_112' title="bbox 2093 5291 3672 5376; baseline 0.013 -33"><span class='ocrx_word' id='word_1_700' title='bbox 2093 5305 2191 5346; x_wconf 91' lang='lat' dir='ltr'><strong>nec</strong></span> <span class='ocrx_word' id='word_1_701' title='bbox 2223 5291 2570 5376; x_wconf 68' lang='lat' dir='ltr'><strong>Plutarchus,</strong></span> <span class='ocrx_word' id='word_1_702' title='bbox 2597 5311 2696 5350; x_wconf 85' lang='lat' dir='ltr'><strong>nec</strong></span> <span class='ocrx_word' id='word_1_703' title='bbox 2715 5291 2849 5367; x_wconf 77' lang='lat' dir='ltr'><strong>legit</strong></span> <span class='ocrx_word' id='word_1_704' title='bbox 2871 5300 3154 5376; x_wconf 80' lang='lat' dir='ltr'><strong>Amiotus;</strong></span> <span class='ocrx_word' id='word_1_705' title='bbox 3181 5291 3459 5376; x_wconf 70' lang='lat' dir='ltr'><strong>Xylander</strong></span> <span class='ocrx_word' id='word_1_706' title='bbox 3494 5291 3672 5364; x_wconf 61' lang='lat' dir='ltr'><strong>taiiien</strong></span> 
     </span>
    </p>
   </div>
   <div class='ocr_carea' id='block_1_112' title="bbox 2092 5363 3208 5431">
    <p class='ocr_par' dir='ltr' id='par_1_112' title="bbox 2092 5363 3208 5431">
     <span class='ocr_line' id='line_1_113' title="bbox 2092 5363 3208 5431; baseline 0.01 -17"><span class='ocrx_word' id='word_1_707' title='bbox 2092 5373 2465 5430; x_wconf 68' lang='lat' dir='ltr'><strong>repraesentat.</strong></span> <span class='ocrx_word' id='word_1_708' title='bbox 2500 5363 2566 5416; x_wconf 88' lang='lat' dir='ltr'><strong>Et</strong></span> <span class='ocrx_word' id='word_1_709' title='bbox 2593 5376 2741 5420; x_wconf 80' lang='lat' dir='ltr'><strong>certe</strong></span> <span class='ocrx_word' id='word_1_710' title='bbox 2771 5363 3078 5428; x_wconf 69' lang='lat' dir='ltr'><strong>necessaria</strong></span> <span class='ocrx_word' id='word_1_711' title='bbox 3109 5363 3208 5431; x_wconf 79' lang='lat' dir='ltr'><strong>est.</strong></span> 
     </span>
    </p>
   </div>
   <div class='ocr_carea' id='block_1_113' title="bbox 2166 5431 3676 5517">
    <p class='ocr_par' dir='ltr' id='par_1_113' title="bbox 2166 5431 3676 5517">
     <span class='ocr_line' id='line_1_114' title="bbox 2166 5431 3676 5517; baseline 0.011 -34"><span class='ocrx_word' id='word_1_712' title='bbox 2166 5431 2854 5517; x_wconf 43' lang='lat' dir='ltr'><strong>(I80)h1|rlérctrhéi‘~gavtdr.</strong></span> <span class='ocrx_word' id='word_1_713' title='bbox 2896 5441 3009 5517; x_wconf 79' lang='lat' dir='ltr'><strong>_A_di</strong></span> <span class='ocrx_word' id='word_1_714' title='bbox 3050 5442 3412 5517; x_wconf 68' lang='lat' dir='ltr'><strong>Censorinum</strong></span> <span class='ocrx_word' id='word_1_715' title='bbox 3457 5445 3510 5500; x_wconf 92' lang='lat' dir='ltr'><strong>in</strong></span> <span class='ocrx_word' id='word_1_716' title='bbox 3546 5463 3676 5517; x_wconf 62' lang='lat' dir='ltr'><strong>opu.</strong></span> 
     </span>
    </p>
   </div>
   <div class='ocr_carea' id='block_1_114' title="bbox 2091 5501 3673 5581">
    <p class='ocr_par' dir='ltr' id='par_1_114' title="bbox 2091 5501 3673 5581">
     <span class='ocr_line' id='line_1_115' title="bbox 2091 5501 3673 5581; baseline 0.013 -29"><span class='ocrx_word' id='word_1_717' title='bbox 2091 5503 2243 5581; x_wconf 34' lang='lat' dir='ltr'><strong>_s.c_ulo</strong></span> <span class='ocrx_word' id='word_1_718' title='bbox 2285 5501 2356 5554; x_wconf 88' lang='lat' dir='ltr'><strong>De</strong></span> <span class='ocrx_word' id='word_1_719' title='bbox 2389 5501 2563 5581; x_wconf 51' lang='lat' dir='ltr'><strong>natali</strong></span> <span class='ocrx_word' id='word_1_720' title='bbox 2586 5505 2704 5581; x_wconf 79' lang='lat' dir='ltr'><strong>die,</strong></span> <span class='ocrx_word' id='word_1_721' title='bbox 2736 5523 2856 5576; x_wconf 88' lang='lat' dir='ltr'><strong>cap.</strong></span> <span class='ocrx_word' id='word_1_722' title='bbox 2889 5511 2978 5576; x_wconf 84' lang='grc'><strong>18,</strong></span> <span class='ocrx_word' id='word_1_723' title='bbox 3008 5522 3063 5571; x_wconf 83' lang='lat' dir='ltr'><strong>et</strong></span> <span class='ocrx_word' id='word_1_724' title='bbox 3097 5513 3380 5578; x_wconf 82' lang='lat' dir='ltr'><strong>Petavium</strong></span> <span class='ocrx_word' id='word_1_725' title='bbox 3424 5501 3673 5575; x_wconf 58' lang='lat' dir='ltr'><strong>nosti-iani</strong></span> 
     </span>
    </p>
   </div>
   <div class='ocr_carea' id='block_1_115' title="bbox 2090 5571 3123 5648">
    <p class='ocr_par' dir='ltr' id='par_1_115' title="bbox 2090 5571 3123 5648">
     <span class='ocr_line' id='line_1_116' title="bbox 2090 5571 3123 5648; baseline 0.012 -24"><span class='ocrx_word' id='word_1_726' title='bbox 2090 5571 2389 5648; x_wconf 36' lang='lat' dir='ltr'><strong>IIb._l_‘eI.__ll</strong></span> <span class='ocrx_word' id='word_1_727' title='bbox 2427 5573 2499 5626; x_wconf 85' lang='lat' dir='ltr'><strong>De</strong></span> <span class='ocrx_word' id='word_1_728' title='bbox 2521 5575 2773 5648; x_wconf 59' lang='lat' dir='ltr'><strong>doctrina</strong></span> <span class='ocrx_word' id='word_1_729' title='bbox 2804 5571 3123 5648; x_wconf 58' lang='lat' dir='ltr'><strong>temporum.</strong></span> 
     </span>
    </p>
   </div>
   <div class='ocr_carea' id='block_1_116' title="bbox 2166 5641 2660 5711">
    <p class='ocr_par' dir='ltr' id='par_1_116' title="bbox 2166 5641 2660 5711">
     <span class='ocr_line' id='line_1_117' title="bbox 2166 5641 2660 5711; baseline 0.008 -17"><span class='ocrx_word' id='word_1_730' title='bbox 2166 5641 2276 5711; x_wconf 85' lang='lat'>(8|)</span> <span class='ocrx_word' id='word_1_731' title='bbox 2318 5641 2480 5696; x_wconf 85' lang='lat' dir='ltr'><strong>Forte</strong></span> <span class='ocrx_word' id='word_1_732' title='bbox 2516 5645 2660 5708; x_wconf 86' lang='grc' dir='ltr'>ὅσος.</span> 
     </span>
    </p>
   </div>
   <div class='ocr_carea' id='block_1_117' title="bbox 2159 5711 3627 5806">
    <p class='ocr_par' dir='ltr' id='par_1_117' title="bbox 2159 5711 3627 5806">
     <span class='ocr_line' id='line_1_118' title="bbox 2159 5711 3627 5806; baseline 0.012 -42"><span class='ocrx_word' id='word_1_733' title='bbox 2313 5711 2886 5806; x_wconf 40' lang='grc' dir='ltr'><strong>ξῇξῇςὶιιξιυιειχςιψε</strong></span> <span class='ocrx_word' id='word_1_734' title='bbox 2918 5720 3072 5791; x_wconf 86' lang='lat' dir='ltr'><strong>ibid.,</strong></span> <span class='ocrx_word' id='word_1_735' title='bbox 3111 5724 3200 5780; x_wconf 91' lang='lat' dir='ltr'><strong>lib.</strong></span> <span class='ocrx_word' id='word_1_736' title='bbox 3238 5741 3320 5791; x_wconf 82' lang='grc' dir='ltr'>ιιι,</span> <span class='ocrx_word' id='word_1_737' title='bbox 3358 5743 3477 5806; x_wconf 80' lang='lat' dir='ltr'><strong>cap.</strong></span> <span class='ocrx_word' id='word_1_738' title='bbox 3514 5725 3585 5783; x_wconf 78' lang='lat'><strong>9..</strong></span> <span class='ocrx_word' id='word_1_739' title='bbox 3625 5773 3627 5776; x_wconf 25' lang='lat'><strong>.</strong></span> 
     </span>
    </p>
   </div>
   <div class='ocr_carea' id='block_1_118' title="bbox 2159 5779 2959 5866">
    <p class='ocr_par' dir='ltr' id='par_1_118' title="bbox 2159 5779 2959 5866">
     <span class='ocr_line' id='line_1_119' title="bbox 2159 5779 2959 5866; baseline 0.013 -32"><span class='ocrx_word' id='word_1_740' title='bbox 2159 5781 2272 5852; x_wconf 80' lang='grc'>(85)</span> <span class='ocrx_word' id='word_1_741' title='bbox 2312 5779 2662 5855; x_wconf 80' lang='lat' dir='ltr'><strong>Plutarchus,</strong></span> <span class='ocrx_word' id='word_1_742' title='bbox 2704 5788 2959 5866; x_wconf 76' lang='grc' dir='ltr'>Οἰκέτην.</span> 
     </span>
    </p>
   </div>
  </div>
