4132 6412
510 387 532 440 I
545 385 654 442 599

1086 490 1313 546 CAPUT
1347 491 1485 545 LVI.

1031 582 1109 637 De
1153 594 1309 638 ωττω
1353 584 1548 653 ﬁgura.

577 690 600 727 ι
635 671 830 732 Thales
874 687 939 727 ac
967 670 1144 728 Stoici
1198 674 1480 744 globosam
1519 681 1676 728 terra:
1705 671 1937 743 ﬁguram
1981 672 2082 727 tri-

503 762 697 822 buunt.
721 764 1134 821 Anaximander
1183 765 1410 835 lapidea:
1438 763 1705 819 columnae
1729 764 1904 832 planae
1929 763 2084 819 simi-

503 856 612 914 lem
663 871 785 912 esse
830 857 1056 911 mavult.
1087 857 1454 911 Anaximenes
1513 870 1638 911 cum
1685 870 1898 920 mensa,
1955 869 2080 910 cum

504 958 763 1018 tympano
790 947 1122 1018 Leucippus,
1162 947 1506 1004 Democritus
1543 963 1668 1002 cum
1703 946 1857 1001 disco
1891 947 2081 1002 latitu-

503 1041 630 1096 dine
656 1049 958 1112 comparat,
989 1040 1122 1096 licet
1149 1055 1274 1095 eam
1301 1040 1446 1094 circa
1475 1038 1712 1096 medium
1743 1053 1932 1118 cavam
1959 1052 2082 1093 esse

504 1131 653 1188 velit.
689 1149 716 1186 -ι

1069 1220 1299 1279 CAPUT
1355 1219 1515 1277 LVII.

1078 1313 1156 1369 De
1182 1323 1335 1370 terra:
1367 1315 1497 1368 situ.

579 1423 600 1458 ι
635 1404 874 1462 Thaletis
901 1405 1174 1475 discipuli,
1227 1407 1463 1462 mediam
1511 1419 1634 1460 esse
1691 1413 1895 1459 terram
1927 1420 1943 1458 ι
1970 1403 2081 1461 Xe-

502 1500 784 1568 nophanes
838 1499 1096 1568 primam,
1143 1514 1265 1568 qua:
1318 1497 1528 1554 infinita
1560 1498 1614 1551 in
1645 1497 1928 1552 altitudine
1957 1497 2083 1553 fun-

501 1589 628 1645 data
682 1589 772 1643 sit.
840 1587 1122 1642 Philolaus
1173 1586 1574 1658 Pythagoreus,
1607 1585 1844 1640 medium
1877 1585 2078 1654 ignem,

503 1679 648 1751 quod
703 1679 774 1733 sit
819 1677 1060 1732 universi
1111 1677 1268 1731 focus
1300 1676 1636 1731 :secundam
1693 1691 1844 1741 vero,
1877 1686 2078 1730 terram

503 1780 704 1829 nostrae
733 1769 1037 1838 oppositam
1062 1785 1077 1834 ;
1109 1767 1322 1822 tertiam
1366 1768 1530 1832 hanc,
1561 1782 1683 1836 quae
1705 1782 1736 1823 a
1767 1767 1925 1821 nobis
1970 1764 2081 1820 fre-

1151 385 1416 440 EUSEBII
1457 381 1941 440 CESARIENSIS
1975 381 2130 440 OPP.
2169 381 2354 438 PARS
2389 382 2453 440 II.
2504 413 2573 428 —
2610 380 3110 440 APOLOGETICA.

3626 383 3763 440 “00

2600 552 2609 562 _
2683 493 3080 546 ΚΕΦΑΛΑΙΟΝ
3111 493 3255 560 Nq'.

2361 633 2369 644 .
2644 584 2785 651 Περὶ
2811 583 3121 653 σχήματος
3143 585 3274 654 τῆς.

2259 691 2277 722 ι
2319 673 2498 742 Θαλῆς
2527 674 2621 727 καὶ
2641 676 2691 727 oi
2714 675 2960 739 Στωϊκοὶ,
2986 675 3299 746 σφαιροειδῆ
3329 673 3430 746 τὴν
3449 674 3573 744 γῆν.
3607 674 3765 728 Ἀνα-

2180 762 2468 835 ξίμανδρος
2491 763 2622 835 λίθῳ
2642 765 2780 821 κίονι
2810 766 3091 837 προσφερῆ
3128 766 3237 819 τῶν
3288 764 3578 820 ἐπιπέδων·
3606 767 3764 819 Ἀνα-

2184 854 2428 928 ξιμένης,
2451 855 2832 928 τραπεζοειδῆ.
2858 854 3194 933 Λεύκιππος,
3218 856 3607 927 τυμπανοειδῆ.
3655 858 3763 926 Δη-

2186 950 2464 1021 μόκριτος,
2519 950 2789 1024 δισκοειδῆ
2861 949 2941 1023 τῷ
3002 949 3236 1014 πλάτει,
3310 949 3497 1022 κοίλην
3567 949 3622 1003 δὲ
3682 949 3763 1020 τῷ

2187 1042 2356 1114 μέσιρο
2396 1063 2416 1093 ι

2696 1220 3091 1274 ΚΕΦΑΛΑΙΟΝ
3124 1221 3248 1274 ΝΖ’.

2635 1311 2773 1378 Περὶ
2801 1309 3022 1378 θέσεως
3049 1307 3156 1377 τῆς
3178 1307 3310 1379 γῆς.

2255 1421 2274 1454 ι
2313 1403 2376 1456 Οἱ
2400 1401 2507 1456 ἀπὸ
2533 1400 2739 1467 Θάλεω,
2771 1403 2868 1473 τὴν
2897 1402 3002 1471 γῆν
3030 1404 3218 1472 μέσην.
3247 1401 3575 1473 Ξενοφάνης,
3611 1399 3765 1474 πρώ-

2179 1506 2300 1562 τηνο
2348 1493 2427 1554 είς
2459 1490 2682 1561 ἄπειρον
2712 1491 2821 1562 γὰρ
2847 1489 3196 1564 ἐρριζῶσθαι.
3251 1490 3502 1551 Φιλόλαος
3525 1493 3552 1544 6
3575 1491 3762 1544 Πυθα-

2181 1583 2414 1656 γόρειος,
2445 1583 2507 1635 τὸ
2541 1584 2637 1652 μὲν
2664 1581 2776 1654 πῦρ
2810 1581 2992 1652 μέσον⁹
3016 1581 3174 1635 τοῦτο
3199 1581 3304 1654 γὰρ
3331 1579 3469 1636 εἶναι
3493 1581 3588 1635 τοῦ
3628 1601 3765 1636 παν-

2179 1672 2271 1734 τὸς
2299 1671 2499 1726 ἑστίαν·
2525 1672 2782 1743 δευτέραν
2815 1671 2871 1725 δὲ
2905 1671 3000 1744 τὴν
3034 1671 3362 1743 ’ἀντίχθονα-
3391 1675 3583 1745 τρίτην
3605 1673 3662 1727 δὲ
3690 1676 3758 1746 ἦν

2181 1763 2442 1834 οίκοῦμεν
2467 1765 2591 1838 γῆν,
2625 1763 2685 1829 ἐξ
2714 1765 2958 1827 ἐναντίας
2981 1765 3240 1836 κειμένην
3268 1783 3326 1818 τε
3348 1767 3442 1819 καὶ
3469 1783 3763 1838 περιφεροο

501 1869 949 1934 qualitatum-mute
979 1861 1145 1916 situm
1170 1871 1225 1916 et
1252 1860 1666 1916 conversionem
1695 1859 1890 1913 habeat
1919 1857 2076 1913 alteri

2182 1857 2346 1928 μένην
2376 1859 2444 1928 τῇ
2479 1856 2746 1932 ἁντίχθονι
2764 1851 2904 1929 (st)-
2948 1861 3077 1931 παρ’
3103 1859 3132 1911 6
3159 1858 3252 1912 καὶ
3279 1857 3353 1929 μὴ
3396 1859 3626 1930 ὁρᾶσθαι
3655 1860 3762 1914 ὑπὸ

501 1953 580 2011 illi
631 1952 961 2009 contrariam
1017 1971 1031 2008 :
1079 1967 1256 2024 eoque
1304 1952 1442 2014 fieri,
1475 1961 1536 2006 ut
1567 1952 1660 2021 qui
1683 1960 1974 2006 versantur
2024 1950 2080 2004 in

502 2045 773 2116 opposita,
801 2060 833 2098 a
859 2045 1066 2100 nostris
1088 2045 1256 2114 hujus
1278 2044 1473 2100 incolis
1505 2044 1673 2097 videri
1707 2058 1814 2096 non
1849 2045 2081 2112 possint.

499 2135 854 2196 Parmenides
879 2137 1124 2191 omnium
1143 2137 1374 2206 primus,
1395 2151 1460 2191 ea
1491 2146 1649 2191 terra:
1673 2137 1791 2190 loca
1809 2135 2080 2199 distinxit,

500 2245 622 2299 qua:
671 2230 1006 2298 frequentari
1060 2231 1294 2300 possint,
1343 2231 1450 2285 sub
1497 2231 1712 2286 duabus
1743 2232 2082 2302 tropicorum

501 2323 656 2384 nonis
693 2322 1006 2380 constituta.
1051 2340 1071 2374 ι

1064 2409 1296 2468 CAPUT
1340 2411 1522 2467 LVIII.

1054 2503 1132 2558 De
1165 2514 1319 2560 terrm
1360 2515 1526 2558 motu.

579 2614 598 2649 ι
633 2594 771 2651 Cum
828 2596 1010 2651 caeteri
1065 2611 1258 2651 omnes
1295 2604 1496 2650 terram
1527 2596 1808 2666 quiescere
1838 2611 2084 2666 pronun-

500 2684 979 2748 tiant,Philolaus
1047 2685 1441 2758 Pythagoreus,
1512 2700 1635 2740 eam
1684 2685 1829 2740 circa
1877 2686 2079 2756 ignem,

501 2777 724 2847 obliquo
749 2778 803 2832 in
835 2778 1062 2841 circulo,
1124 2775 1586 2848 quemadmodum
1612 2777 1780 2832 solem
1810 2788 1974 2848 atque
1995 2778 2081 2832 lu-

500 2882 648 2934 nam,
705 2869 912 2924 moveri
969 2869 1268 2925 existimat.
1331 2868 1647 2925 Heraclides
1695 2867 1980 2933 Ponticus,
2027 2880 2082 2924 et

499 2959 812 3030 Ecphantus
850 2961 1245 3032 Pythagoreus,
1305 2970 1508 3016 terram
1554 2961 1773 3030 quidem
1817 2961 1948 3016 cieri
1979 2977 2080 3016 vo-

499 3049 640 3118 lunt,
665 3051 743 3106 sic
771 3061 974 3118 tamen,
1009 3063 1067 3106 ut
1097 3067 1160 3106 ea
1199 3052 1380 3106 locum
1417 3051 1648 3106 subinde
1682 3051 2080 3120 progrediendo

499 3158 612 3201 non
655 3153 845 3210 mutet,
879 3144 974 3200 sed
1010 3153 1145 3199 rota:
1170 3143 1356 3214 potius
1391 3144 1588 3207 instar,
1621 3153 1835 3198 suomet
1869 3145 1922 3199 in
1953 3158 2076 3209 axe,

500 3235 570 3295 ab
595 3248 794 3289 occasu
827 3234 883 3287 in
918 3244 1121 3299 ortum,
1151 3234 1295 3287 circa
1325 3233 1605 3302 proprium
1655 3234 1758 3287 sibi
1804 3243 2074 3302 centrum,

501 3327 729 3385 incitata
762 3327 816 3379 in
865 3325 1056 3380 orbem
1101 3326 1460 3380 conversione
1487 3325 1755 3380 volvatur.
1801 3326 2081 3382 Democri-

499 3427 620 3485 tus,
680 3419 837 3472 initio
894 3429 1097 3473 terram
1157 3426 1350 3487 suapte
1409 3433 1533 3472 cum
1590 3419 1917 3488 exiguitate,
1966 3430 2079 3476 tum

499 3511 664 3566 etiam
715 3510 934 3566 levitate
984 3510 1092 3564 huc
1140 3510 1270 3565 illuc
1306 3509 1624 3577 fluctuasse,
1679 3519 1735 3564 at
1787 3526 2080 3582 progressu

499 3602 763 3671 temporis
787 3602 1172 3670 constipatam,
1197 3616 1262 3656 ac
1294 3599 1488 3671 majori
1516 3602 1779 3669 gravitate
1808 3602 2076 3660 ﬁrmatam

2183 1949 2292 2003 τῶν
2318 1951 2377 2002 ὲν
2412 1949 2540 2021 τῇδε
2585 1952 2711 2014 τοὺς
2761 1953 2821 2006 ἐν
2878 1949 3081 2024 ἐκείνῃ.
3142 1950 3488 2022 Παρμενίδης
3545 1949 3761 2021 πρῶτος

2185 2038 2425 2110 ἀφώρισε
2457 2039 2556 2110 τῆς
2581 2039 2685 2109 γῆς
2712 2040 2836 2102 τοὺς
2859 2040 3210 2111 οἰκουμένους
3269 2039 3471 2104 τόπους
3509 2038 3614 2094 ὑπὸ
3641 2042 3764 2106 ταῖς

2182 2129 2302 2182 δυσὶ
2335 2128 2532 2210 ζώναις
2552 2131 2670 2193 ταῖς
2698 2131 3002 2200 τροπικαῖς.
3032 2147 3052 2180 ι

2689 2419 3083 2473 ΚΕΦΑΛΑΙΟΝ
3119 2421 3254 2475 Nﬂ'.

2641 2512 2798 2580 ,Περὶ
2831 2513 3125 2580 κινήσεως
3152 2513 3227 2582 τῆ
3235 2532 3286 2578 ς.

2259 2626 2278 2657 ι
2309 2609 2370 2659 Οἱ
2400 2606 2496 2674 μὲν
2525 2603 2694 2668 ἄλλοι,
2740 2603 2921 2673 μένειν
2954 2603 3052 2674 τὴν
3086 2605 3210 2674 γῆν
3240 2601 3493 2666 Φιλόλαος
3523 2601 3579 2655 δὲ
3599 2602 3626 2654 6
3651 2601 3764 2653 Πυ-

2182 2699 2486 2768 θαγόρειος,
2528 2696 2711 2766 κύκλῳ
2765 2694 3152 2767 περιφέρεσθαι
3207 2694 3336 2766 περ)⁵
3367 2693 3428 2747 τὸ
3482 2691 3593 2764 πῦρ
3621 2692 3765 2750 κατὰ

2181 2790 2382 2845 κύκλου
2409 2787 2584 2852 λοξοῦ,
2611 2787 2982 2858 ὁμοιοτρόπως
3033 2786 3166 2856 ἡλίῳ
3205 2787 3301 2838 καὶ
3331 2785 3548 2856 σελήνῃ.
3596 2786 3764 2856 Ἡραη

2182 2881 2394 2951 κλείδης
2413 2883 2442 2934 6
2475 2879 2730 2941 Ποντικὸς
2763 2878 2856 2931 καὶ
2889 2879 3194 2947 Ἔκφαντος
3226 2879 3254 2930 6
3279 2877 3643 2949 Πυθαγόρειος
3678 2896 3765 2931 κι-

2181 2973 2330 3027 νοῦσι
2357 2974 2454 3044 μὲν
2497 2973 2597 3044 τὴν
2640 2972 2765 3042 γῆν,
2798 2973 2857 3025 o6
2920 2973 3026 3042 μήν
3065 2987 3129 3040 γε
3180 2970 3578 3041 μεταϐατικῶς,
3624 2969 3766 3024 ἀλλὰ

2181 3060 2456 3132 τροπικῶς
2473 3059 2628 3132 (84⁹),
2642 3060 2833 3132 τροχοῦ
2856 3061 3009 3130 δίκην
3027 3061 3084 3112 ὲν
3101 3058 3246 3123 ἄξονι
3262 3060 3631 3132 στρεφομένην
3649 3059 3762 3132 (85)

2184 3149 2292 3202 ἀπὸ
2316 3149 2534 3220 δυσμῶν
2566 3151 2652 3201 ἐπ’
2683 3149 2946 3212 ἀνατολὰς
3001 3148 3130 3220 περὶ
3173 3149 3230 3201 τὸ
3263 3149 3392 3201 ἴδιον
3434 3150 3604 3220 αὐτῆς
3640 3151 3763 3204 κέν-

2180 3258 2323 3310 τρον.
2353 3241 2690 3312 Δημόκριτος
2716 3242 2834 3294 κατ’
2857 3241 3030 3312 ἀρχὰς
3061 3242 3158 3312 μὲν
3200 3241 3497 3305 πλάζεσθαι
3524 3242 3632 3313 (86)
3661 3243 3762 3315 τὴν

2179 3333 2304 3403 γῆν,
2326 3333 2415 3386 διά
2433 3350 2493 3385 τε
2523 3333 2825 3404 μικρότητα
2868 3333 2964 3389 καὶ
3001 3333 3328 3404 κουφότητα,
3385 3335 3763 3389 πυκνωθεῖσαν

2178 3425 2236 3478 δὲ
2268 3425 2344 3496 τῷ
2371 3426 2548 3498 χρόνῳ
2577 3425 2671 3478 καὶ
2718 3424 3069 3497 βαρυνθεῖσαν
3104 3427 3489 3496 καταστῆναι.»
3541 3429 3764 3482 Τούτων

2181 3519 2275 3572 καὶ
2305 3518 2433 3589 περὶ
2457 3518 2561 3587 γῆς
2587 3518 2898 3588 διαπεφωνη
2907 3517 3080 3588 μένων
3130 3521 3242 3581 τοῖς
3270 3519 3561 3587 γενναίοις,
3595 3519 3761 3573 ἄκουε

2183 3609 2404 3662 καὶτῶν
2431 3610 2559 3680 περὶ
2589 3608 2880 3678 θαλάσσης.

502 3694 879 3751 constitisse.»
912 3694 1008 3750 His
1042 3695 1110 3750 de
1135 3695 1300 3750 rebus
1353 3696 1420 3749 ad
1478 3704 1676 3750 terram
1727 3697 2143 3766 pertinentibus,
2184 3703 2511 3757 eximiorum
2574 3703 3025 3772 philosophorum
3087 3704 3329 3761 dissidiis
3384 3702 3621 3758 breviter
3665 3720 3763 3758 ex-

501 3787 720 3858 peditis,
743 3786 812 3841 de
835 3787 972 3843 mari
1000 3802 1162 3856 quam
1203 3787 1376 3841 nihilo
1409 3787 1582 3856 magis
1613 3789 1753 3843 inter
1775 3805 1894 3846 sese
1923 3795 2272 3862 conveniant,
2315 3813 2487 3866 pauca
2521 3798 2636 3852 hare
2660 3797 2866 3864 accipe.

993 3883 1154 3954 351
1198 3881 1428 3938 CAPUT
1459 3883 1598 3940 le.

611 3969 876 4033 De'mari.
914 3973 1187 4042 Quomodo
1235 3976 1511 4058 coaluerit,
1550 3990 1600 4031 et
1641 3979 1978 4048 quamobrem

1104 4063 1350 4100 amarum
1383 4057 1475 4100 8η.

580 4156 598 4189 ι
645 4135 1071 4202 Anaximander,
1104 4139 1249 4194 aliud
1286 4139 1423 4193 nihil
1463 4154 1631 4207 mare,
1681 4155 1844 4210 quam
1889 4141 2082 4210 primi-

503 4229 650 4300 genii
680 4230 925 4285 humoris
948 4231 1207 4300 reliquias
1237 4245 1362 4286 esse
1390 4230 1649 4298 defendit,
1677 4233 1834 4302 cujus
1868 4244 2076 4304 partem

502 4321 800 4377 maximam
856 4321 998 4392 ignis
1031 4321 1412 4390 exsiccaverit,
1453 4322 1678 4378 alteram
1724 4339 1845 4394 quae
1891 4339 2080 4394 super-

467 4416 642 4474 ‘erat,
673 4421 840 4467 aestus
887 4412 1083 4466 ardore
1131 4414 1504 4468 commutarit.
1557 4413 1930 4483 Anaxagoras,
1974 4415 2078 4469 hu-

2704 3893 3094 3946 ΚΕΦΑΛΑΙΟΝ
3124 3893 3250 3948 ΝΘ.

2182 3985 2325 4053 Περὶ
2371 3987 2710 4053 θαλασσης.
2761 3984 2894 4050 Πῶς
2952 3984 3223 4108 urgueam
3247 4024 3261 4052 ,
3314 3984 3412 4039 καὶ
3473 3983 3607 4055 πῶς,
3631 3985 3762 4040 ἐστι

2873 4070 3012 4108 πικο
3058 4093 3072 4106 .

2873 4070 3072 4122 πικρα.

2263 4161 2281 4197 ι
2331 4142 2748 4214 Ἀναξίμανδρος
2792 4143 2902 4216 (87)
2942 4143 3040 4210 τὴν
3095 4142 3368 4198 θάλασσάν
3420 4161 3584 4215 φησιν
3619 4140 3759 4198 εἶναι

2184 4238 2282 4308 τῆς
2313 4236 2534 4309 πρώτης
2587 4237 2852 4307 ὑγρασίας
2900 4236 3165 4306 λείψανον·
3217 4231 3284 4308 ἦς
3337 4236 3397 4289 τὸ
3436 4237 3534 4308 μὲν
3575 4235 3762 4290 πλεῖον

2188 4327 2353 4399 μέρος
2399 4328 2694 4399 ἀνεξήρανε
2726 4327 2787 4380 τὸ
2827 4325 2958 4400 πῦρ,
3018 4327 3078 4380 τὸ
3104 4325 3158 4380 δὲ
3183 4326 3505 4396 ὑπολειφθὲν
3527 4329 3614 4382 διὰ
3660 4327 3762 4399 τὴν

2185 4418 2441 4472 ἔκκαυσιν
2465 4419 2576 4490 (88)
2604 4419 2912 4490 μετέὸαλεν.
2955 4418 3339 4490 Ἀναξαγόρας,
3372 4418 3463 4472 τοῦ
3504 4419 3624 4472 κατ’
3662 4420 3764 4489 ἀρ-

505 4518 713 4560 morem
737 4505 888 4558 illum
913 4505 1320 4574 primigenium,
1340 4514 1394 4558 et
1419 4506 1592 4575 stagni
1618 4521 1770 4562 more
1798 4507 2076 4574 diﬂusum,

2185 4511 2284 4580 χὰς
2310 4510 2660 4581 λιμνάζοντος
2683 4509 2850 4582 ὑγροῦ
2882 4508 3236 4580 περικαέντος
3269 4509 3372 4561 ὑπὸ
3396 4508 3496 4578 τῆς
3527 4507 3762 4579 ἡλιακῆς

504 4593 701 4651 solaris
744 4594 1124 4649 conversionis
1174 4602 1309 4648 aestu
1357 4593 1742 4665 conﬂagrasse,
1791 4606 1906 4649 tum
1959 4598 2081 4666 pin-

505 4683 791 4757 guioribus
818 4685 1066 4754 partibus
1088 4685 1376 4750 exhalatis,
1405 4685 1551 4756 quod
1575 4685 1852 4740 residuum
1882 4685 2079 4753 fuerat,

506 4779 562 4834 in
597 4777 929 4849 salsuginem
980 4785 1036 4832 et
1090 4776 1515 4831 amaritudinem
1545 4777 1764 4833 abiisse.
1815 4777 2084 4847 Empedo-

507 4871 640 4936 cles,
671 4877 827 4922 terra:
858 4867 1112 4922 sudorem
1143 4883 1285 4931 esse,
1319 4882 1483 4936 quam
1512 4868 1887 4938 superioribus
1917 4870 2080 4924 etiam

506 4964 563 5020 In
596 4961 842 5033 partibus
883 4959 1114 5016 humore
1161 4961 1440 5032 perfusam
1481 4961 1617 5017 solis
1661 4963 1825 5018 ardor
1864 4974 2080 5020 exurat.

579 5116 694 5188 (84)
752 5115 1234 5188 Περιφερομένην
1279 5115 1356 5186 τῇ
1402 5118 1734 5187 ἀντίχθονα
1802 5118 2080 5182 Amiotus.

507 5188 596 5258 qui
625 5187 809 5242 to'urne
834 5187 1058 5244 l’eutour
1096 5189 1156 5242 de
1182 5187 1236 5242 la
1271 5198 1643 5242 contre-terre.
1674 5189 1786 5244 Hoc
1816 5190 1862 5245 si
1891 5204 2080 5242 verum

509 5267 688 5330 esset,
732 5259 904 5312 nostri
931 5260 1083 5314 orbis
1133 5259 1324 5313 incolae
1368 5259 1656 5330 antipodas
1701 5260 1824 5315 illos
1867 5258 2084 5314 facilius

510 5328 691 5381 videre
729 5338 1231 5410 possentntantum
1275 5328 1575 5393 ahest,7ut
1632 5330 1738 5384 ista
1795 5330 2082 5385 conversio

510 5399 787 5466 aspectum
817 5399 968 5452 illum
999 5399 1262 5468 impedire
1289 5409 1493 5464 posset.

738 5468 947 5547 35.1.36
977 5467 1290 5536 τροπικῶς.
1341 5468 1466 5547 Ilaec
1491 5467 1738 5547 addenda
1757 5467 2080 5547 Plutarcho.

586 5535 707 5610 (85)
738 5538 841 5592 Ἐν
867 5535 1034 5603 ἄξονι
1074 5535 1508 5610 στρεφομένην.
1535 5540 1883 5610 Plutarchus,
1915 5537 2082 5610 avg»-

511 5607 800 5687 νισμένην,
837 5624 958 5687 quae
990 5607 1158 5687 nihili
1181 5607 1444 5687 voxrest.
1472 5611 1635 5687 Certe
1668 5609 1940 5680 Xylander
1975 5608 2084 5687 Eu-

511 5678 719 5733 sebium
745 5680 1026 5746 sequitur;
1059 5681 1181 5736 licet
1222 5681 1474 5734 Amiotus
1505 5681 1684 5745 vertit,
1717 5678 1885 5735 extant
1934 5682 2082 5734 cnvi-

510 5749 724 5810 ronnée,
755 5764 951 5823 comme
987 5766 1259 5823 une_roue,
1287 5751 1351 5804 de
1383 5751 1598 5823 bqndes.
1623 5749 1720 5807 Hic
1749 5751 1990 5823 profecto
2017 5751 2085 5806 dc

510 5826 667 5877 terra:
693 5833 804 5875 non
838 5819 992 5886 rotis,
1015 5820 1110 5876 scd
1140 5831 1290 5876 motu
1325 5821 1608 5892 agebatur.

2186 4603 2508 4672 περιφορᾶς,
2542 4602 2636 4654 καὶ
2654 4601 2748 4654 τοῦ
2781 4600 3011 4672 λιπαροῦ
3047 4599 3480 4669 ἐξατμισθέντος,
3506 4601 3586 4662 είς
3628 4599 3761 4653 ἁλυ-

2185 4693 2307 4744 κίδα
2339 4693 2431 4746 καὶ
2457 4691 2682 4763 πικρίαν
2708 4692 2769 4745 τὸ
2791 4692 2974 4744 λοιπὸν
3003 4690 3323 4759 ὑποστῆναι.
3369 4689 3759 4759 Ἐμπεδοκλῆς,

2185 4783 2382 4854 ἱδρῶτα
2412 4784 2511 4853 τῆς
2543 4785 2644 4855 γῆς
2693 4783 3050 4854 ἐκκαιομένης
3101 4782 3204 4835 ὑπὸ
3231 4781 3323 4834 τοῦ
3360 4781 3508 4853 ήλίου
3549 4781 3634 4834 διὰ
3659 4781 3764 4852 τὴν

2183 4878 2276 4930 ἐπὶ
2300 4877 2361 4929 τὸ
2403 4877 2584 4930 πλεῖον
2635 4877 2849 4947 πίλησιν
2910 4873 3041 4945 (89).
3081 4873 3364 4941 Ἀντιφῶν,
3418 4872 3618 4946 ἱδρῶτα
3664 4872 3763 4926 τοῦ

2184 4969 2409 5044 θερμοῦ,
2452 4969 2512 5034 ἐξ
2557 4962 2616 5025 o6
2669 4968 2728 5022 τὸ
2764 4966 3091 5040 περιληφθὲν
3132 4966 3298 5036 ὑγρὸν
3328 4965 3623 5037 ἀπεκρίθη,
3681 4964 3766 5036 τῷ

2257 5122 2366 5194 (86)
2396 5122 2746 5184 Πλάζεσθαι.
2777 5121 3072 5194 Xylander,
3098 5122 3319 5191 efﬁctam
3347 5122 3512 5194 fuisse
3539 5129 3763 5194 terram.

2184 5191 2338 5264 Legit
2372 5194 2725 5257 πλάσσεσθαι,
2746 5191 3171 5264 γοιίπλασθῆναι,
3193 5208 3302 5264 quo
3338 5192 3474 5264 nihil
3503 5191 3762 5264 alienius.

2253 5261 2368 5328 (87)
2422 5262 2896 5332 Ἀναξίμανδρος.
2922 5261 3248 5317 Plutarchus
3277 5262 3432 5325 ibid.,
3464 5277 3546 5332 Ill,
3575 5261 3672 5332 _I6.

2259 5335 2371 5398 (88)
2416 5329 2776 5387 Ἕκκαὺσιν.
2813 5333 2888 5390 Ex
2942 5334 3233 5389 Plutarcho
3259 5371 3275 5396 ,
3326 5347 3426 5401 pro
3473 5329 3718 5399 ἔγκλισιν
3745 5371 3762 5398 ,

2185 5408 2329 5475 quod
2359 5415 2482 5475 ante
2514 5405 2814 5475 legebatur.

2259 5475 2370 5542 (89}
2422 5470 2657 5526 Ἑπϊτὸ
2690 5472 2902 5526 πλεῖον
2927 5473 3200 5540 πίλησιν.
3243 5470 3602 5533 Plutarchus.
3641 5472 3766 5525 ἐπι-

2187 5545 2407 5599 πόλαιον
2450 5544 2678 5606 πλύσιν,
2736 5545 2881 5612 quod
2939 5543 3113 5610 magis
3170 5543 3381 5611 placet;
3413 5544 3506 5596 sed
3558 5542 3764 5612 clarius

2186 5625 2506 5677 verteretur,
2542 5609 3039 5683 propter'aquarum
3069 5609 3183 5683 vim:
3213 5614 3330 5681 (seu
3370 5609 3683 5678 eluviouem)
3713 5614 3764 5664 ei

2185 5679 2553 5754 superfusam}
2586 5679 2741 5753 quasi
2774 5679 2948 5754 dicat:
2983 5684 3122 5737 hanc
3151 5679 3327 5754 fuisse
3347 5696 3595 5754 causam,
3639 5696 3767 5750 qua:

2185 5751 2536 5826 in’ejusmodi
2567 5751 2878 5826 opinionem
2911 5753 3289 5822 Empedoclem
3319 5751 3618 5823 impulerit.
