4132 6398
330 411 392 468 Μ
414 411 458 466 η

1457 385 1774 443 ΡΒΕΡΑΒ.
1815 380 2066 440 EVANG.
2109 377 2239 432 LIB.
2279 374 2396 431 XV.

3442 361 3580 416 H02

329 519 699 593 καθεψηθῆναι
728 509 1146 586 παραλυκίσασα
1192 503 1326 574 (90),
1365 502 1520 570 ὀπερ,
1552 499 1644 550 ἐπὶ
1700 495 1899 558 παντὸς

2027 493 2273 561 tntiphon
2316 490 2603 560 ipsiusmet
2638 494 2804 542 aestus
2843 484 3096 541 sudorem
3161 496 3284 536 esse
3331 481 3579 541 mavult;

337 588 557 687 ἱδρῶτος
590 588 900 679 μδαίνει.
924 599 1309 672 Μητρόδωρος,
1335 593 1422 645 διὰ
1471 592 1533 644 τὸ
1561 588 1906 661 διηθηθεῖσαν

333 682 422 758 διά
457 703 556 772 τῆς
605 701 706 770 γῆς
751 692 1128 769 μετειληφέναι
1175 686 1270 741 τοῦ
1319 686 1445 756 περὶ
1473 683 1641 754 αὐτὴν
1680 682 1906 751 πάχους,

336 771 584 866 καθάπερ
605 792 672 846 τὰ
697 791 785 846 διὰ
805 789 904 858 τῆς
936 786 1141 856 τέφρας
1175 779 1484 850 ὑλιζόμενα.
1519 779 1580 828 οι
1625 775 1734 828 ἀπὸ
1767 771 1910 825 Πλά-

335 903 524 951 τωνος,
548 864 643 939 τοῦ
673 879 1042 952 στοιχειώδους
1065 876 1254 937 ὓδατος
1281 873 1341 925 τὸ
1370 871 1466 942 μὲν
1495 869 1553 933 ἐξ
1577 868 1736 940 ἀέρος
1768 864 1910 918 κατὰ

338 975 624 1050 περίψυξιν
673 971 1057 1042 συνιστάμενον
1085 967 1258 1036 γλυκὺ
1320 962 1585 1033 γίνεσθαι·
1623 961 1684 1013 τὸ
1713 959 1768 1013 δὲ
1803 957 1911 1010 ἀπὸ

337 1073 440 1143 γῆς
464 1069 604 1124 κατά
637 1065 952 1138 περίκαυσιν
981 1063 1074 1117 καὶ
1102 1061 1411 1130 ἐκπύρωσιν
1445 1052 1910 1125 ἀναθυμιώμενον,

337 1163 630 1235 ἁλμυρόν.)
665 1159 847 1212 Ταῦτα
873 1157 967 1228 μὲν
993 1151 1086 1208 οὖν
1118 1153 1212 1208 καὶ
1238 1151 1367 1221 περὶ
1395 1147 1690 1217 θαλάσσης.
1722 1145 1911 1202 Ὅπως

336 1257 394 1310 δὲ
413 1233 625 1326 οἱπερὶ
652 1252 744 1305 τοῦ
773 1249 970 1311 παντὸς
997 1247 1223 1316 κόσμου,
1270 1241 1535 1314 οὐρανίων
1559 1255 1620 1292 τε
1658 1236 1784 1307 πέρι
1817 1233 1910 1286 καὶ

337 1347 612 1420 αἰθερίων,
645 1347 737 1400 καὶ
763 1345 860 1414 τῆς
887 1341 994 1394 τῶν
1021 1341 1156 1394 ὅλων
1187 1337 1538 1406 καταλήψεως
1569 1329 1908 1401 φυσιολογεῖν

337 1440 812 1512 ἐπαγγειλάμενοι,
841 1437 958 1491 οὐδὲ
990 1436 1058 1490 τὰ
1097 1435 1215 1489 καθ’
1265 1431 1489 1493 ἑαυτοὺς
1553 1427 1767 1498 ᾔδεσαν,
1813 1422 1909 1494 μά·

338 1537 450 1599 θοις
475 1535 540 1590 ἂν
572 1533 630 1600 ἐξ
658 1526 732 1588 ὧν
757 1532 851 1586 καὶ
877 1529 1006 1601 περὶ
1041 1529 1246 1582 τούτων
1274 1519 1376 1580 ὧδέ
1422 1540 1540 1586 πως
1566 1516 1911 1588 διαπεφωνή-

2013 586 2296 641 humidum
2328 584 2496 645 enim,
2538 581 2682 650 quod
2711 575 2864 649 prius
2892 575 3230 640 includebat,
3279 574 3348 627 ab
3395 587 3461 626 eo
3496 587 3584 626 se-

2013 689 2222 734 cretum
2269 691 2411 741 esse,
2461 677 2713 744 quodque
2759 673 2814 724 in
2865 668 3014 723 omni
3045 667 3245 721 sudore
3295 662 3580 733 contingit,

2014 769 2324 827 ebulliendo
2349 776 2671 822 concoctum
2704 761 2900 817 salsius
2922 761 3183 814 evasisse.
3218 755 3582 818 Metrodorus,

2015 864 2162 934 quod
2185 878 2282 931 per
2311 873 2509 915 terram
2541 857 2779 911 colatum
2809 868 2960 908 mare
2987 850 3170 912 fuerit,
3195 850 3314 917 ejus
3337 864 3402 903 ex
3432 863 3582 902 cras-

2016 957 2138 1010 sitie
2169 953 2370 1023 aliquid
2396 951 2499 1020 ipsi
2534 949 2850 1011 adhaesisse,
2882 955 2941 1000 ut
2968 946 3020 999 in
3045 945 3114 999 iis
3141 957 3243 997 usu
3273 941 3434 1001 venit,
3463 956 3584 1010 qua:

2017 1063 2113 1118 per
2167 1045 2376 1100 medios
2409 1044 2620 1097 cineres
2669 1039 2931 1110 purgandi
2972 1051 3140 1091 causa
3190 1031 3583 1087 transfundun-

2020 1149 2128 1194 tur.
2159 1134 2445 1196 Platonici,
2476 1147 2596 1186 eam
2631 1127 2976 1184 elementaris
3025 1138 3180 1194 aqua}
3205 1134 3433 1192 partem,
3465 1135 3586 1188 qua:

2017 1247 2112 1302 per
2157 1226 2620 1297 refrigerationem
2656 1238 2722 1276 ex
2777 1235 2903 1275 aere
2953 1223 3290 1280 concrescat,
3333 1214 3582 1278 dulcem;

2015 1327 2238 1380 alteram
2268 1335 2418 1384 vero,
2447 1332 2611 1387 quam
2647 1325 2790 1370 terra
2833 1321 2967 1367 aastu
2997 1319 3052 1365 et
3090 1311 3282 1363 ardore
3323 1320 3586 1362 succensa

2011 1418 2246 1479 exhalet,
2302 1413 2502 1469 salsam
2559 1424 2694 1464 esse.
2731 1427 2750 1459 ›
2783 1404 3057 1459 Hactenus
3098 1404 3260 1456 etiam
3310 1400 3378 1454 de
3426 1397 3583 1451 mari.

2017 1514 2087 1566 At
2121 1523 2269 1573 vero,
2299 1505 2392 1576 qui
2421 1517 2540 1558 sese
2562 1500 2710 1556 orbis
2745 1496 3006 1558 universi,
3032 1508 3321 1563 rerumque
3341 1491 3586 1546 omnium

338 1815 516 1871 verint
541 1853 556 1879 ,
602 1827 669 1868 ex
702 1813 946 1883 ipsorum
1007 1807 1111 1861 hoc
1152 1805 1314 1859 etiam
1363 1803 1419 1855 in
1452 1813 1648 1871 genere
1687 1795 1917 1851 dissidio
1949 1793 2106 1862 plane
2132 1797 2450 1856 cognosces.

876 1899 1268 1958 ΚΕΦΑΛΑΙΟΝ
1304 1897 1376 1953 Ξ’.

748 1999 884 2067 Περὶ
907 1995 1104 2066 μερῶν
1132 1991 1240 2059 τῆς
1266 1988 1477 2059 ψυχῆς

420 2115 440 2149 ι
473 2094 797 2165 Πυθαγόρας
846 2089 980 2161 (91),
1033 2084 1275 2149 Πλάτων,
1324 2080 1464 2134 κατά
1517 2079 1616 2151 μὲν
1652 2079 1744 2133 τὸν
1777 2078 1921 2132 ἀνω-

341 2189 488 2244 τάτω
506 2188 683 2256 λόγον,
737 2182 933 2254 διμερῆ
986 2179 1086 2250 τὴν
1141 2175 1342 2246 ψυχήν*
1394 2173 1455 2227 τὸ
1508 2173 1739 2243 μὲνγὰρ
1779 2171 1922 2242 ἔχειν

342 2281 580 2350 λογικὸν,
612 2277 674 2331 τὸ
727 2276 785 2329 δὲ
830 2274 1039 2341 ἄλογον.
1093 2268 1250 2322 Κατὰ
1311 2267 1369 2320 δὲ
1417 2265 1478 2317 τὸ
1518 2263 1782 2336 προσεχὲς
1831 2260 1924 2314 καὶ

343 2371 566 2444 ἀκριϐὲς
591 2367 847 2439 τριμερῆο
872 2365 932 2417 τὸ
960 2364 1066 2434 γὰρ
1110 2361 1302 2427 ἀλογον
1340 2355 1634 2427 διαιροῦσιν
1667 2355 1746 2418 εἰς
1775 2370 1836 2405 τε
1863 2352 1925 2404 τὸ

344 2441 575 2536 θυμικὸν
599 2461 692 2515 καὶ
713 2460 775 2512 τὸ
803 2453 1215 2526 ἐπιθυμητικόν.
1251 2451 1314 2505 Οἱ
1375 2448 1622 2512 Στωϊκοὶ,
1678 2446 1737 2510 ἐξ
1778 2441 1923 2497 ὀκτὼ

348 2555 530 2624 μερῶν
571 2550 912 2612 συνεστάναι,
950 2547 1111 2600 πέντε
1132 2543 1240 2598 τῶν
1269 2539 1618 2610 αἰσθητικῶν,
1646 2535 1921 2608 ὁρατικοῦ,

343 2642 729 2716 ὀσφραντικοῦ,
759 2636 1109 2700 ἀκουστικοῦ,
1138 2632 1450 2705 γευστικοῦ,
1485 2627 1739 2683 ἁπτικοῦο
1762 2627 1922 2680 ἓκτου

343 2737 402 2792 δὲ
436 2731 773 2806 φωνητικοῦ,
821 2730 1048 2801 έὸδόμου
1101 2727 1158 2780 δὲ
1199 2721 1598 2797 σπερματικοῦ,
1642 2719 1826 2788 ὀγδόου
1867 2717 1924 2770 δὲ

346 2825 511 2884 αὐτοῦ
546 2824 638 2879 τοῦ
664 2821 1014 2896 ἡγεμονικοῦ,
1040 2820 1131 2889 ἀφ’
1163 2813 1223 2872 οὗ
1251 2816 1426 2870 ταῦτα
1470 2812 1648 2866 πάντα
1667 2811 1924 2863 τέτακται

345 2921 435 2975 διὰ
467 2919 575 2972 τῶν
606 2917 820 2971 οἰκείων
870 2915 1135 2987 ὀργάνων,
1173 2907 1498 2980 προσφερῶς
1543 2906 1664 2967 ταῖς
1707 2901 1803 2956 τοῦ
1830 2918 1926 2955 πο-

347 3012 572 3075 λύποδος
626 3007 974 3070 πλεκτάναις.
1039 3004 1398 3075 Δημόκριτος,
1444 2997 1800 3066 Ἐπίκουρος,
1849 2993 1926 3046 δι-

352 3103 495 3177 μερῆ
523 3103 622 3173 τὴν
643 3099 843 3172 ψυχὴν,
869 3100 927 3151 τὸ
952 3097 1048 3168 μὲν
1101 3093 1316 3164 λογικὸν
1357 3092 1587 3162 ἔχουσαν
1617 3089 1674 3140 ὲν
1700 3085 1778 3156 τῷ
1817 3083 1922 3138 θώ-

353 3175 479 3269 ρακι
499 3191 910 3265 καθιδρυμένον,
935 3189 998 3243 τὸ
1025 3188 1082 3242 δὲ
1114 3187 1306 3255 ἄλογον
1342 3181 1462 3237 καθ’
1501 3181 1629 3251 ὅλην
1663 3179 1762 3250 τὴν
1795 3175 1924 3244 σύγ-

349 3305 531 3361 κρισιν
556 3285 647 3340 τοῦ
684 3283 931 3354 σώματος
953 3280 1368 3352 διεσπαρμένον.
1399 3276 1456 3328 Ὀ
1481 3273 1537 3326 δὲ
1561 3272 1916 3342 Δημόκριτος,

353 3359 530 3436 πάντα
578 3377 822 3450 μετέχειν
870 3375 1028 3445 φύσει
1070 3374 1247 3444 ψυχῆς
1299 3371 1479 3432 ποιᾶς,
1509 3367 1603 3422 καὶ¹
1631 3364 1698 3417 τὰ
1751 3359 1922 3429 νεκρά

352 3470 460 3526 τῶν
499 3469 786 3540 σωμάτων·
814 3466 948 3520 διότι
981 3464 1201 3535 ἀφανῶς
1245 3462 1355 3533 (92)
1385 3477 1530 3523 τινος
1563 3454 1793 3528 θερμοῦ,
1833 3451 1928 3506 καὶ

353 3560 671 3633 αἰσθητικοῦ
701 3559 937 3631 μετέχει,
970 3557 1062 3610 τοῦ
1088 3557 1326 3620 πλείονος
1362 3550 1804 3621 διαπνεομένου.»

353 3665 438 3709 rta
490 3631 683 3724 suapte
715 3661 909 3707 natura
955 3662 1160 3706 certam
1209 3650 1472 3703 animam;
1502 3646 1702 3698 habere
1751 3643 1928 3710 putat,
2001 3631 2167 3686 etiam
2220 3637 2284 3679 ea

2616 1868 2845 1927 CAPUT
2881 1866 2962 1922 LX
2976 1907 2988 1920 .

2534 1966 2607 2020 De
2625 1965 2860 2033 partibus
2889 1946 3076 2013 animi.

2099 2087 2117 2118 ι
2152 2064 2487 2136 Pythagoras
2518 2067 2573 2114 et
2610 2057 2784 2118 Plato,
2833 2051 2879 2107 si
2912 2067 2944 2105 a
2992 2062 3206 2105 summo
3248 2045 3423 2117 capite
3452 2042 3591 2098 divi-

2024 2159 2233 2216 sionem
2282 2166 2562 2210 arcessere
2607 2149 2789 2210 libcat,
2825 2156 3006 2215 partes
3050 2141 3217 2195 animi
3264 2153 3385 2192 esse
3428 2135 3589 2197 duas,

2025 2253 2236 2307 ratione
2266 2247 2546 2318 praeditam
2583 2242 2831 2300 alteram,
2869 2237 3093 2292 alteram
3137 2231 3319 2285 omnis
3365 2227 3594 2282 rationis

2024 2351 2348 2412 expertem;
2401 2339 2484 2391 sin
2530 2333 2753 2404 propius
2805 2325 3248 2391 enucleatiusque
3297 2326 3592 2387 spectetur,

2026 2409 2200 2492 tribus
2220 2446 2343 2488 eum
2373 2427 2618 2499 partibus
2644 2418 2911 2478 contineri
2940 2436 2952 2471 :
2982 2416 3208 2470 alteram
3242 2412 3385 2465 enim
3421 2409 3590 2473 illam,

2026 2546 2148 2600 qua:
2181 2525 2389 2579 ratione
2419 2524 2621 2581 careat,
2655 2516 2708 2568 in
2751 2507 3042 2570 irascendi,
3074 2517 3129 2560 et
3175 2499 3594 2570 concupiscendi

2024 2595 2134 2675 vim
2173 2617 2496 2687 partiuntur.
2531 2605 2698 2662 Stoici
2751 2618 2815 2657 ex
2851 2599 3096 2670 partibus
3127 2595 3276 2647 illum
3304 2601 3427 2645 octo
3459 2603 3593 2642 con-

2027 2683 2279 2769 stituunt,
2304 2715 2535 2774 quarum
2575 2697 2818 2768 quinque
2860 2702 3119 2746 sensuum
3170 2683 3459 2739 facultates
3491 2695 3595 2733 nu-

2027 2770 2341 2858 merantur,
2377 2787 2614 2851 videndi,
2663 2779 2947 2841 odorandi,
2986 2775 3264 2840 audiendi,
3315 2770 3593 2842 gustandi,

2027 2902 2191 2960 atque
2219 2883 2471 2956 tangendi
2504 2898 2518 2946 ;
2570 2889 2682 2933 tum
2715 2869 2969 2944 loquendi
3019 2876 3193 2930 sexta,
3229 2865 3453 2934 septima
3505 2876 3595 2916 se-

2027 2979 2289 3044 minandi,
2340 2983 2530 3030 octava
2581 2977 2960 3040 postremaque
2999 2959 3163 3032 852
3202 2955 3453 3027 princeps
3506 2953 3596 3007 illa

2027 3069 2466 3138 moderatrixque
2510 3073 2847 3121 canet-arum,
2888 3070 3010 3125 qua:
3059 3052 3178 3107 suis
3225 3045 3466 3117 singulas
3508 3043 3595 3097 in-

2027 3165 2347 3226 strumentis
2372 3134 2527 3231 regit,
2551 3151 3008 3230 quemadmodum
3036 3144 3153 3200 suis
3174 3141 3403 3225 polypus
3433 3134 3596 3190 cirris

1951 3241 1992 3296 (ἶ
2028 3277 2092 3315 ac
2115 3255 2356 3313 brachiis
2393 3230 2472 3306 uti
2505 3247 2658 3303 solet.
2694 3237 3033 3296 Democritus
3069 3241 3125 3288 et
3151 3230 3440 3300 Epicurus,
3467 3239 3598 3295 paro

2029 3363 2110 3408 tes
2141 3350 2188 3404 ei
2218 3349 2356 3402 duas
2385 3341 2708 3399 attribuunt,
2735 3333 2944 3388 ratione
2967 3325 3268 3397 praeditam,
3294 3317 3347 3372 in
3377 3325 3598 3388 pectore

357 3762 572 3819 semper
605 3761 670 3802 ac
721 3761 918 3802 sensus
958 3746 1160 3814 aliquid
1207 3743 1478 3798 retineant
1525 3741 1642 3810 ipsa
1685 3707 1922 3807 quoque,
1963 3725 2200 3784 maxima
2230 3721 2356 3776 licet
2385 3723 2537 3786 parte
2559 3711 2669 3782 jam
2701 3707 2928 3774 dilapsa.
2967 3721 2986 3753 ι

2617 3799 2691 3819 l‘l
2711 3795 2842 3819 nll'l‘
2877 3793 2890 3819 I
2917 3792 2986 3819 VI

811 3885 814 3888 .
871 3833 1264 3890 ΚΕΦΑΛΑΙΟΝ
1298 3831 1416 3885 ΞΑ’.

797 3925 937 3994 Περὶ
964 3923 1070 3978 τοῦ
1098 3921 1453 3993 ἡγεμονικοῦ

433 4043 451 4073 ι
485 4021 729 4083 Πλάτων,
754 4017 1086 4090 Δημόκριτος
1108 4054 1122 4078 ,
1164 4016 1222 4067 ὲν
1248 4014 1344 4084 ὅλῃ
1389 4015 1455 4082 τῇ
1496 4007 1726 4080 κεφαλῇ.
1758 4001 1932 4076 Στρά-

358 4135 486 4180 των,
516 4116 573 4167 tv
599 4111 911 4184 μεσοφρύῳ.
947 4106 1387 4179 Ἐρασίστρατος,
1415 4102 1542 4174 περὶ
1568 4101 1666 4172 τὴν
1693 4099 1934 4169 μήνιγγα

359 4208 456 4262 τοῦ
489 4205 811 4275 ἐγκεφάλου,
843 4205 910 4272 ἢν
939 4197 1261 4270 ἐπικρανίδα
1307 4195 1476 4260 λέγει.
1522 4189 1828 4259 Ἦκόφιλος,
1875 4187 1933 4237 ὲν

361 4303 430 4372 τῇ
463 4298 556 4352 τοῦ
580 4296 880 4366 ἐγκεφάλου
913 4291 1110 4362 κοιλίᾳ,
1140 4288 1262 4358 ἣτις
1296 4285 1411 4338 ἐστὶ
1449 4281 1542 4335 καὶ
1569 4281 1744 4351 βάσις.
1782 4278 1932 4346 Παρ-

366 4364 704 4464 oblongi»
729 4364 838 4456 hisp
868 4383 946 4454 τῷ
967 4382 1195 4453 θώρακι.
1238 4376 1576 4443 Ἐπίκουρος,
1625 4371 1674 4423 οἱ
1707 4364 1936 4421 Στωϊκοὶ

363 4457 584 4546 πάντες,
609 4482 665 4535 ὲν
696 4480 793 4551 ὅλῃ
811 4479 877 4548 τῇ
900 4473 1108 4545 καρδίᾳ.
1149 4469 1422 4537 Διογένης,
1453 4467 1511 4518 ὲν
1533 4465 1598 4534 τῇ
1623 4457 1931 4532 ἀρτηριακῇ

365 4574 541 4645 κοιλίᾳ
571 4573 666 4642 τῆς
694 4569 943 4642 καρδίας,
990 4566 1109 4636 ἥτις
1155 4563 1270 4616 ἐστὶ
1320 4559 1684 4627 πνευματική.
1727 4553 1931 4620 Ἐμπε-

364 4639 560 4736 δοκλῆς
579 4639 656 4726 δέ,
684 4665 740 4715 ὲν
757 4639 824 4732 τῇ
862 4657 955 4713 τοῦ
984 4657 1211 4728 αἵματος
1263 4649 1537 4704 συστάσει.
1563 4647 1626 4698 Οἱ
1675 4644 1742 4708 δ’,
1777 4645 1835 4694 ὲν
1857 4639 1935 4710 τῷ

366 4733 760 4830 διαφράγματι.
789 4751 910 4806 Τῶν
947 4747 1224 4818 νεωτέρων
1275 4742 1417 4804 τινὲς
1457 4739 1663 4810 διήκειν
1701 4733 1810 4787 ἀπὸ
1843 4748 1936 4784 κε-

369 4821 543 4922 φαλῆς
579 4821 738 4919 μέχρι
761 4843 854 4897 τοῦ
904 4838 1332 4911 διαφράγματος.
1379 4827 1717 4898 Πυθαγόρας,
1749 4823 1810 4876 τὸ
1839 4821 1936 4892 μὲν

370 4912 595 5009 inuia»)
626 4912 755 5009 τὲέρι
781 4937 879 5007 τὴν
907 4932 1154 5004 καρδίαν,
1186 4928 1247 4980 τὸ
1273 4925 1330 4980 δὲ
1377 4921 1591 4990 λογικὸν
1632 4917 1724 4971 καὶ
1757 4912 1939 4983 νοερὸν

371 5002 502 5106 περὶ
541 5032 640 5102 τὴν
679 5002 993 5098 κεφαλήνδν
1030 5019 1276 5075 Τοσαῦτα
1323 5017 1418 5084 μὲν
1460 5011 1524 5082 δὴ
1569 5010 1662 5062 καὶ
1700 5005 1770 5060 τὰ
1810 5002 1941 5074 περὶ

373 5127 558 5181 τῶνδε.
580 5121 706 5196 Ἆρ’
746 5119 840 5176 οὖν
879 5119 980 5172 οὐκ
1030 5117 1090 5168 ὲν
1126 5113 1250 5182 δίκῃ
1321 5125 1406 5162 σοι
1436 5103 1703 5173 δοκοῦμεν
1759 5097 1940 5168 κρίσει

373 5221 468 5273 καὶ
517 5188 759 5286 λογισμῷ
803 5213 900 5283 τῆς
943 5207 1146 5262 τούτων
1186 5203 1440 5257 ἀπάντων
1485 5191 1794 5266 ἀνωφελοῦς
1849 5188 1944 5242 καὶ

375 5308 742 5370 πολυπλανοῦς
792 5299 1176 5377 ματαιοπονίας
1199 5291 1670 5363 ἀνακεχωρηκέναι
1691 5285 1817 5352 ςκαὶ
1835 5282 1944 5336 τῶν

379 5404 476 5474 μὲν
525 5374 828 5473 εἰρημένων
883 5395 1046 5468 μηδὲν
1081 5387 1548 5458 πολυπραγμονεῖν
1568 5398 1582 5412 ο
1637 5378 1798 5450 (μηδὲ
1837 5374 1946 5444 γὰρ

377 5468 508 5565 δρᾷν
529 5468 591 5556 ἐξ
614 5468 792 5544 αύτῶν
835 5488 896 5542 τὸ
948 5479 1242 5543 λυσιτελὲς,
1273 5477 1368 5532 καὶ
1401 5473 1625 5529 αὐτόθεν
1675 5468 1946 5522 συντεῖνον

380 5557 514 5652 πρδς
535 5580 820 5649 ὠφέλειαν,
847 5576 941 5630 καὶ
965 5569 1170 5643 ἀγαθοῦ
1198 5568 1386 5639 κτῆσιν
1406 5564 1502 5618 ἀνθ
1513 5563 1755 5635 ρώποιςο)
1781 5557 1947 5628 μόνης

437 5738 550 5807 (90)
604 5737 763 5792 Forte
803 5728 1196 5807 παραλυκίσαν,

427 5789 546 5880 an;
591 5789 957 5874 ίιύθαγόρὰς.
997 5799 1130 5856 Ibid.
1160 5797 1253 5852 lib.
1281 5810 1355 5861 ιν,
1380 5805 1500 5861 cap.
1527 5789 1580 5843 ι.

2615 3795 2842 3854 CAPUT
2875 3792 3008 3847 LXI.

2404 3892 2482 3948 De
2506 3890 2736 3961 principe
2761 3884 2926 3940 animi
2965 3879 3244 3952 facultate.

2116 4010 2135 4042 ι
2167 3989 2320 4044 Plato
2347 3995 2403 4042 et
2445 3981 2806 4041 Democritus,
2850 3984 2962 4030 toto
2992 3988 3113 4028 eam
3141 3973 3195 4026 in
3227 3969 3404 4041 capite
3432 3970 3605 4025 collo-

2035 4093 2183 4139 cant.
2212 4081 2416 4142 Strato,
2444 4064 2859 4144 superciliorum
2887 4068 2940 4121 iu
2968 4065 3163 4120 medio.
3214 4061 3603 4125 Erasistratus,

2036 4174 2182 4228 circa
2221 4165 2428 4224 cerebri
2461 4163 2857 4224 membranam,
2888 4170 3050 4226 quam
3083 4153 3452 4222 epicranidem
3489 4152 3608 4220 ipse

2037 4262 2303 4319 nominat.
2327 4255 2622 4326 Ecophilus
2644 4252 2698 4305 in
2719 4249 2927 4304 cerebri
2953 4244 3274 4309 ventriculo,
3308 4258 3418 4313 quo
3437 4243 3604 4296 etiam

2035 4354 2199 4410 veluti
2233 4351 2586 4407 fundamento
2612 4341 2849 4414 quodam
2893 4338 3177 4394 innitatur.
3228 4333 3605 4400 Parmenides,

2037 4456 2151 4501 toto
2173 4445 2227 4498 in
2256 4449 2494 4512 pectore.
2527 4437 2820 4508 Epicurus.
2845 4447 2910 4486 ac
2937 4430 3102 4485 Stoici
3129 4443 3341 4490 omnes,
3367 4427 3421 4480 in
3443 4425 3608 4480 corde

2039 4545 2172 4593 toto.
2210 4532 2499 4603 Diogenes,
2549 4529 2604 4584 in
2653 4525 2836 4581 cordis
2887 4521 3099 4578 arteria:
3149 4532 3410 4580 concavo,
3464 4514 3609 4586 quod

2036 4627 2232 4698 spiritu
2263 4621 2530 4693 imprimis
2567 4617 2830 4674 abundat.
2877 4611 3254 4684 Empedocles,
3310 4616 3422 4664 tota
3477 4623 3610 4661 san-

2037 4717 2218 4790 guinis
2248 4716 2300 4770 in
2356 4713 2515 4768 mole.
2578 4709 2683 4765 Alii
2730 4708 2973 4779 quidam,
3023 4705 3076 4758 in
3126 4701 3440 4757 membrana
3489 4713 3612 4768 qua:

2038 4782 2191 4864 comi
2251 4804 2598 4876 oppanditur.
2631 4799 2733 4853 Alii
2771 4812 2899 4851 vero
2929 4794 2982 4848 in
3008 4791 3436 4861 diapltragmate.
3467 4782 3612 4839 Non-

2041 4900 2175 4955 nulli
2215 4914 2283 4955 ex
2332 4893 2768 4955 recentioribus,
2822 4905 2851 4943 a
2895 4887 3070 4956 capite
3128 4880 3192 4936 ad
3241 4889 3610 4934 transversum

2043 4993 2174 5048 illud
2201 5001 2412 5061 septum
2453 4986 2738 5058 pertinere.
2777 4979 3132 5052 Pythagoras,
3159 4971 3379 5026 vitalem
3408 4969 3462 5022 in
3493 4982 3614 5022 cor-

2042 5100 2193 5155 pore,
2225 5059 2439 5138 ratione
2470 5077 2748 5149 praeditam
2794 5081 2958 5141 atque
3002 5065 3300 5138 spiritalem
3351 5061 3404 5115 in
3438 5059 3614 5129 capite

2043 5177 2344 5234 constituit.
2374 5193 2392 5227 ι
2419 5173 2597 5242 Atque
2622 5170 2882 5223 hactenus
2920 5159 3368 5233 philosOphorum
3399 5162 3615 5208 nostro-

2045 5285 2166 5326 rum
2201 5269 2308 5323 hoc
2337 5240 2718 5321 etiamvrerum
2745 5257 2801 5310 in
2840 5266 3036 5325 genere
3069 5247 3320 5304 dissidia.
3354 5240 3614 5313 Nunquid

2045 5378 2175 5433 ergo
2198 5361 2316 5425 tibi,
2344 5364 2493 5412 certo
2518 5351 2747 5424 judicio,
2781 5357 3087 5416 magnaque
3122 5354 3246 5394 cum
3294 5337 3506 5392 ratione
3532 5334 3617 5388 vi-

2047 5454 2272 5516 demur,
2320 5463 2352 5502 a
2398 5456 2510 5500 tam
2556 5441 2727 5508 inani,
2783 5445 3141 5502 errorumque
3187 5429 3342 5499 plena
3396 5426 3614 5480 illorum

2048 5543 2292 5602 omnium
2345 5535 2664 5592 curiositate
2700 5528 2896 5585 merito
2934 5519 3300 5580 discessisse?
3348 5535 3457 5575 non
3489 5515 3616 5582 jure

2119 5715 2232 5785 (9'2)
2271 5712 2445 5775 Plato,
2484 5709 2767 5778 διαφανῶς.
