4132 6412
561 360 584 414 1
595 361 701 417 405

1194 364 1470 422 EUSEBII
1505 364 1987 425 CESARIENSIS
2023 369 2175 426 OPP.
2213 371 2400 430 PARS
2433 373 2497 429 ll.
2536 405 2606 419 -ο
2643 374 3146 438 APOLOGETIGA.

3678 388 3822 446 MOI

557 479 845 549 superiora
875 483 1056 537 omnia
1089 484 1288 540 habere
1316 501 1521 556 susque
1544 486 1743 559 deque,
1771 490 1867 560 qui
1897 488 2128 547 fructum

2236 493 2294 548 δὲ
2312 494 2413 566 τῆς
2439 496 2581 567 ἀμφὶ¹
2612 496 2705 550 τὸν
2738 497 2954 552 πάντων
2982 498 3311 571 δημιουργὸν
3346 498 3480 554 Θεὸν
3534 501 3823 569 εὐσεϐείας

554 589 621 629 ex
654 575 722 630 iis
754 574 997 644 nullum,
1030 577 1169 633 nihil
1211 581 1358 650 quod
1397 596 1495 651 per
1519 596 1641 638 sese
1687 581 1896 638 homini
1925 584 2133 640 utilita-

558 672 665 718 tem
701 665 890 733 ullam,
925 668 1163 739 bonique
1181 671 1587 741 possessionem
1625 672 1835 741 aﬂ‘erat,
1866 675 2134 732 exsistere

553 754 883 812 videmnus?
927 760 1023 815 sed
1079 777 1243 840 quam
1298 762 1444 817 illam
1498 765 1713 835 potius,
1767 783 1894 838 erga
1949 783 2134 824 rerum

551 847 801 903 omnium
850 850 1157 907 molitorem
1205 854 1376 910 Deum
1409 856 1667 926 pietatem
1706 860 1906 927 colere,
1951 871 2137 917 castas-

549 954 660 1009 que
689 940 831 1008 vitae,
867 958 933 998 ac
960 953 1127 1002 totius
1155 946 1266 1003 Deo
1294 950 1467 1017 chari,
1500 952 1867 1023 virtutemque
1895 955 2135 1023 comple-

550 1035 748 1089 ctentis
794 1036 1028 1094 instituti
1075 1043 1403 1110 rationibus,
1451 1046 1628 1101 eidem
1672 1050 1990 1118 praepotenti
2023 1050 2134 1105 Deo

532 1126 767 1197 placere
801 1132 988 1185 conari
1015 1132 1214 1199 lQuod
1244 1136 1292 1190 si
1323 1138 1703 1195 malevolentia
1729 1144 1962 1211 quadam
1993 1143 2133 1197 invi-

550 1217 752 1287 diaque
795 1233 1101 1294 correptus,
1154 1227 1225 1281 ad
1270 1243 1457 1283 verum
1507 1230 1638 1285 illud
1684 1233 1840 1288 nobis
1886 1234 2132 1290 testimo-

549 1311 705 1366 nium
738 1311 1023 1371 ferendum
1055 1332 1199 1388 aegre
1245 1320 1412 1375 nimis
1449 1337 1514 1376 ac
1554 1323 1781 1378 moleste
1825 1325 2132 1394 adduceris,

550 1403 751 1459 iterum
798 1414 852 1461 te
897 1409 1335 1478 sapientissimus
1381 1414 1472 1469 ille
1519 1414 1831 1471 Graecorum
1881 1414 2134 1474 Socrates

548 1506 871 1562 antevertet,
903 1501 999 1570 qui
1047 1502 1261 1558 sincere
1294 1519 1517 1559 causam
1552 1506 1698 1561 hanc.
1742 1517 1986 1562 nostram
2031 1523 2133 1565 suo

549 1588 758 1644 dudum
808 1591 1070 1665 suﬂ'ragio
1101 1596 1500 1666 comprobavit.
1550 1596 1690 1654 Istos
1736 1601 2014 1655 enimvero
2042 1616 2132 1655 re-

548 1695 673 1735 rum
702 1685 1046 1753 superiorum
1079 1688 1332 1758 garrulos
1355 1699 1708 1758 scrutatores,
1748 1691 1989 1747 insanire
2012 1693 2131 1764 pla-

548 1775 798 1841 nissime,
832 1793 931 1833 nec
957 1795 986 1833 a
1018 1781 1241 1837 furiosis
1289 1786 1589 1856 quidquam
1631 1786 1850 1841 differre
1879 1787 2132 1841 ostende-

2235 588 2474 659 ἔχεσθαι,
2508 591 2604 644 καὶ
2635 590 2724 645 διὰ
2755 591 3031 665 σώφρονος
3082 593 3219 671 βίου,
3254 593 3355 663 τῆς
3386 611 3446 648 τε
3491 594 3659 667 ἄλλης
3694 598 3820 651 κατ’

2233 679 2438 751 ἀρετὴν
2456 680 2734 751 θεοφιλοῦς
2767 683 3042 748 πολιτείας
3074 684 3417 757 ἀρεσκόντως
3447 683 3545 757 ζῇν
3586 686 3823 742 σπουδά-

2235 770 2349 836 ζειν
2380 772 2459 843 τῷ
2490 774 2584 827 ἐπὶ
2612 774 2829 829 πάντων
2867 775 3020 846 Θεῷ;
3074 775 3211 828 Ἀλλ’
3239 777 3288 829 εἰ
3320 775 3413 828 καὶ
3446 775 3512 828 σὺ
3549 774 3825 847 βασκανίᾳ

2234 862 2331 917 καὶ
2365 863 2543 934 φθόνῳ
2580 864 2676 936 τὴν
2702 864 2877 936 ἀληθῆ
2903 865 3207 938 μαρτυρίαν
3252 868 3384 936 ἡμῖν
3424 865 3724 937 προσέσθαι
3749 866 3823 920 δι’

2232 956 2392 1009 ὄκνου
2427 957 2632 1027 φέρεις,
2673 956 2870 1025 φθάσει
2913 958 2977 1027 γέ
3017 975 3077 1011 σε
3140 957 3300 1012 πάλιν
3323 961 3353 1012 ό
3378 958 3593 1012 πάντων
3631 957 3824 1030 Ἐλλή-

2234 1065 2340 1103 νων
2366 1046 2679 1119 σοφώτατος
2722 1050 3018 1122 Σωκράτης
3062 1049 3162 1113 τὰς
3205 1050 3343 1122 ὑπὲρ
3389 1051 3547 1121 ήμῶν
3598 1049 3821 1120 ψήφους

2235 1138 2543 1211 φιλαλήθως
2572 1140 3015 1211 ἐξενηνεγμένος.
3046 1142 3187 1205 Τοὺς
3215 1141 3343 1210 γοῦν
3378 1141 3823 1213 μετεωρολέσχας

2234 1234 2475 1298 ἐκείνους
2508 1234 2882 1306 μωραίνοντας
2912 1234 3255 1296 ἀπεδείκνυε,
3303 1234 3397 1286 καὶ
3431 1231 3596 1303 μηδὲν
3630 1248 3822 1301 μαινο-

2238 1323 2415 1395 μένων
2440 1323 2719 1395 διαφέρειν
2751 1322 2957 1393 ἐλεγεν·
3011 1323 3331 1393 ἀπελέγχων
3357 1321 3552 1384 αὐτοὺς
3585 1321 3819 1393 διαρρή-

2234 1416 2351 1487 δην,
2385 1418 2445 1470 οὐ
2474 1417 2635 1486 μόνον
2668 1416 2753 1480 ὡς.
2796 1417 3104 1487 ἀνεφίκτων
3138 1416 3517 1491 ὀρεγομένους.
3552 1413 3688 1467 ἀλλά
3723 1414 3823 1467 καὶ

2235 1509 2365 1579 περὶ⁵
2396 1509 2643 1579 ἄχρηστα
2665 1508 2760 1562 καὶ
2788 1508 3038 1579 ἀνωφελῆ
3061 1506 3138 1580 τῷ
3168 1507 3268 1579 βίῳ
3297 1505 3817 1579 κατατριῶμένους.

2235 1601 2421 1657 Ταῦτα
2450 1601 2507 1655 δέ
2543 1618 2625 1655 σοι
2675 1602 2771 1654 καὶ
2819 1602 2848 1655 ό
2873 1600 3107 1681 πρόσθεν
3158 1601 3497 1672 μαρτυρήσει
3543 1597 3819 1667 Ξενοφῶν,

2234 1693 2558 1765 Σωκράτους
2586 1692 2819 1764 ἑταίρων
2852 1690 3297 1764 γνωριμώτατος,
3328 1685 3431 1745 ὧδέ
3458 1707 3537 1762 πη
3589 1691 3822 1763 γράφων

2234 1785 2293 1839 ὲν
2327 1786 2969 1856 Ἀπομνημονεύμασιν.

546 1866 680 1922 bat:
722 1866 819 1926 eos
861 1872 1039 1941 palam
1073 1874 1238 1947 853
1297 1888 1591 1948 aperteque
1641 1877 1975 1949 coargueris,
2018 1892 2128 1931 non
2167 1875 2330 1931 modo
2356 1876 2501 1946 quod
2531 1876 2648 1930 suis
2671 1875 2832 1946 longe
2860 1875 3070 1930 viribus
3105 1873 3312 1944 majora
3367 1879 3660 1938 tentarent,
3720 1871 3820 1926 sed

545 1960 707 2016 etiam
752 1967 900 2034 quod
935 1967 988 2020 in
1024 1969 1188 2025 rebus
1227 1970 1589 2036 inanissimis,
1634 1982 1687 2028 et
1735 1974 1804 2029 ab
1838 1972 1989 2028 omni
2060 1971 2311 2025 humanas
2341 1970 2468 2025 vita:
2524 1969 2707 2025 fructu
2740 1970 2952 2036 vacuis,
3011 1968 3249 2049 studium
3303 1981 3636 2036 operamque
3682 1979 3821 2019 con—

546 2060 805 2111 tererent.
831 2056 1004 2129 Hujus
1041 2061 1135 2116 tibi
1172 2063 1247 2117 rei
1281 2074 1558 2122 auctorem
1594 2066 1737 2121 dabo
1780 2068 1894 2138 jam
1963 2067 2245 2122 laudatum
2273 2079 2439 2134 supra
2499 2061 2944 2135 XenOphontem,
3006 2062 3251 2119 Socratis
3302 2060 3605 2115 amicorum
3656 2059 3821 2131 longe

548 2145 921 2216 notissimum,
949 2152 1043 2221 qui
1075 2155 1190 2209 suis
1235 2156 1289 2209 in
1331 2156 1769 2213 Memorabilibus
1809 2159 1914 2214 hoc
1945 2159 2124 2229 ipsum
2163 2154 2349 2211 verbis
2381 2156 2605 2214 totidem
2630 2157 3017 2224 consignatum
3054 2155 3293 2224 reliquit.

1131 2249 1359 2306 CAPUT
1389 2252 1550 2309 LXII.

547 2329 576 2384 l
581 2348 731 2401 psum
743 2339 1210 2417 quoqueSoeratem
1220 2345 1522 2417 Graecorum
1536 2346 1661 2401 olim
1671 2347 2134 2417 sapientissimum,

581 2419 671 2458 eos
694 2409 784 2476 qui
805 2427 979 2489 rerum
1001 2413 1259 2489 ejusmodi
1290 2416 1621 2489 physiologia
1658 2409 1927 2487 tantopere
1950 2409 2136 2472 imo/el

581 2490 802 2552 soerent.
819 2482 896 2536 vel
910 2483 1003 2537 hoc
1028 2488 1233 2539 nomine
1246 2482 1484 2541 vecordes
1512 2482 1563 2542 et
1581 2491 1794 2543 insanos
1808 2482 2132 2552 ostendisse,

579 2550 729 2631 quod.
744 2552 797 2603 in
827 2553 978 2608 rebus
1009 2555 1073 2631 ob
1098 2558 1240 2631 οηιηὶ
1258 2560 1377 2631 vitro
1390 2558 1569 2627 fructu
1592 2561 1769 2613 vacuis
1783 2576 1979 2631 suaque
1991 2550 2133 2612 omni

585 2616 839 2687 facultate
849 2626 1207 2692 superioribus
1219 2616 1452 2682 studium
1466 2645 1777 2701 operamque
1787 2616 2130 2685 coniererent.

625 2732 646 2765 ι
687 2712 952 2781 Socratis,
982 2718 1158 2788 inquit
1196 2718 1527 2791 Xenophon,
1560 2737 1720 2777 nemo
1754 2739 1996 2793 unquam
2029 2724 2133 2778 im-

544 2812 694 2884 pium
731 2815 949 2886 aliquod
993 2826 1046 2871 et
1100 2817 1431 2889 improbum,
1461 2829 1556 2874 aut
1600 2818 1803 2876 factum
1852 2821 2005 2886 vidit,
2037 2829 2133 2876 aut

545 2905 772 2960 verbum
805 2907 1032 2963 audivit.
1065 2906 1173 2966 Nec
1210 2911 1355 2965 enim
1402 2912 1450 2966 is
1474 2950 1490 2976 ,
1531 2921 1592 2966 ut
1636 2913 1880 2984 plerique
1914 2930 2127 2981 omnes,

546 2996 614 3053 de
642 3007 834 3053 natura
876 3016 1058 3055 rerum
1092 3003 1344 3058 universa
1376 3004 1726 3074 disputabat;
1772 3005 2130 3075 quemadmo-

547 3087 678 3141 dum
717 3089 806 3144 hic
839 3106 982 3157 sese,
1018 3093 1096 3146 uti
1129 3108 1160 3147 a
1191 3094 1458 3163 sophistis
1487 3104 1730 3161 vocatur,
1764 3098 2003 3153 mundus
2033 3099 2130 3153 ha-

544 3178 694 3244 beat,
736 3189 831 3236 aut
860 3183 1062 3253 quibus
1092 3186 1434 3244 necessitatis
1466 3188 1679 3259 legibus
1706 3190 1948 3245 cmlestia
1978 3205 2129 3261 quae-

546 3284 655 3339 que
682 3270 837 3338 liant,
865 3272 1141 3330 curiosius
1175 3275 1529 3348 investigans.
1565 3277 1679 3334 lmo
1704 3294 1853 3347 vero,
1887 3280 1980 3351 qui
2023 3282 2128 3335 hoc

546 3358 603 3412 in
635 3362 998 3428 quaestionum
1026 3379 1223 3433 genere
1250 3368 1412 3421 anxie
1443 3377 1810 3435 versarentur,
1839 3384 1934 3425 eos
1969 3369 2126 3438 plane

546 3450 791 3506 insanire
813 3452 1151 3511 ostendebat.
1181 3457 1260 3510 Ac
1289 3457 1524 3526 primum
1554 3458 1773 3528 quidem
1802 3460 1858 3514 in
1889 3460 1994 3515 illis
2021 3461 2126 3515 hoc

547 3543 849 3610 spectabat,
905 3553 1090 3599 utrum
1149 3561 1210 3602 se
1257 3563 1440 3602 rerum
1488 3547 1853 3605 humanarum
1909 3553 2126 3607 abunde

545 3633 752 3700 peritos
796 3649 919 3691 esse
953 3635 1079 3700 rati,
1131 3638 1198 3692 ad
1250 3639 1560 3708 superiores
1605 3640 1725 3697 illas
1754 3642 1993 3697 studium
2024 3658 2126 3698 cu-

546 3738 774 3794 ramque
810 3726 1210 3795 transferrent;
1264 3746 1333 3784 an
1373 3747 1523 3797 vero,
1554 3748 1679 3788 cum
1726 3734 1988 3803 neglectis
2021 3735 2126 3789 bu-

546 3817 725 3873 manis
758 3818 941 3876 divina
988 3821 1339 3889 rimarentur,
1372 3839 1473 3880 suo
1525 3825 1626 3880 sibi
1666 3840 1894 3881 munere
1920 3826 2125 3882 ollicio-

546 3924 655 3979 que
688 3908 840 3982 fungi
871 3913 1201 3970 viderentur.
1236 3914 1444 3972 Deinde
1487 3918 1791 3973 mirabatur
1817 3919 2001 3986 etiam,
2057 3919 2127 3975 ab

547 4000 668 4057 istis
700 4018 770 4056 ne
800 4003 906 4059 hoc
938 4005 1155 4073 quidem
1190 4008 1380 4070 videri,
1412 4024 1585 4080 genus
1612 4003 1670 4065 id
1698 4011 2026 4081 cognitionis
2057 4011 2126 4067 ab

547 4093 863 4151 hominibus
912 4096 1143 4152 obtineri
1181 4114 1287 4154 non
1323 4115 1523 4170 posse:
1572 4117 1695 4157 cum
1728 4103 1803 4157 illi
1854 4103 1978 4174 ipsi,
2029 4105 2125 4175 qui

545 4187 1008 4255 disputationibus
1042 4190 1353 4261 hujusmodi
1394 4202 1677 4264 tantopere
1728 4195 2122 4263 intumescunt,

546 4295 654 4334 non
681 4281 793 4350 jam
829 4280 971 4337 inter
1021 4298 1141 4339 sese
1169 4287 1518 4351 conveniant,
1547 4286 1642 4342 sed
1672 4288 1852 4356 potius
1884 4287 2125 4345 furioso-

545 4389 667 4427 rum
698 4374 884 4443 utique
927 4390 1080 4430 more
1109 4378 1427 4434 dissideant.
1457 4377 1533 4433 Ex
1579 4378 1805 4435 furiosis
1834 4382 2003 4447 enim,
2031 4381 2124 4435 alii

530 4458 614 4523 ne
645 4470 969 4537 gravissima
1017 4471 1235 4540 quidem
1263 4472 1646 4540 reformidant,
1692 4475 1808 4537 alii,
1833 4490 1955 4545 quas
1987 4474 2121 4529 nihil

544 4561 708 4616 etiam
739 4561 976 4616 habeant
1010 4563 1258 4632 periculi,
1299 4566 1677 4623 extimescunt.
1722 4566 2009 4624 Nonnullis
2037 4567 2124 4623 vel

545 4653 601 4709 in
632 4654 808 4709 media
833 4654 1013 4719 turba,
1039 4655 1307 4725 quidlibet
1332 4667 1423 4711 aut
1447 4658 1707 4729 loquiaut
1733 4659 1933 4725 lacere,
1966 4669 2124 4731 turpe

543 4761 655 4803 non
686 4745 942 4803 videtur:
977 4748 1067 4802 alii
1102 4759 1292 4805 contra
1326 4751 1429 4805 sibi
1460 4766 1527 4806 ne
1576 4753 1858 4808 hominum
1900 4754 2122 4825 quidem

543 4841 600 4896 in
653 4841 967 4897 societatem
1019 4841 1345 4917 veniendum
1394 4858 1516 4899 esse
1583 4844 1932 4913 persuadent.
1984 4844 2125 4901 Sunt

2751 2251 3148 2306 ΚΕΦΑΛΔΙΟΝ
3179 2249 3273 2303 ΞΒ⁰
3282 2288 3296 2303 .

2249 2348 2367 2403 Ὅτι
2418 2349 2515 2406 καὶ
2550 2346 2669 2402 τῶν
2708 2344 3019 2410 Ἐλλήνων
3058 2348 3091 2399 ό
3121 2343 3466 2413 σοφώτατος
3504 2340 3821 2409 Σωκράτης

2306 2419 2450 2485 τοὺς
2473 2420 2572 2472 ἐπὶ
2602 2416 2677 2486 τῇ
2706 2416 2825 2471 τῶν
2852 2415 3295 2486 προειρημένων,
3316 2413 3680 2486 φυσιολογίᾳ
3704 2428 3818 2486 με·

2304 2484 2461 2559 γάλα
2491 2484 3245 2559 φυσῶνταςλμωραίνοτξτσς
3268 2484 3681 2559 ἀπεδείκνυεν,
3733 2484 3820 2548 ὡς

2307 2553 2439 2628 περὶ
2472 2553 2748 2629 ἄχρηστα
2773 2553 2853 2624 τῷ
2886 2557 3006 2621 ,βίῳ
3046 2556 3145 2610 καὶ
3185 2553 3578 2622 ἀκατάληπτα
3631 2568 3820 2609 κατα-

2301 2629 2699 2700 τριϐομένους.

2308 2742 2328 2776 ι
2365 2722 2552 2785 Οὐδεὶς
2582 2720 2692 2792 (95)
2730 2719 2787 2773 δὲ
2813 2717 3035 2772 πώποτε
3070 2716 3394 2789 Σωκράτους
3420 2715 3571 2770 οὐδὲν
3597 2714 3817 2779 ἀσεϐὲς,

2229 2818 2352 2872 οὐδὲ
2384 2815 2597 2870 ἀνόσιον
2646 2813 2769 2868 οὔτε
2800 2814 3130 2885 πράττοντος
3172 2806 3331 2876 εἶδεν,
3385 2809 3509 2863 οὕτε
3564 2809 3819 2877 λέγοντος

2230 2911 2481 2982 ἤκουσεν.
2514 2906 2648 2961 Οὐδὲ
2681 2905 2789 2977 γάρ
2816 2905 2945 2975 περὶ
2980 2903 3077 2974 τῆς
3110 2901 3220 2955 τῶν
3269 2901 3525 2955 ἀπάντων
3574 2898 3816 2968 φύσεως,

2230 2993 2374 3073 ᾗπερ
2394 2998 2501 3051 τῶν
2531 2996 2704 3051 ἄλλων
2733 2997 2780 3048 οἱ
2806 2993 3065 3056 πλεῖστοι,
3104 2990 3391 3059 διελέγετο,
3427 2986 3642 3042 σκοπῶν
3663 2986 3821 3048 ὄπως-

2228 3093 2257 3145 ό
2309 3090 2641 3161 καλούμενος
2673 3086 2779 3141 ὑπὸ
2824 3085 2931 3140 τῶν
2981 3081 3248 3152 σοφιστῶν
3295 3080 3499 3151 κόσμος
3553 3078 3687 3149 ἔχει,
3717 3075 3818 3131 καὶ

2227 3184 2368 3238 τίσιν
2402 3182 2668 3251 ἀνάγκαις
2698 3180 2908 3234 ἕκαστα
2935 3177 3142 3246 γίνεται
3171 3173 3277 3229 τῶν
3332 3173 3622 3245 οὐρανίωνο
3676 3168 3817 3224 ἀλλά

2228 3278 2322 3332 καὶ¹
2353 3278 2478 3340 τοὺς
2507 3274 2888 3346 φροντίζοντας
2912 3271 2981 3325 τὰ
3011 3268 3257 3332 τοιαῦτα,
3285 3266 3654 3339 μωραίνοντας
3684 3265 3820 3318 ἀπε-

2229 3368 2463 3422 δείκνυε.
2497 3367 2607 3420 Καὶ
2640 3363 2854 3437 πρῶτον
2901 3362 3000 3433 μὲν
3054 3361 3181 3432 περὶ
3218 3358 3397 3412 αὐτῶν
3432 3356 3677 3415 ἐσκόπει,
3710 3354 3816 3406 πό-

2224 3459 2360 3529 τερά
2388 3473 2517 3510 ποτε
2550 3455 2869 3524 νομίσαντες
2919 3451 3117 3514 ἱκανῶς
3146 3449 3247 3522 ήδη
3279 3448 3348 3502 τά
3389 3445 3704 3520 ἀνθρώπινα
3736 3445 3819 3498 εί-

2229 3548 2399 3608 δέναι,
2417 3547 2666 3618 ἔρχονται
2697 3544 2789 3597 ἐπὶ
2812 3542 2874 3596 τὸ
2901 3543 3030 3614 περὶ
3057 3540 3166 3595 τῶν
3198 3539 3456 3594 τοιούτων
3483 3535 3813 3608 φροντίζειν,

2228 3634 2262 3705 ἢ
2288 3634 2359 3687 τά
2384 3634 2480 3705 μὲν
2509 3631 2821 3704 ἀνθρώπινα
2847 3631 3132 3707 παρέντες,
3188 3628 3258 3684 τὰ
3289 3629 3541 3700 δαιμόνια
3584 3626 3643 3681 δὲ
3687 3644 3817 3681 σκο-

2231 3725 2459 3789 ποῦντες
2488 3724 2746 3796 ἡγοῦνται
2776 3723 2847 3776 τὰ
2896 3726 3238 3795 προσήκοντα
3289 3721 3567 3794 πράττειν.
3614 3719 3813 3775 Ἐθαὺη

2231 3816 2370 3888 μαζε
2391 3816 2468 3879 δὲ,
2492 3818 2540 3868 εἰ
2563 3814 2637 3887 μὴ
2665 3815 2896 3887 φανερὸν
2930 3816 3112 3877 αὐτοῖς
3137 3815 3272 3877 ἐστι,
3303 3814 3387 3867 ὅτι
3418 3812 3598 3867 ταῦτα
3622 3813 3684 3866 οὐ
3720 3812 3813 3865 6o-

2227 3908 2388 3963 νατὸν
2417 3905 2726 3978 ἀνθρώποις
2749 3906 2948 3975 εὑρεῖν’
2985 3905 3107 3959 ἐπεὶ
3135 3905 3230 3959 καὶ
3254 3906 3380 3969 τοὺς
3411 3904 3650 3975 μέγιστα
3676 3922 3814 3976 φρο-

2227 4000 2450 4064 νοῦντας
2472 4001 2565 4054 ἐπὶ
2591 3999 2668 4070 τῷ
2689 3998 3041 4071 περὶτούτων
3067 3996 3247 4067 λέγειν
3277 3997 3338 4051 οὐ
3369 3996 3544 4051 ταὺτά
3565 3995 3814 4063 δοξάζειν

2228 4091 2496 4164 ἀλλήλοις,
2528 4090 2663 4147 ἀλλὰ
2713 4091 2943 4152 καὶτοῖς
2977 4088 3321 4161 μαινομένοις
3371 4087 3573 4158 ὁμοίως
3608 4086 3815 4140 διακεῖο

2229 4183 2350 4240 σθαι
2385 4183 2521 4255 πρὸς
2555 4181 2834 4252 ἀλλήλους.
2866 4181 2986 4235 Τῶν
3034 4199 3096 4235 τε
3138 4179 3247 4253 γὰρ
3299 4179 3658 4252 μαινομένων,
3680 4178 3814 4245 τοὺς

2230 4276 2329 4346 μὲν
2357 4275 2477 4329 οὐδὲ
2508 4274 2576 4328 τὰ
2601 4274 2749 4329 δεινά
2768 4274 3014 4337 δεδιέναι,
3042 4273 3168 4336 τοὺς
3199 4273 3255 4326 δὲ
3285 4273 3380 4327 καὶ
3396 4271 3466 4325 τὰ
3491 4270 3565 4342 μὴ
3600 4270 3815 4342 φοϐερὰ

2227 4368 2528 4438 φοϐεῖσθαι·
2570 4369 2665 4423 καὶ
2694 4371 2803 4431 τοῖς
2841 4368 2937 4439 μὲν
2965 4366 3074 4420 οὐδ’
3108 4367 3165 4419 ὲν
3197 4365 3337 4437 ὄχλῳ
3360 4365 3537 4419 δοκεῖν
3580 4361 3813 4434 αἰσχρὸν

2225 4458 2365 4516 εἶναι
2399 4462 2579 4530 λέγειν
2626 4460 2659 4532 ἦ
2688 4464 2860 4516 ποιεῖν
2913 4459 3110 4524 ὁτιοῦν,
3134 4462 3248 4523 τοῖς
3289 4459 3347 4512 δὲ
3396 4458 3502 4511 οὐδ’
3533 4455 3813 4527 ἐξιτητέον

2225 4555 2306 4617 είς
2332 4552 2654 4626 ἀνθρώπους
2685 4548 2825 4606 εἶναι
2853 4552 3047 4607 δοκεῖν·
3075 4551 3171 4605 καὶ
3201 4553 3328 4615 τοὺς
3362 4550 3460 4621 μὲν
3489 4549 3603 4602 οὖθ⁹
3638 4549 3810 4622 ἱερὸν,

2224 4647 2348 4702 οὔτε
2371 4647 2573 4718 βωμὸν,
2607 4646 2719 4700 οὔτ’
2753 4645 2880 4700 ἄλλο
2932 4644 3041 4700 τῶν
3075 4644 3236 4699 θείων
3264 4644 3416 4698 οὐδὲν
3467 4645 3655 4714 τιμᾷν,
3678 4644 3813 4706 τοὺς

2223 4742 2279 4796 δὲ
2300 4743 2393 4796 καὶ
2427 4741 2577 4807 ξύλα,
2604 4742 2699 4795 καὶ
2721 4740 2901 4804 λίθους
2925 4740 3051 4804 τοὺς
3076 4739 3357 4809 τυχόντας,
3400 4738 3495 4793 καὶ
3525 4737 3691 4811 θηρία
3722 4740 3815 4794 σέ-

2225 4834 2436 4889 ϐεσθαι·
2468 4833 2578 4889 τῶν
2623 4851 2685 4887 τε
2736 4834 2865 4907 περί¹
2921 4834 3019 4906 τῆς
3064 4833 3173 4887 τῶν
3206 4833 3423 4887 πάντων
3471 4831 3685 4902 φύσεως
3713 4850 3815 4904 με-

542 4933 634 5006 qui
684 4949 796 4989 non
848 4934 1134 5003 templum,
1177 4949 1287 4990 non
1336 4950 1510 5003 aram,
1543 4935 1710 5009 855
1737 4953 1847 4993 non
1875 4938 2119 4994 divinum

2229 4926 2545 5001 ριμνώντων
2567 4930 2681 4991 τοῖς
2713 4927 2810 4998 μὲν
2840 4927 3017 4980 δοκεῖν
3043 4925 3100 4979 ἓν
3136 4927 3297 4997 μόνον
3315 4924 3376 4979 τὸ
3411 4923 3471 4978 ὃν
3501 4920 3663 4990 εἶναι,
3693 4927 3814 4990 τοῖς

543 5028 769 5082 omnino
817 5028 1115 5102 quidquam
1176 5038 1546 5085 venerentur:
1610 5038 1740 5085 sunt
1805 5030 1967 5087 etiam
2030 5032 2126 5103 qui

541 5119 725 5191 lignis,
770 5120 865 5190 qui
917 5120 1093 5175 obviis
1146 5122 1457 5194 quibusque
1510 5124 1803 5194 lapidibus,
1858 5127 1953 5197 qui
1992 5128 2125 5198 ipsis

541 5227 761 5282 quoque
795 5211 925 5268 feris
958 5214 1164 5268 cultum
1208 5214 1522 5271 exhibeant.
1565 5214 1657 5273 Sic
1702 5217 1932 5274 istorum
1964 5233 1997 5275 e
2024 5235 2127 5274 nu-
2164 5256 2165 5259 η

541 5319 714 5372 mero,
756 5304 849 5374 qui
891 5313 1143 5361 naturam
1179 5322 1360 5362 rerum
1402 5309 1780 5365 universarum
1815 5311 2121 5382 explorant,

542 5395 679 5451 alios
708 5398 915 5461 Videas,
946 5399 1168 5469 quibus,
1195 5400 1248 5455 id
1275 5416 1436 5458 omne
1464 5404 1609 5473 quod
1639 5413 1929 5470 est,unum
1958 5406 2122 5462 modo

542 5489 675 5560 quid
712 5505 833 5546 esse
864 5491 1110 5559 placeat;
1160 5492 1319 5559 alios,
1352 5496 1443 5566 qui
1494 5512 1583 5552 res
1615 5499 1963 5555 multitudine
1992 5499 2120 5553 inll-

543 5582 689 5639 nitas
721 5598 843 5639 esse
895 5585 1082 5639 velint.
1137 5585 1373 5653 Quidam
1405 5589 1615 5643 moveri
1665 5605 1881 5660 semper
1908 5591 2116 5658 omnia,

544 5676 751 5732 moveri
799 5678 935 5733 nihil
984 5696 1227 5750 unquam
1279 5697 1440 5751 posse
1488 5682 1710 5754 quidam
1758 5686 2113 5739 arbitrantur.

616 5809 728 5881 (93)
771 5810 999 5877 Οὐδείς.
1035 5813 1359 5884 Xenophon.
1392 5818 1473 5872 Ll
1518 5815 1873 5882 Μανία-οὐξι,
1905 5835 1956 5889 p.
1990 5818 2113 5875 710.

2222 5021 2280 5075 δὲ
2310 5022 2517 5092 ἄπειρα
2537 5020 2599 5074 τὸ
2622 5020 2844 5090 πλῆθος·
2879 5021 2974 5073 καὶ
2998 5022 3111 5083 τοῖς
3147 5019 3246 5090 μὲν
3297 5017 3388 5072 ἀεὶ
3430 5017 3608 5074 πάντα
3637 5021 3813 5071 κινεῖ-

2223 5112 2368 5177 σθαι,
2400 5116 2513 5177 τοῖς
2539 5112 2595 5167 δὲ
2617 5113 2769 5167 οὐδὲν
2798 5113 2862 5168 ἄν
2892 5130 3023 5166 ποτε
3066 5111 3373 5182 κινηθῆναν
3409 5111 3504 5166 καὶ
3556 5113 3669 5174 τοῖς
3706 5110 3813 5181 μὲν

2224 5204 2446 5259 ἅπαντα
2467 5203 2713 5273 γίνεσθαί
2750 5222 2811 5259 τε
2856 5206 2952 5259 καὶ
2972 5204 3327 5267 ἀπόλλυσθαι,
3360 5206 3471 5268 τοῖς
3490 5202 3548 5257 δὲ
3574 5201 3711 5259 ab?“
3740 5203 3811 5257 ἂν

2222 5294 2475 5362 γενέσθαι
2531 5296 2661 5349 ποτὲ
2715 5297 2885 5361 οὐδὲν,
2946 5296 3069 5350 οὕτε
3103 5295 3418 5352 ἀπολέσθαι.
3462 5293 3719 5348 Ἐσκόπει
3747 5292 3811 5346 δὲ

2230 5389 2358 5460 περὶ
2390 5389 2567 5443 αὐτῶν
2616 5390 2711 5443 καὶ
2765 5390 2911 5444 τάδε’
2959 5386 3085 5462 Ἆρ’
3138 5390 3328 5462 ὥσπερ
3366 5391 3414 5442 oi
3453 5385 3813 5459 τάνθρώπινα

2229 5480 2591 5550 μανθάνοντες
2614 5480 2873 5554 ήγοῦνται
2890 5481 3037 5535 τοῦθ’
3082 5482 3112 5536 ὅ
3145 5500 3196 5536 τι
3229 5480 3294 5536 ἂν
3321 5480 3564 5553 μάθωσιν
3590 5479 3812 5539 ἑαυτοῖς

2224 5589 2284 5625 τε
2307 5572 2399 5626 καὶ
2416 5572 2525 5626 τῶν
2552 5572 2725 5628 ἄλλων
2768 5573 2876 5643 ὅτῳ
2921 5575 2987 5629 ἂν
3037 5573 3331 5646 βούλωνται
3362 5572 3628 5643 ποιήσειν·
3661 5569 3814 5626 οὕτω

2226 5667 2320 5720 καὶ
2352 5667 2400 5721 οἱ
2427 5666 2495 5720 τὰ
2519 5666 2638 5723 θεῖα
2670 5666 2958 5739 ζητοῦντες
2991 5668 3323 5740 νομίζουσιν,
3356 5666 3578 5721 ἐπειδὰν
3602 5664 3813 5737 γνῶσιν
