4132 6398
355 367 496 422 1405

1482 356 1802 413 ΡΒᾹΣΡΑΒ.
1847 356 2097 413 EVANG.
2143 356 2269 412 LIB.
2309 357 2424 412 XV.

3483 359 3621 412 1406

353 479 440 546 αἷς
491 481 758 549 ἀνάγκαις
794 478 998 532 ἕκαστα
1032 476 1261 546 γίνεται,
1313 477 1578 546 ποιήσειν,
1632 476 1759 527 ὅταν
1811 472 1934 543 βού-

2045 473 2184 528 Sunt
2238 474 2333 544 qui
2384 484 2438 528 et
2485 473 2635 529 nasci
2684 473 2937 530 universa
2983 473 3192 540 dicant,
3243 482 3299 529 et
3350 473 3618 540 interire,

354 577 574 637 λωνται,
601 574 696 626 καὶ
714 573 972 642 ἀνέμους,
1006 569 1100 624 καὶ
1133 569 1320 632 ὕδατα,
1356 569 1450 622 καὶ
1493 568 1662 638 ὥρας,
1691 570 1783 621 καὶ
1811 570 1935 621 ὅτου

353 669 420 721 ἂν
447 665 606 722 ἄλλου
637 666 860 720 δέωνται
893 665 1001 717 τῶν
1030 663 1286 717 τοιούτων
1312 680 1325 729 ;
1360 663 1626 735 ἢτοιοῦτο
1654 663 1752 734 μὲν
1786 663 1938 717 οὐδὲν

351 760 461 813 οὐδ’
484 759 815 822 ἐλπίζουσιν,
851 759 1011 829 ἀρκεῖ
1050 756 1094 809 δ’
1129 757 1311 819 αὐτοῖς
1338 755 1539 816 γνῶναι
1577 757 1737 828 μόνον
1828 755 1939 808 τῶν

352 850 607 904 τοιούτων
639 851 844 904 ἕκαστα
867 851 1134 918 γίγνεται.
1172 850 1306 920 Περὶ
1343 848 1442 919 μὲν
1474 845 1568 901 οὖν
1598 847 1706 900 τῶν
1763 848 1936 901 ταῦτα

355 941 886 1011 πραγματευομένων
915 940 1136 994 τοιαῦτα
1163 941 1366 1009 ἔλεγεν⁶
1399 941 1560 1004 αὐτὸς
1584 941 1639 998 δὲ
1675 942 1802 1011 περὶ
1826 941 1932 994 τῶν

353 1033 708 1104 ἀνθρωπείων
767 1034 853 1087 ἀεὶ
901 1033 1187 1101 διελέγετο,
1248 1032 1464 1086 σκοπῶν
1506 1033 1559 1085 τί
1607 1033 1850 1096 εὐσεϐὲς,
1884 1031 1935 1085 τί

352 1125 566 1188 ἀσεϐές·
603 1127 654 1178 τί
678 1126 859 1190 καλὸν,
888 1125 941 1178 τί
969 1125 1208 1196 αἰσχρόν·
1234 1124 1286 1177 τί
1309 1124 1536 1190 δίκαιον,
1571 1125 1627 1178 τί
1658 1124 1862 1179 ἄδικον·
1883 1124 1936 1176 τί

353 1217 695 1288 σωφροσύνη,
722 1219 774 1270 τί
812 1219 1028 1289 μανία.»

2041 577 2169 622 sunt
2200 575 2390 622 contra
2467 567 2559 636 qui
2596 566 2729 620 nihil
2759 576 2853 621 aut
2883 576 3064 622 ortum
3097 583 3336 636 unquam
3398 575 3492 620 aut
3520 580 3622 620 un-

2039 676 2202 730 quam
2239 659 2582 714 interiturum
2615 675 2736 714 esse
2759 658 3067 714 defendant.
3099 659 3216 725 Qua
3239 658 3304 712 de
3338 658 3620 712 hominum

2043 753 2255 806 ratione
2284 752 2560 821 quaerebat
2595 752 2724 805 illud
2776 762 3076 822 prmterea;
3114 768 3240 805 num
3281 760 3337 805 ut
3388 751 3482 820 qui
3517 751 3622 804 hu-

2041 843 2222 897 manis
2255 843 2463 897 artibus
2491 857 2715 912 operam
2748 855 2965 903 navant,
2994 843 3152 911 cujus
3191 842 3372 910 operis
3400 843 3621 893 modum

2041 935 2419 1005 rationemque
2471 935 2800 1000 didicerint,
2851 935 2902 988 id
2951 950 3074 989 cum
3126 935 3248 998 sibi,
3305 945 3417 988 tum
3468 933 3622 987 alteri

2043 1027 2267 1081 cuilibet
2302 1029 2560 1097 perlicere
2594 1043 2652 1082 se
2699 1043 2857 1095 posse
2885 1028 3164 1080 confidunt
3195 1045 3208 1091 ;
3240 1027 3310 1080 ita
3341 1026 3433 1095 qui
3481 1025 3623 1078 divi-

2045 1134 2237 1172 narmn
2277 1120 2329 1173 in
2381 1135 2562 1173 rerum
2601 1119 2954 1188 inquisitione
3003 1129 3305 1182 versentur,
3335 1126 3622 1186 postquam

2047 1214 2148 1282 ipsi
2185 1230 2292 1283 qua
2321 1230 2550 1284 qua'que
2577 1215 2898 1268 necessitate
2940 1213 3090 1276 fiant,
3125 1213 3327 1282 optime
3359 1226 3626 1279 cognove_

352 1311 482 1375 rint,
518 1320 628 1365 tum
657 1328 716 1366 ea
745 1329 803 1367 se
844 1314 1279 1382 quotiescunque
1328 1311 1570 1376 libuerit,
1619 1321 1833 1376 ventos,
1900 1309 2133 1379 pluvias,
2203 1316 2591 1377 tempestates,
2643 1318 2696 1362 et
2765 1308 2809 1361 si
2857 1322 2968 1375 quo
3010 1305 3274 1375 ejusmodi
3333 1305 3440 1358 alio
3486 1319 3626 1373 opus

353 1402 666 1470 habuerint,
698 1404 906 1459 eﬂicere
959 1420 1120 1474 posse
1165 1406 1521 1469 existiment;
1563 1422 1630 1459 an
1665 1405 1848 1474 potius
1882 1401 1933 1456 id
1976 1417 2040 1454 ne
2105 1409 2324 1470 sperent
2389 1400 2630 1470 quidem,
2675 1414 2781 1469 qua
2835 1398 3009 1453 snlum
3041 1398 3279 1468 quidque
3310 1396 3402 1450 ﬁat
3451 1397 3624 1450 ratio-

357 1512 478 1549 nem
521 1505 709 1552 tenere
743 1500 1004 1553 contenti.
1040 1498 1163 1556 Haec
1211 1500 1298 1554 ille
1358 1516 1481 1554 cum
1521 1500 1588 1554 de
1644 1514 1828 1554 rerum
1897 1497 2128 1551 istarum
2197 1494 2636 1565 exploratoribus
2675 1493 2898 1557 diceret,
2933 1501 3049 1545 tum
3100 1491 3354 1545 humanis
3399 1490 3513 1558 ipse
3558 1486 3624 1542 de

354 1593 516 1648 rebus
548 1603 806 1664 perpetuo
829 1596 1154 1663 disserebat,
1179 1607 1232 1651 et
1256 1597 1386 1667 quid
1412 1598 1559 1667 pium
1586 1605 1679 1650 aut
1705 1595 1955 1664 impium,
1987 1593 2115 1663 quid
2142 1592 2431 1645 honestum
2456 1599 2551 1644 aut
2572 1598 2746 1659 turpe,
2772 1588 2900 1658 quid
2922 1587 3131 1658 justum
3197 1595 3287 1640 aut
3336 1585 3621 1654 injustum,

350 1688 482 1756 quid
510 1704 703 1743 sanum
740 1698 837 1744 aut
871 1691 1128 1746 stolidum
1172 1691 1330 1758 foret,
1361 1693 1686 1762 inquirebat.
1723 1710 1742 1742 ι

423 1780 606 1833 Ταῦτα
642 1782 742 1852 μὲν
762 1780 856 1836 οὖν
885 1784 1200 1856 Σωκράτης.
1233 1783 1386 1838 Μετά
1423 1785 1480 1839 δὲ
1511 1784 1671 1840 αὐτὸν
1719 1785 1767 1836 οἱ
1815 1781 1941 1852 περὶ

2115 1773 2390 1828 llactenus
2428 1771 2670 1827 Socratis
2707 1781 2938 1826 mentem
2990 1782 3150 1841 atque
3178 1773 3476 1825 orationem
3527 1771 3624 1824 ha-

363 1871 720 1943 ’Λρίστιππον
749 1874 838 1927 τὸν
864 1877 1191 1947 Κυρηναῖον,
1249 1875 1418 1930 ἔπειθ’
1453 1876 1677 1948 ὕστερον
1717 1877 1766 1929 οἱ
1808 1877 1936 1945 περ)⁸

2043 1865 2254 1920 bemus.
2289 1864 2425 1917 Eum
2451 1863 2761 1932 Aristippus
2785 1861 3098 1933 Cyrenaeus,
3125 1877 3187 1915 ac
3213 1863 3406 1916 deinde
3441 1861 3624 1916 Aristo

380 1964 664 2035 Αρίστωνα
687 1966 777 2018 τὸν
800 1968 929 2019 Χῖον
954 1968 1316 2040 ἐπεχείρησαν
1339 1969 1536 2038 λέγειν,
1569 1969 1643 2032 ὡς
1665 1968 1772 2021 δέοι
1800 1968 1939 2038 μόνα

2043 1957 2208 2012 Chius
2247 1956 2444 2021 secuti,
2482 1971 2588 2009 non
2628 1954 2732 2008 nisi
2767 1955 2831 2009 de
2864 1955 3109 2008 moribus
3130 1953 3624 2024 phil030phandum

350 2055 420 2114 τὰ
444 2056 610 2127 ἠθικὰ
644 2058 970 2126 φιλοσοφεῖν.
1005 2055 1158 2115 Εἶναι
1184 2062 1289 2134 γὰρ
1313 2061 1376 2133 δὴ
1402 2062 1574 2116 ταῦτα
1611 2062 1708 2133 μὲν
1737 2060 1937 2114 δυνατὰ

2043 2062 2160 2102 esse
2199 2046 2524 2101 docuerunt.
2568 2043 2749 2099 Unum
2786 2046 2929 2099 enim
2986 2046 3088 2099 hoc
3141 2044 3382 2100 scientia:
3430 2060 3622 2112 genus,

354 2150 444 2207 καὶ
469 2149 739 2221 ὠφέλιμαο
787 2151 913 2216 τοὺς
943 2152 1124 2223 μέντοι
1174 2155 1431 2226 περὶτῆς
1472 2156 1688 2223 φύσεως
1748 2154 1937 2222 λόγους

354 2241 461 2292 πᾶν
484 2241 809 2306 τούναντίον,
846 2245 981 2314 μήτε
1007 2245 1387 2317 καταληπτοὺς
1409 2243 1568 2310 εἶναι,
1601 2247 1747 2318 μήτ’,
1781 2246 1938 2300 εἶκαὶ

353 2329 588 2397 ὀφθεῖεν.
621 2331 810 2401 ὄφελος
847 2333 990 2404 ἔχειν
1047 2353 1118 2388 τι.
1155 2337 1338 2406 Μηδὲν
1379 2338 1486 2409 γὰρ
1545 2340 1676 2407 ἡμῖν
1719 2338 1938 2392 ἔσεσθαι

354 2423 538 2487 πλέον,
569 2423 688 2478 ἀλλ’
731 2425 839 2478 οὐδ’
865 2429 937 2491 εί,
988 2429 1376 2502 μετεωρότεροι
1411 2430 1504 2486 τοῦ
1543 2431 1800 2502 Περσέως
1834 2431 1938 2501 ἀρ-

354 2515 558 2581 θέντες,

436 2679 616 2748 ’Υπέρ
650 2698 714 2735 τε
769 2681 994 2741 πόντου
1046 2683 1216 2752 χεῦμ’
1255 2685 1407 2752 ὺπέρ
1464 2702 1526 2739 τε
1587 2685 1867 2750 Πλειάδα,

429 2770 609 2834 αὐτοῖς
656 2774 767 2837 τοῖς
796 2772 1004 2843 ὄμμασι
1034 2775 1344 2846 κατίδοιμεν
1368 2776 1459 2831 τὸν
1498 2778 1674 2831 πάντα
1714 2779 1938 2848 κόσμον,

357 2862 449 2914 καὶ
464 2862 687 2934 τὴντῶν
713 2863 882 2918 ὄντων
901 2866 1081 2936 φύσιν,
1099 2867 1218 2936 ἥτις
1242 2867 1441 2938 δήποτέ
1459 2871 1622 2921 ἐστιν.
1641 2871 1712 2922 Οὐ
1743 2870 1850 2941 γὰρ
1876 2871 1940 2940 δὴ

351 2951 441 3005 διά
461 2969 524 3021 γε
574 2953 730 3007 τοῦτο
769 2957 1228 3028 φρονιμωτέρους,
1277 2959 1729 3030 ἢδικαιοτέρους,
1776 2960 1808 3028 ἢ
1848 2961 1942 3012 ἁν-

351 3045 760 3117 δρειοτέρους,ἢ
786 3049 1249 3121 σωφρονεστέρους
1284 3051 1430 3120 ἡμᾶς
1454 3048 1691 3102 ἕσεσθαν
1716 3049 1806 3101 καὶ
1831 3049 1937 3118 μὴν

2037 2146 2090 2192 et
2113 2153 2270 2206 posse
2298 2137 2700 2206 comprehendi,
2724 2146 2776 2191 et
2797 2137 3091 2205 plurimum
3119 2138 3367 2191 utilitatis
3399 2137 3623 2191 alierre:

2041 2231 2161 2284 illas
2194 2231 2260 2284 de
2295 2243 2489 2287 natura
2517 2229 2869 2298 qumstiones,
2920 2237 2974 2282 et
3030 2229 3331 2282 humanum
3368 2244 3627 2298 superare

2041 2331 2283 2391 captum.
2328 2336 2427 2374 nec
2457 2328 2517 2374 ut
2558 2319 2827 2390 pervideri
2875 2320 3170 2388 aliquando
3204 2319 3433 2388 possint,
3471 2335 3627 2374 com-

2040 2414 2222 2483 pendii
2259 2413 2555 2482 quidquam
2591 2413 2809 2467 habere.
2849 2411 2994 2466 Nihil
3026 2413 3224 2485 quippe
3259 2413 3413 2467 nobis
3441 2428 3628 2467 acces-

2041 2520 2254 2566 surum,
2283 2503 2328 2558 si
2353 2506 2434 2559 vel
2463 2504 2646 2569 altius,
2679 2520 2844 2574 quam
2872 2503 3104 2559 Perseus
3129 2505 3263 2576 ipse,
3288 2522 3627 2576 raperemur,

2043 2604 2206 2665 atque
2230 2595 2364 2649 adeo

2224 2687 2488 2757 Pontique
2521 2688 2742 2760 ﬂuctus,
2772 2698 2927 2758 atque
2959 2687 3209 2742 Pleiadas
3247 2707 3430 2760 supra,

2044 2779 2309 2832 mundum
2363 2780 2676 2833 universum
2707 2819 2722 2845 ,
2773 2780 3084 2849 nudamque
3143 2797 3324 2835 rerum
3373 2791 3622 2836 naturam

2044 2871 2287 2924 omnium
2327 2871 2498 2924 oculis
2532 2885 2899 2925 cerneremus.
2926 2870 3037 2926 Nec
3061 2873 3206 2926 enim
3242 2874 3624 2942 prudentiores

2045 2963 2189 3027 inde,
2222 2961 2502 3030 justiorcs,
2536 2961 2808 3026 fortiores,
2845 2966 3294 3035 temperantiores
3338 2982 3438 3020 nos
3478 2966 3626 3020 futu-

2044 3070 2158 3118 ros,
2203 3055 2312 3108 imo
2360 3069 2428 3108 ne
2476 3055 2730 3108 robustos
2778 3056 3020 3124 quidem,
3051 3066 3145 3110 aut
3193 3055 3486 3121 formosos,
3531 3067 3626 3113 aut

352 3135 474 3188 οὐδὲ
507 3139 778 3208 ἰσχυροὺς,
812 3140 844 3211 ἢ
873 3139 1088 3204 καλοὺς,
1128 3139 1161 3210 ἢ
1195 3140 1499 3205 πλουσίους,
1537 3134 1613 3194 ὧν
1647 3142 1816 3212 χωρὶς
1841 3143 1936 3209 οὐχ

2043 3144 2500 3214 divites;quibus
2550 3147 2597 3201 si
2641 3146 2806 3201 rebus
2860 3163 3084 3213 careas,
3135 3150 3326 3203 beatus
3361 3165 3478 3204 esse
3515 3166 3623 3204 non

351 3224 465 3281 οἷόν
489 3245 547 3281 τε
577 3231 932 3301 εὐδαιμονεῖν.
968 3232 1130 3286 Ὅθεν
1162 3232 1336 3304 ὀρθῶς
1371 3228 1490 3285 εἷπε
1518 3234 1835 3304 Σωκράτης,
1855 3235 1937 3288 ὃτι

353 3320 460 3373 τῶν
490 3319 658 3374 ὅντων
677 3321 746 3375 τὰ
769 3323 867 3393 μὲν
903 3325 1044 3396 ὑπὲρ
1067 3326 1214 3396 ἡμᾶς
1265 3325 1374 3397 εἴη,
1423 3325 1492 3378 τὰ
1532 3325 1589 3378 δὲ
1614 3326 1767 3378 οὐδὲν
1800 3327 1939 3397 πρὸς

354 3411 522 3482 ἡμᾶς.
559 3408 712 3467 Εἶναι
749 3416 857 3488 γὰρ
897 3416 966 3470 τὰ
1004 3417 1207 3486 φυσικὰ
1259 3418 1356 3488 μὲν
1399 3419 1540 3490 ὑπὲρ
1585 3419 1752 3490 ἡμᾶς,
1787 3419 1854 3472 τὰ
1882 3420 1937 3472 δὲ

356 3503 496 3575 μετὰ
517 3505 744 3559 θάνατον
763 3507 914 3560 οὐδὲν
947 3510 1080 3581 πρὸς
1110 3511 1275 3581 ἡμᾶς’
1303 3510 1438 3580 μόνα
1467 3511 1523 3564 δὲ
1555 3512 1691 3583 πρὸς
1712 3513 1858 3582 ἡμᾶς
1873 3512 1938 3564 τὰ

354 3595 690 3668 ἀνθρώπινα.
733 3600 918 3672 Ταύτῃ
966 3602 1024 3655 δὲ
1052 3603 1145 3657 καὶ
1190 3603 1398 3675 χαίρειν
1432 3605 1594 3658 αὐτὸν
1619 3606 1842 3659 εἰπόντα
1871 3609 1938 3677 τῇ

367 3691 728 3762 Ἀναξαγόρου
750 3695 844 3747 καὶ
895 3694 1190 3766 Ἀρχελάου
1227 3697 1566 3770 φυσιολογίᾳ,
1591 3698 1795 3768 ζητεῖν,

359 3961 514 4014 Ὀττι
573 3963 626 4013 ol
673 3960 742 4015 ἐν
768 3961 1082 4033 μεγάροισι
1137 3965 1329 4018 κακόν
1391 3966 1440 4019 τ’
1470 3967 1698 4108 ἀγαὶθόν
1745 3983 1808 4021 τε
1855 3965 1942 4020 τέ-⁸

1600 4053 1830 4090 τυκται.

1600 4053 1830 4090 τυκται.

355 4125 467 4178 Καὶ
499 4124 672 4189 ἄλλως
698 4125 754 4180 δὲ
781 4121 920 4179 εἶναι
945 4129 1069 4192 τοὺς
1094 4129 1357 4194 φυσικοὺς
1377 4129 1566 4196 λόγους
1590 4130 1650 4181 ού
1672 4128 1942 4200 χαλεποὺς

355 4216 478 4270 οὐδὲ
509 4216 802 4281 ἀδυνάτους
831 4219 1008 4289 μόνον,
1045 4219 1180 4272 ἀλλὰ
1209 4220 1304 4272 καὶ
1333 4219 1550 4283 ἀσεϐεῖς
1591 4221 1685 4273 καὶ⁹
1713 4223 1826 4284 τοῖς
1857 4221 1942 4273 νό-

359 4326 480 4379 μοις
507 4309 880 4374 ὑπεναντίους.
910 4311 1048 4375 Τοὺς
1079 4311 1188 4382 γάρ
1229 4311 1410 4378 ἀξιοῦν
1448 4311 1572 4382 μηδ’
1610 4308 1750 4365 εἶναι
1785 4312 1942 4378 θεοὺς

354 4400 418 4452 τὸ
445 4400 727 4472 παράπαν,
747 4403 876 4465 τοὺς
905 4401 982 4465 δὲ,
1011 4403 1260 4475 ἄπειρον,
1302 4403 1334 4474 ἢ
1387 4401 1448 4455 τὸ
1473 4403 1555 4470 ὃν,
1584 4404 1616 4474 ἢ
1650 4405 1711 4457 τὸ
1736 4403 1816 4469 ἓν,
1846 4406 1942 4459 καὶ

356 4490 536 4546 πάντα
573 4493 773 4563 μᾶλλον
806 4495 839 4566 ἢ
863 4497 988 4560 τοὺς
1015 4497 1422 4568 νομιζομένους.
1442 4498 1554 4568 Τήν
1577 4500 1623 4550 τ’
1640 4493 1704 4551 αὖ
1733 4497 1938 4567 διαφω-
1972 4478 2013 4532 D

355 4581 476 4637 νίαν
508 4585 834 4656 παμπόλλην
856 4583 1021 4642 οὖσαν
1060 4588 1192 4660 (94).
1255 4589 1393 4652 Τοὺς
1428 4589 1525 4660 μὲν
1562 4590 1668 4661 γὰρ
1715 4589 1940 4662 ἄπειρον

355 4674 678 4741 ἀποφαίνειν
711 4676 772 4730 τὸ
795 4679 920 4742 πᾶν,
948 4680 1075 4738 τοὺς
1126 4679 1183 4732 δὲ
1217 4680 1656 4751 πεπερασμένον
1686 4681 1782 4733 καὶ
1815 4682 1941 4745 τοὺς

359 4764 459 4836 μὲν
487 4765 671 4831 ἀξιοῦν
698 4768 912 4822 ἅπαντα
941 4770 1226 4834 κινεῖσθαι,
1259 4773 1384 4834 τοὺς
1437 4771 1493 4825 δὲ
1548 4772 1803 4837 καθάπαξ
1838 4791 1942 4843 μη·-

354 4855 465 4911 δέν.
495 4859 604 4912 Καὶ
637 4859 744 4930 μὴν
773 4861 826 4914 εἴ
850 4877 902 4914 τι
940 4863 1034 4915 καὶ⁸
1061 4863 1208 4926 ἀλλο,
1233 4864 1450 4918 πάντων
1490 4864 1688 4935 ἄριστά
1721 4881 1810 4934 μοι
1858 4864 1942 4916 δο-

355 4952 444 5002 κεῖ
472 4952 600 5022 περὶ
630 4953 836 5006 τούτων
872 4955 1051 5008 αὐτῶν
1091 4959 1147 5009 ὲν
1172 4960 1284 5020 τοῖς
1315 4958 1558 5023 Σίλλοις
1590 4959 1684 5011 καὶ
1711 4960 1739 5011 ὁ
1778 4956 1940 5012 Φλιά-

358 5058 473 5106 σιος
501 5043 689 5114 Τίμων
716 5047 995 5117 εἰρηκέναι
1021 5048 1167 5101 τάδε’

368 5222 464 5302 [ῖς
497 5224 607 5302 γῂρ
635 5227 780 5302 τούς
805 5227 856 5280 δ’
878 5227 1030 5302 ὀλοῇ
1055 5229 1202 5298 ἔριδι
1229 5229 1493 5298 ξυνέηκε
1520 5231 1846 5302 μάχεσθαι;

372 5293 590 5363 Ἠχοῦς
614 5298 956 5367 σύνδρομος
993 5293 1195 5369 ὄχλος.
1245 5293 1312 5355 ⁷⁸0
1349 5293 1480 5374 γὰρ,
1520 5293 1794 5374 σιωπῶσι
1834 5293 1943 5372 ’χο-

357 5434 604 5489 Νοῦσον
640 5438 733 5492 ἐπ’
763 5439 983 5510 ἀνέρας
1043 5436 1199 5509 ὦρσε
1227 5441 1429 5511 λάλην
1457 5460 1470 5472 ο
1520 5373 1836 5586 όῖἕιιὲἓξ
1876 5443 1944 5495 δὲ

1596 5530 1672 5567 πο
1758 5531 1788 5566 ο
1822 5553 1833 5563 .

1596 5530 1809 5567 πολλοι
1822 5553 1833 5563 .

369 5596 538 5668 Ὁρᾷς
571 5599 646 5664 ὡς
677 5601 776 5673 ἥδη
802 5604 897 5655 καὶ
925 5602 1190 5674 ἀλλήλους
1227 5604 1571 5658 σκώπτουσιν
1600 5605 1649 5656 οἱ
1671 5607 1941 5672 γενναῖοι;

362 5687 473 5756 Τὴν
499 5690 629 5758 γοῦν
667 5693 802 5765 πρὸς
835 5695 1095 5767 ἀλλήλους
1151 5696 1480 5766 φιλονεικίαν
1512 5697 1714 5763 αὐτῶν,
1763 5695 1860 5758 τάς
1887 5713 1943 5748 τε

438 5788 550 5856 (94)
593 5785 756 5843 Forte
793 5783 952 5843 εἶναι.

2039 3235 2239 3307 possis.
2274 3234 2556 3304 Quocirca,
2593 3237 2723 3292 illud
2761 3238 3014 3294 Socrates
3048 3239 3228 3293 dicere
3261 3241 3452 3295 solitus
3482 3249 3621 3304 erat,

2039 3344 2070 3384 e
2102 3329 2268 3383 rebus
2305 3328 2441 3384 alias
2472 3345 2635 3400 supra
2689 3346 2790 3386 nos
2832 3347 2974 3395 esse,
3031 3332 3167 3387 alias
3214 3333 3348 3386 nihil
3401 3335 3468 3388 ad
3523 3349 3624 3390 nos

2039 3421 2311 3492 pertinere
2345 3441 2359 3476 :
2407 3421 2663 3492 physicas
2707 3423 2852 3477 enim
2886 3432 3046 3493 captu
3081 3433 3270 3479 nostro
3317 3426 3625 3495 superiores

2041 3526 2208 3577 esse;
2269 3527 2392 3580 quae
2450 3527 2579 3566 vero
2610 3522 2840 3567 mortem
2898 3527 3331 3584 consequantur,
3375 3533 3407 3570 a
3465 3517 3626 3570 nobis

2041 3602 2268 3656 omnino
2314 3603 2660 3672 disjunctas:
2721 3605 2948 3674 proinde
3005 3617 3188 3661 nostra
3251 3610 3626 3662 tantummodo

2044 3693 2313 3747 humanas
2351 3693 2629 3750 interesse.
2682 3696 2846 3766 855
2906 3696 3048 3767 Ergo
3096 3698 3274 3753 valere
3303 3699 3455 3769 jussa
3515 3709 3624 3754 tam

2042 3787 2402 3859 Anaxagorae,
2421 3805 2586 3860 quam
2601 3789 2853 3846 Archelai
2879 3792 3239 3864 physiologia,
3261 3791 3363 3846 hoc
3376 3808 3433 3847 se
3457 3808 3623 3846 unum

2042 3895 2306 3948 quaerere.
2651 3893 2654 3896 ‘

2047 3967 2192 4034 Quid
2219 3969 2423 4038 laetum,
2445 3972 2572 4041 quid
2599 3971 2749 4024 triste
2772 3971 2916 4025 domi
2945 3988 3058 4026 sors
3081 3975 3298 4043 propria
3335 3983 3519 4028 verset.

2046 4121 2342 4178 Enimvero
2364 4123 2620 4194 physicas
2645 4123 2763 4177 illas
2787 4121 3202 4192 disputationes,
3229 4140 3336 4178 non
3368 4125 3626 4182 molestas

2044 4229 2168 4269 esse
2199 4215 2488 4278 duntaxat,
2543 4223 2598 4269 et
2650 4213 2887 4267 humana
2937 4212 3193 4268 facultate
3241 4217 3496 4285 majores,
3531 4217 3623 4270 sed

2046 4308 2244 4376 impias
2269 4307 2455 4372 etiam,
2494 4307 2814 4376 legibusque
2847 4309 3171 4362 contrarias.
3226 4309 3376 4362 Alios
3428 4311 3628 4379 quippe

2047 4399 2226 4453 nullos
2255 4398 2412 4467 plane
2443 4398 2576 4453 deos
2614 4399 2942 4466 admittere;
3001 4399 3138 4452 alios
3189 4407 3282 4452 aut
3330 4400 3624 4462 inﬁnitum,

2046 4502 2140 4546 aut
2173 4493 2225 4547 id
2256 4491 2400 4561 quod
2441 4500 2544 4558 est,
2594 4502 2688 4546 aut
2736 4508 2927 4556 unum,
2979 4499 3074 4546 aut
3108 4492 3213 4546 alia
3249 4493 3502 4560 quzelihet
3533 4508 3628 4560 pro

2046 4585 2152 4639 diis
2203 4584 2423 4648 habere,
2475 4599 2637 4654 quam
2675 4585 2769 4654 qui
2808 4585 2971 4655 vulgo
3005 4585 3204 4654 recepti
3253 4593 3398 4638 sunt.
3453 4583 3630 4652 Atque

2047 4677 2148 4730 hos
2199 4677 2338 4730 inter
2398 4691 2649 4746 magnam
2707 4685 2969 4746 praeterea
3033 4676 3429 4731 dissensionem
3486 4689 3626 4728 esse.

2045 4768 2196 4824 Alios
2234 4768 2378 4822 enim
2410 4769 2726 4823 universum
2757 4769 3028 4823 inliuitum
3058 4784 3281 4838 ponere,
3305 4768 3441 4822 alios
3463 4767 3630 4821 certis

2046 4862 2248 4916 liuibus
2275 4863 2734 4930 comprehensum
2765 4878 2779 4914 :
2819 4861 3057 4931 itemque
3107 4861 3244 4915 alios
3293 4859 3474 4914 omnia
3507 4875 3628 4913 mo-

2047 4958 2160 5012 veri
2217 4965 2500 5022 statuere,
2537 4955 2674 5009 alios
2723 4954 2949 5009 omnino
2994 4953 3150 5007 nihil.
3201 4953 3330 5006 Mihi
3377 4967 3528 5017 vero,
3582 4951 3628 5005 si

2048 5051 2344 5120 quidquam
2377 5050 2547 5112 aliud,
2599 5049 2704 5103 hoc
2733 5062 2867 5102 sane
2895 5046 3098 5115 optime
3131 5046 3200 5100 ah
3252 5046 3345 5099 illo
3403 5045 3631 5099 Timone

2049 5143 2292 5199 Phliasio
2321 5142 2375 5196 in
2407 5140 2558 5196 Sillis
2615 5140 2822 5195 dictum
2857 5140 3092 5202 videtur,

2050 5260 2246 5331 Ecquis
2275 5275 2361 5313 eos
2390 5258 2508 5331 diro
2537 5273 2724 5331 pugna:
2754 5254 3103 5331 inﬂammavit
3142 5255 3368 5331 amore}

2050 5323 2376 5384 Coucurrem
2402 5323 2594 5398 lingua:
2611 5323 2891 5398 '[remitus.
2915 5324 3154 5398 Namque
3183 5324 3273 5398 ille
3293 5323 3541 5377 silentum

2052 5400 2366 5470 Impatiens,
2392 5396 2562 5451 morbi
2586 5397 2835 5470 contagia
2866 5396 3005 5464 faeda
3036 5396 3271 5464 loquacis

2053 5466 2324 5524 Immisit:
2359 5485 2495 5521 saevo
2537 5466 2693 5520 multi
2724 5467 2925 5535 periere
2958 5481 3170 5518 veneno.

2055 5605 2236 5669 Vides,
2267 5603 2728 5674 quemadmodum
2773 5617 2894 5656 sese
2931 5602 3160 5654 invicem
3199 5598 3446 5653 homines
3477 5612 3630 5667 egre-

2051 5700 2123 5770 gii
2153 5697 2447 5753 vellicent?
2473 5694 2689 5749 Mutuas
2729 5695 2947 5764 quidem
2985 5695 3202 5748 illorum
3233 5692 3627 5754 contentiones,
