4132 6406
549 366 686 420 ΗΟἸ
1188 359 1464 417 EUSEBlI
1499 355 1978 414 CASSARIENSIS
2017 356 2165 413 OPP.
2209 354 2389 412 PARS
2422 354 2486 409 ll.
2527 387 2597 396 -—
2635 351 3138 410 APOLOGETICA.
3679 355 3824 410 140%

548 501 760 556 pugnas
841 492 1005 552 atque
1057 482 1281 537 dissidia
1317 523 1332 546 ,
1376 481 1516 535 idem
1566 481 1681 550 ipse
1737 479 1894 534 Timo
1939 486 2180 548 praeter;

2192 508 2206 540 ι
2237 478 2435 548 μάχας,
2464 476 2558 529 καὶ
2605 475 2704 539 τὰς
2753 475 3095 538 διαστάσεις,
3134 472 3216 526 ἔτι
3247 472 3387 545 πρὸς
3440 474 3555 537 τοῖς
3596 474 3824 545 εἰρημὲ-

547 576 798 645 superius
824 573 978 638 illud,
1009 572 1363 643 sequentibus
1397 571 1648 627 versibus
1682 570 2052 636 adumbravit,

2232 587 2343 635 νοις
2379 572 2407 622 ὀ
2443 569 2707 640 δηλωθεὶς
2735 569 2877 642 ἀνὴρ
2909 567 3096 622 τοῦτον
3135 566 3446 638 ὑπογράφει
3469 566 3560 620 τὸν
3580 571 3784 639 τρόπον
3803 585 3818 600 ⁸

549 777 681 831 Dira
709 779 818 831 lues
849 779 1141 838 hominum,
1175 778 1461 840 contentio,
1490 793 1726 847 vanaque
1745 775 1986 844 jactans,

2233 751 2412 847 «ἔοιτᾷ
2441 752 2512 847 δὲ
2527 751 2916 847 βὲροτοέοιγὸς
2953 750 3307 847 ἐριφέενὸν
3333 751 3649 847 ⁸ξεὶῐὶιυιξυῖα,

550 848 916 916 Mortiferique
943 864 1093 901 soror
1123 822 1265 911 belli,
1289 822 1576 917 pugngeque
1611 822 1878 913 ministra,
1971 822 1986 840 ⁷

1979 822 1986 838 ’
2233 825 2464 917 θίίὲηὲ
2477 823 3009 917 gris-035515533???
3013 822 3378 917 ἒῗῗῖῖᾞζὲίξῗί
3397 822 3611 917 έέἐῗίέῗν

551 891 786 981 Invad'it,
813 891 1050 988 gecoque
1079 919 1170 971 diu
1197 891 1581 987 ra’p'tazmp‘ete.
1623 918 1835 970 laudent
1863 891 1878 913 ’

2240 895 2316 948 ’Ἡ
2349 893 2397 946 τ’
2428 894 2584 961 (Mai;
2621 891 2755 960 περὶ
2792 892 2990 946 πάντα
3015 891 3376 947 κυλίνδεται·
3407 891 3595 961 αὐτὰρ
3615 893 3823 948 ἔπειτα

2247 965 2337 988 ἳιῖι-
2403 964 2606 988 D-?n.,_
2682 961 2956 988 λ,.....ι-.ε..
3028 962 3176 988 --λημ
3301 963 3392 988 --αἱ
3465 963 3525 988 ι-
3604 965 3629 988 1.
3649 962 3821 988 ’-Ιβη-

550 961 1581 1059 ὃὸῖἆῖνᾮὲαῗέίνὶιῖἶῖαἷέἶςιὶῇιῗὶῙςρἔῖτῗῖιὶἱέ
1617 961 1987 1058 Malliana.

2247 965 2342 1030 Ἐς
2387 964 2608 1032 ,βρῖθος
2677 961 2956 1032 ἐστήριξε
3026 962 3176 1032 κάρη
3202 1003 3218 1028 ,
3298 963 3396 1017 καὶ
3433 962 3820 1106 ὶὲὲ-ἀῶικιέλρτίδσ

3635 1048 3708 1087 ει.

549 1168 754 1225 Verum
790 1170 1092 1235 enimvero,
1128 1185 1252 1224 cum
1300 1170 1564 1225 hactenus
1602 1177 1656 1223 et
1702 1178 1922 1225 mutuas
1955 1170 2134 1224 homio

2248 1170 2409 1225 Ἀλλὰ
2436 1170 2543 1243 γὰρ
2578 1172 2671 1226 καὶ
2698 1169 2798 1241 τῆς
2825 1171 2966 1239 σφᾶς
3004 1169 3201 1234 αὐτοὺς
3227 1167 3665 1240 ἀποδεδεγμένης
3694 1167 3823 1221 στά-

555 1278 688 1316 num
738 1263 970 1318 istorum
1030 1261 1430 1329 altercationes,
1485 1271 1537 1316 et
1594 1261 1743 1316 illam
1793 1278 1900 1317 non
1952 1263 2133 1318 minus

2237 1281 2375 1329 σεως
2403 1266 2494 1317 καὶ
2551 1265 2751 1335 μάχης,
2793 1267 2890 1336 τῆς
2923 1282 2981 1317 τε
3017 1263 3182 1334 μηδὲν
3232 1265 3364 1333 ἡμῖν
3409 1261 3818 1334 προσηκούσης,

553 1354 786 1408 alienam
817 1371 848 1408 a
880 1354 1037 1408 nobis
1083 1369 1244 1424 quam
1294 1354 1511 1408 inanem
1545 1369 1644 1424 per
1694 1370 1831 1419 sese,
1891 1355 2134 1424 nullique

2236 1356 2496 1427 περιττῆς
2524 1355 2579 1409 δὲ
2614 1355 2806 1420 ἄλλως,
2837 1354 2931 1408 καὶ
2961 1354 3020 1407 οὐ
3063 1353 3310 1424 γνωστῆς
3342 1351 3595 1414 παιδείας
3629 1369 3690 1404 τε
3726 1354 3823 1406 καὶ

551 1445 849 1516 parabilem
905 1455 1228 1500 caeterorum
1282 1446 1560 1513 omnium,
1612 1447 1812 1518 quibus
1864 1447 2134 1518 hodieque

2239 1446 2528 1518 μαθήσεως
2555 1445 2664 1499 τῶν
2709 1445 2912 1498 λοιπῶν
2963 1445 3255 1509 ἁπάντων,
3297 1446 3354 1497 ἐν
3411 1438 3491 1506 οἷς
3528 1442 3697 1496 εἰσέτι
3725 1443 3823 1497 νῦν

549 1537 861 1608 philosophi
886 1538 1209 1608 gloriantur,
1229 1539 1620 1610 cognitionem,
1638 1555 1745 1592 non
1768 1539 1878 1608 jam
1904 1541 2130 1604 nostris,

2234 1537 2700 1609 ἀποσεμνύνονται
2733 1537 3038 1606 φιλοσόφων
3100 1536 3324 1600 παῖδες,
3365 1533 3823 1606 ἁπεληλεγμένων

550 1628 646 1684 sed
704 1629 1020 1684 domesticis
1091 1629 1310 1683 illorum
1384 1629 1628 1698 ipsorum
1705 1629 2135 1697 clarissimisque

2233 1631 2331 1700 οὐχ
2349 1630 2665 1701 ἡμετέραις,
2731 1631 2852 1693 ταῖς
2890 1629 2934 1682 δ’
2963 1629 3192 1692 οἰκείαις
3226 1627 3404 1681 αὐτῶν
3461 1627 3821 1692 ἀποδείξεσινο

551 1721 901 1786 testimoniis,
938 1721 1154 1775 abunde
1201 1722 1658 1790 coarguerimus:
1709 1736 1945 1790 cumque
1989 1735 2132 1790 prae-

2235 1724 2294 1776 οὺ
2331 1722 2437 1794 μὴν
2461 1721 2599 1776 ἀλλά
2639 1723 2854 1792 καὶτῆς
2885 1721 3063 1786 αἰτίας
3100 1723 3181 1784 είς
3220 1720 3452 1792 φανερὸν
3472 1719 3739 1790 τεθείσης,
3753 1718 3820 1772 δι’

531 1801 697 1867 terea
755 1828 982 1868 causam
1018 1813 1164 1867 illam
1213 1812 1470 1867 omnibus
1519 1812 1865 1881 spectandam
1897 1813 2134 1882 protule-

2194 1837 2210 1890 ι
2236 1815 2302 1887 ἣν
2328 1815 2397 1868 τὰ
2416 1814 2581 1868 τῶνδε
2616 1813 3081 1885 ἀποστραφέντες,
3116 1813 3182 1867 τὰ
3223 1813 3488 1884 Ἐϐραίων
3517 1812 3672 1881 λόγια
3692 1829 3826 1884 προ-

551 1904 743 1969 rimus,
770 1921 892 1975 qua:
931 1920 1034 1959 nos
1063 1920 1186 1959 cum
1219 1903 1286 1958 ad
1318 1903 1707 1973 repudiandum
1754 1904 1999 1974 ipsorum
2028 1905 2129 1960 do-

2234 1909 2628 1979 τετιμήκαμεν,
2665 1907 2736 1961 τὰ
2788 1908 2884 1977 μὲν
2941 1904 3040 1976 τῆς
3074 1903 3485 1976 Εὑαγγελικῆς
3507 1907 3825 1972 Προπαρα-

551 1997 807 2064 ctrinam,
841 2006 954 2051 tum
986 1996 1051 2050 ad
1080 1996 1487 2066 complectenda
1526 1994 1874 2051 Hebraeorum
1907 1997 2129 2052 oracula

2229 1997 2461 2066 σκευῆς
2495 2001 2553 2052 ὲν
2574 1997 2785 2062 τούτοις
2821 1999 2949 2069 ἡμῖν
2983 1996 3364 2068 περιγράφθω.
3415 1994 3497 2048 Τὰ
3522 1995 3580 2048 δὲ
3610 1996 3706 2064 τῆς
3737 1996 3828 2048 ὲν-

552 2088 827 2157 impulerit
856 2109 868 2143 :
901 2087 1069 2159 856
1104 2087 1430 2159 Evangelicw
1463 2089 1590 2143 huic
1647 2088 2033 2158 Prwparatiom’
2064 2090 2128 2143 li-

2229 2089 2550 2162 τελεστέρας
2580 2088 2962 2160 πραγματείας
2993 2087 3090 2158 τῆς
3115 2086 3257 2140 κατὰ
3289 2085 3386 2156 τὴν
3404 2082 3824 2153 Εὐαγγελικὴν

552 2197 675 2236 nem
707 2183 1000 2252 aliquando
1033 2183 1401 2251 imponamus.
1430 2181 1567 2236 Nam
1595 2199 1717 2252 qua:
1746 2183 1814 2236 ad
1844 2181 2132 2252 perfectio-

2244 2180 2610 2246 Ἀπόδειξιν,
2630 2182 2728 2252 ἤδη
2747 2179 2931 2232 λοιπὸν
2957 2177 3312 2230 ἐπισκεπτέον
3334 2178 3425 2246 ἀφ’
3444 2175 3634 2246 ἑτέρας
3649 2173 3827 2241 λόγων

552 2285 668 2324 rem
703 2270 851 2324 illam
888 2270 1367 2325 Demonstrationis
1394 2269 1723 2342 Evangelij
1750 2273 2130 2330 tractationem

2232 2276 2426 2347 ἀρχῆς,
2443 2276 2543 2344 τῆς
2566 2273 2631 2344 δὴ
2653 2272 2946 2341 λειπούσης
2962 2270 3040 2341 τῷ
3059 2269 3430 2340 προϐλήματι,
3455 2267 3552 2338 τὴν
3575 2267 3828 2320 διδασκα-

552 2363 846 2433 pertinent,
875 2377 1075 2417 novum
1106 2362 1413 2431 disputandi
1446 2364 1774 2434 principium
1803 2367 2086 2435 requirunt
2113 2385 2127 2433 ;

2232 2367 2351 2420 λίαν
2379 2366 2784 2438 ποιησομένοις.
2809 2363 3001 2418 Λείπει
3030 2363 3074 2416 δ’
3103 2364 3211 2434 ἄρα
3242 2362 3380 2434 πρὸς
3415 2363 3542 2425 τοὺς
3571 2361 3636 2412 ἐκ
3658 2375 3824 2428 περι-

557 2452 704 2523 quod
741 2454 963 2523 quidem
1000 2468 1108 2506 non
1147 2453 1385 2517 aliunde,
1421 2469 1585 2523 quam
1623 2455 1692 2508 ab
1739 2471 1824 2522 ea,
1873 2471 1995 2526 quae
2024 2457 2131 2512 sol-

2231 2463 2405 2531 τομῆς
2472 2457 2960 2530 ἐπιμεμψαμένους
3010 2454 3432 2526 ἀποκρίνασθαι,
3493 2453 3546 2506 τι
3594 2451 3827 2522 δήποτε

553 2544 729 2600 venda
761 2545 920 2599 nobis
958 2554 1225 2615 superest,
1271 2546 1574 2615 quaestione
1617 2549 1898 2604 ducemus.
1945 2547 2133 2605 Restat

2234 2551 2523 2621 ἀλλόφυλοι
2548 2551 2721 2615 ὄντες,
2761 2551 2856 2604 καὶ
2889 2549 3215 2618 ἀλλογενεῐς,
3248 2549 3371 2609 ταῖς
3409 2545 3590 2600 αὐτῶν
3619 2542 3828 2615 βίϐλοις

556 2649 740 2693 autem
776 2637 828 2692 id
859 2653 1050 2703 unum,
1081 2646 1142 2692 ut
1164 2652 1375 2704 eorum,
1415 2639 1506 2708 qui
1541 2638 2012 2694 circumcisionem
2045 2655 2132 2694 re-

2232 2642 2625 2715 ἀποχρώμεθα,
2661 2643 2825 2714 μηδὲν
2862 2644 3016 2713 ἡμῖν,
3036 2642 3110 2705 ὼς
3151 2641 3216 2694 ἂν
3257 2641 3413 2694 αὐτοὶ
3439 2641 3616 2709 φαῖεν,
3653 2651 3831 2708 προσ-

557 2733 754 2796 tinent,
813 2729 1183 2784 criminationi
1216 2731 1682 2799 respondeamus;
1741 2746 1838 2785 cur
1883 2730 2126 2796 tandem,

2229 2735 2512 2806 ηκούσαις·
2556 2733 2589 2805 ἢ
2632 2735 2685 2787 τί
2724 2733 2788 2804 δὴ
2846 2733 2914 2787 τὰ
2957 2733 3089 2803 παρ’
3122 2732 3303 2793 αὐτοῖς
3335 2728 3708 2799 ἀσπαζόμενοι
3739 2725 3832 2778 λό-

553 2821 764 2877 externi
797 2830 850 2875 et
880 2821 1195 2889 alienigenae
1215 2835 1337 2875 cum
1369 2821 1560 2885 simus,
1592 2837 1783 2876 eorum
1813 2823 1987 2891 libris,
2024 2825 2131 2878 uti-

2235 2842 2352 2894 για,
2382 2825 2502 2896 οὐχὶ
2534 2825 2628 2879 καὶ
2658 2825 2751 2878 τὸν
2782 2823 2895 2895 βίον
2926 2821 3218 2877 ἀκόλουθον
3234 2820 3312 2893 τῷ
3336 2819 3465 2890 παρ’
3487 2819 3670 2882 αὐτοῖς
3689 2833 3833 2888 παρ-

553 2928 660 2982 que
696 2912 825 2966 nihil
860 2913 926 2966 ad
963 2927 1065 2966 nos
1118 2911 1222 2982 (ut
1259 2911 1362 2982 ipsi
1391 2912 1611 2982 quidem
1645 2912 1972 2984 objiciunt,)
2007 2930 2132 2984 per-

1001 2927 1065 2966 os
1118 2911 1222 2982 (ut
1259 2911 1362 2982 ipsi
1391 2912 1611 2982 quidem
1645 2912 1972 2984 objiciunt,)
2007 2930 2132 2984 per-
2236 2915 2434 2987 έχομεν
2468 2918 2633 2989 νόμῳ.

556 3004 882 3070 tinentibus,
923 3005 1217 3058 abutamur
1266 3022 1280 3058 :
1329 3013 1422 3059 aut
1477 3019 1574 3059 cur
1622 3006 1864 3076 ipsorum
1925 3009 2148 3066 oracula
2210 3011 2532 3084 litterasque
2583 3011 2896 3084 complexi,
2945 3010 3170 3067 minime
3215 3019 3396 3064 tamen
3449 3005 3576 3061 vitae
3620 3010 3830 3061 nostra

557 3098 798 3154 rationes
826 3097 1143 3154 earumdem
1177 3113 1244 3154 ex
1275 3097 1391 3169 lege
1419 3098 1785 3157 moderemur.
