2066 3207
214 157 283 186 1459

209 217 301 252 potius
316 214 465 252 venerandi
481 214 575 252 templi
593 213 679 252 instar
692 213 825 242 colendus
835 213 893 241 est!
914 221 923 238 ›
939 211 1010 240 Cum

209 250 339 280 Brissone
354 252 415 287 lego
431 250 513 286 ἱερόν,
530 258 585 287 non
603 250 689 287 ἱερίξιιξἶ
759 284 763 286 Ἴ

246 283 413 315 Bardesanés
425 283 557 314 adversus
565 283 898 315 Genethliacos‘scribens,
912 283 946 311 ab
954 283 1010 310 Eu-

210 324 286 351 sebio
301 323 403 350 relatus
415 322 443 349 in
457 321 660 355 Prceparatione
673 320 835 355 evangelica,
848 320 865 346 l.
876 328 913 351 vr,
926 327 951 346 c.
965 319 1008 350 10,

210 368 238 394 p.
248 359 311 390 275,
321 358 410 394 dixit:
429 367 438 383 ε
448 356 528 394 Apud
549 356 698 383 Pcrsaslex
714 356 789 394 sinit,
807 362 944 390 quemque
956 362 1012 381 ma-

211 391 280 422 irem
295 398 342 421 aut
362 393 443 419 ﬁliam
459 391 579 424 ducere;
603 399 692 427 neque
711 391 959 427 patriamitantu’m
978 394 1011 427 et

211 430 336 465 proprias
351 429 431 456 sedes
449 428 605 465 habitantes
616 447 623 459 ,
643 425 691 454 sed
707 425 735 453 et
748 426 823 465 quia
835 426 948 465 Perside
961 425 1011 465 ab-

212 461 286 497 sunt,
302 463 477 500 Magouseeni
492 464 614 500 nomine,
630 467 764 497 peragunt
778 462 821 489 illa
836 461 1010 500 matrimonia

211 496 322 533 illicita;
347 496 517 534 Easdemque
532 499 606 533 leges
624 496 652 525 et
667 496 757 525 mores
773 497 963 534 transmittunt
977 496 1010 534 l_i-

211 536 294 568 beris,
313 531 432 570 quorum
447 531 539 569 plures
553 531 655 570 viderer
673 538 715 560 est
729 533 762 570 ad
778 533 830 560 hoc
855 537 963 570 tempus
983 531 1011 558 in

210 571 308 603 Media,
324 567 455 606 Egypto,
468 570 594 606 Phrygia,
605 569 725 606 Galatia.
740 569 796 606 Nec
813 573 906 606 tamen
920 567 1012 606 Venus

211 607 325 634 Martem
354 603 513 641 amplexans
526 603 568 632 in
593 605 704 632 Saturni
729 604 845 641 tedibus,
863 603 917 630 ullo
929 603 1012 630 modo

212 647 252 669 tot
267 647 296 669 et
310 640 515 669 tantisiortibus
525 648 645 676 prreesse
660 640 760 675 potuit.
779 648 788 676 ξ

249 677 300 705 Hic
314 677 477 704 Bardesanis
493 674 570 704 locus
583 674 722 703 invenitur
737 676 764 702 in
780 674 1011 710 Recognitionibus

211 713 492 749 pseudo-Clementinis
505 720 527 749 at
537 720 597 749 capt
610 712 643 739 I9
659 719 746 749 usque
760 711 792 738 ad
809 719 869 749 cap.

249 749 328 789 Intenr_
339 749 488 789 scriptores
498 746 670 789 Christianos
680 747 736 782 qui,
747 754 809 773 cum
819 746 948 789 Eusebio,
965 753 1013 780 pu-

212 788 271 811 tant
298 781 482 811 Christianam
512 783 671 818 religionem
691 781 810 810 causam
843 781 1011 818 fuissgcur

213 820 304 847 Persae
315 824 455 847 cessarent
469 819 503 846 ab
517 816 637 851 incestis,
648 818 754 853 primus
774 817 913 844 invenitur
920 816 1012 853 Theo-

212 855 334 886 doretus,
354 855 400 889 qui
416 855 444 881 in
460 863 509 882 sua
519 852 708 889 Tlterapetitira
726 861 755 888 p.
777 853 838 884 128,
862 853 927 889 edit.
951 852 1012 888 Syl-

212 891 303 925 burg.,
313 890 352 917 De
361 888 470 926 legit-us,
481 890 565 917 dixit:
589 900 596 915 ι
609 890 699 926 Persa:
706 890 771 917 olim
782 888 882 916 addicti
901 888 1012 915 Zaradze

215 925 391 961 (Zoroastri)
420 926 525 961 legibus
549 925 687 953 ducebant
713 929 825 956 matres,
855 931 963 961 sorores
985 928 1014 951 et

215 961 294 994 tilias,
309 965 337 988 et
355 961 428 996 quod
443 960 521 988 nefas
539 966 591 993 est,
603 965 732 995 tanquam
752 961 839 995 legem
859 960 1012 996 habebant;

216 997 263 1024 sed
272 1005 304 1024 cx
313 995 372 1031 quo
381 1001 505 1032 tempore
519 997 658 1031 apostolos
673 996 816 1023 audierunt
831 1015 838 1032 ε
854 995 1014 1032 abjecerunt

215 1030 353 1059 Zoroastri
371 1030 447 1068 leges
458 1030 588 1067 tanquam
604 1032 737 1059 nefandas
749 1053 755 1064 ,
784 1035 812 1058 et
833 1031 894 1068 l;eto
921 1030 1013 1068 animo

216 1066 409 1103 evangelicam'
435 1066 551 1103 amplexi
586 1072 651 1094 sunt
684 1067 904 1103 temperantiam.
934 1075 943 1091 ι
969 1066 1011 1093 Cf.

216 1102 328 1139 sanctus
353 1102 706 1139 Joannes’Chrysostomus
722 1102 768 1139 qui
791 1102 859 1139 dixit
871 1102 902 1139 in
917 1106 1014 1139 octavo

216 1138 305 1173 capite
319 1139 357 1175 De
370 1140 522 1175 virginitate
533 1136 558 1165 t.’
568 1137 612 1175 VI,
625 1146 652 1173 p.
664 1139 717 1165 248
728 1136 772 1165 ed.
785 1138 910 1175 Saviliig
923 1136 1014 1164 Admi-

218 1182 312 1200 ratnur
327 1173 434 1206 Persas,
449 1175 495 1209 qui
509 1182 564 1201 non
576 1174 680 1201 ducunt
692 1177 804 1205 matres,
823 1177 851 1200 ut
864 1173 927 1199 olim
939 1181 945 1205 ;
958 1181 1012 1199 non

219 1209 293 1237 idem
303 1209 337 1236 de
348 1208 479 1237 Romanis
493 1209 640 1237 dicendum
655 1213 705 1236 est.
727 1218 735 1233 ι
753 1209 826 1236 Inter
833 1208 1015 1235 Patres'Grte-

219 1253 267 1271 cos
280 1245 465 1273 nominandus
477 1250 520 1272 est
535 1244 696 1271 Theodorus
708 1243 928 1278 Mopsuestenus,
942 1244 1014 1278 apud

220 1280 348 1307 Photium
363 1281 423 1308 cod.
439 1281 470 1308 8|
485 1289 492 1313 ;
508 1280 656 1316 Gregorius
678 1279 818 1316 Nyssenus
845 1280 884 1316 in,
901 1280 1015 1311 Fatum;

221 1316 241 1343 Τ
244 1316 328 1343 atian.
339 1316 581 1350 edit.Wirceburg.
590 1323 617 1350 p.
629 1316 663 1342 80
674 1315 726 1341 εΤὺ
739 1315 918 1349 συγγενέσθαι
931 1316 1016 1350 μητρὶ

220 1351 364 1378 κάλλιστον
372 1352 498 1387 ὲπιτήδευ
503 1360 540 1387 μα
547 1350 685 1387 παρὰεοῖς
691 1350 805 1386 Περσῶν
811 1350 928 1387 Μάγοις.
938 1350 1016 1387 Deni-

220 1395 273 1422 que
283 1387 355 1414 inter
365 1385 486 1419 Latinos,
498 1385 609 1414 sanctus
620 1385 802 1421 Hieronymus
812 1386 878 1413 Adv.
894 1386 1016 1413 Jouim‘a-

220 1421 284 1450 rium
295 1423 313 1449 ι.
322 1431 358 1449 xi:
371 1423 485 1455 «Persae,
498 1422 579 1454 Medi,
592 1422 661 1454 Indi,
669 1426 697 1449 et
705 1421 859 1457 1Ethiopcs,
867 1429 950 1457 regna
960 1429 1015 1448 non

220 1458 377 1490 mediocria,
389 1463 417 1485 et
430 1458 553 1485 Romano
569 1465 653 1493 regno
665 1458 751 1493 paria,
767 1465 829 1484 cum
843 1457 977 1484 matribus
990 1461 1018 1484 et
1038 1468 1042 1472 λ

221 1494 307 1529 magis
324 1501 386 1521 cum
413 1494 521 1521 ﬁliabus
550 1498 583 1529 et
599 1494 730 1528 neptibus
753 1493 916 1529 copulantur
933 1501 940 1524 ;
961 1503 970 1518 ι
990 1498 1018 1529 et

221 1528 352 1557 Minutius
369 1529 445 1557 Felix
466 1530 498 1557 51
513 1538 520 1556 :
545 1539 554 1555 (
571 1528 620 1556 lus
644 1533 687 1556 est
709 1528 781 1563 apud
794 1528 892 1556 Persas
907 1528 1017 1556 misceri

222 1572 285 1593 eam
301 1565 444 1593 matribus.
463 1575 473 1590 ι

257 1600 315 1628 Col.
331 1601 403 1628 40~A
414 1601 440 1628 5.
456 1598 702 1634 Ἀνθρωποϐορεῖν
720 1599 849 1632 Σκύθας.
860 1599 921 1626 Non
936 1599 1018 1627 dubi-

223 1641 282 1664 tare
306 1636 370 1664 licet
400 1637 467 1671 quin
492 1634 728 1670 anthropophagia
749 1635 833 1662 fuerit
856 1635 1019 1663 universalis

223 1673 402 1705 consuetudo,
420 1676 566 1706 antequam
580 1672 731 1698 humanum
749 1678 835 1706 genus
854 1671 1019 1706 agricultura

222 1708 273 1735 sibi
289 1713 398 1743 pareret
414 1708 552 1739 alimenta,
578 1707 612 1743 ad
636 1706 843 1743 sustentandam
855 1708 950 1743 “vitam
968 1714 1019 1733 ne-

222 1741 351 1770 cessaria.
377 1744 561 1775 Quamobrem
587 1741 766 1776 imperiorum
792 1742 951 1769 conditores
971 1750 1017 1769 re-

224 1778 332 1814 ligionis
346 1783 373 1806 et
387 1779 484 1806 ethicze
495 1778 639 1814 praeceptis
656 1777 1017 1814 agriculturamjunxerunt.

223 1813 395 1849 Agricultura
411 1814 527 1845 sublata,
547 1813 612 1847 quid
639 1817 797 1849 superesset
819 1813 1019 1849 legislatoribus

224 1848 258 1876 ad
271 1849 451 1884 imponendos
464 1850 537 1884 leges
552 1855 654 1882 easque
664 1848 844 1875 sanciendas?
858 1849 931 1875 Nihil
946 1848 1019 1876 aliud

224 1857 258 1876 au
271 1857 451 1911 imponendos
465 1857 537 1884 teges
552 1857 642 1882 easqm

223 1885 290 1912 dicit
330 1885 433 1912 oratius
446 1885 488 1912 his
501 1883 625 1911 versibus
638 1892 642 1909 :

259 1920 398 1947 Silvestres
416 1920 534 1947 homines
548 1927 624 1946 sacer
640 1919 820 1954 interpresque
835 1920 954 1952 deorum,

259 1955 381 1983 Cautibus
394 1960 419 1983 et
434 1956 508 1984 victu
524 1955 597 1982 [mdo
612 1955 737 1981 deterruit
747 1954 874 1989 Orpheus.

259 1991 313 2018 Sed
330 1999 364 2018 ex
377 1999 432 2026 quo
445 1990 562 2019 condit-.e
580 1990 691 2017 fuerunt
704 1990 796 2022 nrbes,
816 1991 861 2017 hic
888 1989 1020 2026 barbarus

224 2035 283 2054 mos
299 2027 371 2063 viget
384 2025 556 2054 solummodo
573 2025 651 2063 apud
665 2030 761 2063 gentes
785 2026 875 2063 omnis
899 2025 1019 2052 scicntia:

225 2061 393 2097 culturaiquc
410 2066 548 2097 expertes.
579 2061 688 2096 Scythae
702 2061 749 2096 qui
772 2061 857 2089 vitam
880 2066 1020 2097 errantem

225 2098 316 2133 potius
339 2096 492 2133 (legerunt,
529 2096 633 2133 diutius
674 2097 725 2124 hos
761 2105 851 2124 mores
886 2096 1020 2124 nefandos

224 2132 306 2168 quam
333 2132 425 2161 cmieri
455 2132 549 2168 populi
584 2137 781 2165 servaverunt,
809 2132 1019 2160 necessitatibus

224 2167 288 2197 vita:
302 2170 398 2197 coacti.
420 2167 585 2196 Satis'multi
600 2167 749 2202 scriptorcs
764 2172 900 2196 testantur
913 2169 966 2196 hoc
982 2169 1019 2196 ita

227 2210 257 2232 ut
278 2205 305 2232 in
330 2205 481 2233 Eusebium
503 2203 578 2231 nulla
598 2203 701 2231 incidat
725 2203 910 2231 calumniandi
929 2205 1019 2240 suspi-

225 2241 267 2268 cio
284 2245 331 2267 aut
345 2240 481 2268 voluntas.

260 2275 391 2303 Herodoti
417 2274 587 2310 temporibus
613 2281 677 2309 pars
697 2273 868 2310 Scytharum
895 2275 1019 2310 qua-dam

225 2315 285 2339 erat
299 2309 534 2346 anthropophaga.
541 2319 550 2335 ι
557 2310 596 2337 Ab
605 2309 732 2337 undecim
742 2314 817 2338 trans
827 2309 1020 2346 Panticapeam

225 2347 380 2379 itineribus,
391 2348 438 2379 ait,
447 2346 644 2381 Borysthenem
655 2353 745 2378 secus,
756 2351 831 2373 vasta
838 2347 1020 2381 patetinculta

227 2382 319 2417 regio;
340 2387 368 2410 et
382 2386 457 2410 trans
472 2382 612 2417 desertum
638 2380 728 2408 locum
749 2380 892 2409 versantur
905 2383 1021 2410 anthro-

225 2415 353 2454 po‘phagi.
374 2428 383 2443 ι
404 2417 558 2454 Herodotus
580 2415 647 2443 istos
661 2417 780 2454 secernit
794 2417 905 2454 quidem
925 2426 939 2444 a
953 2418 1020 2454 Scy-

227 2451 297 2486 this,
312 2451 359 2482 sed
376 2453 513 2488 quomodo
531 2452 609 2478 ﬁeret
623 2456 654 2488 ut
665 2451 693 2479 in
708 2451 926 2488 media’Scythia
951 2451 1022 2488 qua:-

226 2490 289 2516 dam
313 2486 459 2516 exsisteret
485 2495 552 2524 gens
577 2486 728 2524 amScythis
752 2486 879 2516 distincta
898 2495 925 2517 et
941 2486 1021 2524 sepa-

228 2525 306 2552 rata?
323 2524 401 2561 (Vide
410 2522 579 2561 Herodotum
598 2522 649 2561 lib_._
661 2531 697 2554 Iv.
711 2531 771 2561 cap,
789 2525 844 2561 18.)
860 2525 957 2552 Strabo
972 2522 1018 2552 lib.

227 2569 276 2593 vn,
289 2569 316 2596 p.
327 2558 395 2597 ⁷294,
412 2560 480 2597 dixit
498 2569 503 2586 :
520 2558 731 2597 «hlareNigt-um
746 2558 1021 2597 abinitiotcognomi—

229 2593 324 2623 uatum
353 2596 405 2623 fuit
436 2595 530 2629 ἄξενος
562 2593 734 2629 (inhospita)
771 2596 806 2623 ob
832 2593 1022 2624 indesinentes

230 2636 408 2666 tempestates
440 2636 469 2658 et
490 2631 526 2658 ob
549 2629 679 2667 ferociam
698 2631 819 2666 gentium
846 2640 907 2667 qua:
931 2632 1021 2660 littora

230 2664 363 2703 incolunt,
384 2667 537 2702 prtesertim
557 2664 720 2700 Scytharum
734 2667 780 2701 qui
795 2664 963 2703 alienigenos
975 2669 1022 2695 im-

230 2702 433 2735 tnolant,carne
443 2703 562 2729 humana
576 2705 725 2728 vescuntur
733 2707 760 2729 et
775 2703 916 2730 hominum
931 2704 1021 2731 calva-

231 2737 279 2764 rlis
300 2739 459 2772 poculorum
476 2738 563 2764 instar
584 2740 724 2764 utuntum
749 2739 885 2766 Lucianus
901 2740 934 2766 ad
950 2740 1023 2766 hunc

231 2773 376 2810 barbarum
385 2774 548 2810 Scytharum
558 2779 668 2810 morem;
678 2774 801 2801 alludcns
814 2774 841 2801 in
856 2775 968 2810 Dialogo
977 2775 1024 2801 Ju-

232 2810 307 2836 nonis
336 2807 496 2845 Latonrrqtte
521 2808 595 2835 illam
623 2807 730 2837 inducit
761 2810 820 2837 lucc
851 2807 988 2837 dicentem
1015 2819 1021 2837 :

234 2857 242 2871 ι
260 2845 339 2879 Quod
364 2849 425 2872 tuos
447 2845 547 2872 liberos
571 2849 686 2879 spectat,
708 2853 789 2872 nemo
804 2846 892 2873 nescit
910 2851 982 2873 tuam
996 2846 1024 2873 ti-

232 2881 293 2908 liam
306 2881 333 2908 in
347 2879 456 2918 Scythia
466 2879 688 2918 peregrinantem
700 2881 831 2918 didicisse
838 2881 970 2918 aScythis
977 2882 1023 2918 qui

230 2921 295 2944 sunt
309 2915 517 2950 antropophagi,
536 2916 610 2943 vesci
621 2916 763 2944 trucidatis
781 2915 966 2952 alienigenis:

726 155 759 183 D.
779 153 944 183 SEGUIERI
960 153 985 181 A
1004 153 1034 181 S.
1056 153 1229 183 BRISSONE
1247 153 1365 184 ΝΟΤίΕ.

1794 157 1866 186 “60

1099 212 1179 246 Quod
1194 213 1317 242 referens
1329 235 1337 247 ,
1356 217 1387 241 ut
1403 213 1531 241 omnibus
1549 217 1656 245 notum.
1676 213 1781 242 Plinius
1798 215 1865 244 dicit

1065 248 1145 283 (Hist.
1162 254 1231 281 nat.,
1246 249 1292 285 liv.
1314 258 1352 281 vr.
1368 257 1428 284 cap.
1441 250 1486 284 9.0)
1504 259 1510 276 :
1525 259 1534 275 ‹
1547 249 1737 277 Iubabitabilis
1745 249 1865 285 Scythia:

1063 285 1152 325 prima
1165 292 1229 325 pars
1241 292 1257 312 a
1271 284 1399 325 Scythico
1409 285 1597 325 promontorio
1605 285 1640 312 ob
1654 284 1864 325 ni_ves_:hp'roxi-

1063 328 1114 357 tua
1122 320 1235 357 inculta,
1250 320 1353 357 saevitia
1364 321 1485 356 gentium
1503 330 1508 347 :
1524 320 1741 357 anthropophagi
1756 321 1866 357 Scytha:

1063 355 1194 391 insident,
1213 356 1341 383 humanis
1356 355 1517 391 corporibus
1528 360 1682 383 vescentes.
1704 366 1713 381 ι

1101 390 1176 418 Idem
1190 391 1275 418 refert
1288 391 1335 418 lib.
1358 390 1411 423 vn,
1420 399 1481 426 cap.
1497 392 1530 419 ει
1549 392 1617 418 Esse
1642 392 1805 426 Scytharum
1817 400 1866 427 ge-

1064 433 1130 453 nera
1143 427 1294 461 etquidem
1319 427 1397 461 plura
1413 435 1474 461 qua:
1496 427 1659 461 corporibus
1678 427 1807 455 humanis
1821 435 1868 455 ve-

1065 467 1210 489 scerentur
1221 462 1402 490 indicavimus
1414 463 1472 497 (lib.
1486 471 1523 495 IV,
1536 463 1581 494 26,
1591 467 1617 489 et
1637 463 1683 490 lib.
1697 471 1735 493 v1.
1751 463 1810 497 ΞΟ).

1101 496 1220 530 Solinus,
1239 498 1322 531 hujus
1335 496 1477 532 scriptoris
1492 498 1674 530 abbreviator,
1690 496 1791 526 eadem
1800 506 1867 525 nar-

1065 537 1123 564 rat,
1142 537 1170 560 et
1185 533 1353 568 Pomponius
1370 534 1453 565 Mela,
1466 533 1505 560 De
1514 535 1567 560 situ
1583 534 1662 566 orbis,
1677 534 1724 561 lib.
1751 542 1780 565 ιι,
1795 542 1821 561 c.
1840 535 1865 566 I,

1065 573 1143 596 notat
1156 568 1462 604 peculiareScytharum
1477 577 1564 604 genus
1578 570 1652 603 quod
1663 569 1730 597 dicit
1745 570 1863 597 anthro-

1065 603 1231 641 popha’gum.
1245 603 1289 641 his
1304 603 1410 632 verbis:
1433 615 1441 631 ι
1451 603 1531 639 Apud
1544 605 1786 641 anthropophagos
1801 605 1868 640 ipsa:

1065 639 1148 666 etiam
1162 639 1250 674 epulae
1264 639 1417 668 visceribus
1427 640 1556 667 humanis
1571 639 1751 675 apparanturI
1764 649 1773 665 ι

1102 675 1133 702 In
1150 675 1269 702 silvestri
1290 676 1446 711 agrestique
1461 676 1613 711 priscorum
1628 676 1769 703 hominum
1780 675 1867 708 cultu,

1065 710 1168 737 bellum
1186 716 1246 738 erat
1259 711 1382 745 qumdam
1394 710 1505 739 venatio
1520 716 1549 739 ut
1565 712 1692 739 homines
1710 711 1870 739 hominibus

1066 751 1255 774 vescerentur.
1275 746 1344 774 Cum
1369 747 1466 782 incipit
1495 748 1632 774 humanus
1644 747 1788 782 civilisque
1808 747 1870 774 cul-

1067 786 1127 812 tus.
1145 783 1379 818 anthropophagia
1409 791 1442 810 ex
1472 783 1544 810 bello
1572 783 1709 817 sequitur,
1740 783 1789 810 sed
1813 791 1870 810 non

1065 818 1183 852 amplius
1207 824 1250 845 est
1277 818 1340 845 belli
1360 826 1463 851 causa;
1486 823 1515 845 et
1546 818 1593 845 diu
1618 818 1782 854 Scytharum
1803 826 1871 853 gens

1067 853 1186 880 servavit
1207 861 1312 880 morem
1325 854 1452 881 vescendi
1461 862 1543 881 carne
1555 854 1725 881 devictorum
1738 854 1869 885 hostium,

1066 896 1121 915 non
1136 889 1215 916 aliter
1228 897 1260 916 ac
1274 894 1396 925 agrestes
1415 890 1550 921 homines.
1573 889 1619 924 qui
1637 894 1712 917 trans
1730 888 1871 925 Oceanum

1067 932 1156 959 nuper
1187 929 1251 951 sunt
1281 925 1401 960 reperti;
1438 932 1502 952 nam
1529 924 1654 952 calvariis
1671 945 1677 956 ,
1706 924 1870 960 poculorum

1067 960 1162 990 instar,
1176 965 1204 987 et
1212 960 1329 994 pellibus
1341 968 1391 995 pro
1400 960 1490 988 linteis
1503 961 1658 988 utebantur.
1672 960 1837 990 Herodotus.
1851 960 1869 986 I.

1068 1004 1103 1032 iv,
1113 1003 1138 1032 c.
1149 995 1192 1027 64,
1203 996 1282 1032 dicit:
1303 1006 1312 1021 ι
1327 995 1435 1031 Scythis
1449 1004 1511 1023 cum
1526 996 1629 1023 bellum
1649 1000 1764 1032 gerunt,
1789 995 1871 1032 primi

1068 1031 1154 1057 hostis
1176 1031 1266 1067 necati
1283 1032 1444 1067 sanguinem
1466 1032 1561 1059 bibere
1584 1031 1708 1059 mos’est
1723 1035 1751 1058 et
1770 1031 1871 1058 olferre

1068 1066 1123 1100 regi
1139 1066 1228 1101 capita
1253 1070 1395 1099 truncata;
1409 1075 1464 1101 quo
1483 1067 1571 1098 facto.
1594 1067 1686 1094 statim
1715 1067 1871 1093 mercedem

1068 1102 1180 1129 habent.
1204 1102 1254 1129 Hic
1274 1106 1317 1129 est
1329 1103 1601 1138 excoriandi‘modus
1617 1111 1623 1129 :
1639 1102 1758 1137 primum
1770 1102 1872 1138 pellem

1067 1137 1139 1179 circa
1159 1145 1238 1164 aures
1249 1142 1351 1170 secant,
1379 1136 1502 1169 deinde:
1513 1143 1623 1179 arrepto
1639 1136 1735 1172 ’capite
1748 1158 1755 1170 ,
1772 1136 1872 1164 ’hostis

1068 1177 1222 1204 truncatur,
1237 1177 1295 1200 tum
1309 1178 1419 1200 utentes
1433 1178 1509 1201 costa
1522 1174 1599 1201 bovis
1617 1180 1728 1200 carnem
1755 1177 1869 1203 exuunt,

1068 1209 1167 1243 pellem
1200 1208 1502 1240 manibusmolliunt,
1545 1217 1628 1242 quam
1660 1209 1700 1236 sic
1738 1208 1872 1235 mollitam
1898 1207 1903 1210 ⁷

1068 1244 1231 1276 extendunt,
1243 1248 1273 1271 ut
1288 1244 1333 1270 illa
1347 1249 1461 1271 utantur
1469 1245 1589 1271 mantilis
1601 1244 1695 1272 instar.
1706 1243 1784 1271 Tunc
1797 1243 1872 1270 illam

1068 1279 1241 1314 suspendunt
1255 1279 1288 1306 ad
1300 1284 1382 1314 caput
1394 1279 1467 1314 equi,
1495 1285 1522 1307 et
1536 1280 1633 1315 majori
1651 1279 1817 1315 honoririllis
1829 1282 1873 1306 est

1068 1315 1090 1341 si
1114 1315 1205 1350 plures
1219 1315 1338 1342 habeant
1351 1315 1391 1342 sic
1402 1314 1585 1350 prmparatas.’
1597 1316 1667 1342 Sunt
1679 1315 1725 1349 qui
1742 1314 1775 1341 iis
1786 1319 1872 1341 utun—

1070 1354 1113 1386 tur
1139 1354 1267 1384 tanquam
1280 1351 1371 1385 pallio,
1385 1349 1413 1377 et
1435 1356 1552 1378 assuunt
1577 1355 1607 1378 ιιι
1624 1351 1709 1386 pelles
1732 1349 1871 1386 caprinos.

1069 1385 1198 1412 Nonnulli
1213 1390 1357 1426 amputant
1376 1386 1449 1414 hosti
1462 1386 1596 1419 dextram,
1613 1385 1693 1422 cujus
1706 1386 1778 1422 pelle
1800 1385 1873 1420 pha-

1070 1425 1170 1448 retram
1184 1425 1321 1456 operiunt.

1109 1466 1117 1482 ι
1138 1455 1379 1484 Infestissimorum
1394 1462 1485 1485 autem
1499 1457 1619 1484 hostium
1634 1456 1734 1492 capita,
1744 1463 1820 1484 serra
1827 1455 1875 1492 de-

1071 1496 1166 1519 secant
1181 1492 1252 1519 infra
1269 1493 1459 1527 supercilium,
1480 1493 1578 1520 deinde
1592 1499 1711 1528 purgant
1731 1500 1811 1528 aqua.
1842 1491 1873 1528 Si

1072 1529 1113 1555 vir
1136 1536 1242 1563 pauper
1265 1529 1301 1555 sit
1316 1534 1344 1556 et
1355 1528 1452 1563 inops,
1470 1536 1553 1564 super
1569 1527 1696 1564 imposita
1708 1528 1779 1564 pelle
1793 1527 1874 1554 hovis

1071 1564 1166 1595 cruda,
1181 1564 1222 1590 sic
1234 1569 1341 1596 servat;
1359 1564 1382 1591 si
1393 1565 1479 1597 dives,
1493 1563 1598 1597 eadem,
1609 1563 1682 1599 pelle
1695 1563 1773 1591 bovis
1788 1570 1875 1598 super

1071 1599 1208 1635 imposita,
1223 1600 1270 1626 sed
1283 1600 1358 1627 intus
1372 1605 1477 1632 aurata,
1491 1600 1577 1627 instar
1588 1600 1678 1634 poculi
1694 1599 1789 1627 utitur.
1807 1609 1816 1624 ι

1107 1635 1213 1662 Plinius
1226 1635 1275 1662 lib.
1293 1644 1343 1667 vn,
1360 1643 1421 1670 cap.
1432 1636 1467 1663 Ξῖ
1485 1645 1494 1661 ‹
1509 1636 1619 1662 Priorcs
1630 1634 1874 1670 anthropophagos

1072 1679 1141 1705 quos
1157 1670 1191 1698 ad
1209 1671 1427 1705 septentrionem
1440 1679 1501 1698 esse
1514 1671 1633 1700 diximus
1652 1672 1748 1698 decem
1764 1671 1873 1697 dierum

1073 1708 1181 1738 itinere,
1193 1714 1275 1741 supra
1283 1707 1481 1742 Borysthenem
1493 1714 1613 1738 amnem,
1624 1707 1733 1734 ossibus
1740 1706 1876 1733 humano-

1074 1750 1133 1769 rum
1143 1742 1263 1776 capitum
1271 1743 1366 1769 bibere
1375 1742 1539 1777 cutibusque
1547 1750 1609 1769 cum
1625 1742 1723 1777 capillo
1739 1749 1788 1776 pro
1798 1748 1876 1768 man-

1074 1779 1172 1805 telibus
1187 1782 1250 1804 ante
1267 1782 1378 1813 pectora
1388 1778 1436 1810 uti,
1449 1776 1573 1813 Isigonus
1583 1776 1711 1805 Nica‘nus
1724 1776 1871 1813 prodidit.»

1108 1814 1156 1841 Sat
1175 1817 1218 1840 est
1232 1817 1272 1840 tot
1285 1818 1313 1840 et
1328 1817 1467 1840 tantorum
1484 1813 1714 1840 testimoniorum.

1108 1849 1166 1877 Col.
1184 1849 1218 1876 10
1230 1848 1252 1875 Α
1266 1849 1293 1876 9.
1305 1849 1380 1881 Τοὺς
1393 1849 1495 1879 πάλαι,
1511 1857 1537 1875 κ.
1554 1857 1579 1875 τ.
1597 1849 1623 1875 λ.
1647 1849 1734 1875 Locus
1755 1847 1803 1875 ubi
1816 1847 1876 1874 Eu-

1073 1886 1166 1913 sebius
1179 1884 1299 1919 loquitur
1314 1885 1348 1912 dc
1357 1892 1434 1911 more
1449 1884 1566 1912 barbaro
1588 1885 1737 1911 multorum
1757 1883 1875 1918 populo-

1073 1929 1133 1948 rum
1146 1920 1299 1947 trucidandi
1314 1927 1405 1951 senes,
1425 1927 1507 1955 quem
1530 1924 1683 1955 sequuntur
1705 1919 1749 1946 alii
1765 1919 1799 1946 ad
1822 1926 1875 1955 an-

1074 1955 1300 1991 thropophagiam
1313 1954 1465 1987 colendam,
1480 1955 1524 1982 alii
1538 1954 1875 1991 ad’permittendumrreli-

1072 1990 1150 2027 quias
1169 1991 1266 2018 avibus
1280 1995 1308 2018 et
1325 1991 1400 2022 feris,
1424 1991 1566 2027 mittentes
1588 1998 1700 2018 omnem
1724 1990 1877 2027 sepultura:

1072 2025 1178 2059 curam,
1203 2026 1268 2053 dum
1289 2026 1415 2054 nonnulli
1437 2026 1574 2061 scpeliunt
1596 2034 1650 2053 una
1672 2033 1733 2053 cum
1758 2025 1877 2061 mortuis

1072 2062 1211 2090 nobilibus
1232 2062 1358 2089 homines
1380 2060 1488 2090 vivosa
1501 2069 1531 2089 se
1554 2062 1679 2093 dilectos,
1696 2060 1814 2088 sumitur
1840 2060 1877 2087 ad

1073 2099 1188 2126 verbum
1205 2105 1236 2125 ex
1253 2102 1371 2133 tractatu
1387 2097 1530 2133 Porphyrii
1545 2097 1584 2125 De
1598 2096 1758 2124 abstinentia
1774 2096 1876 2129 carnis,

1072 2143 1100 2170 p.
1114 2134 1177 2166 375,
1187 2132 1352 2170 redLIihoer,
1366 2133 1384 2160 l.
1394 2132 1472 2170 tv,;c.
1485 2133 1529 2160 21.

1108 2169 1166 2197 Col.
1179 2169 1214 2196 40
1227 2168 1247 2194 Β
1263 2169 1288 2196 1.
1310 2168 1515 2203 Ἱστοροῦνται
1533 2168 1730 2203 Μασσαγέται
1743 2167 1793 2195 καὶ
1804 2167 1879 2201 Δέρ-

1073 2207 1164 2238 ϐικες.
1172 2204 1290 2232 Sanctus
1297 2205 1480 2240 Hieronymus
1491 2211 1524 2231 ex
1532 2204 1629 2232 iisdem
1636 2205 1757 2232 fontibus
1766 2203 1858 2240 hausit
1868 2212 1877 2236 ;

1073 2249 1138 2268 nam
1162 2240 1234 2267 idem
1250 2240 1316 2268 dicit
1341 2239 1438 2268 iisdem
1464 2240 1522 2267 fere
1542 2240 1645 2273 verbis,
1672 2240 1738 2266 Adv.
1754 2239 1880 2267 lavinia—

1072 2285 1146 2309 num,
1164 2276 1234 2303 libro
1248 2276 1378 2304 secundo.
1406 2285 1417 2302 ι
1444 2275 1602 2311 Massagetas
1623 2280 1651 2303 et
1672 2275 1803 2303 Derbices
1823 2274 1880 2301 mi—

1073 2312 1203 2340 serrimos
1217 2316 1315 2346 putant
1329 2311 1376 2347 qui
1391 2311 1568 2347 aegrotatione
1583 2311 1755 2344 moriuntur,
1779 2315 1808 2339 et
1826 2317 1880 2345 pa-

1073 2352 1176 2379 rentes,
1192 2351 1331 2382 cognatos,
1347 2348 1525 2382 propinquos,
1537 2354 1600 2374 cum
1612 2347 1647 2374 ad
1661 2351 1801 2374 senectam
1810 2353 1880 2382 per-

1073 2383 1211 2415 venerint,
1223 2383 1361 2418 jugulatos
1377 2383 1528 2415 devorant;
1542 2382 1645 2409 rectius
1660 2390 1723 2409 esse
1744 2383 1881 2418 ducentes

1074 2423 1105 2446 ut
1119 2427 1134 2446 a
1146 2426 1175 2446 se
1187 2417 1278 2453 potius
1291 2426 1372 2453 quam
1386 2426 1402 2445 a
1422 2418 1563 2445 vermibus
1590 2418 1780 2445 comedantur.
1799 2417 1881 2444 Tiba-

1073 2455 1134 2481 reni
1147 2462 1215 2489 quos
1229 2454 1384 2481 dilexerunt
1400 2461 1481 2481 senes
1507 2453 1679 2488 suspendunt
1692 2453 1720 2479 in
1735 2453 1879 2488 patibulis.

1074 2488 1186 2518 Ilircani
1200 2490 1357 2517 volucribus
1368 2494 1395 2517 et
1407 2489 1522 2516 canibus
1534 2489 1679 2516 semivivos
1693 2488 1878 2523 projiciunt...

1074 2525 1163 2553 Bactri
1173 2525 1287 2553 canibus
1298 2525 1332 2552 ad
1342 2526 1395 2552 hoc
1406 2524 1495 2559 ipsum
1507 2524 1619 2552 nutritis
1628 2524 1762 2558 objiciunt
1776 2531 1859 2551 senes
1871 2532 1880 2556 ;

1074 2561 1147 2596 quod
1162 2569 1223 2587 cum
1244 2561 1389 2587 Alexandri
1405 2561 1550 2594 praetectus
1563 2560 1715 2596 (Nicanor)
1729 2560 1882 2596 emendare

1075 2595 1215 2628 voluisset,
1234 2596 1405 2630 petieamisit
1430 2596 1608 2630 provinciam.
1630 2605 1639 2620 ι
1659 2595 1739 2630 Apud
1762 2595 1881 2622 Strabo-

1075 2640 1150 2664 nem,
1180 2633 1327 2659 Diodorum
1356 2632 1488 2663 Siculum,
1508 2631 1656 2663 Stasanor;
1679 2631 1753 2666 quod
1779 2630 1882 2666 legitur

1076 2668 1157 2695 etiam
1169 2669 1240 2702 apud
1250 2667 1439 2701 Porphyrium,
1453 2667 1470 2692 Ι.
1481 2675 1511 2699 v;
1523 2667 1700 2699 Thcodoret.,
1710 2671 1738 2694 et
1751 2673 1882 2694 sermone

1077 2712 1113 2733 IX.
1131 2711 1191 2738 pag.
1211 2704 1270 2735 12!),
1286 2703 1494 2736 T/tcraprulirrs,
1512 2702 1576 2729 odit.
1588 2703 1713 2737 Sylburg.
1728 2702 1882 2738 Μασσᾳγέ-

1075 2747 1120 2765 ται
1133 2737 1196 2769 tot);
1208 2739 1398 2774 γεγηραχρτας
1413 2737 1488 2774 θύειν
1502 2740 1549 2765 καὶ
1559 2738 1701 2774 θοβνᾶσθᾳι
1720 2737 1880 2774 mulcatis-

1076 2783 1115 2800 vot
1129 2774 1222 2809 νόμον,
1234 2773 1411 2806 ὲὸδὲλύξαντο
1426 2773 1476 2809 τὴν
1495 2773 1620 2809 μυσαρὰν
1636 2773 1742 2809 ταύτην
1758 2773 1879 2809 γέδωδήν.

1077 2794 1227 2846 Τιγϐαρτινοὶ
1236 2810 1301 2846 frob;
1313 2794 1471 2846 πξιξσϐύταξ
1481 2794 1554 2846 {ira
1569 2794 1623 2846 ζερη
1629 2806 1703 2846 μριῶν
1719 2794 1881 2846 ᾖαθυςςάτῶὗ

1077 2843 1211 2877 εἱθικόέες
1227 2845 1307 2871 ὠθεῖν
1320 2865 1327 2876 ,
1339 2844 1385 2871 τὸν
1403 2843 1595 2879 παμπόνηρον’
1609 2843 1705 2871 ἑὸῦῗον
1720 2843 1882 2871 κατέλυσαν

1077 2880 1159 2915 νόμον
1169 2888 1176 2896 ·
1192 2881 1242 2907 οὐκ
1258 2880 1300 2907 ἔτι
1316 2880 1337 2907 δ’
1348 2879 1411 2906 οὕτε
1440 2880 1571 2915 Ὑρκανοὶ
1585 2879 1648 2906 οὕτε
1677 2880 1799 2906 Κάσπιοι
1816 2879 1882 2910 τοὺς

1077 2916 1162 2948 κύνας
1174 2918 1230 2948 τοῖς
1242 2916 1298 2944 τῶν
1309 2915 1467 2943 τεθνεώτων
1476 2914 1647 2951 Ἑκτρέφουσι
1669 2915 1779 2951 σώμασι
1792 2923 1798 2930 ·
1816 2914 1881 2941 οὔτε
