4132 6404
440 350 579 405 146ῖ

440 466 539 523 His
570 466 841 523 distinctis
865 464 1166 537 principiis,
1190 466 1805 537 lnﬂnitiproprietatem
1835 479 2038 520 concec

438 539 519 594 dit
542 528 932 609 philosophus;
966 528 1175 609 deinde
1187 538 1336 609 quod
1384 528 1655 609 iuvet-tiret
1684 537 2041 609 inuitationem

438 607 738 664 ferularum
752 622 874 663 esse
888 621 1109 661 causam
1121 607 1445 663 ellicientem
1459 608 1607 662 orbis
1619 607 1880 673 universi,
1900 623 2045 677 quae-

438 679 566 735 sivit
589 695 657 734 an
681 688 892 734 unaaut
917 677 1196 746 multiplex
1226 680 1489 733 essetista
1503 694 1684 742 causa,
1722 699 1738 729 ι
1765 694 1910 743 nam,
1945 679 2040 743 ait,

439 752 777 806 subslratum
824 764 931 803 non
963 764 992 820 a
1024 750 1241 820 seipse
1281 759 1541 804 mutatur.
1597 748 1853 816 Quaerere
1908 749 2042 805 illud

438 821 789 892 principium,
831 818 1025 889 inquit,
1056 818 1375 875 idemesset
1390 836 1453 880 ac
1482 835 1729 889 quzerere
1757 820 2042 892 motrieem

440 891 683 948 inusam.
724 911 742 941 ι
790 891 1084 960 Postquam
1150 892 1350 946 deinde
1403 892 1854 961 philosophorum
1905 891 2041 947 alios

439 964 678 1033 multum
707 973 763 1017 et
802 962 1076 1015 incassum
1109 963 1165 1016 in
1197 962 1299 1017 hac
1349 962 1766 1033 investigatione
1790 961 2036 1027 sudasse,

439 1032 599 1091 alios.
649 1033 787 1087 nihil
816 1033 949 1086 certi
984 1041 1195 1091 nactos.
1228 1033 1394 1088 dubio
1424 1032 1740 1087 ﬂuetuasse.
1766 1033 2037 1101 exposuit,

441 1102 1046 1173 subjicitAristoteles:
1105 1123 1124 1155 ε
1156 1104 1370 1158 Nullam
1425 1120 1646 1159 causam
1680 1102 2039 1157 sullicientem

440 1184 623 1229 rerum
653 1175 983 1229 naturalium
1012 1174 1376 1237 invenientes,
1409 1175 1719 1230 necessario
1748 1174 2038 1243 amplexati

441 1256 570 1301 sunt
590 1246 883 1317 quamdam
918 1260 1139 1317 causam
1170 1246 1501 1301 elice-tricem
1534 1245 1895 1315 superiorem.
1925 1244 2041 1298 Nec

442 1326 588 1371 terra
639 1317 806 1378 enim,
859 1330 963 1369 nec
1008 1316 1305 1387 quidquam
1355 1317 1430 1371 illi
1481 1317 1677 1379 simile,
1716 1331 1878 1370 causa
1918 1330 2040 1369 esse

440 1387 769 1458 potestrceti
792 1396 849 1442 et
867 1386 994 1440 boni
1012 1386 1035 1450 ;“
1059 1388 1155 1442 sed
1181 1404 1292 1443 non
1337 1388 1509 1456 magis
1533 1387 1932 1442 admittendum
1954 1396 2041 1441 est

440 1457 718 1514 fortunam
747 1468 802 1513 et
822 1458 1112 1526 quamdam
1126 1457 1298 1514 aleam
1337 1475 1460 1514 esse
1476 1474 1695 1513 causam
1725 1472 1930 1511 rerum.

518 1549 537 1581 ι
560 1530 704 1600 Ergo
729 1529 1089 1599 philosophus
1106 1531 1198 1600 qui
1218 1530 1428 1600 primus
1458 1529 1595 1584 dixit
1617 1530 1797 1583 inesse
1824 1536 2039 1582 naturze

442 1600 586 1656 sicut
642 1599 980 1654 animalibus
1016 1599 1311 1670 quamdam
1349 1600 1769 1670 intelligentiam
1796 1641 1810 1661 ,
1856 1599 2039 1652 omnis

441 1671 759 1726 exsistentis
796 1670 1007 1724 ordinis
1040 1669 1309 1735 causam,
1374 1672 1465 1725 hic
1505 1669 1726 1726 habitus
1782 1669 1886 1725 fuit
1924 1684 2040 1739 prie

443 1744 659 1821 cgetcris
696 1741 817 1796 aliis
843 1742 935 1811 qui
966 1741 1118 1821 illum
1141 1752 1563 1821 prrecesscrant,
1585 1750 1844 1821 tanquam
1869 1742 2040 1821 homo

444 1812 576 1872 sana
615 1824 800 1869 mente
839 1821 1020 1867 utens.
1063 1812 1220 1868 Nunc
1276 1813 1323 1867 si
1362 1814 1521 1867 fam-.e
1581 1814 1846 1877 creditur,
1888 1812 2040 1866 Ana-

441 1898 671 1957 xagoras
706 1883 915 1957 primus
946 1884 1164 1957 invenit
1225 1884 1370 1938 illam
1402 1882 1756 1957 doctrinam;
1798 1893 2041 1937 attamen

443 1954 659 2012 exsistit
696 1954 874 2024 aliqua
928 1954 1199 2009 dubitatio
1268 1964 1325 2010 et
1394 1955 1541 2011 forte
1578 1955 1825 2024 quaedam
1875 1968 2041 2008 accu-

443 2027 631 2089 satio,
704 2026 942 2090 scilicet,
1012 2025 1415 2081 Hermotimum
1489 2024 1900 2080 Clazomenium
1971 2024 2025 2077 il.

442 2097 550 2151 lius
584 2096 847 2152 doctrinm
886 2096 1055 2151 fuisse
1094 2096 1459 2151 inventorem.
1493 2116 1512 2148 ι
1550 2096 1656 2151 Sed
1697 2097 1786 2151 illa
1826 2111 2042 2166 praepo-

444 2176 592 2223 stera
644 2166 954 2221 Aristotelis
1032 2168 1263 2222 assertio
1314 2168 1520 2222 nullam
1584 2177 1745 2222 nacta
1810 2178 1896 2223 est
1933 2166 2038 2221 l'or-

442 2249 634 2294 tunam
696 2238 840 2308 apud
893 2237 1149 2308 antiquos
1212 2247 1269 2293 et
1338 2239 1492 2309 parvi
1544 2239 1811 2293 momenti
1870 2237 2043 2292 habe-‘-

445 2319 555 2364 tur.
600 2309 751 2379 Ficta
789 2317 846 2363 et
884 2309 1257 2363 commentitia
1300 2318 1454 2364 tanto
1479 2309 1603 2379 plus
1635 2309 2038 2370 mihihabetur,

443 2381 589 2451 quod
608 2378 959 2451 Anaxagoras
976 2380 1222 2451 hausisse
1246 2378 1512 2451 principia
1530 2380 1887 2449 philosophite
1898 2380 2043 2451 apud

441 2449 836 2506 Anaximenem
856 2449 1121 2504 Milesium
1138 2449 1474 2505 dicitur.Cic.
1496 2451 1574 2504 De
1589 2464 1679 2505 na!
1692 2492 1704 2504 .
1720 2452 1887 2516 deor.,
1908 2450 1947 2513 l,
1968 2467 2005 2504 ιι
2027 2469 2040 2504 :

450 2543 470 2593 ε
492 2524 839 2593 Anaxagoras
855 2520 945 2593 qui
972 2521 1267 2593 accepitab
1296 2520 1629 2593 Anaximene
1642 2521 2002 2593 disciplinam.
2021 2539 2038 2572 ι

443 2591 727 2665 Strainli.
745 2591 1249 2665 xiv,p_.645.Eadem
1269 2591 1431 2665 tradit
1446 2593 1597 2665 Diog.
1615 2593 1818 2665 Laert.,
1833 2592 1888 2647 in
1908 2592 2043 2655 Vita,

442 2664 624 2719 initio.
658 2663 848 2730 Quoad
888 2663 1035 2717 hunc
1101 2662 1521 2727 Hermotimnm,
1554 2662 1664 2733 'qui
1713 2667 2046 2732 Anaxagorae

445 2751 477 2789 a
516 2734 850 2804 quibusdam
889 2734 1206 2803 opponitur,
1241 2735 1603 2805 praestigiator
1625 2735 1813 2788 haberi
1836 2735 2041 2789 debet:

444 2805 539 2875 qui
579 2805 797 2860 dicebat
819 2804 1062 2858 animam
1090 2819 1245 2859 suam
1272 2820 1303 2858 a
1333 2804 1564 2874 corpore
1590 2805 1741 2860 exire.
1761 2814 1822 2859 ut
1839 2805 2046 2875 passim

445 2884 667 2949 vagarct
687 2895 699 2931 :
718 2875 845 2949 inde
861 2876 1173 2949 facultatem
1188 2876 1591 2949 prrenuntiandi
1607 2887 1878 2949 astrorum
1894 2876 2047 2949 defe-

446 2947 568 3003 ctus
579 2947 834 3002 sumebat
850 2964 863 3010 ;
881 2947 1008 3000 inde
1032 2961 1249 3015 quoque
1264 2961 1415 3000 mors
1427 2947 1477 3001 ei
1496 2956 1785 3017 procurata
1805 2947 1927 3001 fuit.
1938 2947 2045 3002 Ista

445 3017 1182 3090 leguntur_i_nter_Historias
1203 3019 1590 3073 commentitias
1628 3018 1897 3089 Apollonii
1938 3018 2047 3090 Dy-

447 3087 603 3152 scbli,
643 3106 675 3143 a
713 3087 951 3144 Meursio
989 3088 1186 3151 editas,
1230 3103 1281 3142 c.
1324 3090 1375 3144 5.

516 3164 862 3228 Anaxagoras
943 3158 1236 3230 physicus,
1326 3159 1748 3223 Clazomenius,
1838 3158 2045 3215 Anaxi-

447 3231 626 3286 menis
656 3230 844 3285 Milesii
876 3230 981 3285 fuit
1025 3230 1341 3299 discipulus.
1427 3230 1685 3285 Attamen
1737 3231 2047 3287 Aristotelis

448 3310 925 3364 commentatores,
981 3300 1290 3355 Alexander
1323 3300 1531 3355 scilicet
1581 3300 2043 3371 Aphrodisiensis,

448 3374 593 3444 apud
607 3371 965 3444 Simplicium,
995 3372 1224 3444 lib.‘vm
1269 3371 1738 3444 Physicorum,‘p.
1772 3374 2047 3437 521,nec-

449 3441 563 3498 non
591 3441 928 3514 Philoponus
946 3441 1113 3512 ,quod
1141 3457 1172 3495 a
1195 3442 1459 3514 magistro
1485 3458 1584 3496 suo
1612 3441 1817 3499 dietum
1846 3444 2044 3509 fuerat,

450 3511 866 3571 revocaverunt.
945 3511 1608 3583 S’extusPyrrhonicus,
1666 3514 1798 3567 Adv.
1855 3514 2045 3567 Matth.

449 3585 487 3639 l.
522 3602 597 3647 ix,
632 3587 682 3650 7,
713 3600 769 3654 p.
802 3583 907 3638 549
928 3623 943 3647 ,
974 3584 1079 3654 hoc
1105 3582 1455 3654 etiamdixit,
1503 3585 1599 3638 sed
1628 3599 1691 3636 ex
1726 3585 2046 3641 Aristotele:

528 3676 546 3705 ι
558 3652 905 3726 Anaxagoras
916 3652 1048 3726 dicit
1058 3652 1239 3726 omnia
1250 3652 1379 3708 olim
1393 3654 1561 3726 fuisse
1574 3655 1755 3709 conl'us
1768 3670 1820 3722 a,
1835 3658 2050 3713 omnia-

449 3743 558 3796 que
587 3724 921 3796 ordinataiab
947 3724 1671 3796 intellectusuperveniente
1689 3742 1703 3787 ;
1723 3739 1817 3779 seu
1843 3727 2051 3783 Aristo-

450 3794 587 3851 teles
617 3796 780 3851 tradit
805 3794 1638 3860 HermotimumClazomenium,
1671 3796 2048 3853 Parmenidem

455 3869 665 3930 Eleum,
699 3875 754 3921 et
781 3866 952 3938 multo
982 3874 1109 3920 ante
1134 3865 1309 3936 ipsos,
1343 3865 1640 3921 Hesiodum
1670 3883 1886 3938 quoque
1910 3869 2052 3926 hanc

451 3939 769 4009 opinionem
797 3937 1060 4009 tenuisse.
1102 3954 1122 4009 ι

526 4009 631 4065 Iste
652 4008 928 4079 scepticus
950 4006 1605 4079 impudentermentitur,
1626 4008 1739 4079 qui,
1768 4018 1829 4065 ut
1857 4024 2051 4067 omnes

451 4080 731 4152 doctrinas
748 4078 1159 4152 epinioncsque
1172 4149 1184 4152 _
1199 4078 1446 4133 saniores
1476 4078 1724 4134 destruat
1742 4123 1755 4142 ,
1790 4084 2053 4152 supponit

448 4150 760 4223 Aristotelis
776 4150 1012 4223 __(lictiim
1042 4149 1498 4223 quodnunquam
1542 4152 1645 4223 iste
1693 4149 2053 4223 philosophus

450 4222 699 4291 protulit.
776 4220 1024 4275 Vidimus
1067 4220 1258 4291 abillo
1290 4221 1432 4274 hanc
1470 4220 1783 4291 Opinionem
1815 4220 2051 4279 attribu—

451 4290 562 4365 tam
616 4292 783 4365 fuisse
836 4291 1076 4365 primum
1128 4290 1466 4365 Hermotimo
1500 4290 1711 4365 j_adest
1789 4295 2048 4365 suspicio,

450 4364 637 4418 αἰτίαν
662 4363 708 4416 δ’
745 4361 880 4429 ἔχει.
925 4362 1003 4415 De
1041 4361 1365 4417 Parmenide
1396 4373 1451 4416 et
1498 4362 1737 4417 Hesiodo
1768 4365 1847 4419 sic
1883 4361 2047 4429 fatur,

450 4380 637 4418 αιτιαν
662 4380 705 4416 ον
745 4380 788 4414 ε’
812 4380 880 4415 ει.
925 4380 1003 4415 ue
1044 4380 1365 4417 rarmemue
1396 4380 1451 4416 et
1498 4380 1737 4417 uesnouo
1768 4380 1847 4419 suc
1883 4380 2047 4429 tatur,

450 4380 831 4516 Metupltys.,ﬁ.
861 4449 902 4495 ι,
930 4447 979 4487 c.
1064 4450 1075 4484 :
1107 4452 1126 4483 ι
1150 4432 1396 4515 Supponi
1422 4444 1606 4516 posset
1628 4433 2052 4516 Hesiodumnali-

449 4505 580 4575 quid
644 4503 821 4558 simile
858 4503 1159 4575 qumsiisse,
1192 4505 1337 4575 quia,
1371 4513 1500 4558 ante
1538 4504 1692 4568 alios,
1745 4506 1889 4561 sicut
1917 4507 2052 4561 Par-

449 4575 719 4638 menides,
747 4574 1077 4643 principium
1103 4574 1351 4629 omnium
1381 4590 1567 4629 rerum
1596 4576 1734 4629 dixit
1752 4577 2011 4632 Amorem
2031 4620 2048 4642 ,

450 4647 581 4703 ideo
621 4644 767 4715 quod
797 4660 960 4699 causa
1002 4644 1073 4703 sit
1114 4645 1420 4699 necessaria
1469 4646 1523 4699 in
1573 4647 1943 4711 exsistentiis,
1993 4658 2053 4704 ut

449 4714 777 4771 moveantur
800 4725 855 4769 et
876 4715 1282 4770 contineantur.
1308 4714 1462 4770 Hanc
1480 4716 1852 4771 dillicultatem
1874 4719 2053 4775 serius

452 4788 730 4843 solvemns
751 4828 764 4846 ,
806 4787 1014 4841 scilicet
1041 4786 1292 4856 quisnam
1335 4788 1547 4856 primus
1578 4787 1719 4842 hanc
1747 4788 2053 4844 doctrinam

453 4859 733 4913 tenuerit?
768 4876 789 4909 ι

525 4929 804 4984 Minimam
858 4928 1073 4983 laudem
1129 4927 1384 4983 conciliat
1438 4927 1717 4983 Aristoteli
1768 4929 1890 4983 talis
1948 4930 2051 4985 do-

454 5002 759 5056 ctrinarum
804 4998 1045 5063 Hesiodi,
1078 4997 1414 5053 Parmenidis
1452 5007 1507 5053 et
1548 4998 1880 5069 Anaxagora:
1929 5016 2055 5055 con-

456 5072 620 5127 fusio.
658 5070 920 5136 Quaenam
939 5071 1143 5140 paritas
1164 5077 1248 5124 est
1275 5078 1457 5124 motus
1478 5069 1624 5123 illius
1640 5071 1847 5139 physici
1867 5079 1921 5126 et
1940 5073 2055 5126 ani-

456 5143 615 5197 malis
639 5142 733 5211 qui
753 5151 979 5196 vocatur
1012 5140 1201 5203 Amor,
1234 5155 1361 5194 cum
1386 5141 1758 5211 intelligentiae
1785 5157 1921 5211 pura
1946 5158 2052 5197 no-

457 5213 640 5267 tione?
652 5211 759 5267 Sed
780 5212 925 5267 enim
939 5211 1261 5266 Aristoteles
1282 5225 1390 5266 non
1402 5211 1652 5269 absolute
1667 5211 1799 5266 dicit
1810 5222 2051 5269 mentem

456 5284 703 5338 eamdem
737 5284 995 5338 habuisse
1019 5291 1077 5336 et
1109 5280 1402 5335 Hesiodum
1429 5291 1486 5335 et
1509 5280 1902 5353 Anaxagoram.
1940 5283 2051 5338 Vo-

456 5353 663 5417 luitne,
699 5356 891 5423 pulsus
922 5353 1143 5418 invidia,
1173 5354 1506 5423 Anaxagora:
1534 5352 1930 5423 profeésionem
1958 5357 2054 5413 ob-

456 5439 674 5480 scuram
702 5422 883 5481 iacere
906 5466 921 5488 ,
954 5433 1010 5478 et
1047 5424 1172 5479 ideo
1201 5439 1328 5478 cum
1373 5422 1611 5479 Hesiodo
1642 5433 1698 5479 et
1726 5424 2052 5482 Parmenide

456 5494 766 5565 tumuloque
810 5497 1146 5566 perobscuro
1197 5493 1536 5566 Hermotimo
1584 5496 1734 5550 hunc
1781 5495 2048 5552 illustrem

455 5564 845 5648 philosophum
865 5564 1374 5648 componere
1400 5567 1648 5648 inquam,
1664 5582 1784 5648 Anon
1801 5568 2051 5625 absolute

456 5635 766 5710 dixitidem
815 5635 1094 5710 putavisse
1136 5645 1193 5692 et
1221 5635 1527 5710 Hesiodum
1552 5646 1609 5692 et
1648 5637 2047 5710 Anaxagoram,

455 5706 633 5781 ταντὰ
670 5706 889 5781 cppovéi’v
909 5750 939 5781 ,Α
957 5716 1018 5761 ιιι
1044 5706 1260 5781 Sextus
1276 5707 1592 5781 contendit;
1625 5710 1768 5781 quod
1805 5706 1913 5763 non
1949 5726 2050 5781 po-

459 5778 655 5834 tuisset
683 5776 801 5833 sine
832 5778 1055 5832 laasione
1080 5777 1314 5848 propriae
1335 5776 1511 5843 famae,
1542 5776 1722 5848 neque
1755 5780 1895 5834 hanc
1920 5776 2052 5835 sen-

461 5848 687 5905 tentiam
702 5863 922 5905 rursum
933 5846 1180 5918 protulit,
1197 5846 1389 5903 saltem
1406 5848 1462 5903 in
1475 5846 1733 5919 operibus
1743 5865 1865 5922 qtae
1877 5866 2050 5923 usque

1456 343 1515 399 D.
1562 340 1885 401 SEGUIERI
1925 342 1971 397 A
2005 339 2063 397 S.
2106 340 2447 398 BRISSONE
2485 341 2720 398 NOTAE.

3602 343 3742 400 1168

2146 467 2214 522 ad
2252 484 2353 524 nos
2382 476 2770 539 pervenerunt.
2827 466 2995 524 Multo
3045 466 3241 523 melius
3281 467 3551 539 longeque
3584 467 3746 539 aliter

2147 539 2217 593 de
2265 538 2581 610 Anaxagora
2633 540 2874 609 loquitur
2903 540 2959 594 in
2996 539 3089 593 lib.
3124 556 3243 605 vm,
3275 538 3395 605 cap.
3430 539 3483 603 5,
3526 553 3580 607 p.
3615 538 3741 603 588,

2146 611 2233 662 ed.
2271 610 2457 673 Duval,
2488 611 2564 664 De
2601 610 2871 664 auditione
2888 611 3153 680 physica:
3189 630 3206 662 ι
3246 610 3625 680 Summacum
3653 621 3745 663 ra!-

2147 680 2296 735 tione
2327 683 2606 751 professus
2645 691 2730 736 est
2777 679 3155 753 Anaxagoras,
3215 696 3340 735 cum
3387 679 3561 753 dixit,
3618 680 3746 733 νοῦν

2147 750 2387 806 mentem
2417 752 2802 821 impassibilem
2829 768 2951 807 esse
2972 750 3248 821 unamque
3276 750 3454 821 quoad
3483 751 3747 806 substan-

2148 821 2276 894 tiam
2300 865 2313 884 ,
2361 838 2484 877 cum
2512 823 2561 876 ei
2596 824 2928 878 tribueretur
2956 832 3139 877 motus
3171 821 3520 894 principium.
3562 839 3581 874 ι
3643 821 3747 877 llic

2141 891 2254 961 jam
2283 909 2393 947 non
2424 903 2712 948 revocatur
2743 894 3133 948 llermotimus.

2217 962 2529 1033 Simplicius
2554 964 2609 1017 in
2639 964 3032 1019 commentario
3053 980 3151 1018 suo
3176 963 3243 1018 de
3271 961 3464 1017 eodem
3484 970 3744 1027 tractatu,

2145 1030 2273 1087 folio
2305 1030 2431 1097 285,
2462 1044 2632 1098 recto,
2687 1037 2819 1089 edit.
2869 1036 3015 1097 Ald.,
3051 1035 3208 1099 1526,
3241 1034 3410 1088 dicit:
3445 1033 3595 1088 «Ullo
3625 1035 3747 1089 sine

2144 1104 2311 1160 dubio
2352 1104 2639 1161 conﬁrmat
2683 1116 2963 1161 auctorem
3003 1115 3185 1160 motus
3225 1120 3349 1158 esse
3383 1104 3743 1169 immobilem,

2144 1174 2447 1248 doctrinam
2475 1176 2809 1248 Anaxagora:
2836 1176 3182 1239 celebrando,
3207 1175 3298 1246 qui
3330 1184 3389 1248 ut
3413 1174 3745 1246 principium

2143 1247 2298 1315 ponit
2340 1247 2501 1311 νοῦν,
2562 1247 2616 1301 id
2670 1245 2756 1302 est
2800 1257 3061 1312 tuentem,
3094 1245 3239 1301 esse
3272 1245 3509 1316 primum
3561 1245 3748 1300 motus

2143 1327 2463 1388 auctorem,
2535 1319 2892 1388 eamdemque
2966 1329 3208 1373 mentem
3290 1332 3411 1388 esse
3487 1316 3746 1388 immobi—

2144 1386 2248 1441 lem
2280 1389 2629 1458 perfecteque
2685 1386 2850 1442 unam
2882 1390 3059 1459 quoad
3105 1387 3488 1459 substantiam.
3534 1406 3552 1439 ι
3594 1386 3746 1443 Idem

2142 1457 2494 1522 Aristoteles,
2542 1457 2625 1513 De
2655 1460 2799 1523 caelo,
2842 1460 2874 1513 l.
2903 1457 2991 1524 ιιι,
3045 1475 3094 1514 c.
3131 1460 3164 1514 Ξ
3194 1476 3205 1510 :
3243 1478 3261 1509 ‹
3294 1457 3486 1512 Nullus
3514 1459 3748 1513 ellectus

2142 1538 2352 1584 natura
2375 1528 2691 1593 conformis,
2718 1546 2848 1585 casu
2874 1530 3091 1594 evenit;
3124 1530 3257 1583 mibi
3287 1529 3509 1584 videtur
3525 1530 3749 1584 Anaxa-

2143 1616 2302 1670 goras
2333 1610 2481 1655 recte
2506 1600 2702 1671 egisse,
2752 1616 2876 1655 cum
2914 1600 3243 1671 principium
3270 1600 3377 1653 hoc
3408 1600 3611 1668 posuit,
3636 1601 3748 1654 sci-

2144 1671 2269 1725 licet
2295 1679 2559 1725 statntum
2581 1671 2751 1727 fuisse
2780 1672 3028 1726 ordinem
3054 1672 3107 1725 in
3138 1671 3346 1725 mundo
3367 1671 3436 1724 ab
3470 1672 3749 1742 agentibus

2144 1742 2535 1797 immobilibus.
2566 1760 2586 1792 ι

2215 1810 2546 1882 Simplicius,
2572 1814 2716 1868 hanc
2742 1812 3086 1882 occasionem
3115 1821 3331 1875 nactus,
3359 1812 3504 1867 banc
3525 1818 3753 1867 senten-

2144 1883 2274 1956 tiam
2291 1881 2624 1956 Anaxagora:
2635 1885 2792 1939 citat:
2823 1902 2842 1934 ι
2864 1881 2973 1937 τΗν
2993 1882 3169 1956 πάντᾳ
3180 1883 3316 1955 ὁμοῦ
3339 1884 3444 1956 χρή
3455 1882 3667 1956 ματαζὸ
3691 1882 3750 1956 et

2146 1955 2269 2028 3:033;
2300 1953 2587 2028 διακρίνας
2619 1956 2950 2028 ἐκόσμησε.)
2969 1953 3225 2028 scripsit,
3237 1953 3548 2028 invidetur,
3581 1953 3752 2028 siuas}.-

2146 2024 2288 2089 θῶν,
2327 2024 2446 2081 loco
2492 2024 2776 2090 διακρίνας
2799 2024 2829 2090 ,⁷
2853 2024 2982 2079 folio
3014 2026 3117 2079 145
3141 2067 3155 2089 ,
3185 2025 3316 2080 edit.
3344 2025 3551 2087 Aldin.,
3585 2024 3746 2089 1517,

2145 2106 2325 2151 verso.
2357 2090 2464 2152 Sed
2492 2097 2593 2152 ista
2613 2090 2944 2167 Anaxagorae
2966 2096 3237 2150 sententia
3267 2112 3376 2149 non
3406 2098 3626 2167 semper
3650 2095 3748 2149 iis~

2145 2168 2270 2222 dem
2304 2168 2488 2239 verbis
2509 2169 2719 2239 prolata
2750 2160 2871 2222 fuit.
2906 2167 3183 2239 Ilenique,
3222 2168 3258 2220 Ι.
3293 2183 3369 2239 xu
3427 2160 3745 2239 Metaphys.,

2146 2254 2197 2312 (ξ.
2226 2240 2277 2312 6A,
2300 2238 2451 2312 hunc
2480 2237 2730 2312 designat
2758 2241 2861 2312 sub
2885 2237 3108 2312 nomine
3130 2238 3385 2312 generico
3410 2239 3458 2290 οἱ
3493 2237 3746 2312 φιρσικοῢ

2146 2304 2524 2389 ὼς-λέγρυσιν-
2547 2304 2857 2389 etB-pusum
2881 2304 3019 2389 'mﬁv
3052 2304 3186 2389 ὀμ.όῆ
3233 2308 3429 2389 radiata"
3463 2304 3746 2389 χρήματαἶ

2219 2381 2477 2446 Proclus,
2506 2382 2561 2435 in
2599 2378 2853 2436 Timaeum
2888 2378 3147 2439 Platonis,
3174 2379 3329 2433 initio
3353 2419 3368 2441 ,
3404 2378 3580 2432 facete
3602 2378 3750 2447 quod

2148 2449 2469 2522 Aristotcles
2506 2452 2799 2522 scripserat
2828 2451 2882 2505 in
2913 2450 3030 2504 loco
3059 2465 3224 2522 supra
3245 2449 3412 2504 citato
3444 2447 3745 2522 Metapltys.

2150 2521 2357 2576 referre
2382 2520 2646 2577 videtur}
2681 2542 2698 2573 ι
2728 2524 3075 2592 Anaxagoras
3106 2521 3317 2591 primus
3348 2535 3471 2575 esse
3508 2520 3746 2592 videtur,

2149 2592 2279 2661 qui,
2318 2592 2448 2647 dum
2475 2608 2667 2647 omnes
2698 2593 2786 2647 alii
2836 2608 2894 2647 se
2926 2590 3129 2646 somno
3169 2592 3384 2657 darent,
3439 2590 3751 2661 perceperit

2150 2661 2563 2734 intelligentiam
2599 2679 2721 2719 esse
2750 2663 2995 2718 omnium
3027 2677 3314 2734 causam.)

2224 2728 2579 2802 Tlie'mistius,
2612 2734 2762 2789 Orat.
2797 2750 2943 2797 xxvi,
2969 2750 3022 2803 p.
3055 2734 3159 2787 517
3188 2751 3201 2786 :
3234 2751 3252 2782 ι
3283 2731 3500 2803 Primus
3528 2728 3751 2803 Anaxa-

2150 2819 2311 2875 goras
2348 2805 2567 2860 admisit
2599 2814 2839 2859 mentem
2888 2814 2944 2859 et
2973 2802 3331 2859 divinitatem
3381 2802 3437 2855 in
3470 2802 3752 2875 creatione

2151 2874 2363 2939 mundi,
2382 2886 2438 2930 et
2455 2891 2565 2930 non
2581 2876 2764 2930 omnia
2786 2876 2852 2929 ad
2874 2890 3166 2944 corporum
3201 2884 3454 2928 naturam
3486 2874 3691 2927 retulit.
3726 2891 3744 2922 ι

2224 2945 2438 3003 Videat.
2479 2946 2749 3011 cuilibet,
2784 2945 3018 3002 Cedreni
3045 2944 3509 3016 compilationem,
3555 2959 3611 3014 p.
3652 2944 3755 2999 158

2151 3025 2284 3072 tom.
2314 3019 2333 3070 l
2364 3018 2496 3073 edit.
2530 3017 2775 3087 Luparte.

2221 3087 2476 3156 Clemens
2532 3084 2969 3150 Alexandrinus,
3019 3084 3275 3141 Stromat.
3323 3085 3361 3140 l.
3396 3102 3473 3151 ιι,
3505 3100 3560 3156 p.
3596 3085 3703 3140 435
3729 3104 3748 3139 ς

2158 3177 2177 3211 ι
2221 3155 3138 3232 Ἀναξαγόραςπρῷτοςλὲπέστηᾷσβ
3167 3158 3257 3212 τὸν
3279 3156 3405 3210 νοῦν
3429 3158 3542 3232 τοῖς
3574 3157 3756 3232 πράγ-

2154 3236 2293 3312 μασι.
2320 3248 2391 3312 ς.)
2421 3228 2562 3312 sed,
2597 3228 2798 3312 inquit.
2824 3229 3033 3312 Pater:
3068 3229 3157 3312 hic
3182 3244 3294 3283 non
3315 3228 3480 3312 stetit
3505 3228 3756 3312 prudens

2152 3298 2209 3355 in
2238 3302 2506 3368 veritate;
2539 3298 2832 3356 creationis
2868 3300 3188 3371 dignitatem
3214 3298 3464 3366 sustulit,
3503 3298 3754 3354 turbines

2152 3372 2388 3426 absurde
2416 3373 2681 3442 ﬁngendo
2708 3413 2721 3426 .
2752 3413 2765 3425 .
2799 3406 2813 3424 .

2226 3443 2285 3497 In
2301 3444 2402 3497 hoc
2414 3437 2555 3505 loco,
2569 3442 2822 3497 Clemens
2834 3440 3209 3495 demonstrare
3221 3437 3753 3509 contenditMoysem

2154 3514 2408 3581 antiquos
2425 3522 2677 3582 auctores
2692 3528 2953 3582 superare
2967 3512 3112 3581 quod
3133 3512 3436 3565 doctrinam
3454 3511 3751 3563 creationis

2155 3580 2598 3639 mundi.0missis
2611 3580 2836 3638 Thalete
2852 3580 3146 3642 etcatcris,
3160 3583 3226 3635 ad
3244 3583 3617 3651 Anaxagoram
3634 3597 3757 3650 per—

2157 3655 2326 3717 venit,
2356 3656 2514 3723 cnjus
2535 3656 2781 3709 doctrina
2800 3654 2933 3707 alias
2956 3662 3197 3721 superat,
3212 3653 3337 3721 quia
3355 3652 3487 3707 dicit
3511 3661 3755 3723 mentem

2154 3742 2276 3780 esse
2291 3721 2469 3780 rerum
2488 3740 2706 3780 causam
2720 3735 2771 3778 et
2785 3725 3170 3779 ordinalricem
3188 3741 3201 3787 ;
3221 3722 3416 3777 deinde
3433 3731 3615 3776 autem
3628 3721 3756 3775 Cle-

2156 3812 2314 3851 mens
2335 3795 2467 3851 dicit
2494 3795 2867 3866 Anaxagoram
2896 3794 3076 3866 aliquo
3097 3794 3260 3866 modo
3288 3793 3518 3866 primam
3545 3792 3756 3866 doctria

2157 3883 2283 3921 nam
2306 3867 2612 3937 reliquisse,
2637 3862 2782 3936 quod
2809 3865 2974 3919 stulte
2987 3862 3301 3937 admiserit
3317 3864 3583 3937 turbines.
3606 3862 3757 3937 Quis

2155 3954 2267 3992 non
2294 3932 2443 3993 videt
2467 3938 2556 3991 hic
2582 3932 2919 3992 Clementem
2945 3935 3235 4001 erravisse,
3260 3943 3356 3988 aut
3377 3950 3478 3988 nos
3501 3932 3757 4002 decipere

2155 4009 2433 4063 voluisse?
2453 4009 2611 4062 Nulla
2643 4017 2727 4062 est
2758 4005 3117 4062 contradictio
3148 4004 3203 4059 in
3236 4005 3483 4060 doctrina
3510 4003 3758 4074 philoso-

2157 4079 2271 4150 phi.
2317 4079 2617 4149 Explicatio
2657 4079 2836 4149 legum
2882 4075 3543 4150 generaliumuphysicm,
3590 4088 3759 4143 quam

2158 4145 2416 4205 tradebat
2438 4145 2817 4220 Anaxagoras,
2862 4145 2921 4220 ut
2950 4147 3161 4220 nostris
3204 4145 3397 4220 diebus
3445 4145 3757 4220 vescartes,

2157 4236 2261 4290 ope
2306 4216 2789 4275 intervenientium
2822 4219 3132 4290 turbinum,
3165 4217 3317 4271 nullo
3342 4216 3506 4270 modo
3526 4225 3760 4290 contra-

2156 4285 2372 4373 dicebat
2402 4290 2670 4362 principio
2700 4306 2809 4361 quo
2846 4289 3168 4372 admittebat
3213 4295 3396 4368 motus
3439 4285 3761 4410 ordinisque

2157 4362 2346 4410 mundi
2377 4377 2595 4410 causam
2629 4376 2748 4410 esse
2784 4360 3124 4410 smntualem
3154 4366 3210 4410 et
3247 4356 3601 4410 immobilem.
3682 4357 3761 4410 ltc

2157 4362 2347 4418 mundi
2377 4356 2598 4417 causam
2629 4356 2748 4417 esse
2784 4360 3124 4432 spiritualem
3154 4366 3210 4413 et
3247 4356 3601 4432 immobilem.
3656 4356 3761 4410 Hic

2159 4442 2374 4489 creator
2406 4433 2492 4489 vel
2519 4428 2968 4501 ordinator'opus
2997 4445 3155 4501 suum
3185 4428 3546 4501 conﬁrmavit,
3580 4428 3761 4482 intera

2159 4504 2508 4559 venientibus
2536 4503 2775 4575 physica:
2825 4496 3095 4575 generalis
3122 4499 3355 4575 ‘lcgibus
3406 4506 3763 4575 quaa_motus

2159 4576 2500 4646 gubernant;
2534 4566 2680 4645 leges
2704 4566 3446 4646 isLesuiitturbines,_Aivor,
3470 4569 3563 4646 qui
3589 4584 3761 4646 mun-

2159 4638 2221 4701 di‘
2242 4638 2565 4702 rotationem
2586 4638 2823 4701 'faciunt.
2856 4643 2997 4710 Quid
3024 4643 3077 4696 in
3109 4642 3194 4695 his
3226 4638 3566 4695 absurdum?
3615 4638 3763 4695 Ante

2158 4716 2388 4772 Newton
2413 4759 2427 4780 ,
2503 4718 2786 4773 Descartcs
2845 4714 3140 4769 secundam
3188 4727 3409 4766 causam
3460 4711 3760 4766 ell‘ectuum

2160 4789 2492 4843 naturalium
2544 4788 2855 4843 turbinibus
2892 4785 2976 4840 vel
3028 4782 3336 4853 impulsioni
3397 4782 3763 4853 dederatzex

2161 4861 2265 4914 hoc
2296 4870 2540 4931 tempore
2563 4902 2577 4925 ,
2610 4858 2891 4931 angligena
2914 4851 3120 4931 doctus
3146 4851 3764 4931 attractioueiuadiiiit-

2161 4932 2243 4985 tit.
2304 4922 2572 4985 Tbéorias
2618 4922 2801 4983 autem
2853 4926 3200 4982 Cartesianas
3254 4924 3451 4978 evertit
3502 4922 3762 4989 Newton,

2160 5017 2270 5055 non
2300 5001 2444 5070 quod
2474 5009 2661 5056 essent
2689 5000 2968 5058 absurda},
2986 4996 3096 5070 sed
3125 4993 3562 5070 quiagravitatis
3587 5008 3762 5070 gene-

2160 5073 2289 5127 ralis
2317 5063 2608 5143 corporum
2641 5086 2739 5127 sua
2768 5069 3036 5140 expositio
3077 5063 3323 5121 scientiae
3348 5063 3764 5120 dillicultatibus

2160 5144 2331 5216 magis
2359 5142 2528 5216 obvia
2553 5151 2689 5197 erat.
3269 5208 3284 5216 _
3694 5205 3705 5215 .

2231 5208 2449 5269 Primus
2503 5213 2853 5283 Anaxagoras
2909 5217 3153 5283 mentem
3207 5208 3374 5283 rebus
3434 5208 3757 5283 praeposuit.

2159 5286 2257 5341 His
2280 5284 2606 5357 testimoniis
2630 5275 2920 5357 ex'Grgecis
2950 5279 3272 5357 desumptis,
3297 5275 3578 5357 Ciceronis
3600 5275 3763 5357 testi-

2159 5357 2405 5412 monium
2425 5355 2640 5415 addam,
2666 5353 2953 5422 ipsumque
2979 5351 3080 5405 sibi
3109 5346 3576 5422 centradiceutem
3605 5346 3766 5422 indu-

2160 5445 2302 5483 cam.
2321 5427 2381 5481 In
2400 5427 2520 5481 loco
2552 5417 2703 5480 enim
2726 5424 2837 5492 jam
2853 5417 3020 5477 citato
3039 5421 3204 5490 hujus
3233 5420 3494 5492 auctoris,
3509 5417 3715 5492 legitur
3748 5436 3763 5470 :

2167 5518 2184 5550 ι
2210 5500 2563 5569 Anaxagoras
2580 5494 2672 5565 qui
2697 5488 2909 5563 accepit
2935 5494 3003 5569 ab
3024 5488 3363 5569 Anaximene
3388 5488 3761 5569 disciplinam,

2159 5570 2372 5641 primus
2401 5559 2665 5641 ieiunium
2718 5559 2903 5641 rerum
2964 5559 3761 5641 descriptionem‘etgmodum

2159 5627 2363 5694 inentis
2412 5637 2641 5692 inllnitm
2687 5635 2841 5708 viae
2885 5633 3096 5708 ratione
3144 5627 3417 5708 designari
3467 5639 3525 5685 et
3562 5628 3763 5708 conﬁoi

2158 5710 2350 5765 voluit.
2383 5728 2401 5761 ι
2419 5708 2524 5786 _[_€t
2541 5717 2741 5786 _tam_eu_
2758 5707 2822 5786 in_
2843 5698 3037 5786 eodem
3066 5706 3243 5786 capite
3268 5698 3573 5786 scripserat
3597 5698 3764 5786 paulo

2160 5792 2288 5836 ante
2318 5799 2329 5834 :
2370 5799 2388 5833 ι
2419 5779 2623 5851 Thales
2653 5775 3047 5851 Milesiusmqui.
3076 5771 3288 5847 primus
3331 5771 3405 5851 de
3437 5771 3637 5851 talibus
3663 5784 3762 5851 ξε·-

2161 5853 2266 5910 bus
2291 5850 2544 5926 quaesivit
2575 5849 2665 5923 (de
2693 5843 3056 5921 naturalibus)
3076 5843 3301 5919 ’aquam
3344 5843 3480 5900 dixit
3510 5856 3632 5899 esse
3663 5843 3768 5896 ini-
