4132 6410
422 284 571 357 1515

427 418 637 474 nullum
665 428 890 487 prorsus
932 414 1177 487 potuisse
1200 410 1492 487 reperire
1546 408 1837 487 vestigium
1872 421 2011 487 pen.-

429 490 591 546 tathli
634 480 952 558 Euthyclisi
992 484 1097 538 hoc
1135 480 1310 558 solum
1351 482 1495 558 _mihi
1539 480 1827 558 videbatur
1872 480 2018 558 veri-

429 561 625 623 simile,
650 551 847 630 nempe
870 557 1001 630 illud
1020 570 1221 610 nomen
1240 554 1603 630 adulteratum
1628 551 1815 613 fuisse,
1842 557 1894 603 et
1912 562 2016 630 pro

428 620 713 703 Euthyclei
747 620 1037 703 legendum
1091 642 1214 681 esse
1256 624 1582 703 Egthymus,
1631 620 2014 703 nomenmclari

427 690 626 773 pugilis
692 690 1020 773 Locrie_u_sis,
1081 712 1244 773 quem
1301 690 1751 773 Pausanias,_in
1783 690 2018 773 “(iliacis

428 762 624 842 poster.
656 786 705 825 c.
747 772 810 835 6;
844 762 1281 842 zElianuSJAI-Iist.
1298 783 1450 842 _va_r.,
1490 781 1613 842 vn},
1650 764 1752 827 l8;
1782 762 2014 842 Plinius,

429 829 567 897 'Hist.
598 842 635 895 l.
664 858 759 906 vn,
794 829 841 895 c.
876 841 965 903 47,
1008 829 1244 910 denique
1291 836 1511 910 _Suidas,
1569 836 1625 889 in
1680 834 1851 910 veer
1910 829 2018 883 lab-

429 914 631 985 θυμοςὶ
667 904 988 985 designant:
1039 910 1130 964 hic
1154 904 1506 985 'adulteravit
1544 914 1751 985 textum
1810 904 2019 958 Pausa-

429 977 554 1039 niae.
606 977 814 1038 Patria'
831 997 1022 1037 eorum
1055 988 1173 1035 erat
1203 980 1395 1034 eadem
1431 995 1445 1043 ;
1501 978 1597 1033 sed
1639 977 1758 1030 hmo
1793 989 2021 1045 permu-

433 1055 569 1110 tatio
626 1054 914 1108 nominum
970 1067 1167 1123 parum
1223 1048 1537 1123 verisimilis
1584 1057 1687 1123 est,
1746 1044 1873 1123 quia
1931 1044 2023 1099 hic

429 1126 578 1196 pugil
628 1135 763 1186 erat,
806 1124 943 1178 alter
973 1117 1121 1196 vero
1148 1121 1590 1196 pentathlus,_et
1631 1119 1687 1172 in
1734 1117 2022 1185 utriusque

432 1191 541 1249 vita
593 1206 649 1250 et
682 1196 846 1250 rebus
877 1194 1043 1265 gestis
1071 1191 1304 1265 plurima
1336 1191 1585 1265 invenire
1634 1197 1720 1265 est
1748 1202 1871 1257 quae
1908 1202 2022 1242 non

432 1267 803 1323 consentiunt.
837 1261 967 1320 Hinc
988 1261 1173 1335 Opinio
1204 1264 1369 1334 igitur
1421 1261 1728 1317 deserenda
1774 1265 1879 1313 est.

501 1377 620 1435 Col.
635 1376 797 1433 400A
812 1378 864 1433 8.
880 1375 1434 1446 Πεφατνευμένους.
1448 1374 1527 1430 De
1543 1375 1650 1429 hoc
1673 1373 1842 1429 verbo
1863 1372 2027 1446 scho-

431 1450 617 1506 liastes
634 1443 988 1517 manuscripti
1012 1448 1110 1502 451
1141 1443 1221 1502 sic
1246 1447 1485 1516 loquitur
1507 1464 1518 1499 :
1540 1443 2026 1517 Πεφατνευμένους

432 1522 582 1591 λέγει
616 1520 855 1590 ἀθλητὰς
877 1516 1101 1591 δῐὰᾲτὴν
1152 1518 1477 1589 σωμασκίαν
1497 1518 1602 1591 Δκαὶ
1644 1516 1744 1587 τὴν
1792 1517 2025 1583 ἀνεγκο-

432 1588 653 1662 φορτίσιν.
683 1588 846 1646 vocat
874 1588 1110 1647 athletas
1158 1588 1637 1659 πεφατνευμένους
1670 1595 1895 1657 propter
1928 1600 2026 1640 eo-

434 1679 559 1719 rum
584 1662 981 1733 corpulentiam
1010 1669 1085 1715 et.
1126 1700 1141 1713 .
1172 1699 1188 1713 .

505 1754 698 1811 lbid.C
724 1755 774 1809 l.
791 1753 1028 1809 Historia
1045 1751 1257 1824 Cypseli
1284 1759 1393 1824 tota
1419 1750 1619 1824 scripta
1648 1757 1734 1824 est
1765 1748 1835 1804 ab
1859 1747 2027 1824 Hero-

433 1825 829 1897 doto.Vigerus
848 1820 1108 1879 lectorem
1124 1820 1354 1897 remittit
1376 1822 1443 1897 ad
1466 1820 1594 1897 suas
1615 1820 2029 1897 observationes

432 1913 556 1968 quae
580 1890 696 1968 nor}
736 1895 896 1951 editae
920 1902 1067 1959 sunt,
1104 1895 1200 1968 sed
1238 1908 1375 1962 quas
1406 1890 1932 1968 facilesuppleveris
1959 1891 2031 1944 Ie-

435 1961 614 2040 gendo
641 1966 999 2040 Herodotum,
1049 1966 1137 2040 cui
1185 1961 1297 2020 non
1347 1972 1481 2034 puto
1531 1961 1682 2018 illum
1730 1961 2029 2040 quidquam

435 2035 724 2110 adiecisse.
756 2036 877 2110 Illis
904 2038 997 2107 qui
1023 2038 1214 2110 volunt
1261 2049 1596 2110 cognoscere
1631 2035 1855 2110 peniius
1887 2035 2030 2110 lianc

439 2103 746 2174 historiam,
779 2103 1028 2163 satis-est
1056 2107 1297 2162 indicare
1317 2103 1514 2160 librum
1548 2121 1600 2162 v.
1626 2105 1715 2170 92,
1744 2103 2026 2174 Herodoti,

440 2182 496 2235 in
524 2195 648 2250 quo
675 2173 1035 2250 centinentur.
1078 2177 1264 2250 omnia
1308 2177 1379 2250 de
1435 2177 1547 2250 illo.
1582 2174 1722 2238 Jam,
1757 2175 1829 2250 in.
1851 2173 2031 2250 capite

441 2243 591 2316 xxii,
624 2249 941 2305 (Enomaus
961 2243 1151 2303 citavit
1179 2247 1462 2303 oraculum
1495 2247 1564 2302 de
1592 2255 1749 2315 patre
1789 2243 2029 2317 Cypseli,

434 2323 586 2392 quod
619 2320 889 2392 reperitur
912 2320 967 2373 in
1000 2319 1195 2374 eodem
1215 2318 1337 2373 loco
1366 2317 1667 2373 Herodoti:

530 2433 788 2494 Ἠετίων,
827 2434 994 2499 οὔτις
1033 2448 1108 2487 σε
1154 2433 1268 2487 τίει
1296 2432 1626 2487 πολύτιτον
1664 2431 1865 2485 ἐόντα.

515 2527 673 2583 Unde
694 2526 997 2597 corrigetur
1026 2534 1226 2593 textus,
1251 2525 1500 2594 Κύψελος
1525 2524 1775 2597 Ἠετίδης
1808 2538 1907 2595 pro
1928 2522 2036 2597 Kri-

453 2599 620 2669 ψελος
676 2595 1007 2669 Αἰακίδης(
1035 2598 1181 2668 quod
1239 2604 1500 2669 caeterum
1557 2595 2037 2669 confirmatttr_ab

448 2665 646 2725 eodem
674 2665 970 2733 Herodoto,
995 2665 1181 2737 in'quo
1206 2667 1450 2722 refertur
1466 2666 1746 2721 oraculum
1770 2665 1917 2736 quod
1934 2665 2037 2719 ha-

450 2742 649 2797 bemus
672 2740 776 2795 sub
794 2739 989 2805 oculis,
1021 2740 1107 2794 cui
1153 2738 1343 2809 adjicit
1365 2738 1588 2792 tertium
1619 2752 1842 2792 versum
1876 2754 1889 2789 :

516 2896 535 2910 .
578 2895 595 2909 .
641 2894 656 2909 .
693 2890 714 2909 .
753 2894 773 2908 ς
822 2894 836 2908 .
884 2892 898 2906 .
943 2892 957 2905 .
999 2850 1304 2917 Βασιλεὺς
1335 2851 1599 2906 κλεινοῖο
1624 2849 1924 2919 Κορίνθου

522 2925 718 2992 Αὐτὸς
742 2925 843 2978 καὶ
876 2922 1109 2989 παῖδες,
1150 2923 1385 2978 παίδων
1412 2939 1479 2993 γε
1504 2923 1625 2992 μὲν
1655 2920 1873 3047 οὐκέτὲ
1899 2921 2037 2976 παῖ-

1873 3011 1958 3059 ες.

528 3107 548 3140 ι
578 3088 725 3143 Talis
773 3086 878 3141 fuit
916 3085 1205 3157 Cypselus,
1251 3085 1429 3156 inquit
1461 3086 1777 3157 historicus.
1807 3085 2040 3141 Vexavit

447 3160 652 3215 multos
704 3158 910 3213 incolas
960 3156 1233 3220 Corinthi,
1287 3157 1477 3212 multis
1526 3156 1776 3211 fortunas
1809 3157 2034 3227 eripuit,

451 3231 702 3300 pluribus
748 3230 913 3285 etiam
966 3229 1172 3300 vitam;
1236 3227 1454 3300 deinde,
1514 3229 2042 3300 _cum_regnavisset

450 3298 672 3373 triginta
708 3315 913 3373 _annps,
969 3298 1189 3373 reliquit
1215 3299 1442 3373 _solium
1503 3298 1613 3353 filio
1665 3298 1984 3373 Periandro.
2014 3318 2032 3350 ι

448 3368 665 3438 Cicero,
696 3371 773 3425 De
801 3371 959 3441 Fato,
987 3384 1041 3441 c.
1072 3371 1136 3441 7:
1172 3389 1191 3420 ‹
1215 3368 1404 3439 Neque
1431 3370 1804 3441 necesseﬂfuit
1831 3369 2040 3441 Cypse-

449 3445 564 3498 lum
591 3458 820 3514 regnare
840 3440 1111 3514 Corinthi,
1158 3456 1469 3514 quanquam
1497 3440 1550 3495 id
1579 3440 1885 3514 miilesimo'
1912 3450 2040 3514 ante

450 3530 598 3569 anno
626 3511 892 3583 Apollinis
922 3511 1145 3565 oraculo
1170 3511 1378 3583 editum
1406 3521 1572 3567 esset.
1609 3529 1628 3560 ι
1656 3511 1938 3575 Daviesus,
1971 3512 2040 3566 ad

452 3587 602 3640 hunc
640 3582 840 3647 lacum,
896 3590 1123 3636 conatur
1163 3582 1480 3645 ostendere,
1533 3591 1776 3650 tempora
1835 3597 2043 3652 suppu-

455 3657 640 3718 tando,
670 3655 734 3710 ad
761 3668 923 3724 quem
944 3667 1168 3724 annum,
1202 3660 1330 3705 ante
1344 3652 1625 3706 Ciceronis
1643 3660 1882 3716 aetatem,
1898 3653 2041 3708 refe-

453 3728 684 3783 rendum
708 3721 921 3786 sit—hoc,
964 3721 1244 3776 millesimo
1281 3731 1405 3776 ante
1442 3738 1602 3776 anno.

453 3815 467 3846 ε
527 3797 769 3851 Primum
802 3808 1020 3849 versum
1070 3793 1234 3863 hujus
1282 3794 1487 3847 oraculi
1518 3794 1836 3863 frequenter
1877 3809 2041 3848 usur-

453 3869 619 3940 pabat
647 3865 866 3940 Pytlﬁa;
897 3864 1042 3940 quod
1072 3863 1310 3940 Hesiodo
1338 3864 1524 3940 datum
1552 3874 1634 3940 est
1673 3864 1959 3940 oraculum
1987 3875 2043 3921 et

455 3933 744 3995 relatum'a
763 3936 980 4000 Tzetze,
1004 3935 1060 3988 in
1077 3933 1319 4005 Exegesi,
1348 3934 1463 3989 fere
1484 3934 1613 3990 huic
1643 3933 1818 3990 simile
1835 3943 1921 3990 est
1941 3953 1953 3988 :

531 4056 773 4121 Ὄλϐιος
816 4068 999 4118 ουτος
1046 4049 1205 4121 ἀνὴρ
1249 4049 1319 4117 ὃς
1354 4051 1502 4121 ἐμὸν
1546 4050 1736 4123 δόμον
1780 4055 2045 4125 ἀμφιπο-

1782 4129 1970 4184 λεύει.

1268 4216 1323 4269 ui
1377 4234 1587 4289 magna?
1654 4219 1878 4275 utilitati
1942 4223 2041 4276 erit

453 4294 572 4347 urbi
607 4290 777 4356 Gelae,
806 4288 1096 4361 nonnullas
1123 4288 1333 4361 praebet
1356 4288 1700 4361 difﬁcultates
1724 4303 1819 4346 aut
1857 4293 2042 4361 potius

451 4363 743 4433 quamdam
764 4359 1173 4435 obscuritatem.
1179 4357 1552 4435 Melanippus,
1577 4363 1712 4417 civis
1737 4357 2037 4435 Agrigenti,

453 4428 1150 4503 conspiraveratiadversus
1179 4428 1451 4503 Phalarim
1485 4428 1814 4502 tyrannum}
1844 4428 1912 4491 ad
1936 4436 2042 4490 hoc

456 4500 668 4573 spectat
700 4502 980 4573 oraculum
1015 4500 1545 4573 sequens._1Elianus
1582 4504 1800 4560 locutus
1832 4516 1918 4562 est
1951 4522 2041 4561 sa-

456 4571 525 4631 tis
564 4577 773 4648 prolixe
797 4573 871 4648 de
888 4572 1002 4648 hac
1018 4571 1400 4648 coniuratione
1435 4573 1489 4626 in
1526 4585 1723 4648 quarto
1744 4578 1924 4648 capite
1955 4592 2043 4633 se-

453 4642 621 4721 cundi
648 4646 769 4721 libri
803 4642 1163 4721 Historiarum
1187 4643 1505 4721 periurum;
1533 4642 1602 4700 de
1628 4648 1734 4701 hoc
1757 4642 1884 4703 alibi
1918 4664 2043 4721 pro-

456 4718 619 4772 lixius
650 4717 817 4772 verba
848 4713 1071 4776 fecerat,
1086 4712 1456 4769 verisimiliter
1477 4717 1533 4769 in
1564 4733 1665 4773 suo
1695 4712 1949 4773 Tractatit
1979 4720 2044 4773 de

455 4788 818 4851 Providentia,
833 4785 973 4851 Περὶ
987 4780 1298 4852 Προνοίας·
1311 4786 1456 4854 quod
1477 4787 1796 4843 didiscimus
1810 4806 1841 4845 e
1855 4789 2040 4854 Suida,

454 4860 548 4930 qui
572 4858 812 4914 servavit
833 4858 935 4912 tria
958 4856 1261 4930 fragmenta
1288 4856 1571 4913 dissimilia
1608 4860 1666 4914 in
1700 4861 1884 4917 verbis
1912 4862 2044 4915 ἀντ-

454 4922 619 5002 έρως,
640 4931 747 5002 ἐπῇ
757 4944 879 5002 ρενη
901 4938 955 4983 et
981 4922 1239 5002 ava6olﬁ.

528 4996 846 5064 Athenaeus,
866 4999 924 5053 in
947 4998 1111 5054 tertio
1131 4996 1520 5070 decimolibro,
1542 5015 1599 5070 p.
1627 5001 1751 5066 602,
1775 5001 1907 5058 edit.
1938 5001 2047 5057 Ca-

458 5071 738 5137 saubonis,
755 5071 821 5127 ad
836 5071 942 5126 hoc
951 5069 1159 5134 alludit,
1179 5084 1246 5121 ex
1263 5068 1815 5138 Heraclide—Pontico,
1835 5083 1892 5129 et
1916 5074 2049 5129 citat

459 5144 663 5212 pariter
692 5142 995 5205 oraculum,
1028 5144 1175 5211 quod
1224 5140 1533 5198 videbimus
1562 5143 1744 5211 infra;
1778 5145 2048 5200 hactenus

460 5226 592 5286 vero
645 5227 757 5286 non
786 5220 963 5286 Apatet
1010 5212 1305 5286 quomodo
1332 5212 1672 5285 Melanippus
1728 5215 2049 5286 profuturus

462 5282 535 5337 sit
596 5284 716 5338 urbi
770 5282 969 5350 Gelae;

463 5354 685 5424 poterit.
1155 5354 1167 5357 '
1372 5394 1375 5397 .

536 5423 880 5509 Melanippus
908 5438 1028 5508 erat
1051 5426 1713 5509 iuvenispulchritudine
1741 5435 1799 5483 et
1827 5428 2049 5509 virtuti-

464 5496 569 5549 bus
598 5496 845 5566 insignis,
875 5498 969 5566 qui
1006 5496 1319 5554 vehementi
1358 5512 1541 5552 amore
1587 5500 1828 5553 animum
1852 5498 2053 5554 Chari-

466 5565 642 5642 tonis_
664 5565 983 5642 incenderat
1032 5587 1065 5642 :_
1101 5567 1392 5642 ῥιατςύρῳς
1433 5568 1646 5642 ﬁgaan
1691 5568 2049 5625 Μελανίππου

467 5637 562 5690 καὶ
592 5636 691 5718 τὴν
722 5636 901 5718 ψοχὴν
934 5639 1142 5718 ἁγαθοῦ
1167 5640 1267 5718 391i
1284 5636 1357 5718 "to
1378 5636 1574 5704 κάλλος
1601 5636 1973 5718 δὶαφέρογτος.

542 5728 560 5758 ι
593 5707 686 5762 Lis
703 5717 825 5763 orta
847 5707 963 5762 erat
988 5707 1135 5765 inter
1167 5708 1533 5780 Melanippam
1554 5720 1610 5767 et
1640 5707 1931 5780 quemdam
1961 5714 2053 5770 cui

462 5776 679 5835 favebat
728 5788 1021 5851 tyrannus:
1073 5776 1498 5853 chirographum
1535 5823 1550 5849 ,
1605 5776 1752 5854 quod
1812 5782 2053 5843 habebat

525 4221 662 4275 ibid.
719 4220 775 4274 6.
848 4217 1177 4286 Melanippus

1046 5283 1395 5357 conjicieudo
1458 5283 1671 5340 tantum
1721 5283 1778 5343 id
1834 5287 2049 5343 ostendi

1424 291 1487 346 D.
1534 284 1858 347 SEGUIERI
1895 288 1940 341 Α
1982 286 2042 342 S.
2083 283 2426 343 BlilSSONE
2461 282 2699 345 NOTAE.

3550 274 3555 279 ”
3579 282 3721 344 1316

2118 403 2316 479 prior,_
2347 405 2657 479 abreptum
2699 423 2729 461 a
2775 416 3009 479 tyranno
3028 448 3058 479 ,_
3092 404 3308 479 iudices
3343 404 3713 479 deleverunt.

2119 476 2240 549 Qua
2266 475 2318 529 vi
2344 485 2401 549 et
2431 475 2696 547 iniustitia
2727 475 2916 543 iratus,
2959 475 3301 547 Melanippus
3341 476 3397 530 in
3419 485 3716 549 tyrannum

2113 547 2450 618 coniuravit,
2480 557 2536 603 et
2582 559 2811 603 conatus
2837 559 2921 603 est
2945 548 3048 603 sibi
3074 548 3410 618 coniungere
3446 547 3713 617 iuvenes,

2120 633 2259 689 quos
2289 617 2434 672 idem
2476 634 2539 673 ac
2585 635 2644 674 se
2684 619 2891 675 sentire
2929 626 3177 681 noverat,
3214 617 3553 689 participes;
3576 633 3715 674 con-

2121 688 2302 743 silium
2336 691 2550 759 aperuit
2587 690 2890 753 Charitoni,
2931 690 3024 759 qui
3080 688 3223 743 cum
3254 688 3587 759 praemonuit
3641 705 3717 744 ne

2121 766 2333 814 temere
2384 761 2440 814 in
2489 762 2630 816 hanc
2689 762 3124 829 coniurationem
3173 760 3489 814 admitteret
3531 760 3717 814 homi-

2121 830 2379 903 nesuqui,
2422 841 2644 902 propter
2690 841 2897 903 metum
2944 831 3179 903 tyranni,
3234 839 3461 900 possent
3504 830 3719 903 haerere

2123 901 2300 984 dubii:
2337 905 2674 984 .rogavitque
2708 901 3129 984 ut_sibi_negotii
3176 916 3363 956 curam
3400 902 3720 984 committe-

2124 978 2227 1025 ret‘.
2252 971 2599 1043 Melanippus
2618 974 2829 1028 annuit.
2864 971 3111 1035 Charite,
3136 988 3261 1027 cum
3301 972 3484 1043 omnia
3526 971 3721 1042 dispo-

2125 1043 2326 1096 suisset
2355 1042 2523 1109 solus,
2555 1053 2617 1099 ut
2645 1045 2855 1099 amicus
2892 1060 2923 1098 a
2948 1044 3196 1114 periculo
3226 1051 3376 1096 tutus
3405 1042 3565 1114 foret,
3599 1058 3720 1097 rem

2123 1129 2344 1167 omnem
2402 1115 2458 1169 in
2511 1131 2570 1171 se
2614 1114 2878 1187 suscepit,
2923 1113 3271 1187 pugioncque
3307 1113 3607 1187 accinctus,
3649 1114 3723 1187 ad

2127 1193 2439 1254 tyrannum,
2473 1195 2535 1241 ut
2569 1202 2695 1241 eum
2724 1184 3024 1251 oecideret,
3052 1185 3398 1240 occasionem
3419 1184 3722 1239 accedendi

2125 1257 2414 1323 quaesivit;
2445 1256 2541 1311 sed
2587 1258 2910 1311 observatus
2954 1277 2985 1310 a
3034 1255 3380 1326 doryphoris,
3429 1264 3722 1325 correptus

2126 1335 2211 1380 est
2240 1326 2558 1397 priusquam
2585 1326 2798 1383 consilii
2857 1328 3015 1381 fieret
3059 1324 3304 1396 compos.
3347 1324 3607 1397 Inclusus
3663 1336 3724 1381 et

2127 1396 2503 1453 crudelissime
2548 1398 2826 1452 cruciatus
2861 1405 2920 1451 ut
2951 1399 3254 1453 declararet
3293 1396 3492 1461 socios,
3543 1397 3722 1465 perti-

2127 1468 2336 1523 naciter
2388 1468 2576 1532 tacuit,
2630 1470 2805 1523 donec
2865 1468 3243 1538 Melanippus,
3306 1465 3447 1520 fama
3511 1467 3725 1537 perlata

2129 1554 2190 1593 se
2221 1547 2501 1594 auctorem
2530 1540 3015 1609 instigatoremque
3044 1538 3439 1605 coniurationis
3459 1538 3715 1608 praebuit.

2129 1609 2393 1672 Phalaris,
2449 1610 3026 1680 utriusquegamicitia
3087 1609 3322 1664 mirabili
3382 1617 3718 1676 commotus,

2129 1680 2296 1735 vitam
2328 1678 2661 1745 concedens,
2691 1696 2720 1735 e
2754 1678 2939 1736 Sicilia
2968 1696 3063 1735 eos
3097 1681 3153 1734 in
3197 1680 3450 1734 exsilium
3487 1680 3718 1749 pepulit.

2129 1751 2460 1823 Apolliniet
2494 1752 2613 1807 «ιονί
2664 1753 2769 1807 hoc
2804 1752 3084 1823 specimen
3131 1750 3487 1823 humanitatis
3533 1750 3724 1823 datum

2131 1837 2160 1895 a
2180 1820 2568 1895 crudelissimo
2601 1820 3083 1895 tyranno—placuit,
3118 1823 3255 1895 adeo
3277 1830 3338 1895 ut
3368 1820 3511 1895 illius
3552 1820 3725 1895 vitam

2130 1892 2187 1946 in
2240 1894 2379 1950 duos
2441 1890 2637 1947 annos
2669 1890 3047 1963 produierint.
3077 1910 3095 1943 ι
3158 1892 3316 1959 Quod
3366 1890 3509 1963 dicit
3551 1891 3727 1963 [Eliag

2131 1979 2237 2017 nus
2266 1965 2318 2018 in
2352 1966 2470 2019 loco
2498 1960 2688 2019 citato
2710 1980 2740 2018 a
2789 1963 2956 2019 Suida
3000 1964 3068 2018 de
3123 1964 3305 2035 verbo
3329 1960 3590 2035 ἀναϐολή.
3616 1961 3725 2017 Sed

2131 2036 2259 2104 quid
2287 2036 2353 2090 ad
2381 2035 2569 2090 Gelam
2605 2035 2661 2089 in
2714 2036 2816 2091 hac
2852 2034 3207 2090 narratione?
3254 2033 3386 2087 illud
3425 2033 3724 2103 explanare

2133 2107 2476 2161 conabimur.

2133 2121 2476 2163 conabimur.

2206 2178 2335 2231 Gela
2363 2178 2415 2230 in
2447 2177 2562 2248 ripa
2584 2176 2938 2248 rmeridionali
2963 2175 3161 2231 Sicilia:
3184 2184 3240 2248 et
3260 2176 3326 2231 ad
3357 2175 3728 2248 ﬂumeueius-

2134 2248 2258 2320 dem
2283 2246 2672 2320 nominissita,
2699 2248 3017 2320 metropolis
3045 2256 3162 2320 erat
3189 2247 3489 2320 Agrigenti.
3517 2246 3610 2320 Sic
3651 2247 3726 2301 ait

2137 2318 2481 2389 Thucydides
2510 2319 2604 2374 lib.
2638 2336 2713 2382 vt,
2744 2317 2771 2390 §
2812 2317 2893 2374 ιτί
2937 2317 3341 2388 «Antiphcmus
3378 2317 3629 2373 Rhodius
3669 2326 3726 2371 et

2137 2390 2390 2443 Entimus
2441 2390 2719 2444 Cretensis
2744 2433 2757 2449 ,
2796 2390 3061 2445 coloniam
3095 2390 3387 2458 quamdam
3433 2404 3556 2444 cum
3604 2404 3727 2442 am-

2139 2460 2209 2513 bo
2238 2461 2522 2515 duxissent
2562 2462 2617 2514 in
2655 2460 2914 2524 Siciliam,
2971 2460 3157 2516 Gelam
3191 2460 3558 2514 condiderunt
3586 2474 3729 2528 qua-

2138 2531 2393 2603 draginta
2426 2541 2485 2586 et
2527 2532 2769 2602 quinque
2790 2532 2948 2603 annis
2986 2548 3016 2585 a
3054 2529 3642 2603 Syracusisuconditjs,
3671 2539 3732 2583 et

2138 2600 2340 2655 nomen
2367 2602 2441 2655 illi
2472 2600 2857 2672 imposuerunt
2876 2600 3146 2657 eﬂumiue
3176 2601 3263 2655 cui
3294 2600 3525 2669 adiacet.
3550 2600 3728 2666 Quam

2139 2674 2334 2726 urbem
2360 2673 2624 2727 institutis
2652 2674 2862 2728 Doricis
2907 2672 3300 2727 submiserunt.
3342 2672 3476 2726 Post
3503 2679 3730 2726 centum

2140 2752 2197 2797 et
2225 2751 2350 2797 octo
2371 2758 2546 2815 annos
2568 2744 2787 2798 circiter
2811 2743 3356 2815 GelaeiAgrigentum
3374 2812 3383 2815 Α
3399 2742 3728 2798 fundarunt.

2140 2814 2370 2868 ducibus
2398 2812 2706 2886 AAristonoo
2754 2825 2809 2869 et
2849 2812 3071 2886 Pystilo,
3121 2812 3245 2884 qua:
3284 2812 3475 2869 civitas
3524 2826 3732 2867 nomen

2140 2900 2300 2939 suum
2327 2900 2359 2939 a
2386 2883 2552 2939 ﬂuvio
2571 2886 2774 2957 Acraga
2811 2883 3098 2957 mutuavit.
3128 2883 3145 2957 ξ

2212 2957 2406 3010 Postea
2425 2956 2945 3027 Agrigentum,cum
2986 2956 3092 3011 tale
3130 2956 3535 3027 incrementum
3568 2968 3732 3008 acce-

2140 3026 2330 3096 pisset,
2367 3036 2427 3081 ut
2456 3025 2594 3082 teste
2636 3028 2873 3097 Diogene
2919 3027 3172 3092 Laertio,
3230 3026 3351 3093 eius
3395 3025 3604 3097 incolae
3636 3040 3732 3078 es-

2142 3095 2265 3151 Sent
2294 3113 2525 3152 numero
2551 3095 2769 3164 80,000,
2802 3100 2947 3168 quod
2975 3107 3156 3152 tamen
3178 3097 3333 3151 valde
3368 3104 3451 3168 est
3480 3095 3730 3151 dubium.

2141 3185 2194 3220 v.
2228 3168 2319 3223 lib.
2348 3185 2466 3231 vm,
2497 3169 2583 3233 6i,
2612 3166 2894 3239 maiorem,
2932 3178 2993 3223 ut
3018 3168 3313 3223 verisimile
3339 3166 3576 3239 videtur,
3604 3181 3737 3239 par-

2145 3248 2253 3292 tem
2292 3239 2424 3309 ripae
2457 3236 2829 3296 meridionalis
2859 3240 3076 3303 Siciliae,
3123 3248 3179 3293 et
3210 3237 3514 3308 praesertim
3543 3236 3736 3309 Gelani

2143 3307 2486 3379 metropolim
2532 3311 2585 3364 in
2635 3327 2789 3366 suam
2840 3310 3047 3380 redegit
3087 3307 3437 3380 potestatem.
3486 3307 3734 3380 Supponi

2144 3378 2539 3449 igitur’potcst
2575 3381 2939 3453 Melanippum
2977 3378 3146 3435 fuisse
3185 3379 3331 3435 Gela:
3374 3378 3731 3504 municipem.

2144 3461 2199 3504 et
2220 3466 2387 3504 ouum
2429 3468 2578 3504 mors
2619 3455 2830 3504 tvranni
2861 3453 3075 3504 duobus
3119 3460 3331 3504 tantum
3370 3450 3529 3503 annis
3605 3448 3731 3502 ilata

2143 3448 2199 3524 et
2220 3448 2387 3524 quum
2429 3468 2578 3507 mors
2619 3448 2830 3524 tyranni
2861 3453 3075 3524 duobus
3119 3460 3331 3524 tantum
3370 3448 3736 3524 annisudilata

2143 3518 2655 3595 fuerit,ﬁpostquam'
2692 3518 3043 3595 Agrigentum
3094 3531 3175 3595 et
3205 3520 3454 3595 civitates
3492 3520 3567 3573 illi
3598 3519 3735 3595 sub-

2144 3593 2270 3646 ditae
2321 3591 2626 3648 libertatem
2686 3591 3097 3664 recuperarunt,
3166 3594 3343 3661 ipsum
3389 3592 3444 3664 in
3497 3591 3734 3664 patriam

2144 3664 2390 3735 rediisse,
2443 3681 2626 3735 quam,
2660 3666 2732 3719 ibi
2787 3662 2997 3735 magnis
3036 3665 3348 3719 cumulatus
3403 3662 3730 3723 honoribus,

2144 3734 2331 3789 multis
2359 3734 2641 3791 beneficiis
2658 3734 2959 3791 exornavit.

2218 3825 2356 3881 ibid.
2430 3830 2517 3884 ll.
2588 3828 2793 3883 Versus
2858 3828 2948 3882 hic
3003 3826 3154 3882 citati
3222 3827 3428 3882 ironice
3494 3823 3736 3879 reddunt

2146 3898 2427 3970 oraculum
2450 3899 2716 3970 Apollinis
2760 3899 3065 3970 Menalippo
3107 3906 3162 3952 et
3207 3896 3490 3970 Charitoni
3520 3896 3730 3970 datum.

2143 3965 2237 4022 Sic
2290 3964 2697 4025 autem-habet
2748 3964 3046 4025 Athenaeus
3082 3970 3284 4023 inloco
3330 3968 3529 4023 citato:
3584 3964 3735 4035 «Py-

2147 4037 2259 4093 thia
2290 4041 2573 4095 oraculum
2624 4040 2789 4094 etiam
2839 4040 3010 4095 edidit
3048 4056 3146 4110 pro
3175 4038 3476 4095 Charitonc
3510 4045 3566 4092 et
3611 4036 3737 4110 eius

2072 4136 2079 4142 -
2146 4110 2349 4182 amico,
2376 4112 2755 4166 hexametrum
2807 4108 3151 4182 pentametro
3180 4111 3540 4182 subiungcns.
3583 4108 3735 4182 _sicut

2143 4190 2330 4254 postea
2341 4180 2631 4254 Dionysius
2649 4178 3018 4254 Atheniensis,
3037 4181 3122 4254 oui
3151 4178 3451 4254 cognomen
3466 4178 3740 4235 Chalcous

2148 4252 2400 4325 (aeneus),
2432 4251 2561 4309 fecit
2582 4254 2640 4308 in
2673 4254 2787 4309 suis
2812 4252 3031 4325 Elegiis.
3061 4252 3143 4306 En
3166 4251 3449 4307 oraculum
3470 4278 3484 4304 .

2209 4367 2530 4438 Εὐδαίμων
2569 4369 2839 4436 Χαρίτων
2861 4367 2958 4420 καὶ
2984 4365 3390 4438 Μελάνιππος
3414 4364 3533 4434 ἔφυ
3578 4364 3583 4369 ’

2219 4437 2715 4509 Θείας-ἁγητῆρες
2738 4437 3082 4508 ἐφαμερίοις
3100 4439 3441 4507 φιλότητος.
3463 4453 3486 4489 ι

2216 4533 2484 4594 Ᾱῐιίωιιιε,
2515 4533 2607 4603 qui
2634 4532 2853 4591 eosdem
2885 4546 3077 4586 versus
3104 4530 3555 4603 citataordinem
3602 4543 3727 4603 car-

2144 4604 2354 4658 minum
2396 4599 2645 4659 Athenaei
2683 4602 3012 4667 intervertit,
3046 4610 3102 4657 et
3125 4600 3473 4656 Atticismum
3501 4615 3597 4671 pro
3625 4599 3740 4654 Do-

2145 4676 2317 4730 rismo
2340 4675 2526 4746 posuit
2555 4674 2660 4731 hoc
2685 4675 2849 4730 modo
2878 4693 2890 4728 :

2221 4769 2397 4835 Θείας
2429 4766 2733 4838 ’ἡγητῆρες
2765 4765 3458 4838 ἐφημερίοιςίςοιλότητρς

2217 4834 2533 4909 Εὑδαίμών
2557 4834 2823 4907 Χαρίτων
2844 4834 2943 4891 καὶ
2967 4834 3362 4901 Μελάνιππος
3382 4834 3521 4904 ἐερυ.

2217 4932 2379 4989 Juxta
2406 4933 2700 4989 Eusebium
2731 4933 2945 4989 videtur
2997 4931 3296 4986 Athenaeus
3342 4929 3554 4984 ﬁdelius
3599 4926 3741 4983 cita-

2149 5005 2355 5060 tionem
2383 5005 2719 5074 expressisse
2737 5019 2899 5074 quam
2917 5002 3187 5057 IEIianus.
3214 5002 3356 5057 Puto
3380 5001 3435 5074 in
3456 4998 3741 5074 parodiam

2150 5077 2347 5131 horum
2370 5069 2629 5129 versuum
2643 5076 2711 5130 ab
2740 5069 3021 5131 (Enomao
3041 5069 3509 5143 factam,qualiter
3540 5069 3607 5143 ad
3635 5084 3742 5143 nos

2152 5146 2420 5217 pervenit,
2454 5146 2740 5216 irrepsisse
2789 5144 3253 5217 mendumoHaud
3276 5140 3422 5197 enim
3442 5140 3742 5217 verisimile

2150 5211 2368 5273 videtur
2390 5218 2539 5288 hunc
2564 5211 2827 5288 Cynicum
2869 5216 3182 5288 adiunxisse
3210 5211 3741 5288 nomenMelauippi

2151 5288 2359 5345 nomini
2384 5284 2648 5352 Phalaris,
2675 5288 2729 5343 id
2754 5295 2840 5343 est
2854 5284 3064 5357 tyranni
3088 5295 3144 5340 et
3167 5284 3540 5357 tyrannicidae,
3571 5284 3744 5357 ut_(_li-

2152 5368 2303 5416 ceret
2334 5373 2430 5413 eos
2458 5359 2607 5428 ipsos
2638 5358 2807 5413 fuisse
2837 5354 2931 5427 qui
2961 5358 3110 5428 inter
3135 5354 3387 5428 homines
3430 5354 3743 5428 discordias

2153 5424 2528 5495 seminaruni;
2558 5429 2708 5483 nulla
2737 5424 2919 5499 potest
2955 5427 3255 5499 similitudo
3280 5440 3402 5499 esse
3425 5426 3570 5499 inter
3596 5424 3744 5479 Pha-

2153 5502 2307 5556 larim
2329 5509 2383 5555 et
2400 5496 2799 5569 Melanippum;
2832 5500 2925 5553 sed
2948 5498 3104 5553 facile
3127 5498 3271 5552 inter
3295 5496 3572 5569 horrenda
3591 5510 3746 5549 mon-

2154 5583 2264 5627 stra
2286 5566 2649 5642 Phalarimet
2659 5570 2988 5642 Cypselum;
3016 5569 3172 5642 {quod
3214 5569 3355 5642 bene
3379 5566 3567 5642 phrasi
3588 5581 3745 5642 prm-

2153 5642 2370 5699 cedenti
2412 5637 2755 5713 intelligitur:
2782 5637 3060 5697 Substitui‘
3106 5640 3272 5712 igitur
3310 5637 3601 5707 Melanippi
3633 5651 3746 5713 no-

2154 5709 2873 5769 minicarnificis'Corinthii
2924 5709 3160 5779 nomen,
3200 5724 3394 5783 parum
3437 5721 3641 5764 curans
3673 5709 3747 5764 de

2154 5800 2346 5843 versus
2370 5785 2760 5841 concinnitate.
