4094 6344
1198 406 3539 460 Em“.
2842 421 2854 430 ¹
2876 421 2880 430 ¹
2904 417 3076 440 --ᾑ-
3079 413 3512 428 ———_-—

2248 454 2985 463 -.....—..__..._.._._—..__..._._.M
3026 450 3456 461 _._—_———.———-—-

1551 640 1718 682 ANNO
1765 641 1989 685 DOMINI
2036 642 2256 688 CCCCX.

1180 878 1837 1151 RUF
1853 882 2206 1144 IN
2215 875 2643 1156 US

531 1304 1929 1488 AQUILEIENSIS
2050 1309 3277 1465 PRESBYTER.

1494 1630 2343 1678 ψ

866 1890 906 1935 o
1008 1855 1468 1933 NOTITIA
1540 1857 1686 1930 EX
1739 1856 2708 1961 §CII(ENNEMANNO
2762 1849 2793 1883 “

1151 2054 1476 2119 (Bibliotheca
1507 2055 1706 2107 Patrum
1742 2054 2022 2108 Latinorum
2063 2058 2603 2123 historico-litteraria).

885 2445 911 2516 ᾗ
958 2446 987 2501 Ἰ
1002 2486 1014 2498 .
1058 2444 1200 2499 Vita.

296 2561 628 2635 Cognomen
659 2560 1025 2617 diversissime
1062 2559 1224 2617 scribi
1252 2561 1388 2619 solet
1416 2562 1675 2633 Toranus,
1703 2563 1838 2618 Tur-

227 2660 457 2725 ranius,
502 2656 821 2728 Tyrannius.
866 2655 1052 2713 Annus
1098 2656 1291 2711 natalis
1327 2656 1443 2727 ejus
1490 2672 1520 2711 a
1562 2656 1840 2714 Blondello

231 2756 479 2826 scriptus
528 2760 614 2809 est
661 2751 788 2808 545.
823 2752 1181 2818 Fontaninus,
1230 2766 1388 2823 quem
1431 2765 1528 2806 nos
1566 2752 1617 2806 in
1655 2752 1842 2807 adum-

230 2846 443 2901 branda
490 2844 652 2915 hujus
689 2844 923 2899 doctoris
954 2844 1061 2898 vita
1094 2843 1429 2911 potissimum
1469 2843 1760 2913 sequemur
1789 2852 1837 2909 ι,

230 2938 443 2992 nullum
484 2936 717 2991 deﬁnire
762 2935 955 3001 audet,
992 2934 1347 2991 Concordiam
1387 2942 1565 2989 tamen
1613 2935 1839 3005 patriam

231 3030 457 3097 tribuit,
512 3030 670 3099 cujus
731 3030 968 3085 rationes
1020 3044 1128 3084 non
1184 3030 1351 3100 magis
1395 3029 1669 3100 expeditas
1718 3044 1839 3085 esse

235 3138 403 3193 quam
434 3122 565 3177 anni
598 3123 893 3177 nativitatis
918 3123 984 3177 dc
1010 3120 1208 3176 Rubeis
1230 3131 1436 3178 censet.
1470 3122 1660 3176 Adulta
1683 3130 1842 3177 aetate

231 3215 541 3285 Aquileiam
583 3229 645 3269 se
679 3214 924 3279 contulit,
967 3213 1278 3267 monasticae
1309 3213 1522 3267 vivendi
1552 3212 1747 3282 regula:
1788 3213 1840 3266 in

233 3302 573 3359 monasterio
621 3303 761 3373 quod
794 3303 1065 3357 Athanasii
1098 3302 1522 3357 institutionibus
1544 3301 1839 3372 primordia

234 3396 473 3451 debebat
502 3410 698 3449 nomen
728 3394 967 3457 daturus,
998 3394 1178 3462 ibique
1208 3403 1326 3460 post
1353 3393 1553 3460 aliquot
1587 3393 1843 3463 temporis

235 3486 479 3556 spatium
523 3482 719 3538 litteris
770 3493 821 3537 et
870 3481 991 3537 ﬁdei
1040 3481 1361 3537 Christiana:
1410 3482 1651 3537 formulis
1694 3482 1845 3537 addi-

234 3575 459 3633 scendis
528 3583 903 3629 consecratum
973 3574 1272 3643 baptizatus
1324 3583 1406 3629 est
1460 3589 1489 3628 a
1534 3572 1844 3629 Chromatio

237 3668 603 3739 presbytero,
641 3665 941 3735 digniorem
977 3665 1118 3720 forte
1160 3674 1283 3720 tunc
1322 3666 1461 3722 inter
1487 3666 1843 3737 Aquileiensis

240 3760 504 3815 Ecclesiae
566 3758 911 3828 presbyteros
970 3759 1143 3813 locum
1201 3768 1455 3824 tenente,
1504 3760 1843 3814 ministrante

1870 2452 1917 2512 Α
1947 2460 2001 2507 et
2052 2465 2237 2508 amore
2277 2455 2590 2511 innutritam
2628 2466 2683 2513 et
2720 2459 2914 2514 animis
2963 2458 3375 2516 ofﬁciosissimis
3413 2478 3547 2519 con-

1944 2546 2286 2617 glutinatam.
2324 2548 2433 2605 Sed
2466 2559 2752 2621 antequam
2774 2552 3099 2623 baptismum
3130 2553 3351 2611 Ruﬁnus
3380 2557 3548 2613 susci-

1948 2646 2127 2707 peret,
2160 2638 2248 2696 hic
2285 2639 2338 2695 in
2373 2640 2646 2698 Orientem
2684 2642 2957 2713 profectus
2998 2654 3115 2712 est,
3155 2647 3311 2716 cujus
3342 2647 3548 2704 visendi

1944 2728 2216 2787 desiderio
2246 2732 2406 2787 etiam
2442 2733 2664 2790 Ruﬁnus
2695 2735 2978 2806 ﬂagrabat.
3024 2739 3338 2808 Opportune
3382 2740 3547 2810 igitur

1946 2822 2136 2877 accidit
2161 2831 2220 2877 ut
2244 2824 2299 2879 S.
2326 2824 2573 2895 Melania,
2604 2828 2797 2883 nobilis
2824 2829 3087 2899 Romana,
3119 2831 3544 2903 Hierosolymam

1947 2911 2324 2981 proﬁciscendi
2368 2917 2653 2972 consilium
2709 2920 2979 2989 cepisset,
3040 2920 3127 2976 cui
3180 2922 3435 2979 comitem
3482 2939 3544 2980 se

1946 3006 2136 3063 eodem
2182 3024 2288 3079 quo
2330 3009 2630 3079 baptizatus
2668 3022 2783 3068 erat
2829 3027 2970 3068 anno
3012 3013 3235 3069 Ruﬁnus
3278 3015 3546 3085 adjunxit.

1949 3098 2118 3154 Roma
2172 3116 2316 3157 anno
2362 3102 2461 3159 571
2514 3104 2738 3170 relicta.
2793 3105 3175 3161 Alexandriam
3222 3121 3366 3161 anno
3414 3106 3541 3174 572,

1947 3192 2159 3247 vivente
2197 3193 2374 3249 adhuc
2402 3195 2717 3262 Athanasio,
2749 3198 3145 3266 applicuerunt.
3180 3198 3315 3253 llinc
3344 3213 3533 3254 mona-

1945 3281 2076 3337 chos
2098 3283 2333 3357 IEgypti
2360 3284 2540 3339 invisit
2581 3286 2836 3350 Ruﬁnus,
2880 3288 3035 3355 cujus
3079 3288 3324 3341 nuntium
3371 3290 3541 3343 semel

1946 3374 2248 3445 iterumque
2273 3375 2338 3429 ad
2360 3390 2421 3431 se
2451 3375 2505 3431 in
2534 3391 2775 3432 eremum
2801 3379 3065 3447 perlatum
3100 3378 3455 3449 Hieronymus
3487 3380 3539 3433 in

1947 3464 2183 3538 Egypto
2212 3467 2444 3522 moranti
2475 3468 2738 3538 signiﬁcat
2766 3480 2819 3523 ο.
2876 3470 2943 3524 Ει
2969 3484 3090 3525 cum
3117 3471 3335 3536 Ariani,
3376 3471 3544 3526 Atha-

1948 3559 2104 3613 nasio
2146 3567 2389 3624 mortuo,
2425 3559 2561 3615 duce
2600 3560 2765 3617 Lucio
2790 3560 3170 3617 Alexandrinae
3207 3561 3352 3617 sedis
3393 3562 3542 3617 inva-

1946 3667 2069 3710 sore
2089 3698 2102 3723 ,
2138 3653 2368 3709 nefanda
2402 3656 2734 3712 immanitate
2759 3664 2814 3712 et
2843 3656 2987 3711 omni
3018 3656 3313 3712 facinorum
3345 3671 3543 3727 genere

1951 3744 2005 3799 in
2044 3745 2380 3801 orthodoxos
2410 3746 2755 3802 Alexandria:
2789 3756 2845 3802 et
2874 3763 2968 3816 per
2996 3762 3237 3803 eremum
3268 3748 3540 3813 saevirent,

240 3850 631 3906 archidiacono
660 3848 853 3903 Jovino
893 3858 947 3904 et
984 3859 1297 3918 susceptore
1331 3849 1560 3905 Eusebio
1590 3850 1838 3914 diacono,

1950 3834 2126 3904 ipsum
2157 3850 2370 3907 quoque
2402 3837 2631 3892 furentis
2663 3839 2995 3906 tempestatis
3024 3837 3299 3892 calamitas
3327 3836 3467 3893 ieriit
3488 3834 3538 3890 ἀ.

236 3943 332 4013 qui
363 3952 521 3997 antea
547 3942 815 3998 catechesi
846 3942 995 3996 illum
1028 3942 1292 3996 imbuerat
1313 3938 1359 3995 δ.
1399 3940 1537 3996 Intra
1571 3942 1672 3996 hoc
1703 3950 1836 3996 tem-

235 4048 342 4105 pus
356 4049 480 4088 cum
506 4033 565 4088 S.
596 4032 1125 4104 ilieronymo,fquiet
1149 4042 1274 4087 ante
1297 4033 1397 4087 iter
1424 4033 1475 4087 in
1508 4032 1706 4088 Gallias
1734 4032 1833 4087 ali-

237 4126 559 4196 quantisper
607 4126 663 4181 in
700 4125 888 4180 eodem
940 4125 1269 4179 monasterio
1311 4134 1674 4181 commoratus
1719 4139 1838 4181 esse

238 4219 478 4283 videtur,
525 4226 583 4274 et
626 4228 746 4288 post
790 4217 1020 4274 reditum
1078 4216 1278 4272 ibidem
1324 4215 1592 4283 substitit,
1636 4227 1836 4272 arctam

239 4310 539 4367 amicitiam
580 4309 850 4365 contraxit
902 4317 1097 4364 mutua:
1132 4307 1344 4365 virtutis
1388 4308 1840 4377 contemplatione

321 4530 345 4557 ι
373 4518 512 4575 Just.
539 4515 908 4577 Fontaninus,
958 4513 1196 4584 archiep.
1228 4510 1577 4582 Ancyranus,
1609 4509 1844 4563 Historia

240 4591 497 4645 litterario
518 4588 851 4659 Aquileiensi,
882 4600 1002 4661 qum
1028 4583 1459 4661 quinquelibris
1506 4588 1739 4661 constat,
1790 4591 1845 4661 et

291 4671 372 4715 ost
413 4650 647 4715 mortem
693 4650 927 4711 auctoris
958 4650 1143 4709 Romae
1179 4650 1430 4716 1742-4,
1472 4650 1668 4718 publici
1705 4650 1842 4719 juris

291 4677 372 4715 05E
413 4677 647 4715 mortem
693 4677 927 4711 aucwrts
958 4677 1143 4709 numer:
1179 4677 1430 4716 Iura-0,
1475 4677 1668 4718 pumth
1705 4677 1842 4719 jurla

241 4677 385 4786 iacta
428 4740 544 4793 est,
601 4728 802 4796 Optime
842 4736 898 4781 et
942 4725 1313 4796 copiosissime
1362 4720 1649 4796 de__Ruﬁui
1681 4720 1843 4796 rebus

241 4804 469 4873 gestis,
508 4791 728 4873 scriptis
778 4791 1071 4866 eorumque
1123 4794 1399 4873 codicibus
1430 4792 1554 4847 Mss.
1587 4799 1643 4846 et
1683 4791 1842 4873 editis

239 4864 521 4927 disseruit.
566 4864 682 4925 Non
727 4882 892 4937 pauca
935 4864 1111 4937 tamen
1153 4864 1743 4937 diligentius_ex_c_ussit
1784 4872 1839 4937 et

238 4943 524 5010 explorata
570 4932 757 4995 retulit
798 4937 956 5010 Joan.
1010 4936 1203 5010 Franc.
1254 4932 1839 5010 Rernard._Maria__de

1945 3926 2205 3994 Tandem,
2227 3943 2318 3983 sex
2348 3928 2617 3985 mensibus
2647 3927 2699 3983 in
2715 3928 2949 4004 Egypto
2967 3942 3087 3983 cum
3118 3928 3343 3983 Melania
3368 3937 3541 3981 trans-

1947 4019 2117 4084 actis,
2170 4034 2290 4074 cum
2358 4021 2547 4076 eadem
2604 4022 2895 4076 monachus
2963 4020 3301 4076 coniessores
3349 4019 3540 4076 exsilio

1949 4109 2235 4166 mulctatos
2274 4112 2326 4166 in
2356 4112 2694 4168 Palaestinam
2731 4113 3015 4168 comitatus
3044 4121 3158 4176 est,
3190 4110 3279 4163 ubi
3312 4109 3385 4164 illi
3416 4109 3536 4179 qui-

1948 4211 2071 4268 dem
2103 4213 2248 4269 circa
2280 4211 2667 4270 Diocaesaream
2707 4216 3086 4272 consederunt.
3130 4212 3352 4267 Melania
3382 4212 3538 4267 brevi

1951 4320 2069 4380 post
2116 4328 2257 4369 anno
2294 4312 2429 4382 575,
2472 4326 2591 4384 post
2636 4330 2668 4369 v
2705 4315 2819 4370 Cal.
2856 4316 3093 4384 Apriles,
3138 4320 3197 4367 ut
3237 4310 3538 4369 Fontanino

2019 4512 2047 4553 δ
2076 4513 2153 4568 Ita
2187 4513 2431 4581 Rubeus,
2474 4528 2592 4582 cap.
2630 4512 2686 4578 2,
2734 4528 2789 4583 p.
2819 4513 2852 4566 8
2878 4527 3023 4583 sqq.,
3052 4511 3212 4567 verba
3238 4511 3419 4566 Ruﬁni
3454 4511 3538 4566 in-

1946 4595 2085 4642 vect.
2117 4587 2172 4651 1,
2203 4602 2257 4640 n.
2284 4586 2337 4650 4,
2360 4593 2485 4654 apte
2513 4595 2569 4639 et
2597 4584 2787 4639 ritibus
2819 4584 3181 4639 Ecclesiarum
3208 4583 3536 4637 convenien-

1947 4661 2027 4709 ter
2057 4653 2439 4725 interpretatus
2473 4665 2557 4709 est
2592 4654 2875 4726 additque,
2913 4656 3161 4726 incertum
3184 4669 3452 4726 esse,‘qtt_a
3477 4653 3542 4708 de

1945 4740 2102 4779 causa
2138 4726 2445 4780 Valerianus
2470 4727 2742 4795 episwpus
2760 4724 3010 4794 abfuerit,
3041 4724 3273 4795 sedunon
3301 4724 3541 4795 dubitan-

1945 4795 2069 4850 dum
2096 4798 2216 4866 quin
2245 4806 2358 4867 post
2383 4793 2703 4867 baptismum
2738 4793 2957 4864 Ruﬁnus
2978 4794 3065 4867 Aad
3103 4793 3250 4867 illul):
3286 4794 3541 4867 adductus

1972 4863 2131 4931 uetiti,
2160 4863 2303 4922 sacro
2342 4863 2619 4937 chrismate
2642 4863 2931 4937 ungendus.
2970 4864 3160 4937 Secus
3182 4863 3539 4937 Fontaninus,

1980 4940 2271 5005 aptizatum
2315 4952 2345 4991 a
2388 4936 2673 4992 Valeriano
2706 4933 2817 5004 ἐρ..
2848 4933 3245 5003 susceptoribus
3287 4933 3541 5005 baptismi

240 5002 448 5067 Rubeis
486 5010 836 5065 accnratioris
867 5008 1127 5061 doctrina:
1162 5006 1317 5060 laude
1356 5004 1579 5073 insignis
1617 5005 1668 5056 in
1700 5002 1838 5073 libro
1940 5002 2278 5073 Chromatio,
2303 5007 2495 5063 Jovino
2524 5018 2578 5062 et
2600 5002 2858 5072 Eusebio,
2886 5002 3093 5062 scribit.

234 5084 508 5153 inscripto
535 5078 995 5153 :_Disscrtatioﬁnes
1012 5079 1149 5142 duaz,
1177 5091 1393 5153 quarum
1418 5072 1590 5153 prima
1615 5074 1677 5128 de
1707 5072 1840 5153 Tur-

240 5157 393 5206 ranio
417 5142 531 5207 'seu.
560 5150 825 5220 Tyrannio
875 5146 1063 5215 Ruﬁno
1105 5142 1356 5220 monacho
1381 5155 1427 5220 et
1457 5145 1647 5220 prosit"
1675 5142 1837 5220 altera

241 5224 311 5276 de
340 5234 551 5277 vetustis
595 5214 845 5289 liturgicis
886 5214 1102 5287 aliisque
1129 5218 1288 5289 sacris
1312 5214 1524 5289 ritibus;
1571 5214 1838 5289 Yenetiis,

242 5293 478 5349 1754-4.
507 5285 809 5357 Utrumque
839 5285 1064 5343 invicem
1096 5303 1199 5341 non
1228 5287 1345 5341 sine
1377 5285 1619 5357 molestia
1649 5293 1841 5357 contu-

239 5364 424 5433 limus,
451 5376 690 5433 qumque
710 5355 929 5433 Rubeus
965 5359 1166 5433 certius
1184 5358 1268 5412 vel
1291 5355 1642 5433 verisimilius
1668 5355 1841 5423 expli-

239 5426 1005 5499 casset,'aut'adoptavitnus
1046 5429 1264 5493 statim,
1310 5433 1405 5481 aut
1448 5426 1706 5480 adnotare
1736 5439 1841 5480 non

240 5506 604 5575 negleximus.

2020 5112 2041 5139 ο
2072 5100 2171 5170 Ep.
2199 5100 2252 5165 l,
2280 5099 2353 5155 al.
2376 5098 2439 5153 41
2472 5116 2487 5164 ;
2518 5099 2574 5164 2,
2609 5099 2679 5153 al.
2712 5096 2765 5150 5.

1870 5181 1918 5247 C
2019 5195 2046 5233 ά
2081 5196 2205 5251 Ruf.
2243 5195 2401 5264 Apol.
2438 5194 2475 5247 I.
2506 5210 2576 5260 ιι,
2610 5208 2731 5262 cap.
2773 5191 2843 5259 5,
2886 5192 2974 5247 ubi
3016 5191 3339 5264 horrendam
3384 5191 3539 5264 istam

1946 5260 2367 5324 orthodoxornm
2411 5273 2646 5333 stragem
2676 5260 2915 5317 cruentis
2951 5262 3224 5333 coloribus
3252 5260 3534 5321 describit,

1948 5348 2021 5463 erat.
2057 5351 2119 5392 se
2149 5350 2377 5463 Cquoque
2432 5332 2814 5405 oppressorum
2868 5335 2923 5387 in
2978 5332 3300 5404 passionibus
3344 5332 3536 5385 sarium

1973 5423 2114 5465 uisse
2188 5416 2299 5461 icit.

309 5665 325 5679 '
354 5658 597 5711 Nonnulla
626 5662 675 5708 in
700 5656 793 5705 hac
819 5655 998 5705 Notitia
1029 5656 1295 5706 emendare
1314 5656 1395 5707 vel
1420 5656 1566 5707 etiam
1590 5665 1821 5707 resecare
1848 5666 2055 5707 necesse
2078 5654 2354 5713 habuimus,
2378 5662 2488 5711 quae
2521 5649 2940 5698 Schmnemannus
2965 5656 3031 5692 ex
3056 5656 3145 5693 suo
3169 5642 3219 5690 in
3245 5638 3530 5691 catholicam

241 5726 387 5776 ﬁdem
410 5726 523 5774 odio
562 5721 879 5783 expressisse
900 5718 1112 5769 videtnr.
1139 5718 1275 5767 Εῡιτ.

606 5841 887 5900 ΡΑτιιοι..
936 5837 1109 5897 XXI.

3059 5826 3086 5885 1
