4094 6344
557 396 609 449 ll
1554 377 1849 441 RUFINUS
1889 366 2367 442 AQUILEIENSIS
2410 362 2837 420 PRESBYTER.
3777 348 3839 401 l~2

553 520 734 588 placet
764 524 813 583 ει,
868 512 1292 581 Hierosolymam
1340 504 1650 569 contendit,
1693 501 1920 556 Ruﬁnus
1968 503 2143 551 autem
2178 488 2224 548 A

560 611 937 667 Alexandriam
984 605 1217 675 repetiit,
1250 604 1430 673 ibique
1459 615 1553 656 sex
1589 612 1756 652 annos
1788 597 1839 650 in
1873 592 2144 650 consortio

552 702 983 757 et-institutione
1022 696 1231 768 Didymi
1281 706 1334 750 et
1373 693 1599 748 aliorum
1653 702 1778 747 tunc
1810 686 2145 742 Alexandria:

560 795 861 851 ﬂorentium
907 793 1184 847 doctorum
1233 797 1480 844 versatus
1521 795 1632 850 est,
1673 782 2023 851 Origenisque
2066 778 2145 831 in-

460 890 497 929 α’
550 888 771 955 genium
814 885 1065 939 adamare
1111 881 1307 952 coepit,
1350 878 1561 934 tametsi
1608 890 1713 929 non
1763 886 1978 928 omnem
2030 871 2146 941 ejus

550 980 855 1035 doctrinam
878 978 1209 1046 amplexatus
1236 973 1405 1028 videri
1433 969 1611 1025 debet.
1630 965 1805 1021 Rediit
1834 962 2145 1033 Hierosoly-

553 1086 721 1137 mam,
757 1071 803 1126 si
824 1084 943 1124 cum
969 1068 1267 1122 Fontanino
1299 1063 1560 1119 calculum
1595 1073 1795 1130 ponere
1826 1054 2145 1116 institueris,

554 1179 699 1218 anno
718 1162 822 1218 577
848 1182 861 1227 ;
904 1163 991 1216 hic
1029 1162 1173 1216 enim
1205 1166 1389 1214 sextus
1415 1155 1670 1211 currebat
1700 1167 1727 1206 a
1756 1150 1930 1221 primo
1956 1148 2070 1218 ejus
2096 1148 2147 1200 in

561 1257 856 1328 AEgyptum
900 1254 1130 1309 adventu
1167 1251 1216 1319 δ,
1250 1249 1511 1319 rediitque
1540 1260 1606 1301 eo
1646 1245 1855 1307 animo,
1899 1251 1955 1298 ut
1982 1249 2147 1295 totum

558 1364 619 1403 se
642 1348 899 1416 deinceps
929 1346 1052 1399 vita:
1084 1343 1399 1398 monasticae
1433 1337 1688 1400 traderet,
1713 1332 2041 1401 cellulasqne
2068 1329 2149 1383 in-

554 1438 818 1494 ltabitavit
848 1438 903 1491 in
935 1444 1118 1490 monte
1146 1431 1365 1497 Oliveti,
1396 1444 1513 1500 qua:
1543 1428 1610 1482 ab
1632 1427 1751 1480 aliis
1776 1424 1937 1480 etiam
1966 1434 2150 1491 quam-

564 1532 809 1599 plurimis
841 1528 1122 1584 monachis
1148 1524 1645 1596 lrequentabantur.
1683 1516 2069 1588 Hierosolymis
2096 1515 2151 1570 in

556 1625 735 1681 varias
763 1624 1073 1695 adjacentes
1104 1621 1350 1691 regiones
1378 1620 1442 1671 ad
1473 1614 1727 1671 visendos
1756 1610 1983 1668 eximios
2005 1608 2151 1664 viros

558 1716 825 1784 excurrit,
870 1714 1102 1770 fortasse
1147 1712 1309 1768 etiam
1356 1706 1732 1764 Alexandriam
1786 1703 1981 1758 iterum
2029 1714 2150 1753 cum

558 1808 789 1864 Melania
813 1849 827 1874 ,
859 1821 1019 1878 quam
1044 1806 1191 1860 circa
1237 1802 1378 1858 idem
1408 1810 1617 1869 tempus
1645 1796 1939 1869 [Egyptum
1979 1800 2152 1847 teten-

556 1901 703 1958 disse
746 1909 977 1958 constat.
1038 1898 1169 1953 Dein
1215 1897 1394 1967 plures
1442 1908 1611 1948 annos
1656 1906 1779 1947 cum
1823 1886 2049 1944 Melania
2096 1884 2150 1939 in

561 1994 739 2050 omnis
765 1993 980 2063 generis
1022 1989 1330 2046 hominibus
1360 1986 1486 2042 illuc
1513 1983 1729 2055 pietatis
1756 1995 1918 2037 causa
1947 1978 2150 2034 adven-

558 2087 795 2142 tantibus
849 2085 1143 2140 liberaliter
1197 2077 1529 2151 excipiendis
1583 2071 1867 2144 impendit.
1945 2071 2153 2126 Interea

542 2179 943 2246 Hieronymum
995 2175 1168 2246 ipsum
1215 2180 1271 2227 et
1315 2170 1518 2226 amicos
1569 2165 1739 2223 veteri
1788 2178 1853 2219 ac
1901 2162 2153 2218 diuturna

557 2266 958 2325 necessitudine
1001 2263 1285 2335 copulatos
1330 2269 1624 2329 mutuoque
1666 2256 1894 2311 alterius
1940 2251 2153 2309 videndi

550 2359 862 2428 desiderio,
894 2358 1019 2413 dum
1049 2356 1271 2427 propius
1305 2354 1537 2409 invicem
1568 2350 2004 2413 admoverentur,
2037 2360 2156 2401 sus-

538 2464 789 2521 pensos,
838 2449 974 2504 mira
1026 2446 1271 2519 quaedam
1316 2458 1537 2500 casuum
1580 2452 1635 2498 et
1688 2448 1981 2497 eventuum
2026 2452 2158 2492 con-

558 2538 1038 2597 nexioideutidem
1083 2534 1370 2603 distraxit,
1406 2549 1511 2591 non
1544 2533 1701 2589 aliter
1730 2545 1801 2587 ac
1843 2530 1889 2588 si
1946 2528 2157 2585 occulta

559 2634 735 2703 aliqua
784 2632 872 2688 vis
950 2632 1053 2686 hac
1120 2631 1235 2701 ipsa
1306 2628 1573 2683 divisione
1655 2625 1957 2679 animorum
2029 2636 2159 2677 con-

560 2724 823 2794 iunctioni
866 2722 1265 2794 prospexisset,
1323 2734 1482 2791 quam
1543 2725 1753 2788 ruptam
1799 2716 1863 2771 iri
1912 2714 2156 2785 ipsorum

560 2815 938 2886 congressibus
970 2813 1328 2885 praesentiret.
1370 2811 1504 2867 Nam
1538 2824 1659 2866 cum
1696 2809 1927 2879 primum
1968 2805 2020 2861 in
2057 2806 2158 2861 Pa-

561 2909 826 2965 laestinam
865 2906 1089 2963 Ruﬁnus
1132 2906 1515 2969 adventasset,
1555 2902 1729 2959 adhuc
1766 2903 1821 2957 in
1845 2915 2030 2958 eremo
2058 2900 2158 2956 de-

562 3002 722 3074 gebat
769 3000 1162 3071 Hieronymus.
1216 2998 1313 3055 sed
1369 2998 1576 3053 litteras
1625 2994 1878 3050 amicitia:
1926 2992 2157 3060 veteris,

563 3110 723 3166 quam
764 3094 1025 3165 Aquileiae
1069 3093 1196 3148 olim
1247 3091 1619 3158 strinxerant,
1676 3098 1842 3146 testes
1888 3101 2031 3143 anno
2054 3084 2161 3143 575

566 3197 754 3243 testate
786 3186 958 3241 media
992 3186 1060 3241 ab
1088 3184 1418 3255 Hieronymo
1447 3182 1677 3252 scriptas
1708 3180 1907 3235 ibidem
1932 3178 2156 3248 recepit.

564 3281 698 3337 Dum
729 3281 781 3335 in
804 3278 1037 3351 IEgypto
1064 3278 1258 3333 litteris
1279 3290 1497 3346 operam
1531 3281 1756 3330 navaret
1780 3272 2023 3340 Ruﬁnus,
2052 3270 2155 3327 ali-

563 3371 801 3443 quandiu
852 3369 1154 3425 Antiochia:
1211 3366 1569 3438 Hieronymus
1608 3364 1958 3431 substiterat,
2013 3362 2157 3420 unde

568 3457 1094 3527 Constantinopolim
1117 3454 1401 3526 profectus
1414 3462 1531 3509 erat
1550 3468 1617 3511 eo
1634 3453 1751 3523 ipso
1782 3463 2028 3524 tempore
2049 3466 2157 3521 quo

567 3550 799 3607 fortasse
825 3548 1049 3606 Ruﬁnus
1086 3547 1152 3603 ad
1183 3547 1353 3602 breve
1397 3554 1629 3616 tempus,
1658 3546 1703 3601 si
1754 3545 1943 3602 Rubeo
1972 3557 2155 3599 assen-

570 3645 730 3709 seris,
762 3639 1101 3697 Palaestinam
1140 3638 1449 3709 repetierat.
1490 3636 1734 3693 Reverso
1756 3636 1989 3707 denique
2015 3648 2155 3689 anno

567 3734 695 3800 585,
724 3743 845 3805 post
878 3740 988 3788 tres
1016 3745 1187 3786 annos
1221 3729 1459 3799 integros
1485 3726 1670 3784 Romae
1702 3728 1995 3788 traductos.
2032 3725 2155 3781 Hie-

568 3840 834 3897 ronymo,
902 3822 1104 3878 nullum
1160 3828 1243 3877 est
1302 3819 1520 3875 dubium
1575 3821 1707 3887 quin
1768 3818 2155 3888 Hierosolymis

568 3916 778 3971 obviam
813 3914 916 3970 sibi
942 3913 1064 3969 facti
1092 3912 1331 3982 pristina:
1360 3910 1574 3980 pietatis
1612 3923 1675 3963 ac
1709 3906 2010 3964 ofﬁciorum
2044 3922 2155 3961 me-

569 4006 794 4060 moriam
824 4003 1269 4069 instauraverint,
1302 4016 1443 4058 nunc
1473 3999 1540 4054 ad
1570 4000 1734 4056 breve
1766 4006 1970 4053 tantum
1994 3996 2153 4050 dura-

570 4106 764 4153 turam.
1484 4104 1485 4107 “

635 4190 813 4245 Prima
839 4188 1121 4245 discordiae
1165 4186 1371 4243 semina
1402 4184 1540 4237 inter
1573 4182 1718 4251 ipsos
1748 4181 1945 4248 sparsit
1991 4178 2149 4231 Ater-

567 4285 684 4339 bius
728 4283 967 4354 quidam,
1006 4283 1098 4351 qui
1130 4278 1557 4348 Hierosolymam
1610 4273 1849 4343 perlatus
1900 4271 2149 4325 Ruﬁnum

567 4389 820 4446 tanquam
853 4374 1097 4442 Origenis
1144 4377 1446 4427 commenta
1474 4374 1769 4422 sectantem
1801 4362 2023 4431 carpsit,
2056 4376 2148 4414 ea-

568 4466 798 4533 demque
837 4463 1213 4517 criminatione
1246 4461 1635 4529 Hieronymum
1683 4465 1932 4523 tanquam
1976 4451 2148 4505 Ruﬁni

567 4555 798 4609 amicum
837 4562 892 4608 et.
925 4553 1171 4622 Origenis
1212 4551 1543 4604 laudatorem
1578 4547 1831 4601 traduxit.
1865 4543 2015 4599 'l‘unc
2044 4544 2148 4610 pri-

569 4660 710 4699 mum
739 4643 1020 4698 alienatior
1040 4656 1077 4694 ‘a
1106 4639 1299 4693 Ruﬁno
1323 4639 1490 4692 factus
1512 4647 1594 4691 est
1628 4636 2001 4705 Hieronymus.
2030 4634 2143 4687 lllnx
2180 4633 2225 4691 D
2258 4617 2422 4671 [illum
2454 4610 2667 4667 ίιινθείιο

571 4736 662 4807 (a.
692 4734 835 4802 3.94)
882 4741 1105 4799 uterque
1152 4732 1202 4783 in
1259 4742 1475 4782 causam
1533 4724 1811 4796 Epiphanii
1861 4726 2145 4780 Salaminis

571 4825 805 4896 cpiscoyvi
831 4835 886 4879 et
914 4824 1135 4878 Joannis
1167 4820 1637 4890 llicrosolymitani
1676 4818 1981 4873 involvitur.
2014 4818 2145 4872 Nam

645 4980 669 5005 τι
712 4970 869 5022 Anno
910 4966 1013 5022 575
1066 4965 1276 5021 cadenti
1330 4964 1408 5018 vel
1458 4965 1725 5032 appetenti
1776 4974 1868 5018 aut
1914 4970 2147 5023 currenti

572 5042 730 5093 etiam
772 5055 857 5091 an.
891 5037 994 5091 5ῑά
1025 5038 1089 5091 de
1128 5036 1326 5091 Rubcis
1363 5051 1479 5104 cap.
1516 5037 1569 5101 7,
1601 5037 1850 5103 assignat.
1912 5037 2151 5093 [‘endent

569 5111 814 5163 nimirum
854 5108 965 5161 haec
1006 5122 1071 5161 ex
1114 5108 1323 5161 diversa
1365 5108 1485 5158 anni
1528 5106 1836 5160 cmortualis
1869 5107 2143 5163 Athanasii

571 5186 861 5233 notatione.
912 5178 1169 5232 Nimirum
1206 5178 1532 5230 It‘ontaninus
1572 5176 1713 5229 dicto
1755 5182 1870 5231 loco
1900 5186 1953 5231 et
1988 5196 2145 5247 pecu-

572 5251 685 5303 liari
734 5251 891 5303 etiam
945 5247 1321 5303 dissertatione
1368 5248 1613 5301 Historiae
1661 5248 1989 5314 Aquileiensi
2043 5254 2143 5305 litt.

568 5321 804 5374 subnexa
845 5329 1071 5373 mortem
1111 5317 1384 5391 Athanasii
1423 5333 1511 5391 an.
1546 5318 1671 5382 572,
1709 5323 1765 5372 11
1804 5319 1921 5373 Maii
1959 5320 2147 5391 alligit,

570 5392 782 5471 Rauenii
836 5391 1155 5471 sententiam
1201 5390 1394 5471 thuitus,
1448 5388 1662 5443 Rubeus
1702 5400 1885 5443 contra
1926 5388 2152 5447 laudatae

569 5462 784 5541 t_li_s_sert.
820 5475 937 5541 cap.
970 5462 1023 5541 πί,
1058 5458 1091 5513 5
1118 5470 1169 5541 et
1201 5459 1421 5541 6,_nova
1454 5462 1787 5515 discussione
1829 5460 1983 5529 facta,
2014 5478 2153 5517 anno

568 5532 671 5603 ὖῑῦ
701 5532 1069 5603 ascribendam
1098 5532 1277 5584 docet:

642 5602 666 5639 δ
699 5601 1038 5675 Oetenninm,
1064 5602 1378 5675 interposito
1398 5602 1577 5675 aliquo
1597 5603 1895 5675 intervallo,
1918 5603 1968 5657 in
1993 5604 2156 5675 Aigy-

570 5682 659 5739 pto
709 5687 830 5751 eum
873 5673 1113 5751 degisse,
1168 5672 1382 5751 Rubeus
1431 5689 1496 5751 ex
1544 5673 1743 5751 Codice
1788 5672 2156 5728 Guarneriano

568 5744 872 5822 rontendit,
918 5747 1143 5822 ejusque
1188 5746 1421 5822 rationes
1467 5746 1535 5797 ita
1578 5744 1860 5822 subducit,
1904 5756 1955 5797 ut
1988 5744 2153 5812 prima

569 5814 681 5869 vico
724 5813 1098 5871 Alexandriam
1150 5830 1237 5869 an.
1301 5815 1404 5870 575
1445 5814 1725 5881 repetiiSse
1768 5817 1945 5884 ibique
1990 5831 2155 5882 usque

2252 485 2613 555 Hieronymus
2670 497 2774 537 non
2829 479 3000 535 solum
3054 485 3109 530 ut
3179 487 3437 544 reSpuere
3489 487 3545 527 se
3586 469 3840 539 Origerais

2251 578 2484 632 hmreses
2529 575 2776 630 Omnibus
2836 580 3084 627 testatum
3130 567 3358 634 faceret,
3426 565 3486 621 S.
3534 561 3841 633 Epiphanio

2252 669 2514 740 (Origenis
2566 676 2612 718 et
2666 664 2887 718 Joannis
2933 658 3253 729 adversario)
3291 655 3554 718 adhaesit,
3608 652 3703 708 sed
3741 666 3838 720 per

2251 759 2543 816 monachos
2605 757 2769 812 etiam
2838 752 3271 809 Bethleemiticos
3309 790 3325 816 ,
3397 747 3537 817 quod
3612 757 3835 799 monas-

2251 851 2371 905 terii
2426 849 2583 903 unius
2626 846 2876 902 conditor
2926 851 3072 899 esset
3124 840 3497 913 Epiphanius,
3545 836 3597 891 in
3656 844 3838 904 partes

2252 943 2368 1011 ejus
2419 940 2850 1011 pertraliebatur.
2886 937 3079 992 Rulino
3117 944 3319 997 autem,
3354 932 3438 986 cui
3487 943 3586 999 per
3628 935 3837 995 septem

2256 1034 2368 1089 fere
2396 1048 2567 1089 annos
2597 1048 2719 1087 cum
2747 1030 2953 1086 Joanne
2996 1025 3274 1081 familiaris
3300 1018 3636 1077 consuetudo
3670 1018 3838 1070 inter-

2254 1136 2532 1192 cesserat,
2576 1126 2772 1195 quique
2814 1123 2882 1177 ab
2921 1123 3113 1176 eodem
3160 1117 3299 1172 haud
3346 1113 3505 1169 dubie
3553 1109 3835 1180 presbyter

2252 1219 2527 1275 ordinatus
2556 1228 2690 1282 erat,
2717 1233 2821 1270 non
2852 1224 3051 1269 temere
3082 1209 3275 1265 licebat
3305 1208 3371 1261 ab
3402 1220 3465 1260 eo
3494 1201 3701 1258 revelli.
3738 1200 3830 1253 Li-

2255 1312 2477 1381 tigatum
2509 1320 2591 1365 est
2627 1309 2877 1377 utrinque
2906 1291 3345 1363 aiiimisitilestis,
3379 1296 3494 1351 aliis
3513 1295 3617 1375 alia
3639 1308 3839 1361 suppe-

2255 1413 2403 1459 tente
2428 1401 2693 1456 irascendi
2722 1412 2903 1453 causa.
2934 1398 3063 1451 Nam
3098 1392 3422 1465 Epiphanius
3444 1401 3695 1457 tanquam
3719 1384 3839 1439 Ori-

2257 1494 2522 1565 genistam
2577 1491 2835 1546 Joannem
2885 1487 3171 1549 insectari;
3213 1485 3448 1538 Joannes
3495 1477 3839 1533 ordinatione

2256 1588 2556 1645 Pauliniani
2614 1584 2794 1639 fratris
2857 1578 3171 1649 Hieronymi
3242 1576 3295 1629 in
3350 1570 3720 1641 presbyterum
3769 1566 3837 1619 ab

2256 1679 2559 1750 Epiphanio
2590 1677 2640 1731 in
2667 1674 2900 1746 parmcia
2932 1685 3026 1726 sua
3057 1668 3196 1723 facta
3236 1664 3341 1736 juri
3384 1676 3484 1717 suo
3532 1660 3711 1725 inique
3738 1655 3837 1710 de-

2255 1781 2483 1827 tractum
2502 1784 2640 1835 esse,
2662 1780 2884 1839 urgere;
2905 1764 3260 1833 Hieronymus
3281 1772 3386 1811 non
3411 1768 3602 1808 vanam
3620 1750 3839 1806 omnino

2186 1864 2231 1922 Β
2259 1862 2423 1919 fuisse
2448 1859 2769 1931 suspicionis
2813 1856 2881 1911 de
2904 1854 3151 1925 Origenis
3184 1847 3378 1904 ltwresi
3411 1847 3464 1901 in
3496 1859 3553 1900 se
3581 1858 3652 1899 ex
3686 1840 3840 1894 fami-

2256 1957 2481 2012 liaritate
2506 1968 2626 2009 cum
2654 1950 2849 2005 Ruﬁno
2876 1945 3166 2017 aliquando
3195 1942 3441 1997 subnatze
3469 1950 3687 1992 causam
3723 1942 3837 1988 sto-

2255 2046 2515 2113 machari,
2540 2044 2699 2115 idque
2728 2042 2971 2111 impense
2993 2037 3197 2100 dolere,
3226 2031 3368 2104 quod
3410 2029 3683 2084 hominem
3708 2022 3840 2077 ami-

2256 2142 2383 2198 citia
2415 2140 2488 2195 sit
2515 2145 2855 2209 prosecutus,
2896 2132 2984 2204 qui
3027 2129 3236 2186 occulte
3275 2123 3573 2181 haeresibus
3600 2120 3838 2188 despon-

2255 2249 2373 2291 sum
2407 2232 2682 2287 habuisset
2701 2228 2957 2285 animum.
2992 2223 3183 2279 Addita
3210 2228 3294 2275 est
3335 2212 3687 2286 indignationi
3717 2209 3841 2264 huic

2257 2328 2429 2384 fomes
2476 2322 2704 2395 epistola
2749 2321 2816 2377 ab
2853 2316 3157 2389 Epiphanio
3180 2315 3249 2370 de
3287 2309 3624 2367 ordinatione
3665 2304 3842 2359 alieno

2254 2418 2378 2476 loco
2417 2433 2447 2471 a
2486 2431 2546 2472 se
2592 2415 2726 2469 facta
2772 2411 2837 2467 ad
2867 2410 3127 2465 Joannem
3166 2404 3380 2461 Hieros.
3429 2402 3650 2470 scripta,
3680 2409 3840 2466 quam

2260 2513 2613 2582 Hieronymus
2644 2509 2696 2562 in
2724 2505 2940 2561 Eusebii
2972 2497 3358 2559 Cremonensis
3384 2494 3556 2550 Grteci
3577 2489 3844 2547 sermonis

2261 2602 2431 2674 ignari
2458 2600 2682 2672 gratiam
2708 2598 2868 2668 inque
2897 2595 3137 2667 privatos
3167 2604 3296 2646 usus
3324 2599 3382 2642 ut
3415 2583 3617 2642 homini
3648 2585 3700 2638 in
3728 2595 3843 2636 tuo-

2260 2694 2500 2751 nasterio
2531 2707 2630 2748 suo
2673 2688 2911 2745 versanti
2950 2686 3169 2743 latinam
3218 2679 3550 2747 reddiderat,
3582 2675 3677 2731 sed
3721 2684 3842 2744 quas

2262 2788 2401 2844 furto
2446 2785 2629 2842 ablata
2677 2782 2743 2838 ad
2775 2781 3025 2837 Ruﬁnum
3073 2780 3391 2848 pervenerat
3419 2770 3576 2844 eique
3603 2764 3844 2822 occasio-

2262 2894 2383 2936 nem
2422 2876 2647 2934 dederat
2692 2875 2746 2929 in
2795 2874 3088 2941 interprete
3119 2867 3164 2922 si
3205 2880 3314 2921 non
3345 2860 3728 2931 malignitatem
3760 2868 3846 2909 re-

2262 2969 2619 3043 prehendere,
2649 2975 2797 3023 cette
2824 2963 3133 3020 desiderare
3158 2956 3458 3013 veritatem.
3493 2951 3847 3019 Hieronymus

2264 3073 2443 3121 autem
2494 3061 2690 3133 aegrius
2737 3058 2841 3114 hoc
2892 3055 3023 3127 pati,
3053 3049 3194 3124 quod
3226 3048 3449 3103 Ruﬁnus
3492 3044 3757 3133 ha’reseas.
3785 3053 3848 3091 ac

2263 3128 2570 3232 dogmatun;
2616 3147 2950 3224 pertt'ersionis
3001 3144 3327 3201 insimulatus
3377 3138 3506 3193 nihil
3534 3128 3847 3202 respondero

2183 3254 2232 3320 C
2261 3222 2414 3306 ausus
2438 3249 2504 3304 sit
2536 3264 2557 3304 :
2583 3222 2908 3316 interpretem
2936 3242 3207 3303 laceraret,
3233 3235 3296 3288 de
3321 3229 3535 3304 syllabis
3563 3222 3848 3281 calumnia-

2259 3351 2402 3399 retur
2426 3350 2475 3397 et
2502 3348 2663 3395 totam
2690 3336 3037 3407 defensionem
3085 3329 3167 3386 sui
3208 3332 3434 3398 putaret,
3464 3323 3508 3376 si
3549 3316 3735 3373 tacenti
3757 3316 3848 3367 de-

2262 3433 2508 3489 traheret.
2555 3404 2883 3485 lnterclusus
2913 3430 3031 3480 erat
3058 3422 3125 3474 ad
3167 3418 3376 3473 animos
3422 3404 3847 3468 reconciliandos

2257 3528 2455 3592 aditus,
2486 3538 2607 3580 cum
2638 3536 2737 3591 pro
2765 3533 2826 3574 se
2849 3517 3078 3586 quisque
3108 3524 3319 3580 pmnam
3360 3506 3428 3560 ab
3460 3504 3631 3558 altero
3658 3512 3846 3592 posce-

2258 3629 2363 3687 ret,
2391 3590 2449 3674 et
2487 3590 2667 3670 dolum
2722 3610 2825 3665 sibi
2872 3622 2903 3662 a
2958 3598 3325 3660 conciliaturis
3376 3598 3658 3649 metueret.
3712 3590 3847 3644 Hinc

2259 3680 2455 3766 l’rustra
2500 3723 2530 3761 a
2574 3700 2878 3770 TheOpbilo
2928 3697 3084 3752 Alex.
3126 3702 3180 3747 et
3226 3686 3490 3744 Archelao
3541 3680 3843 3737 Palaestina:

2256 3801 2453 3857 comite
2484 3812 2583 3866 pax
2612 3795 2749 3849 inter
2800 3803 2893 3845 eos
2936 3792 3163 3848 tentata,
3190 3778 3488 3847 inseditque
3534 3789 3630 3844 per
3676 3774 3843 3828 trien-

2260 3896 2378 3951 nale
2431 3892 2659 3959 Spatium
2710 3885 2795 3939 hic
2862 3893 3055 3935 rancor
3104 3872 3297 3929 animis
3356 3882 3401 3924 ο.
3465 3868 3582 3937 Quo
3627 3875 3844 3919 auctore

2259 3993 2471 4048 tandem
2520 3986 2815 4043 extinctum
2868 3981 2939 4036 sit
2990 3977 3300 4033 diuturnum
3344 3971 3469 4026 illud
3534 3968 3843 4030 dissidium,

2258 4092 2395 4149 haud
2445 4090 2630 4158 liquet.
2679 4085 2735 4140 Id
2785 4090 3017 4145 constat,
3056 4078 3434 4147 Hieronymum
3481 4087 3543 4128 ac
3589 4072 3841 4126 Ruﬁnum

2256 4208 2406 4251 more
2445 4189 2673 4245 solemni
2706 4188 2759 4242 in
2793 4184 3063 4246 Anastasi,
3096 4178 3298 4249 templo
3328 4174 3833 4245 Hierosolymitano,

2257 4304 2376 4366 post
2399 4289 2718 4347 sacriﬁcium
2750 4286 2930 4341 missas
2960 4285 3010 4337 in
3046 4281 3270 4353 gratiam
3313 4276 3562 4341 rediisse,
3587 4274 3844 4341 illumque

2258 4399 2506 4454 Ruﬁnum
2536 4394 2731 4447 nullius
2768 4387 2966 4445 erroris
2991 4392 3329 4453 compertum
3353 4381 3658 4451 agnovisse.

2330 4514 2465 4568 Pace
2500 4517 2766 4570 revocata,
2786 4500 3089 4558 rcvcrlendi
3120 4499 3171 4553 in
3202 4496 3545 4554 Occidentem
3575 4507 3700 4548 cura
3734 4492 3843 4545 Ru-

2704 4604 2981 4663 Prol'ectus
3016 4613 3097 4659 est
3121 4618 3172 4656 a.
3202 4600 3328 4666 597,
3361 4613 3548 4654 mense
3597 4598 3839 4664 Augusto

2256 4717 2340 4772 vel
2370 4708 2693 4782 Septembri.
2723 4704 3095 4760 Discedentem
3136 4701 3495 4769 Hieronymus
3526 4713 3660 4768 pace
3707 4696 3845 4752 invi-

2258 4834 2373 4876 cem
2419 4816 2542 4871 data
2573 4824 2627 4867 et
2670 4818 2887 4878 accepta
2938 4812 3253 4876 prosecutus
3294 4812 3374 4857 est
3404 4798 3453 4856 δ.
3482 4801 3702 4856 Romam
3735 4811 3841 4853 non

2253 4968 2320 5023 ad
2355 4981 2443 5020 an.
2468 4960 2606 5027 580,
2643 4960 2728 5014 vel
2771 4954 3442 5027 insequenteminceptum
3478 4955 3569 5027 aut
3603 4946 3841 5027 adultum

2255 5017 2520 5095 mansisse
2559 5017 2776 5086 siatuat.
2823 5017 2957 5082 Hinc
2987 5025 3185 5095 negotii
3223 5017 3314 5077 vel
3338 5020 3579 5095 Melaniae
3608 5017 3843 5095 visenda:

2254 5089 2514 5165 causam
2556 5101 2893 5158 Palmstinam
2938 5089 3237 5167 proléctum
3287 5091 3475 5167 pouit,_
3516 5099 3687 5167 atque
3719 5089 3844 5167 inde

2250 5160 2419 5237 ᾗῇὲῖιᾷ
2455 5177 2570 5230 vice
2606 5176 2656 5229 in
2688 5160 2978 5240 IEgyptum
2999 5167 3240 5240 rediisse
3266 5160 3328 5218 ac
3353 5163 3568 5240 tandem
3602 5160 3720 5240 aliis
3758 5160 3841 5212 in-

2250 5230 2475 5319 sumptis
2489 5247 2638 5319 annis
2655 5230 2985 5319 anteannum
2998 5237 3104 5319 58.:3
3116 5248 3383 5319 remeasse
3399 5230 3815 5300 Hierosolymam
3825 5266 3841 5282 .

2337 5306 2470 5373 c'De
2500 5315 2721 5378 Rubeis,
2748 5327 2870 5380 cap.
2902 5312 2956 5374 9,
2981 5326 3036 5363 n.
3070 5309 3123 5373 6,
3158 5323 3210 5374 p.
3242 5306 3332 5360 63.

2336 5390 2362 5429 ἀ
2396 5367 2788 5444 Eéririiiitbrim
2820 5367 2889 5437 'ea
2934 5367 3205 5436 sententia
3244 5384 3329 5431 est
3358 5390 3463 5428 non
3515 5371 3712 5444 solum,
3744 5367 3839 5423 sed

2264 5442 2633 5518 cum—Melania
2662 5458 2716 5509 in
2746 5454 2954 5507 Italiam
2987 5453 3087 5505 hoc
3115 5462 3255 5501 anno
3281 5447 3530 5518 Ruﬁnum
3572 5442 3838 5518 rediisse:

2270 5512 2722 5592 ita'"Fontatiinus,
2743 5524 2969 5576 Baronio
2996 5530 3051 5575 et
3071 5519 3231 5592 Pagio
3250 5516 3612 5592 consentiens.
3627 5513 3694 5592 At
3717 5512 3840 5592 plu-

2425 5581 2764 5657 auctoritate,
2791 5595 2929 5646 inter
2953 5603 3087 5659 quos
3120 5581 3591 5659 L'ebrunusyetiam
3632 5582 3683 5635 iu
3717 5581 3839 5634 Vita

2262 5654 2488 5735 Raulini,
2548 5654 2778 5722 reditum
2824 5654 3087 5735 Melania}.
3116 5674 3204 5712 an.
3244 5654 3369 5735 .402
3411 5656 3653 5735 illigant,
3680 5666 3841 5735 quam

2262 5721 2764 5812 planet—sententiam
2788 5729 3119 5799 argumentis
3135 5729 3284 5783 novis
3312 5721 3514 5781 astruit
3524 5724 3591 5779 de
3616 5721 3837 5783 Rubeis,

2260 5808 2306 5867 ὃ.
2332 5812 2421 5874 ειο,
2449 5825 2498 5877 p.
2530 5808 2616 5862 70.
