4094 6344
197 401 259 460 η,
1707 386 2003 443 norma.
3424 395 3492 448 ιι

203 516 457 573 continuo
489 512 732 584 appulit,
757 512 852 567 sed
883 510 945 565 ad
986 506 1364 563 monasterium
1399 502 1551 557 Ursei
1579 499 1801 556 Abbatis
1829 500 1879 559 Α
1911 499 2097 553 amicis
2151 500 2576 569 speculatoribus
2601 544 2616 569 ,
2677 518 2796 572 quae
2856 503 3079 558 Rulinus
3146 503 3488 573 procuderat,

206 611 253 665 in
296 609 420 662 loco
467 606 678 669 Pineti,
713 604 769 659 in
822 618 951 672 agro
1004 600 1243 653 Romano
1286 597 1533 651 devertit.
1574 594 1645 647 lbi
1693 602 1802 646 tum

207 698 423 771 plurimi
446 712 641 752 rerum
661 693 1013 749 Orientalium
1031 690 1225 745 curiosi
1251 698 1305 743 et
1326 687 1646 756 scriptorum
1664 684 1805 737 avidi

209 789 719 850 circumsteterunt,
758 790 1156 852 percontantur,
1191 777 1431 833 narranti
1478 774 1801 842 auscultant,

216 890 514 951 postremo,
544 884 608 931 ut
632 875 819 930 Graeca
843 873 1028 928 Latine
1047 871 1146 926 sibi
1172 869 1393 939 legenda
1420 867 1628 933 reddat,
1658 865 1809 934 ﬂagi-

212 981 335 1027 tant.
372 972 512 1025 Erat
540 969 689 1025 inter
720 966 818 1021 hos
849 966 961 1034 ipse
990 964 1153 1018 abbas
1186 961 1432 1029 Urseius,
1463 959 1548 1013 cui
1580 972 1807 1028 perconv

138 1058 139 1061 “
214 1065 335 1119 tanti
363 1078 626 1134 quamam
660 1062 714 1114 in
747 1059 967 1115 Oriente
994 1055 1379 1111 monachorum
1425 1061 1570 1109 esset
1617 1053 1809 1106 obser-

215 1159 368 1223 vatio,
402 1172 526 1225 qua:
562 1154 815 1209 instituta
844 1156 1216 1215 servarentur,
1255 1162 1376 1202 eum
1420 1143 1807 1214 respondisset,

214 1249 411 1313 Basilii,
443 1243 741 1314 efﬂagitari
790 1257 849 1297 se
896 1241 962 1295 ab
992 1255 1058 1296 eo
1090 1252 1338 1308 magnam
1366 1236 1432 1289 ab
1455 1233 1813 1290 Occidentali-

215 1347 306 1403 bus
334 1344 573 1415 gratiam
608 1340 657 1394 ei
681 1318 1015 1391 habitum'iri
1047 1333 1333 1404 pollicente
1355 1332 1500 1393 sivit,
1522 1338 1579 1383 ut
1607 1326 1813 1382 Latini-

217 1445 319 1492 tate
339 1449 463 1489 eam
482 1432 738 1488 donaret.
754 1426 1013 1483 Similiter
1028 1424 1309 1488 Macarius,
1326 1420 1637 1475 monasterii
1657 1419 1813 1472 istius

220 1526 539 1591 monachus,
575 1535 635 1579 ut
681 1521 981 1577 Fontanino
1012 1520 1209 1584 visum,
1237 1532 1331 1574 seu
1360 1517 1544 1572 Romae
1587 1515 1810 1585 degens,

224 1636 281 1677 ut
306 1622 530 1677 Rubeus
577 1614 859 1672 contendit
882 1624 929 1680 α,
956 1612 1212 1681 Pamphili
1244 1610 1554 1679 Apologiam
1573 1607 1815 1677 Origcnis

228 1714 292 1768 ab
321 1728 385 1769 eo
436 1714 710 1780 impetrat,
763 1720 922 1778 quam
962 1704 1168 1767 Romae,
1218 1716 1323 1772 quo
1362 1715 1412 1754 a.
1442 1699 1545 1753 597
1587 1708 1814 1753 exeunte

228 1807 310 1861 vel
355 1807 577 1858 ineunte
621 1799 729 1856 598
758 1814 818 1854 se
843 1796 1165 1861 contulerat,
1201 1792 1495 1855 transtulit,
1526 1789 1709 1845 addito
1750 1790 1816 1844 de

1912 593 2226 647 transmissa
2273 603 2444 661 erant,
2493 606 2543 650 et
2576 595 2793 649 vixdum
2843 598 3084 651 absoluta
3124 614 3193 652 ea
3232 610 3285 652 et
3320 599 3495 668 Apro-

1913 686 2072 739 niano
2110 684 2367 755 inscripta
2394 700 2515 741 cum
2555 688 2743 743 amicis
2776 690 2865 757 qui
2896 689 3207 760 Hieronymi
3262 694 3494 746 maxime

1913 778 2087 833 verbis
2139 778 2251 832 laesi
2306 788 2479 845 erant,
2528 779 2751 835 Ruﬁnus
2801 783 3337 838 communicaverat:
3370 799 3493 837 cum

1913 870 2016 922 duo
2034 868 2147 938 jam
2180 868 2323 923 illius
2344 869 2611 942 Apologia:
2634 870 2753 927 libri
2788 882 2974 927 contra
3008 876 3107 927 tria
3150 875 3300 928 istius
3346 876 3496 929 volu-

1915 961 2056 1015 mina
2089 962 2325 1016 nondum
2358 963 2539 1032 plena,
2563 965 2657 1020 sed
2703 969 3010 1020 summatim
3041 976 3243 1021 tantum
3276 977 3497 1037 accepta

1918 1055 2201 1123 prodeunt.
2239 1055 2437 1112 Horum
2484 1059 2765 1129 exemplar
2798 1060 3095 1128 Aquileiam
3131 1074 3223 1129 per
3254 1062 3502 1131 negetia-

1920 1158 2092 1202 torem
2125 1156 2492 1203 transeuntem
2523 1149 2787 1218 perlatum
2831 1150 3099 1221 biduoque
3142 1163 3347 1207 tantum
3372 1168 3503 1206 cnn-

1916 1251 2123 1292 cessum
2156 1237 2371 1293 brevem
2422 1237 2616 1295 Ruﬁno
2647 1240 3053 1308 reSponsionem
3082 1242 3309 1297 extorsit
3343 1253 3389 1294 ε.
3422 1243 3504 1295 Si-

1918 1329 2027 1383 mul
2086 1329 2324 1398 integros
2354 1331 2627 1402 Apologia:
2675 1331 2842 1386 libros
2889 1332 3215 1403 Hieronymo
3246 1332 3504 1405 legendos

1919 1422 2103 1474 mittit.
2138 1421 2361 1475 Reddita
2398 1423 2559 1477 fuisse
2585 1424 2831 1478 videntur
2854 1438 2942 1477 an.
2970 1422 3098 1479 402.
3127 1423 3329 1479 Eodem
3357 1434 3505 1478 certe

1920 1529 2083 1581 anno,
2114 1530 2299 1571 mense
2324 1515 2511 1570 Martio
2544 1516 2627 1570 vel
2657 1518 2850 1585 Aprili,
2884 1517 3097 1572 tertium
3129 1516 3405 1585 Ap010gia:
3437 1516 3504 1570 li-

1920 1607 2076 1662 brum
2107 1607 2467 1680 Hieronymus
2503 1607 2711 1678 effudit,
2746 1608 2870 1664 licet
2898 1609 3107 1680 pridem
3131 1624 3161 1663 a
3193 1609 3507 1665 Clirumatio

1920 1709 2064 1755 esset
2108 1702 2565 1758 commonefactus
2604 1710 2663 1757 ut
2693 1703 3027 1758 contentioni
3073 1701 3502 1759 Christianorum

1922 1792 2129 1845 animos
2190 1790 2481 1848 oﬁ‘endenti
2529 1792 2744 1848 silentio
2798 1792 2956 1848 tinem
3005 1794 3324 1865 imponeret.
3369 1793 3509 1862 Quid

226 1914 320 1954 suo
347 1912 443 1966 pro
470 1896 577 1950 ﬁde
606 1908 705 1948 sua
737 1888 1051 1946 vindicanda
1077 1886 1260 1941 libello
1278 1880 1818 1938 deAdutterationeli-
1851 1884 1893 1941 Β
1924 1884 2064 1953 quod
2112 1884 2179 1938 ad
2218 1886 2572 1953 Augustinum
2631 1885 2766 1945 adeo
2822 1895 3071 1957 tanquam
3125 1886 3529 1943 moderationis»

229 1991 427 2044 brorum
455 1986 724 2059 Origenis.
751 1982 991 2052 Cumque
1034 1980 1089 2034 in
1119 1976 1382 2046 Pamphili
1414 1972 1669 2045 Apologia
1699 1972 1815 2028 Ori-

228 2095 370 2151 genis
406 2080 579 2133 libros
608 2078 675 2129 de
705 2072 995 2142 Principiis
1040 2069 1333 2125 identidem
1382 2066 1588 2121 laudari
1636 2065 1819 2119 obser-

230 2180 401 2227 vasset
430 2170 724 2232 Macarius,
761 2166 953 2221 iterum
986 2162 1243 2233 Ruﬁnum
1290 2160 1498 2229 rogavit
1527 2167 1585 2213 ut
1630 2156 1821 2211 Roma-

231 2263 307 2319 nis
360 2262 585 2317 auribus
634 2256 1091 2313 accommodaret.
1147 2252 1257 2306 Nee
1312 2252 1367 2305 in
1415 2251 1517 2305 hoc
1565 2248 1816 2318 quidem,

230 2370 529 2427 quanquam
582 2349 907 2423 prtevideret
942 2354 1200 2419 quantum
1230 2344 1331 2401 sibi
1364 2343 1580 2399 invidia:
1622 2340 1823 2397 conﬁa-

231 2461 374 2506 turus
402 2455 553 2505 esset
580 2447 687 2501 hac
714 2441 1049 2513 obsequendi
1100 2439 1382 2505 facilitate,
1416 2452 1624 2492 morem
1657 2435 1706 2489 ei
1730 2449 1823 2505 ge-

238 2559 351 2600 rere
375 2539 681 2605 recusavit,
708 2537 804 2594 sed
831 2536 1060 2609 primum
1090 2534 1201 2589 duo
1233 2534 1443 2604 priores
1470 2530 1637 2586 edidit
1664 2539 1823 2599 atque

238 2635 286 2689 in
332 2633 651 2703 praefatione
695 2629 837 2686 haud
884 2628 1111 2684 dixerim
1155 2626 1295 2681 bona
1337 2624 1441 2679 ﬁde
1490 2638 1558 2678 an
1609 2621 1823 2678 invidia:

238 2727 562 2782 declinanda:
615 2737 799 2778 causa.
848 2721 1027 2778 Ruﬁni
1078 2719 1449 2774 auctoritatem
1505 2715 1822 2786 praetendit,

242 2816 377 2887 quod
417 2815 471 2870 in
523 2811 845 2885 praefatione
890 2812 955 2866 ad
1004 2810 1252 2865 bomilias
1290 2809 1424 2864 duas
1472 2806 1722 2876 Urigenis
1771 2806 1823 2859 in

239 2906 514 2962 Canticum
542 2904 881 2960 canticorum
911 2913 1017 2958 tam
1048 2901 1331 2973 magniﬁce
1355 2900 1422 2956 de
1438 2909 1658 2954 auctore
1679 2899 1823 2953 locu-

240 3008 320 3055 tus
370 3008 539 3064 esset,
593 3009 651 3053 ut
679 2997 855 3053 cuivis
904 2996 1117 3069 legendi
1161 2995 1280 3067 ejus
1317 2993 1646 3051 desiderium
1675 3008 1825 3049 com-

237 3102 475 3151 moveret
509 3103 567 3150 et
598 3092 829 3165 plurima
858 3105 917 3148 se
949 3092 1122 3162 ipsum
1166 3090 1392 3161 posthac
1442 3089 1821 3144 translaturum

233 3190 589 3260 promisisset.
642 3188 851 3243 Interea
891 3187 1071 3243 evenit
1117 3187 1257 3258 quod
1300 3194 1582 3243 metuerat.
1625 3184 1821 3255 Ingen-

232 3291 309 3337 tes
336 3296 434 3353 per
455 3291 628 3336 totam
654 3280 841 3335 urbem
860 3294 1099 3336 rumores
1117 3278 1347 3344 suborti,
1376 3287 1646 3347 aestusque
1667 3276 1825 3347 plane

231 3370 284 3426 in
316 3371 589 3427 turbinem
614 3371 774 3426 editis
804 3370 1016 3426 duobus
1045 3367 1432 3439 posterioribus
1460 3367 1610 3423 libris
1637 3366 1820 3423 cessit.

234 3462 337 3519 Sed
368 3464 514 3534 quod
538 3464 698 3533 longe
722 3459 872 3532 pejus
903 3462 1096 3517 Ruﬁno
1123 3460 1339 3527 accidit,
1368 3460 1745 3515 Pammachius
1771 3469 1827 3515 et

230 3553 499 3622 Oceanus,
515 3554 748 3610 schedas
770 3552 951 3608 Ruﬁni
979 3554 1048 3607 im
1056 3554 1322 3624 periectas
1341 3561 1398 3608 et
1413 3552 1650 3608 nondum
1661 3566 1826 3623 expo-

230 3648 369 3717 litas,
387 3663 445 3704 ut
463 3649 602 3704 forte
626 3647 694 3704 de
713 3624 874 3703 ma‘t‘iu
903 3648 1235 3715 exciderant,
1252 3649 1321 3704 ad
1340 3646 1723 3718 Hieronymum
1747 3654 1827 3701 ta-

227 3744 335 3799 cito
381 3745 627 3799 auctoris
658 3742 896 3809 nomine,
932 3754 989 3797 ut
1020 3743 1361 3814 postmodum
1398 3743 1487 3799 ille
1523 3742 1825 3807 contendit,

228 3836 663 3891 transmiserant.
712 3834 883 3892 Simul
927 3851 1119 3891 novam
1163 3836 1420 3891 librorum
1451 3837 1514 3890 de
1544 3835 1827 3906 Principiis

226 3929 537 3983 versionem
567 3929 637 3981 ab
665 3941 735 3983 eo
762 3936 1040 3996 expetunt.
1075 3926 1278 3981 Eodem
1310 3936 1554 3996 tempore
1580 3926 1824 3990 Ruﬁnus,

224 4024 415 4079 nuntio
458 4023 526 4077 de
554 4022 704 4077 obitu
742 4020 931 4075 matris
954 4033 1199 4090 accepto,
1230 4018 1530 4091 Aquileiam
1561 4019 1825 4090 proﬁcisci

225 4119 464 4174 instituit
497 4136 509 4169 :
546 4117 615 4171 ad
646 4115 1034 4185 Hieronymum
1084 4114 1137 4169 id
1168 4112 1482 4185 perscripsit
1526 4113 1825 4182 litterisque

228 4211 468 4281 formatis
489 4225 519 4264 a
541 4223 677 4279 papa
703 4207 900 4263 Siricio
926 4207 1161 4276 acceptis
1195 4207 1276 4260 via
1310 4206 1699 4261 mediterranea
1734 4219 1829 4274 per

226 4305 593 4360 Mediolanum
643 4317 709 4357 eo
736 4300 1014 4356 contendit
1041 4299 1091 4352 ιι.
1118 4298 1377 4368 Aquileia:
1407 4298 1672 4368 imprimis
1699 4311 1828 4352 con-

230 4400 517 4452 suetudine
546 4404 612 4453 eL
630 4392 1007 4450 benevolentia
1030 4392 1327 4447 Chromatii
1346 4391 1584 4463 episcopi
1615 4405 1828 4446 recrea-

230 4500 316 4545 tus
345 4500 450 4545 est.
483 4488 627 4543 Num
673 4500 803 4542 vero
842 4485 910 4540 ab
954 4485 1142 4541 eodem
1188 4483 1518 4554 Aquileiensi
1570 4481 1827 4535 Ecclesiae

233 4592 554 4655 aggregatus
583 4582 673 4648 sit,
705 4595 827 4634 cum
858 4594 889 4633 a
914 4578 1121 4634 Joanne
1174 4577 1667 4649 Hierosolymitano
1707 4591 1827 4645 pre-

1920 1989 2032 2029 sua:
2062 1982 2249 2029 testem
2281 1984 2610 2044 postremam
2639 1979 2775 2033 hanc
2806 1978 3123 2050 Apologiam
3166 1979 3332 2044 misit,
3365 1979 3511 2035 Ruﬁ-

1923 2067 2079 2120 niana
2118 2065 2426 2133 maledicta,
2450 2082 2557 2139 quo
2594 2069 2810 2124 nomine
2833 2068 2952 2140 ejus
2983 2071 3297 2142 Apologiam
3331 2080 3510 2136 vocat,

1924 2163 1973 2213 in
2004 2159 2180 2215 Africa
2211 2160 2391 2215 studio
2429 2160 2597 2230 ipsius
2619 2153 2818 2217 dudum
2850 2164 3053 2233 perlata
3079 2178 3200 2221 esse
3224 2175 3393 2220 ratus.
3427 2166 3509 2221 Ad

1923 2267 2043 2322 quae
2094 2250 2209 2317 ille,
2246 2253 2497 2308 «nescire
2528 2266 2587 2307 se
2633 2270 2752 2323 quae
2798 2255 2995 2324 scripta
3050 2256 3311 2310 maledica
3347 2271 3512 2326 super

1926 2341 2141 2397 nomine
2162 2342 2278 2411 ejus
2303 2342 2538 2398 Africam
2569 2345 2933 2413 pervenerint,
2958 2346 3301 2402 contabuisse
3331 2354 3509 2402 autem

1925 2435 2134 2502 dolore,
2158 2446 2211 2492 et
2243 2436 2436 2492 timore
2465 2437 2764 2509 obriguisse
2788 2438 3055 2509 legentem
3079 2454 3197 2511 qua:
3222 2440 3327 2495 illis
3348 2442 3503 2496 male-

1924 2526 2081 2583 dictis
2115 2528 2516 2599 respondisset:
2551 2532 2916 2585 exanimatum
2943 2530 3005 2585 iri
3030 2532 3075 2586 si
3100 2532 3152 2586 in
3175 2547 3364 2587 manus
3385 2548 3513 2588 suas

1925 2619 2065 2678 forte
2083 2624 2349 2691 venirent,
2372 2638 2491 2693 qua:
2520 2637 2551 2677 a
2574 2623 2769 2679 Ruﬁno
2796 2634 2902 2679 tam
2930 2624 3185 2681 ell‘renata
3214 2625 3433 2680 libidine
3457 2626 3514 2681 in

1927 2730 1985 2771 se
2000 2716 2146 2787 jacta
2167 2717 2492 2773 nuntiasset.
2508 2736 2526 2769 ι
2543 2717 2675 2773 Cum
2694 2732 2785 2773 an.
2802 2717 2908 2773 400
2930 2718 3260 2791 TheOphilus
3277 2721 3513 2776 Alexan-

1928 2810 2115 2865 drinus
2131 2811 2415 2880 episcopos
2448 2811 2514 2866 ad
2538 2812 2942 2882 exstirpandam
2964 2814 3216 2871 haeresim
3237 2830 3515 2885 provocas-

1928 2913 2038 2971 set;
2059 2902 2373 2958 Anastasius
2393 2903 2556 2959 etiam
2581 2913 2658 2971 et,
2674 2905 2904 2976 impulsu
2927 2907 3065 2976 ejus,
3087 2906 3516 2964 Mediolanenses

1930 3004 1983 3049 et
1999 2994 2371 3066 Aquileienses
2391 2997 2626 3066 episcopi
2643 2996 2889 3068 Origeuis
2904 2996 3152 3070 dogmata
3169 2998 3510 3055 damnarant.

1930 3090 2002 3144 At
2028 3088 2365 3154 Anastasius,
2397 3090 2504 3155 cui,
2534 3104 2656 3145 cum
2699 3091 2816 3161 ipse
2842 3090 3067 3146 Romam
3107 3092 3374 3162 proﬁcisci
3404 3105 3514 3148 non

1932 3179 2215 3249 potuisset,
2237 3180 2454 3236 brevem
2469 3180 2589 3237 ﬁdei
2603 3196 2715 3237 suae
2742 3183 3057 3253 Apologiam
3086 3183 3309 3240 Ruﬁnus
3354 3184 3517 3241 mise-

1849 3255 1897 3359 (ξ
1931 3281 2032 3340 rat,
2056 3273 2175 3344 ejus
2223 3289 2441 3330 causam
2473 3290 2504 3329 a
2533 3288 2696 3330 causa
2738 3275 2990 3344 Origenis
3036 3278 3195 3346 plane
3244 3278 3512 3334 diversam

1929 3365 2309 3437 deprehendit,
2344 3376 2572 3424 testatus
2602 3368 2652 3423 id
2686 3368 2742 3423 in
2774 3369 2972 3425 litteris
3000 3371 3067 3425 ad
3105 3369 3367 3429 Joannem
3396 3372 3516 3428 Hie.

1931 3460 2376 3531 rosolymitanum
2405 3461 2581 3527 datis;
2610 3459 2664 3516 in
2694 3463 2908 3533 quibus,
2938 3477 3060 3520 cum
3110 3476 3294 3534 aperte
3326 3466 3517 3537 Orige-

1930 3566 2055 3608 nem
2094 3551 2423 3619 damnasset,
2460 3552 2712 3609 Ruﬁnum
2744 3563 2870 3610 tunc
2908 3554 3123 3611 demum
3154 3572 3214 3612 se
3258 3558 3517 3617 damnare

1930 3643 2138 3711 scribit,
2162 3644 2208 3700 si
2237 3660 2516 3702 assensum
2548 3647 2668 3703 istis
2696 3664 2816 3719 quae
2854 3649 3236 3720 interpretatus
3282 3652 3354 3707 sit
3381 3668 3518 3722 pra--

1932 3735 2129 3803 buerit,
2160 3736 2303 3807 quod
2331 3737 2400 3792 ad
2426 3738 2542 3803 Dei,
2578 3754 2684 3794 non
2716 3740 2992 3796 hominum
3033 3741 3300 3812 judicium
3329 3758 3520 3802 censet

1931 3829 2340 3886 remittendum.
2372 3831 2732 3887 Nihilominus
2766 3834 2818 3888 in
2848 3846 3088 3891 extrema
3117 3837 3341 3907 epism'a
3392 3855 3519 3910 pro-

1930 3923 2014 3978 cul
2047 3937 2108 3978 se
2158 3938 2188 3978 a
2235 3925 2616 3981 communione
2645 3940 2741 3982 sua
2783 3925 2985 3983 habere
3043 3928 3296 3984 Ruﬁnum
3351 3932 3520 4003 signi-

1934 4015 2076 4083 ﬁcat,
2126 4025 2182 4072 et
2230 4016 2370 4074 hanc
2420 4017 2592 4089 ipsam
2640 4018 2922 4090 epistolam
2968 4034 3091 4077 cum
3136 4023 3340 4090 altera,
3397 4040 3518 4093 qua:

1934 4109 2128 4179 periit,
2183 4109 2241 4165 in
2295 4124 2413 4167 rem
2467 4125 2620 4167 suam
2696 4112 3078 4181 interpretatus
3142 4123 3260 4169 erat
3325 4114 3517 4170 Hiero-

1933 4217 2126 4274 nymus
2156 4244 2171 4270 ,
2217 4204 2359 4260 unde
2408 4214 2651 4261 neutram
2692 4221 2790 4277 pro
2836 4222 2964 4263 vera
3008 4223 3300 4278 agnoscere
3348 4210 3518 4263 voluit

1934 4296 2181 4351 Ruﬁnus.
2226 4296 2502 4364 Tandem,
2553 4298 2775 4354 reducta
2810 4299 2932 4355 coeli
2981 4301 3313 4364 serenitate,
3374 4310 3517 4355 totus

1932 4390 2235 4445 scribendis
2280 4399 2373 4443 aut
2401 4389 2469 4443 de
2498 4389 2687 4444 Graeco
2731 4390 3074 4446 traduceudis
3101 4391 3254 4447 libris
3287 4396 3517 4461 vacavit,

1935 4484 2324 4553 plurimamque
2348 4493 2552 4552 partem
2588 4482 2913 4553 scriptorum
2956 4485 3096 4540 intra
3142 4486 3511 4555 septennium,

1934 4575 2075 4646 quod
2128 4575 2306 4629 adhuc
2350 4573 2612 4644 Aquileiae
2663 4577 2943 4647 transegit,
2985 4577 3238 4633 confecit.
3272 4580 3517 4649 Aquileia

235 4644 425 4748 διηιεῖ
448 4674 765 4731 monastica:
787 4672 1131 4745 professionis
1157 4681 1301 4727 esset
1339 4672 1637 4735 ordinatus,
1668 4686 1828 4726 nemo
1860 4644 1908 4703 D
1935 4684 2024 4724 an.
2049 4666 2154 4721 408
2192 4666 2400 4732 relicta,
2430 4668 2483 4721 in
2533 4668 2920 4722 monasterium
2946 4668 3118 4724 Pineti
3165 4671 3358 4725 iterum
3388 4687 3516 4727 con-

236 4783 331 4837 pro
363 4780 513 4825 certo
566 4768 938 4822 atﬁrmaverit.
990 4766 1197 4821 Interea
1242 4766 1433 4819 littera:
1489 4764 1823 4834 Hieronymi,

237 4862 428 4932 quibus
482 4860 786 4914 Rutinianis
845 4858 1242 4927 reSpondebat,
1301 4870 1332 4910 a
1382 4855 1727 4912 Pammachio
1772 4867 1827 4912 et

238 4959 452 5011 Oceano
496 4957 810 5021 interceptce
838 4959 990 5005 erant
1018 4968 1031 5018 ;
1058 4950 1209 5017 alias,
1239 4963 1371 5018 quas
1394 4950 1459 5003 ad
1493 4951 1637 5018 ipsos
1666 4950 1828 5006 dede-

239 5061 336 5113 rat,
371 5051 423 5104 in
468 5048 666 5119 quibus
694 5046 869 5100 Ruﬁni
916 5046 1284 5115 prwfationem
1326 5046 1592 5101 refutabat
1616 5055 1672 5101 et
1697 5046 1828 5101 alie-

242 5160 432 5199 IiHmSC
454 5147 522 5198 ab
543 5143 790 5212 Origenis
812 5142 1062 5212 dogmate
1086 5144 1398 5211 testabatur,
1419 5159 1519 5196 una
1548 5158 1667 5197 cum
1691 5157 1826 5197 nova

240 5232 490 5289 librorum
507 5235 571 5288 de
588 5232 865 5302 Principiis
879 5234 1145 5295 versione,
1164 5233 1346 5289 Romae
1360 5235 1829 5291 circumferebant.

244 5327 322 5381 Ab
348 5328 661 5395 Aproniano
709 5325 1004 5397 Aquileiam
1040 5328 1372 5382 transmissae
1400 5328 1467 5382 ad
1498 5330 1836 5398 responden-

241 5415 363 5470 dum
415 5417 672 5472 Ruﬁnum
726 5426 1061 5486 permovent,
1108 5420 1190 5474 cui
1232 5420 1577 5489 responsioni
1634 5421 1701 5475 ab
1743 5435 1830 5476 au.

241 5506 343 5563 599
395 5526 563 5581 usque
622 5509 689 5563 ad
741 5525 829 5563 an.
882 5509 974 5564 401
1024 5512 1310 5569 insudavit.
1371 5515 1613 5585 Carptim
1668 5520 1715 5572 ei
1770 5521 1836 5574 ab

316 5670 498 5739 FCap.
522 5669 613 5729 1'2,
646 5684 696 5733 p.
717 5668 819 5739 βά.

307 5735 334 5776 δ
362 5735 683 5814 Είαιιςυιο
715 5737 880 5814 Ruhei
919 5741 1076 5814 paulo
1121 5750 1246 5796 ante
1278 5742 1453 5814 Siricii
1484 5744 1707 5808 obitum,
1735 5748 1825 5814 qui

223 5808 780 5897 ,seculttdumnttaronii
804 5812 1130 5897 sententiam
1170 5829 1261 5897 an:
1284 5812 1411 5876 338,
1444 5814 1706 5897 Febrin,
1740 5808 1827 5871 se-

235 5881 466 5937 cundum
519 5880 748 5950 Pagium
795 5878 882 5934 die
920 5879 991 5933 26
1043 5881 1301 5938 Novemb.
1350 5886 1564 5952 accidit,
1602 5887 1822 5939 Romam

1935 4762 2119 4828 cessit,
2152 4760 2334 4831 ibique
2367 4762 2591 4817 alterum
2634 4761 2698 4815 de
2726 4759 3173 4838 Benedictionibus
3204 4764 3520 4831 patriarcha-

1934 4873 2052 4911 rum
2091 4856 2306 4921 librum,
2360 4870 2518 4925 quem
2562 4854 2783 4909 Paulino
2832 4864 2951 4923 post
2998 4856 3227 4923 primum
3275 4858 3520 4928 Aquileia

1936 4950 2038 5019 ipsi
2094 4947 2468 5003 transmissum
2523 4946 2795 5017 pollicitus
2846 4955 2984 5013 erat,
3014 4947 3261 5013 absolvit,
3298 4950 3521 5005 Romam

1937 5041 2133 5096 deinde
2180 5032 2547 5110 perrecturus.
2581 5039 2960 5111 Ingruentibus
2986 5049 3163 5111 autem
3194 5041 3378 5097 Romae
3403 5044 3525 5097 bar-

1937 5138 2104 5202 baris,
2152 5124 2377 5205 profugo
2408 5133 2615 5188 Piniani
2654 5136 2815 5188 cmtui
2846 5132 3128 5202 adjunctus
3167 5134 3355 5192 eodem
3380 5151 3524 5191 anno

1938 5232 1993 5286 in
2039 5231 2279 5285 Siciliam
2327 5226 2711 5283 transtretavit.
2750 5225 2821 5279 lbi
2869 5226 2918 5278 in
2963 5237 3251 5295 conspectu
3302 5240 3521 5283 vaStata:

1938 5343 2059 5383 eum
2092 5328 2301 5383 caeteris
2332 5327 2643 5397 regionibus
2670 5327 2738 5382 ab
2767 5328 2985 5382 Alarico
3013 5328 3275 5381 Calabria:
3316 5329 3523 5397 aliquot

1938 5422 2182 5492 Origenis
2230 5419 2402 5489 libris,
2444 5420 2683 5473 homiliis
2731 5419 2940 5473 scilicet
2989 5421 3042 5473 in
3077 5419 3349 5483 Numeros,
3383 5435 3519 5489 quas

1942 5520 2148 5572 Donato
2195 5514 2353 5569 alicui
2403 5512 2699 5582 inscripsit,
2733 5523 2786 5566 et
2840 5511 3053 5565 Cantica
3101 5512 3434 5577 canticorum,
3468 5515 3521 5566 in

1936 5674 2204 5744 pervenit,
2240 5685 2302 5723 ac
2330 5670 2595 5745 integrum
2619 5681 2756 5735 pene
2784 5679 2981 5745 annum
3018 5666 3087 5745 ibi
3129 5674 3514 5745 enixirttoratus,

1940 5736 2235 5814 Aquileiam
2260 5753 2446 5814 mense
2475 5737 2717 5805 Augusto
2744 5736 2825 5814 vel
2852 5736 3337 5814 Septembri_adi_it.

2013 5801 2035 5854 ἕ
2071 5817 2192 5868 llmc
2218 5813 2441 5878 epistola
2495 5801 2641 5858 nunc
2685 5801 2903 5872 quidem
2948 5803 3240 5856 intercidit.
3266 5806 3378 5860 Non
3421 5824 3515 5876 per

1938 5888 2157 5943 biduum
2186 5892 2462 5937 exaratam
2490 5900 2611 5941 esse
2635 5885 2877 5958 potuisse
2908 5878 3265 5947 Hierunymus
3292 5879 3510 5947 obiecit.
