4094 6344
573 426 639 480 15
1570 412 1869 471 RUFINUS
1906 404 2379 479 AQUILEIENSIS
2419 402 2846 461 PRESBYTER.
3801 394 3867 449 16

570 542 780 599 Piniani
810 542 1062 614 gratiam,
1095 546 1364 596 extremas
1397 534 1537 591 vires
1570 533 1879 601 insumpsit,
1915 527 2159 584 tandem-
2190 531 2239 585 A
2334 523 2524 580 Versio
2549 524 2767 594 .losephi
2793 535 3038 594 operum,
3068 533 3171 573 non
3200 514 3400 582 Rufini,
3431 512 3526 569 sed
3556 510 3865 568 Ambrosii.

572 651 673 706 que
731 635 963 690 animam
1008 637 1060 690 in
1109 632 1403 688 amicorum
1448 625 1816 697 complexibus
1877 636 2019 678 anno
2059 620 2163 673 410

576 728 837 785 reddidit.

1188 864 1217 936 §
1250 862 1304 918 2.
1334 862 1562 930 Scripta.

647 979 830 1052 Longe
857 979 1090 1035 maxima
1131 992 1257 1045 pars
1302 988 1530 1045 Operam
1591 968 1772 1026 Rufini
1825 966 2165 1025 versionibus

575 1078 834 1135 librorum
883 1076 1195 1131 Graecorum
1238 1072 1445 1127 Latinis
1473 1067 1780 1125 conficitur.
1812 1064 1942 1132 Quae
1973 1067 2041 1117 de
2068 1076 2166 1116 suo

575 1170 795 1239 scripsit
838 1170 1032 1239 exiguo
1088 1179 1315 1220 numero
1358 1168 1631 1218 constant.
1669 1158 1955 1224 Utriusque
1984 1161 2161 1208 autem

575 1264 790 1333 generis
830 1261 1114 1317 elenchum
1141 1301 1156 1324 ,
1184 1254 1638 1329 quemadmodum
1671 1268 1699 1305 a
1732 1250 2052 1313 Fontanino,
2075 1244 2167 1316 qui

576 1354 644 1408 de
670 1352 734 1408 iis
763 1353 1069 1408 accuratius
1091 1348 1219 1419 egit,
1253 1346 1612 1402 concinnatus
1637 1351 1740 1407 est,
1771 1340 2032 1395 dabimus.

777 1511 818 1567 Ι.
844 1511 1025 1566 Orsua
1063 1522 1306 1563 smcena.
1329 1534 1397 1545 ——
1432 1503 1480 1560 Ι.
1514 1501 1722 1570 Scripta
1752 1512 1979 1570 prapna.

649 1642 969 1699 Dissertatio
991 1641 1061 1696 de
1082 1639 1491 1695 Adulteratione
1522 1635 1780 1689 librorum
1808 1626 2074 1699 Origenis.

648 1735 1093 1793 Benedictionum
1124 1749 1198 1789 xu
1231 1730 1653 1803 patriarcharum
1686 1724 2013 1795 explanatio.

650 1831 911 1903 Apologia
939 1871 954 1897 ,
1002 1843 1098 1887 seu
1151 1826 1537 1883 lnvectivarum
1569 1822 1692 1878 libri
1742 1820 1850 1875 duo
1908 1816 2170 1872 adversus

567 1925 986 1998 “Hieronymum.

655 2017 916 2088 Apologia
941 2030 1037 2087 pro
1065 2015 1169 2072 fide
1212 2030 1308 2071 sua
1339 2012 1406 2067 ad
1435 2008 1773 2067 AnaStasium
1801 2002 2133 2075 pontiﬁcem.

655 2108 901 2164 Historiae
926 2108 1309 2164 ecclesiastica:
1341 2106 1467 2162 libri
1494 2102 1623 2168 duo,
1654 2099 1880 2167 scilicet
1932 2112 1964 2151 x
2005 2101 2063 2151 e1.
2119 2108 2172 2148 xt

583 2210 704 2270 post
731 2200 1017 2256 Historiam
1053 2200 1427 2256 Eusebianam.

654 2291 883 2346 Historia
933 2291 1232 2359 eremitica,
1266 2292 1383 2345 sire
1408 2289 1545 2344 Vitas
1589 2286 1809 2341 Patrum
1858 2282 2017 2353 vulgo
2071 2279 2173 2335 sub

586 2384 892 2455 Hieronymi
923 2383 1139 2440 nomine
1167 2384 1346 2439 editas.

633 2471 957 2541 'Explicatio
970 2472 1246 2543 Symboli.

796 2614 851 2669 2.
882 2613 1058 2671 ’γένεα
1084 2631 1111 2670 e
1139 2614 1321 2670 Graeca
1350 2616 1401 2669 iu
1429 2614 1671 2670 Latinam
1692 2611 1967 2685 Linguam.

655 2744 835 2801 Basilii
867 2746 1040 2816 Magni
1073 2746 1297 2818 Regula.

654 2835 907 2906 Ejusdem
948 2836 1193 2895 Homiliae
1221 2848 1363 2896 octo.

655 2927 818 2983 Liber
843 2944 981 2984 unus
1002 2929 1273 3001 Apologia;
1300 2928 1563 3000 Pamphili
1596 2944 1689 3000 pro
1710 2927 2037 3000 Origene;in
2066 2941 2171 2997 quo

589 3019 887 3079 Sententia:
914 3024 1175 3080 adversus
1207 3024 1632 3080 Mathematicos.

657 3115 906 3186 Origenis
934 3115 1058 3171 libri
1086 3125 1313 3187 quatuor
1341 3122 1458 3189 Περὶ
1487 3118 1702 3194 Ἀρχῶν.

656 3210 916 3283 Ejusdem
960 3212 1202 3267 Homilim
1236 3227 1347 3267 xvu
1377 3213 1429 3267 in
1460 3211 1717 3267 Genesin.

1256 3320 1349 3359 χιιι
1378 3304 1429 3359 in
1455 3303 1718 3359 Exodum.

910 3415 936 3441 ο
1052 3427 1121 3437 -
1267 3414 1352 3451 xvi
1384 3398 1434 3452 in
1460 3396 1781 3452 Leviticum.

1260 3507 1422 3547 xxvut
1454 3492 1506 3546 in
1528 3492 1811 3546 Numeros.

1264 3599 1385 3638 xxvr
1416 3584 1468 3637 in
1492 3582 1672 3639 Josue.

1269 3694 1320 3732 ιι
1348 3679 1401 3732 in
1429 3676 1670 3731 Judices.

1266 3788 1282 3825 ι
1316 3773 1367 3826 in
1399 3771 1419 3825 ι
1449 3771 1640 3825 librum
1668 3769 1893 3839 Regum.

1264 3879 1313 3917 iv
1345 3863 1397 3917 in
1430 3862 1647 3918 Cantica
1675 3861 2025 3917 canticorum.

1262 3955 1415 4009 Tomi
1447 3953 1539 4011 XV
1570 3954 1623 4007 in
1654 3952 1819 4007 libros
1858 3951 2044 4007 decem
2090 3950 2171 4005 di-

588 4050 767 4109 stincti
801 4050 854 4104 in
884 4046 1175 4118 Epistolam
1207 4046 1271 4101 ι).
1293 4045 1457 4100 Pauli
1482 4044 1548 4099 ad
1576 4043 1869 4099 Romanos.

656 4144 901 4216 Gregorii
923 4141 1244 4198 Nazianzeni
1275 4139 1533 4210 opuscula
1557 4138 1767 4204 decem,
1800 4151 2027 4206 nempe:

657 4235 1148 4309 Apologeticiliber
1176 4248 1332 4290 unus.
1374 4232 1452 4287 De
1493 4230 1831 4303 Epiphaniis.
1889 4230 1962 4283 De
1995 4229 2171 4285 Lumi-

587 4335 765 4392 nibus.
792 4332 870 4389 De
900 4330 1029 4387 Fide
1070 4330 1206 4386 liber
1243 4343 1402 4384 unus.
1456 4327 1531 4381 De
1573 4326 1785 4381 Niczena
1824 4325 1977 4392 Fide,
2031 4325 2170 4380 Pen-

585 4434 798 4481 tecoste
828 4432 881 4479 et
906 4423 1107 4492 Spiritu
1137 4430 1348 4477 sancto.
1379 4420 1457 4474 De
1485 4420 1788 4489 Semetipso
1811 4433 1879 4475 ex
1912 4418 2054 4489 Agro
2079 4433 2170 4473 re-

589 4530 768 4572 verso.
816 4517 896 4570 De
946 4514 1114 4570 Dictis
1159 4512 1462 4569 Hieremiae.
1505 4513 1580 4568 De
1628 4511 2088 4567 Reconciliatione
2117 4518 2173 4566 et

591 4609 805 4666 Unitate
836 4606 1241 4665 Monacborum.
1272 4607 1349 4663 De
1395 4605 1686 4663 Grandinis
1720 4607 2043 4661 vastatione.
2098 4604 2173 4659 De

587 4701 823 4757 Arianis.

659 4794 795 4853 Sixti
824 4793 1158 4865 Pythagoraai
1183 4793 1496 4850 Sententiae.

664 4885 876 4956 Evagrii
897 4886 960 4941 C.
993 4885 1286 4942 Sententia:
1313 4885 1379 4939 ad
1405 4882 1717 4938 monachos.

662 4977 915 5048 Ejusdem
944 4978 1239 5034 Sententiae
1270 4976 1337 5030 de
1364 4972 1614 5042 Apatbia.

730 5098 803 5108 -——
947 5067 1083 5123 liber
1112 5067 1177 5119 ad
1209 5065 1475 5133 Virgines.

660 5161 950 5217 Clementis
976 5157 1200 5214 Romani
1230 5154 1662 5223 Recognitiones.

664 5251 876 5308 Eusebii
916 5249 1163 5305 Historiae
1188 5245 1564 5303 ecclesiasticae
1594 5244 1715 5298 libri
1740 5243 1946 5300 decem.

663 5344 894 5401 Anatolii
924 5340 1266 5398 Alexandrini
1296 5338 1478 5393 Canon
1512 5337 1794 5407 paschalis.

768 3804 836 3817 ρ.-
1050 3802 1122 3813 -

764 3897 833 3905 —
1049 3895 1117 3905 -ο

764 3986 831 3997 —
1048 3983 1118 3995 ν

992 5478 1056 5535 11.
1090 5478 1463 5535 Surrosmru
1489 5486 1535 5533 et
1565 5495 1778 5535 ALIENA.

664 5614 855 5671 Vcrsio
880 5612 1128 5685 Origenis
1158 5612 1511 5668 Homiliarum
1538 5613 1592 5667 in
1615 5613 1814 5669 Lucam
1838 5629 1943 5669 non
1974 5612 2171 5681 Rufini,

590 5713 673 5764 cui
697 5708 1005 5774 ascribitur,
1034 5706 1127 5762 sed
1156 5706 1486 5779 Hieronymi.

2203 1916 2250 1976 Β

2335 617 2717 675 Commentarii
2746 618 2799 672 in
2834 632 2980 672 Lxxv
3012 614 3221 686 priores
3250 608 3465 665 Davidis
3492 606 3763 678 psalmos.

2465 741 2536 752 —
2742 712 2796 766 in
2825 711 3043 776 Oscam,
3072 707 3306 775 Joelem,
3340 702 3525 759 Amos.

2262 830 2265 835 λ
2336 804 2457 859 Vita
2482 812 2680 860 sancite
2712 801 2989 873 Eugeniae.

2336 896 2573 951 Libellus
2602 894 2669 950 de
2699 894 2825 949 Fide
2863 894 3103 949 brevior.

2339 987 2574 1044 Libellus
2602 987 2669 1042 de
2698 985 2831 1041 Fide
2862 984 3047 1041 fusior.

2891 1142 2981 1197 Ill.
3026 1141 3221 1196 Durus:

2341 1279 2584 1348 Origenis
2614 1276 2857 1332 Homiliae
2888 1292 2957 1331 vu
2989 1276 3041 1330 in
3069 1274 3397 1329 llfatthaaum.

2413 1402 2483 1412 —
2620 1371 2845 1426 llomilia
2877 1386 2893 1424 ι
2926 1371 2978 1424 in
3010 1370 3294 1426 Joannem.

2344 1465 2598 1537 Ejusdem
2627 1466 2696 1520 de
2726 1464 2890 1519 Maria
2916 1463 3247 1532 Magtlalena.

2417 1588 2489 1598 —
2633 1557 2703 1613 de
2749 1554 3046 1627 Epiphania
3079 1552 3325 1619 Domini;
3362 1552 3411 1607 in
3445 1550 3699 1607 [.atinum
3732 1566 3868 1608 con-

2272 1666 2463 1709 versae.

2828 1740 2917 1796 IV.
2958 1740 3285 1795 DEPERDITA.

2348 1876 2588 1950 Epistola
2614 1876 2680 1931 ad
2705 1874 3110 1947 Hieronymum,
3141 1878 3195 1933 in
3222 1890 3326 1948 qua
3350 1874 3510 1948 hujus
3530 1876 3710 1947 prima
3737 1877 3874 1946 Apo-

2279 1969 2415 2039 logia
2444 1966 2773 2022 confutatur.

2348 2058 2602 2128 Epistola'.
2631 2058 2696 2113 ad
2727 2057 2969 2114 Aniciam
3000 2057 3309 2115 Falconiam
3340 2057 3594 2114 Probam.

2346 2153 2633 2208 Librorum
2661 2151 2868 2220 aliquot
2912 2166 2944 2206 e
2969 2150 3160 2206 Latino
3190 2151 3241 2205 in
3273 2149 3521 2207 Graecum
3550 2164 3871 2208 sermonem

2274 2242 2580 2302 conversio.

2849 2337 2876 2407 §
2916 2336 2969 2391 5.
3006 2336 3291 2391 Editiones.

2348 2475 2531 2547 Iniqua
2562 2473 2717 2545 plane
2754 2470 2989 2527 auctoris
3033 2469 3220 2540 Optimi
3271 2478 3325 2525 et
3350 2468 3680 2539 scriptorum
3726 2466 3873 2541 eius,

2278 2569 2507 2626 maxime
2550 2582 2616 2623 ex
2670 2580 2774 2635 quo
2825 2574 2943 2620 arte
2989 2562 3379 2635 typographica
3432 2562 3553 2618 libri
3604 2563 3876 2634 multipli-

2277 2661 2386 2715 cari
2414 2669 2467 2714 et
2495 2658 2673 2715 ornari
2704 2666 3104 2714 consueverunt
3132 2695 3148 2720 ,
3181 2654 3393 2710 fortuna
3455 2654 3570 2710 fuit.
3615 2654 3760 2711 Nam
3821 2656 3874 2710 in

2276 2751 2547 2807 communi
2589 2748 2677 2803 illa
2704 2788 2718 2812 ,
2768 2762 2889 2818 qua:
2933 2760 3120 2801 versus
3167 2746 3325 2801 finem
3371 2746 3551 2801 srcculi
3600 2762 3671 2801 xv
3727 2748 3873 2802 obti-

2279 2843 2439 2897 nebat
2468 2882 2483 2908 ,
2530 2840 2788 2896 librorum
2820 2838 3171 2895 ecclesiastici
3202 2837 3537 2907 potissimum
3568 2839 3875 2907 argumenti

2278 2932 2760 3004 imprimendorum
2784 2931 3148 2995 aemulatione,
3167 2929 3220 2983 in
3239 2945 3340 2999 qua
3363 2930 3450 2983 vix
3474 2927 3628 2999 pauci
3651 2930 3876 2985 fuerunt

2279 3025 2630 3097 insigniorum
2654 3030 2957 3086 auctorum,
2990 3021 3183 3091 quibus
3216 3034 3319 3075 non
3353 3018 3524 3074 bonos
3555 3034 3686 3074 suus
3714 3018 3875 3075 babi-

2280 3131 2366 3173 tus
2393 3123 2561 3183 esset,
2585 3115 2733 3171 solus
2763 3114 2986 3168 Rulinus
3019 3120 3197 3168 tamen
3223 3126 3411 3167 exsors
3433 3120 3486 3167 et
3513 3111 3722 3182 absque
3749 3127 3874 3167 mn-

2277 3224 2408 3266 nere
2433 3209 2648 3264 mansit.
2679 3206 2855 3276 Atque
2896 3214 2955 3261 ut
2983 3203 3333 3262 collectiones
3367 3213 3593 3271 taceam,
3635 3218 3874 3274 quarum

2201 3312 2246 3375 ρ
2281 3318 2383 3359 una
2413 3302 2627 3358 demum
2656 3313 2825 3372 caque
2852 3308 2907 3356 et
2930 3313 3117 3355 manca
3145 3307 3200 3354 et
3228 3296 3583 3370 supposititiis
3606 3296 3767 3355 libris
3793 3300 3877 3354 in-

2278 3397 2543 3468 terpolata
2570 3404 2804 3452 exeunte
2832 3395 3031 3451 saeculo
3064 3409 3149 3449 xvi
3177 3393 3317 3448 facta
3347 3392 3605 3456 noscitur,
3639 3406 3711 3447 ne
3762 3392 3876 3447 sin-

2273 3490 2414 3561 gulis
2443 3489 2639 3545 libellis
2675 3488 2889 3560 quidem
2922 3487 3005 3543 vel
3036 3486 3137 3542 hoc
3162 3485 3248 3540 vel
3272 3482 3620 3553 sequentibus
3648 3484 3875 3541 saeculis

2277 3595 2439 3651 opera
2488 3579 2666 3651 aliqua
2717 3580 2957 3649 impensa
3010 3586 3113 3633 est.
3167 3574 3246 3630 Ex
3293 3588 3397 3644 quo
3435 3583 3613 3629 autem
3642 3590 3694 3629 a.
3730 3576 3874 3629 1580

2278 3672 2597 3729 Laurentius
2627 3673 2697 3728 de
2727 3673 2776 3727 la
2801 3672 2966 3727 Barre
2987 3667 3243 3740 opuscula
3268 3666 3514 3739 quaedam
3542 3666 3722 3724 Rufini
3749 3683 3875 3739 pro-

2277 3766 2422 3831 tulit,
2447 3779 2555 3820 uno
2597 3764 2829 3834 amplius
2873 3772 2926 3819 et
2954 3761 3176 3817 dimidio
3207 3759 3408 3815 saeculo
3430 3769 3696 3815 cessatum
3728 3760 3830 3817 fuit
3857 3802 3874 3826 ,

2276 3859 2448 3913 donec
2464 3855 2680 3912 celeber
2703 3854 3015 3925 Hieronymi
3036 3851 3216 3908 editor
3238 3850 3546 3906 Dominicus
3570 3849 3875 3907 Vallarsius

2278 3966 2432 4008 novae
2459 3960 2514 4006 et
2544 3950 2765 4020 integra:
2786 3948 3009 4005 editioni
3042 3961 3260 4003 manum
3312 3948 3657 4010 admoveret,
3710 3945 3873 4015 cujus

2279 4054 2456 4100 tomus
2509 4043 2531 4098 l
2590 4042 2820 4098 Veronae
2867 4040 3008 4094 1745
3057 4039 3291 4110 prodiit,
3338 4037 3473 4092 alter
3529 4050 3659 4092 vero
3703 4038 3871 4093 etiam

2278 4152 2446 4201 nunc,
2505 4141 2764 4207 quantum
2808 4133 3025 4204 quidem
3078 4130 3235 4186 nobis
3288 4134 3623 4198 compertum
3659 4167 3675 4193 ,
3726 4128 3873 4183 desi-

2276 4227 2496 4284 deratur
2522 4226 2574 4279 *.
2636 4225 2809 4280 Minus
2858 4221 3079 4278 invidiae
3100 4218 3437 4274 versionibus
3491 4216 3609 4285 ejus
3660 4215 3875 4272 Latinis

2276 4320 2600 4390 scriptorum
2656 4316 2965 4372 Graecorum
3004 4310 3269 4375 adhaesit,
3303 4323 3422 4379 quae
3476 4316 3532 4362 et
3584 4307 3652 4362 ab
3713 4308 3871 4362 initio

2276 4425 2414 4482 pene
2465 4407 2607 4478 apud
2652 4402 3030 4461 Occidentales
3092 4398 3265 4453 Graeci
3326 4397 3596 4453 sermonis
3649 4397 3872 4467 ignaros

2281 4502 2456 4573 magni
2485 4500 2766 4556 aestimata:
2817 4502 2960 4559 sunt,
2988 4500 3045 4547 et
3089 4489 3377 4546 recentiori
3423 4499 3582 4545 tetate
3627 4490 3872 4548 benevo-

2280 4596 2538 4652 lentiores
2585 4598 2823 4659 expertae
2870 4596 2997 4643 sunt
3050 4582 3372 4641 Christianae
3430 4584 3709 4654 sapientiai
3753 4595 3871 4642 stu-

2202 4688 2255 4749 D
2278 4692 2481 4748 diosos.
2512 4688 2654 4756 Quid
2678 4683 2821 4755 quod
2847 4692 2992 4738 tanta
3022 4681 3079 4738 in
3104 4695 3227 4737 eum
3258 4680 3541 4737 insolentia
3575 4695 3672 4736 usa
3706 4681 3871 4737 fuerit

2282 4783 2513 4846 fortuna,
2545 4787 2604 4833 ut
2634 4775 2871 4831 Historia
2907 4774 3025 4845 ejus
3071 4775 3399 4829 παιήων-ατη
3427 4773 3527 4829 sub
3552 4770 3866 4843 Hieronymi

2279 4871 2446 4941 ipsius
2478 4870 2695 4923 nomine
2728 4868 2957 4937 vigesies
2984 4876 3037 4921 et
3062 4866 3290 4936 amplius
3314 4865 3451 4920 intra
3478 4866 3730 4921 szeculum
3760 4867 3866 4918 im-

2280 4978 2465 5036 pressa
2500 4971 2554 5018 et
2596 4963 2648 5018 in
2685 4960 2962 5029 complura
2996 4959 3231 5014 aliarum
3264 4958 3561 5028 linguarum
3610 4957 3864 5011 idiomata

2281 5056 2538 5114 translata
2566 5054 2655 5110 sit.
2689 5055 2818 5123 Qua:
2847 5067 2967 5107 cum
2994 5052 3065 5106 ita
3096 5051 3222 5117 sint,
3275 5051 3327 5104 in
3356 5048 3696 5105 recensendis
3735 5063 3867 5117 ope-

2279 5165 2398 5207 rum
2421 5148 2600 5205 Ruﬁni
2624 5146 2950 5204 editionibus
2973 5145 3046 5200 ita
3079 5158 3380 5216 pergemus,
3401 5151 3459 5197 ut
3486 5144 3713 5212 primum
3744 5155 3864 5210 qua:

2278 5243 2688 5302 collectionibus
2732 5240 3118 5311 comprehensa
3150 5239 3345 5294 fuerint
3388 5238 3470 5291 vel
3522 5251 3589 5291 ex
3631 5235 3862 5305 propriis

2281 5339 2397 5409 ejus
2425 5338 2639 5405 scriptis
2666 5343 2755 5390 aut
2783 5348 3064 5405 perperam
3088 5332 3135 5387 ei
3164 5330 3377 5385 tributis
3405 5343 3523 5383 cum
3554 5327 3860 5398 singulatim

2282 5447 2497 5499 excusa,
2536 5440 2645 5486 tum
2688 5430 2913 5484 aliorum
2937 5425 3188 5496 operibus
3218 5423 3473 5493 permista
3516 5421 3811 5476 habeantur
3843 5461 3857 5483 ,

2280 5526 2473 5584 deinde
2536 5524 2783 5580 Historiae
2840 5519 3222 5576 ecclesiasticas
3288 5518 3521 5584 itemque
3570 5516 3859 5571 eremiticzc

2280 5631 2612 5687 eorumque,
2661 5629 2781 5686 qua:
2816 5612 2884 5667 de
2932 5610 3120 5667 Graeco
3167 5607 3367 5670 vertit,
3421 5605 3683 5661 editiones
3722 5602 3860 5659 refe-

2283 5724 2479 5767 ramus.

658 5869 689 5902 *
732 5867 899 5923 Hodie
929 5869 1087 5922 ctiam
1129 5876 1271 5923 tomo
1308 5868 1476 5922 altero
1523 5874 1668 5922 caret
1708 5867 1872 5924 editio
1904 5865 2257 5921 Vallarsiana.
2290 5865 2448 5919 Ευιτ.
