4094 6344
226 412 277 465 17
563 424 577 438 ⁸
1716 394 2006 453 ΝΟΤΙΤΙΑ.
3446 394 3511 447 18

883 520 1019 574 διε.
1068 534 1154 572 xv.
1838 515 1879 567 Α
1915 513 2061 565 xisse
2097 510 2399 564 videantur.
2436 529 2452 560 ι
2491 506 2757 564 Recusum
2776 516 2857 562 est
2886 505 3079 561 deinde
3105 519 3225 560 cum
3249 504 3507 563 omnibus

299 615 679 681 “68.030nii,
699 613 829 669 iri-4°
853 611 1066 684 (in-8°).
1094 613 1153 666 Β.
1186 609 1497 681 llieronymi
1530 609 1807 680 exposicio
1912 588 2254 657 Erasmianis
2281 617 2388 657 non
2412 599 2597 668 modo,
2627 600 2721 656 sed
2743 609 2799 655 et
2820 598 2942 653 aliis
2973 596 3087 653 fere
3115 596 3365 652 omnibus
3395 596 3507 667 Cy-

226 714 275 768 in
307 708 565 781 Syrnbolo
592 705 958 777 apostolorum
984 704 1050 759 ad
1079 716 1268 774 papam
1303 701 1675 756 Laurentium.
1702 698 1808 754 lm-
1912 695 2090 764 priani
2119 695 2450 751 editionibus
2472 694 2637 751 veluti
2660 694 2898 751 Romana
2916 709 3004 765 ap.
3032 693 3187 751 Paul.
3208 693 3509 749 Manutiutn

230 814 408 873 pressa
433 797 666 854 Oxonim
695 805 752 853 et
779 795 925 850 ﬁnita
952 808 1092 849 anno
1124 791 1333 848 Domini
1374 803 1713 849 accccuvnt
1746 790 1809 848 17
1918 786 2054 844 1565
2074 828 2091 854 ,
2129 804 2182 858 p.
2217 787 2345 855 581,
2380 787 2433 842 in
2467 803 2571 856 qua
2601 787 2804 858 Optime
2846 785 3086 858 singulos
3117 785 3377 841 articulos
3420 799 3514 840 se-

234 896 317 951 die
352 891 694 950 Decembris.
744 890 908 945 Liber
962 888 1278 945 decantatus
1310 896 1529 958 propter
1574 887 1811 958 origines
1913 878 2144 950 paratim
2169 885 2296 933 ante
2323 878 2722 947 expositionem
2748 876 3039 948 dispositos
3060 887 3117 934 et
3140 877 3357 933 diverso
3376 876 3513 933 cha-

233 990 307 1046 τοί
332 985 735 1059 ιγροςηριῆοω
772 984 826 1041 in
869 984 1059 1056 Anglia
1084 1024 1103 1053 ,
1130 984 1200 1039 de
1227 998 1335 1054 quo
1361 983 1611 1053 pluribus
1636 983 1808 1040 Mam,
1913 977 2127 1026 ractere
2147 982 2435 1040 expressos
2466 969 2803 1025 Fontaninus
2823 968 3049 1037 laudat;
3085 969 3217 1027 item
3237 968 3295 1026 in
3321 969 3517 1027 Pame-

229 1082 366 1135 Ann.
394 1088 505 1152 typ.
537 1086 581 1136 t.
611 1077 633 1133 l
658 1121 675 1147 ,
709 1091 832 1148 pag.
861 1076 989 1133 279.
1013 1072 1302 1147 Specimen
1343 1076 1646 1131 litterarum
1672 1076 1814 1132 sistit

1954 1060 2096 1130 anis,
2127 1060 2422 1118 Oxoniensi
2452 1070 2509 1117 et
2534 1062 2825 1117 Baluziana
2847 1061 3102 1135 denique.

229 1174 378 1227 Amet
424 1183 633 1243 typogr.
668 1168 996 1239 Antiquities
1021 1211 1035 1234 ,
1079 1183 1133 1238 p.
1164 1166 1296 1224 457.
1326 1167 1684 1224 Middletonus
1704 1168 1815 1240 qui—
1990 1172 2151 1228 1555.
2172 1172 2411 1239 Basilus,
2436 1175 2580 1247 apud
2605 1174 2774 1232 Henr.
2804 1176 2966 1244 Petri,
2988 1176 3053 1231 Γ.
3078 1176 3259 1234 Ruﬁni
3282 1179 3516 1251 Aquilei.

230 1263 352 1320 dem
380 1263 563 1319 vitium
585 1259 1030 1334 typographicum
1052 1260 1279 1315 subesse
1308 1269 1362 1315 et
1402 1257 1608 1315 omisso
1645 1261 1814 1315 altero
1915 1264 1985 1319 de
2011 1264 2487 1323 Benedictionibus
2524 1266 2681 1322 Judae
2709 1277 2764 1322 et
2811 1267 3140 1339 reliquorum
3172 1271 3515 1340 patriarcha-

238 1370 288 1421 ι,
322 1354 452 1410 1468
492 1369 589 1425 pro
632 1354 778 1409 M78
810 1394 826 1422 ,
870 1366 1126 1409 excusum
1158 1351 1290 1407 nihil
1332 1352 1557 1408 Caxtoni
1605 1352 1812 1423 gloriae,
1916 1369 2057 1410 rum.
2083 1356 2134 1410 in
2166 1355 2707 1429 Orthodoxographis
2736 1358 2860 1413 Joh.
2893 1357 3134 1426 Heroldi,
3168 1370 3305 1416 tom.
3336 1362 3404 1428 ll,
3425 1378 3509 1433 .p.

243 1445 325 1513 qui
364 1444 563 1515 primus
600 1452 780 1499 artem
830 1443 1271 1515 typographicam
1326 1443 1380 1498 in
1429 1443 1623 1514 Anglia
1662 1460 1816 1501 exer-
1921 1445 2079 1504 1425.
2131 1448 2421 1517 Heroldus,
2463 1450 2707 1519 ignorata
2742 1449 3020 1506 Hierothei
3074 1451 3349 1522 editione,
3384 1468 3516 1510 vero

244 1536 413 1591 cuisse
446 1534 644 1604 fertur,
676 1534 969 1591 detrahere
1010 1534 1214 1591 debere
1257 1536 1489 1591 censuit.
1536 1534 1658 1592 Vid.
1712 1536 1817 1593 The
1918 1540 2122 1595 auctori
2155 1538 2350 1596 librum
2380 1556 2537 1597 suum
2568 1542 2807 1598 restituit
2835 1558 2900 1598 ex
2945 1543 3135 1599 codice
3185 1559 3317 1612 ms.,
3349 1560 3512 1615 quem

253 1628 515 1684 Substance
540 1633 597 1703 of
617 1631 695 1685 his
732 1628 877 1684 Diu.
910 1644 976 1683 οη
1019 1627 1105 1682 the
1138 1626 1319 1698 Origin
1364 1630 1425 1697 of
1464 1625 1709 1700 Printing
1762 1630 1815 1683 in
1918 1632 2182 1704 pluribus,
2209 1650 2328 1706 quae
2356 1637 2495 1691 lectu
2515 1650 2622 1690 non
2654 1635 2870 1705 indigna
2895 1636 3223 1692 videbuntur
3242 1644 3345 1692 eta
3370 1637 3512 1693 Fon-

252 1717 479 1790 England
514 1723 564 1776 in
592 1721 714 1776 Two
746 1720 941 1792 Essays
968 1735 1034 1775 on
1072 1719 1157 1774 the
1205 1718 1297 1772 0r.
1335 1719 1394 1789 of
1427 1717 1623 1786 Print.,
1649 1722 1736 1776 ed.
1758 1722 1817 1789 2,
1922 1725 2105 1779 tanino
2130 1725 2293 1781 etiam
2323 1726 2478 1781 allata
2530 1736 2675 1793 sunt,
2727 1727 2799 1781 ita
2830 1726 3144 1793 ;descrihit:
3198 1746 3216 1780 ι
3250 1727 3514 1799 Georgius

250 1812 563 1882 Lond.l776,
590 1814 869 1873 in-8°.Sed
900 1814 1025 1869 licet
1043 1812 1405 1869 assentientes
1429 1811 1578 1867 haud
1596 1827 1813 1882 paucos,
1855 1891 1884 1894 _
1922 1816 2207 1886 Pistorius,
2231 1820 2314 1874 vir
2342 1820 2675 1875 clarissimus
2719 1821 2859 1891 apud
2906 1822 3221 1894 Ensisheym
3270 1822 3512 1878 medicus

248 1913 463 1961 attamen
480 1915 531 1961 et
543 1906 886 1963 adversarios
908 1906 1132 1975 reperit,
1154 1905 1315 1973 inque
1334 1903 1415 1957 his
1438 1903 1814 1973 gravissimum
1849 1891 1893 1950 Β
1922 1910 2219 1976 excellens,
2243 1921 2403 1982 atque
2428 1912 2494 1967 de
2520 1913 2820 1968 litteratura
2846 1891 3150 1971 universali
3168 1914 3369 1984 optime
3393 1928 3507 1969 me-

246 1993 628 2052 Neermaanum
661 1998 717 2052 in
747 1996 847 2067 Ep.
877 1995 953 2051 ad"
982 1995 1155 2051 Andr.
1214 1993 1397 2050 Coltée
1446 1994 1691 2050 Ducarel.
1738 1995 1817 2051 in-
1920 2000 2073 2066 ritus,
2106 2014 2227 2055 eum
2257 2003 2439 2071 procul
2468 2001 2634 2059 dubio
2665 2005 2877 2060 nonnisi
2910 2006 2991 2060 vel
3032 2005 3232 2076 ingenii
3276 2005 3505 2060 summis

244 2100 373 2146 serta
411 2091 589 2163 Origg.
626 2100 867 2163 typogr..
895 2090 1125 2160 indeque
1159 2090 1212 2146 in
1254 2089 1442 2162 Suppl.
1492 2097 1543 2144 ta
1576 2094 1661 2147 the
1692 2091 1816 2148 Ori-
1921 2091 2191 2147 laboribus
2217 2101 2307 2147 aut
2336 2094 2478 2148 aeris
2518 2094 2759 2163 impensa
2808 2096 3008 2161 insani,
3068 2096 3308 2153 libellum
3366 2096 3511 2151 hunc

243 2183 321 2253 αξη
345 2185 403 2254 af
426 2183 689 2256 Printing,
717 2184 845 2238 l78l
862 2225 876 2249 ,
905 2183 1070 2250 ἰπὶ-8⁸,
1097 2199 1151 2253 p.
1174 2183 1280 2239 “2'56
1303 2200 1421 2256 sqq.
1924 2183 2099 2239 Ruﬁni
2125 2184 2469 2240 Bibliotheca:
2488 2200 2621 2250 suae,
2641 2194 2893 2256 tanquam
2908 2186 3221 2241 thesaurum
3243 2195 3508 2257 parasset,

310 2275 456 2333 H70.
475 2276 680 2342 Romae,
696 2292 784 2347 ap.
804 2275 1047 2347 Sweynh.
1073 2285 1117 2331 et
1140 2274 1420 2346 Pannartz,
1449 2274 1511 2330 Γ.
1534 2276 1821 2347 Exposicio
1923 2290 2026 2347 qua
2054 2287 2135 2332 est
2164 2277 2219 2331 in
2248 2276 2451 2333 litteras
2482 2277 2652 2332 bonas
2680 2288 2842 2349 atque
2866 2292 2991 2349 erga
3026 2279 3229 2334 amicos
3258 2278 3505 2334 Immani-

243 2363 289 2417 in
310 2365 620 2437 Symbolum
653 2382 776 2423 cum
802 2368 982 2437 priore
1010 2368 1284 2424 volumine
1303 2367 1664 2437 Epistolarum
1692 2369 1823 2425 IIie-
1925 2378 2055 2439 tate,
2079 2371 2299 2427 domino
2326 2371 2560 2427 Henrico
2590 2370 2757 2442 Petri,
2779 2370 2893 2442 jam
2924 2387 3200 2429 sacrorum
3232 2382 3511 2429 auctorum

245 2458 449 2527 ronymi.
477 2457 807 2529 Assignatur
833 2458 999 2513 etiam
1031 2458 1159 2514 huic
1182 2474 1325 2515 anno
1356 2476 1384 2513 a
1417 2462 1689 2516 nonnullis
1711 2463 1823 2519 vel-
1926 2464 2308 2521 Bibliotheeam
2335 2466 2539 2531 edenti,
2564 2466 2726 2520 etiam
2757 2465 2898 2521 hunc
2921 2466 3160 2523 libellum
3184 2475 3386 2537 sponte
3415 2467 3513 2521 ob-

246 2549 313 2603 uti
357 2548 552 2618 Caveo,
585 2550 787 2621 lttigio,
818 2558 873 2606 et
899 2550 1016 2605 aliis
1046 2550 1210 2606 editio
1239 2552 1472 2623 Operum
1501 2551 1681 2608 Ruﬁni
1712 2553 1822 2611 Ro-
1927 2556 2085 2623 tulit;
2111 2558 2203 2627 qui
2228 2557 2442 2627 quidem
2469 2556 2833 2612 Romanorum
2863 2557 3178 2628 maiusculis
3206 2558 3425 2624 litteris,
3446 2557 3515 2613 iis

245 2655 337 2696 mae
364 2643 523 2711 facta,
574 2642 673 2700 sed
719 2644 1026 2713 huiusmodi
1055 2646 1221 2702 editio
1271 2662 1478 2703 merum
1512 2647 1824 2717 ﬁgmentum
1926 2648 2141 2718 quidem
2168 2647 2408 2719 (quibus)
2445 2648 2751 2705 Pandectas
2800 2649 3238 2706 Florentinorum
3285 2650 3515 2719 scriptas

247 2742 338 2799 est,
364 2749 392 2789 a
431 2750 544 2806 quo
578 2736 813 2792 lectores
852 2736 952 2791 sibi
1001 2751 1195 2793 cavere
1239 2738 1458 2794 debent.
1502 2738 1703 2795 Auctor
1734 2739 1829 2795 fuit
1931 2740 2183 2806 vidimus,
2216 2740 2333 2796 sine
2362 2740 2708 2797 distinctione
2746 2741 2877 2811 ulla,
2923 2749 3049 2797 ante
3090 2740 3238 2797 mille
3285 2754 3350 2797 ac
3397 2740 3529 2811 plus,

248 2825 479 2885 Lahbeus
509 2830 565 2884 in
599 2826 770 2885 Nova:
799 2829 933 2884 Bibl.
960 2847 1059 2884 ms.
1093 2829 1308 2903 Suppl.,
1330 2848 1382 2901 p.
1408 2832 1536 2903 540,
1556 2831 1694 2888 hanc
1716 2833 1829 2889 edi-
1931 2847 2120 2900 annos,
2147 2833 2377 2902 scriptus
2402 2842 2540 2898 erat,
2571 2832 2895 2889 veneranda:
2922 2831 3259 2903 antiquitatis
3302 2846 3515 2901 gemma

248 2918 430 2976 tionem
462 2930 723 2993 tanquam
744 2922 1062 2978 existentem
1091 2923 1143 2978 in
1176 2924 1311 2979 Bibl.
1344 2924 1476 2994 Reg.
1512 2925 1693 2981 Paris.
1715 2926 1829 2981 lau-
1934 2922 2207 2977 mehercle
2232 2923 2492 2992 pretiosa.
2523 2922 2678 2978 Hunc
2700 2937 2856 2991 vero,
2882 2931 2943 2978 ut
2965 2923 3124 2991 solet,
3156 2923 3414 2994 temporis
3436 2923 3517 2978 in-

249 3007 387 3065 dans.
418 3011 582 3067 Unde
610 3012 784 3066 Maitt.
816 3014 957 3067 Ann.
995 3012 1103 3082 t.;l,
1132 3028 1184 3084 p.
1212 3014 1339 3082 298,
1375 3030 1441 3071 ex
1464 3029 1635 3086 eoque
1653 3016 1830 3086 plures
1929 3016 2089 3087 juria,
2110 3016 2422 3086 incuriaque
2440 3015 2792 3071 barbarorum
2811 3014 3294 3081 miserelaceravit,
3318 3014 3518 3085 quippe

249 3101 495 3174 deinceps
538 3105 678 3161 bona
720 3103 826 3161 ﬁde
871 3105 1290 3177 descripserunt.
1325 3106 1395 3163 At
1425 3124 1554 3164 vero
1592 3110 1645 3164 in
1673 3111 1830 3165 Cata-
1933 3124 2054 3165 eum
2080 3110 2146 3165 de
2191 3109 2574 3165 benedictione
2596 3107 2749 3165 Juda:
2774 3109 2997 3178 mystica
3023 3115 3279 3163 tractatur
3301 3115 3519 3163 senten-

248 3192 361 3265 logo
410 3197 578 3253 dictae
609 3196 750 3252 Bibl.
792 3196 995 3251 nullum
1045 3197 1114 3253 de
1154 3213 1216 3254 ea
1261 3199 1546 3270 vestigium
1594 3202 1831 3271 reperias
1870 3261 1905 3271 Α
1937 3200 2029 3267 tia,
2058 3208 2168 3255 tres
2201 3200 2442 3270 plagellae
2465 3200 2713 3255 rescissa
2739 3213 2802 3254 ac
2835 3198 3061 3269 perditae
3090 3197 3513 3264 desiderantur;

250 3302 341 3343 nec
362 3289 431 3343 ab
461 3287 571 3344 alio
594 3288 773 3358 perito
795 3297 849 3343 et
879 3289 1095 3345 curioso
1128 3291 1318 3345 harum
1346 3306 1526 3346 rerum
1554 3292 1832 3363 indagato-
1863 3261 1907 3322 C
1939 3299 2126 3361 quarta
2171 3290 2272 3346 etsi
2304 3290 2535 3359 supersit
2570 3290 2768 3353 lacera,
2801 3303 2906 3357 quo
2937 3289 3059 3343 loco
3081 3287 3393 3357 reponenda
3424 3288 3518 3353 sit,

251 3400 307 3442 re
332 3400 564 3456 usquam
596 3386 711 3440 visa
742 3385 1079 3457 intelligitur.
1115 3387 1302 3443 Facile
1333 3398 1513 3443 autem
1542 3389 1836 3460 conjeceris
1940 3384 2026 3439 vix
2057 3392 2235 3454 potest
2265 3381 2516 3440 divinari.
2549 3381 2679 3437 Erat
2718 3380 2944 3451 proinde
2984 3380 3353 3437 membranula
3413 3389 3519 3435 tam

249 3478 520 3534 Lahheum
547 3477 789 3534 editione
810 3478 1148 3548 prmcedente
1179 3478 1413 3551 Symboli
1438 3495 1561 3536 cum
1593 3481 1838 3552 epistolis
1939 3484 2146 3543 tenera,
2170 3484 2227 3530 ut
2256 3473 2579 3531 teneriorem
2602 3486 2690 3531 me
2711 3471 2917 3529 vidisse
2952 3469 3226 3527 afﬁrmare
3280 3486 3387 3526 non
3424 3486 3521 3526 au-

248 3568 548 3625 Ruﬁnianis
574 3569 854 3625 inductum
884 3586 1028 3636 esse,
1050 3578 1110 3626 ut
1136 3569 1430 3629 editionem
1456 3573 1696 3645 Operum
1726 3574 1839 3632 Ru-

248 3662 333 3720 ﬁni
359 3670 629 3720 statueret
653 3705 670 3732 ,
704 3678 827 3735 quae
852 3672 1059 3735 partem
1083 3664 1298 3720 illorum
1325 3666 1453 3723 licet
1476 3667 1755 3724 minimam
1784 3668 1838 3725 in

250 3758 426 3815 fronte
453 3769 701 3830 gereret;
729 3758 885 3829 cujus
902 3759 1120 3830 quidem
1144 3760 1418 3831 opinionis
1430 3763 1837 3835 astipulatorem

251 3851 418 3907 habes
446 3847 826 3907 Fontaninum.
863 3851 1111 3909 Fortasse
1135 3852 1407 3925 catalogus
1430 3854 1678 3927 imperite
1705 3872 1838 3917 con-

249 3942 421 3999 fectus
448 3958 570 3999 eum
600 3943 839 4015 decepit.

318 4054 487 4111 1498.
540 4055 753 4123 οποηίε,
807 4052 971 4113 iit-8°.
1006 4055 1068 4111 Β.
1109 4026 1426 4130 Hieronymi
1470 4058 1758 4132 Exposiclo
1788 4064 1838 4117 in

249 4144 511 4218 Symbolo
540 4146 935 4217 aposwlorum.

899 4260 1043 4318 Suae.
1085 4279 1195 4318 xvr.

329 4398 490 4455 1516.
538 4396 789 4464 Veneliis,
820 4397 961 4467 apud
990 4396 1247 4452 Lazarum
1274 4398 1555 4467 Soardum,
1594 4401 1664 4456 [ο.
1692 4401 1839 4457 Ruﬁ-

252 4507 356 4549 nus
369 4493 437 4549 de
456 4491 935 4549 Benedictionibus
958 4492 1406 4563 patriarcharum,
1425 4494 1516 4548 sub
1539 4492 1674 4565 falso
1691 4494 1842 4549 titulo

254 4582 500 4639 Homilia:
528 4599 636 4638 xvu
670 4584 723 4639 in
756 4582 1007 4638 Genesim
1032 4598 1153 4638 cum
1184 4583 1422 4655 Origenis
1451 4584 1585 4656 Opp.
1615 4586 1670 4639 in
1701 4585 1837 4643 Nov.

259 4674 420 4742 Τίσι,
453 4675 549 4731 fol.
581 4675 740 4731 Cllll.
776 4674 963 4731 Editor
987 4675 1338 4732 Constantius
1368 4677 1693 4735 Hierotheus
1731 4680 1841 4751 jam

257 4771 485 4839 primum
515 4769 620 4826 hoc
649 4769 829 4825 Ruﬁni
857 4771 1193 4839 opusculum,
1229 4771 1323 4826 sed
1356 4777 1610 4842 tanquam
1654 4773 1841 4845 Orige-

260 4860 339 4917 nis
387 4861 558 4917 fetum
586 4868 642 4917 et
665 4860 903 4932 pessime
926 4869 1213 4917 tractatum
1246 4862 1520 4933 produxit.

329 4972 395 5027 15
408 4974 421 5026 l
434 4973 828 5042 9.Basile¢e,ap.
848 4970 1008 5026 Frob.
1020 4972 1423 5043 ,l°.Symbolum
1440 4974 1704 5041 ﬁdei,cum
1720 4976 1848 5046 Ope-

260 5064 403 5123 ribus
420 5065 678 5138 Cypriani
711 5064 780 5120 ab
814 5065 1036 5120 Erasmo
1058 5066 1345 5135 editis,qui
1372 5066 1439 5121 de
1453 5081 1516 5122 eo
1545 5068 1617 5122 ita
1646 5069 1697 5122 in
1715 5070 1846 5137 epis-

260 5161 359 5215 tola
375 5160 441 5216 ad
467 5159 630 5214 Laur.
649 5158 901 5214 Puccium
925 5158 1070 5212 card.
1098 5158 1315 5213 scribit:
1346 5158 1689 5229 «Symbolum
1723 5160 1846 5215 ﬁdei

260 5252 394 5322 quod
422 5252 475 5307 in
507 5249 776 5321 evulgatis
800 5250 998 5317 pariter
1041 5264 1105 5304 ac
1153 5248 1439 5318 descriptis
1484 5251 1849 5307 voluminibus

258 5343 505 5416 Cypriani
538 5343 758 5398 titulum
791 5342 978 5405 habet,
1016 5343 1153 5397 inter
1183 5344 1359 5410 Opera
1387 5341 1498 5396 divi
1528 5342 1842 5413 Hieronymi

259 5434 422 5491 fertur
448 5435 627 5493 Rulini
660 5434 902 5488 nomine.
940 5453 959 5487 ›
994 5434 1053 5488 1η
1083 5435 1224 5490 notis
1242 5448 1368 5489 vero
1392 5443 1511 5503 post
1538 5433 1848 5503 epistolam:

265 5546 283 5580 ι
310 5529 490 5601 Stylus
519 5526 657 5584 satis
683 5524 860 5594 arguit
885 5525 992 5580 hoc
1021 5540 1155 5595 opus
1195 5540 1301 5579 non
1348 5539 1469 5580 esse
1494 5524 1769 5596 Cypriani,
1798 5538 1850 5580 et

262 5621 391 5678 inter
410 5624 590 5694 Opera
617 5618 930 5687 Hieronymi
966 5617 1134 5671 fertur
1155 5618 1471 5687 inscriptum
1500 5617 1714 5671 Ruﬁno.
1739 5615 1851 5671 Nec

259 5712 511 5770 abhorret
542 5709 763 5784 phrasis
790 5725 819 5762 a
841 5710 1017 5778 phrasi
1039 5709 1240 5775 Ruﬁni;
1268 5718 1322 5764 et
1342 5709 1480 5763 inter
1502 5709 1658 5777 hujus
1677 5712 1848 5777 Opera

258 5806 542 5875 magniﬁce
564 5803 635 5859 de
647 5800 911 5872 Symbolo
935 5799 1531 5867 meminit'Genoadius,
1557 5801 1697 5870 quod
1720 5800 1854 5853 adeo

260 5899 516 5969 pmclare
546 5896 682 5955 dicit
711 5905 835 5951 esse
871 5893 1187 5958 dissertum,
1220 5900 1278 5949 ut
1308 5893 1485 5950 caeteri
1513 5892 1578 5948 ad
1610 5891 1748 5946 hunc
1773 5891 1852 5945 di-

1939 3569 2080 3625 sim:
2109 3567 2249 3639 quod
2278 3565 2492 3637 quidem
2518 3573 2669 3621 tanto
2690 3564 2810 3636 plus
2840 3564 3025 3621 damni
3066 3562 3249 3619 attulit
3292 3562 3516 3633 scripto.
3612 3570 3618 3575 ‘

1943 3661 2203 3733 Equidem
2236 3661 2407 3732 ipsum
2454 3658 2801 3731 scriptorium
2840 3666 3199 3713 atramentum
3230 3657 3523 3712 acerbitate

1942 3768 2037 3810 sua
2066 3754 2247 3824 plures
2275 3765 2463 3807 versus
2510 3763 2696 3806 erosos
2725 3762 2789 3804 ac
2828 3757 3228 3820 transparentes
3276 3747 3523 3804 reddide-

1942 3855 2043 3913 rat,
2072 3855 2130 3902 ut
2151 3859 2217 3900 ex
2249 3842 2591 3914 stigmatibus
2623 3850 2828 3896 tantum
2864 3841 2968 3913 legi
3001 3850 3242 3912 possent,
3289 3840 3391 3896 nisi
3422 3840 3463 3895 si
3495 3856 3525 3894 e

1945 3917 2241 4011 regione‘in
2276 3936 2412 3994 facie
2440 3936 2665 3992 alterius
2689 3936 2899 4007 pagina:
2947 3950 3142 3991 versus
3190 3934 3367 3991 versui
3413 3950 3526 3991 res-

1944 4031 2225 4103 ponderet,
2274 4039 2399 4085 tunc
2450 4029 2705 4100 utrinque
2746 4027 2918 4097 major
2942 4027 3174 4101 instabat
3217 4026 3387 4083 labor.
3423 4026 3528 4083 Ac-

1944 4122 2166 4180 cedebat
2199 4130 2253 4176 et
2280 4120 2381 4176 hoc
2411 4118 2554 4191 quod
2595 4119 2679 4175 vel
2725 4119 2901 4190 pluvia
2947 4118 3237 4185 irrorante,
3268 4132 3370 4188 qua
3400 4118 3539 4173 olim

1944 4214 2341 4278 asservabatur,
2366 4211 2773 4280 bibliothecam,
2797 4210 2881 4265 vel
2912 4210 3039 4265 dum
3070 4210 3173 4264 huc
3198 4216 3358 4278 atque
3406 4209 3559 4263 illuc.

1945 4310 2009 4363 ad
2044 4307 2458 4363 ostentationem
2498 4305 2699 4360 veteris
2747 4302 3078 4358 monumenti
3130 4303 3415 4370 perfertur,
3477 4304 3545 4357 in,

1945 4397 2275 4469 marginibus
2303 4403 2445 4450 totus
2466 4392 2796 4448 madefactus
2819 4392 2981 4446 fuerit
2999 4392 3153 4458 liber,
3174 4400 3332 4463 atque
3356 4406 3528 4447 mem-

1944 4490 2168 4545 branula
2234 4486 2538 4550 tenerrima,
2593 4484 2744 4555 quasi
2792 4483 2997 4553 glutino
3044 4494 3325 4548 concreta,
3389 4484 3530 4554 quod

1950 4587 2122 4642 ferme
2151 4583 2361 4653 singula
2406 4580 2551 4643 folia,
2605 4578 2819 4633 nonnisi
2869 4578 3258 4645 lacerarentur,
3297 4576 3530 4648 disjungi

1949 4687 2041 4735 aut
2069 4676 2262 4747 aperiri
2298 4683 2534 4744 possent.
2568 4670 2675 4726 Sed
2704 4678 2759 4725 et
2785 4669 2886 4725 hoc
2908 4669 3053 4725 taedii
3081 4658 3339 4724 devorare
3362 4669 3530 4737 volui,

1952 4780 2008 4827 ut
2036 4768 2209 4841 qualis
2234 4765 2408 4837 qualis
2436 4763 2648 4818 oblatus
2674 4769 2840 4825 esset,
2872 4774 2901 4814 a
2924 4775 3008 4817 me
3029 4758 3427 4816 deseriberetur
3468 4759 3533 4815 li-

1951 4866 2080 4929 ber;
2113 4861 2201 4933 qui
2232 4859 2451 4930 quidem
2476 4857 2632 4911 ﬁnem
2656 4869 2813 4910 suum
2835 4868 2939 4910 non
2966 4854 3148 4921 habet,
3170 4867 3337 4923 pauca
3355 4861 3533 4909 tamen

1951 4957 2141 5012 deesse
2185 4952 2449 5020 suspicor.
2502 4947 2769 5003 Adhortor
2808 4944 2986 5015 itaque
3009 4944 3280 5001 studiosos
3316 4959 3528 5012 omnes,

1951 5043 2177 5116 utquod
2206 5042 2330 5096 huic
2351 5041 2513 5099 deest,
2531 5040 2753 5107 scripto,
2786 5052 3103 5108 quacunque
3135 5038 3421 5091 occasione
3478 5040 3529 5091 in

1952 5135 2293 5195 bibliothecis
2318 5132 2500 5187 venari
2528 5130 2714 5195 velint,
2741 5139 2798 5182 ut
2826 5128 3038 5184 tandem
3064 5135 3116 5184 et
3151 5127 3355 5199 integer
3387 5129 3534 5184 theo-

1955 5231 2193 5301 logisque
2216 5227 2392 5282 minus
2424 5238 2645 5280 mancus
2670 5223 2850 5278 oﬁ‘erri
2879 5223 3063 5293 possit.
3105 5242 3122 5274 ι

2029 5328 2188 5386 1569.
2230 5325 2355 5382 Bas.
2388 5343 2474 5396 ap.
2506 5324 2669 5379 llmr.
2712 5322 2876 5389 Petri,
2916 5320 2981 5377 Γ.
3013 5322 3189 5378 Ruﬁni
3236 5325 3545 5393 Explicatis

1958 5420 2344 5478 benedictionis
2367 5418 2519 5473 ludas
2543 5427 2597 5472 et
2625 5417 2721 5471 rel.
2752 5416 3048 5470 Patriarch.
3080 5415 3135 5470 in
3163 5415 3397 5471 Monum.
3431 5417 3535 5471 Or-

1962 5513 2178 5568 Iltodox.
2209 5511 2294 5566 Jo.
2318 5510 2431 5565 Jac.
2464 5508 2699 5579 Grynaei,
2733 5517 2770 5561 t.
2804 5506 2864 5571 ll,
2899 5522 2952 5577 ι).
2985 5506 3143 5572 1065,
3170 5505 3386 5561 lleroldi
3417 5523 3551 5576 ope-t

1962 5622 2041 5671 ra,
2072 5606 2185 5674 ipso
2216 5612 2391 5657 tamen
2422 5617 2525 5656 non
2552 5600 2844 5655 nominato.

2034 5706 2193 5761 1570.
2235 5704 2478 5773 Lugduni
2517 5720 2605 5770 ap.
2648 5698 2914 5754 Guilielm.
2968 5698 3241 5752 Rovillium
3281 5702 3373 5754 sub
3404 5715 3539 5755 εσθαι

1969 5798 2181 5863 Veneto,
2231 5795 2295 5850 Γ.
2326 5793 2502 5849 Ruﬁni
2551 5788 2905 5860 Aquileiensis
2946 5788 3242 5858 presbyteri
3294 5792 3345 5844 in
3385 5807 3538 5845 1.xxv.

1966 5889 2177 5945 Davidis
2243 5887 2480 5942 Psalmos
2542 5879 2970 5939 Commentarius
3041 5895 3106 5939 ex
3178 5884 3538 5938 vetustissimo
