4094 6344
543 352 607 404 19
1534 347 1832 405 RUFINUS
1870 344 2347 414 AQUILEIENSIS
2385 348 2813 407 PRESBYTER.
3750 355 3815 410 2t)

543 466 838 534 exemplari
885 465 1224 520 bibliotheca
1280 466 1588 519 monasterii
1644 465 1835 518 insula!
1880 463 2123 517 Barbatae
2154 466 2204 523 Α
2234 472 2506 517 auctorem
2541 465 2744 520 huncce
2766 465 3199 521 Commentarios
3232 468 3628 536 perscripsisse,
3661 470 3817 525 Albo-

542 558 689 626 juxta
723 557 1038 629 Lugdunum
1061 574 1199 613 nunc
1232 560 1457 628 primum
1484 560 1535 612 in
1570 558 1740 612 lucem
1768 558 1979 621 editus;
2006 571 2124 609 cum

545 651 720 705 indice
743 651 1138 721 copiosissimo.

617 740 805 796 Editor
848 751 932 796 est
978 743 1239 797 Antonius
1288 742 1561 798 Alboneus
1606 741 1697 810 (de
1726 740 1988 807 Albone),
2042 754 2128 793 ar-

544 833 922 903 chiepiscopus
950 833 1194 904 Lugdun.
1243 841 1298 887 et
1329 833 1527 902 primas
1580 830 1897 895 Galliarum,
1946 830 2035 899 qui
2076 830 2125 882 in

543 926 769 993 prolixa,
799 942 897 993 qua
932 926 1024 980 Pio
1057 926 1094 977 V
1129 924 1366 994 pontiﬁci
1402 924 1593 977 librum
1628 922 1977 991 nuncupavit,
2014 920 2131 990 epi-

544 1021 679 1071 stola
715 1018 846 1085 (dat.
878 1018 1045 1088 Lugd.
1082 1017 1156 1072 Id.
1193 1018 1363 1071 Martii
1396 1016 1580 1083 1570),
1612 1014 1949 1069 occasionem
1983 1028 2128 1066 com-

542 1110 822 1163 mentariis
858 1108 1004 1164 hisce
1038 1108 1275 1178 potiundi
1315 1108 1416 1162 hoc
1448 1107 1608 1161 modo
1650 1115 1906 1160 enarrat:
1953 1104 2047 1159 Est
2076 1106 2125 1157 iu

540 1217 669 1273 agro
692 1201 1033 1270 Lngdunensi
1060 1201 1233 1257 insula
1261 1201 1505 1271 quaedam
1534 1214 1690 1268 quam
1716 1197 1904 1252 Barba
1947 1197 2127 1265 appel-

538 1294 650 1347 lant
693 1293 901 1361 incolae,
937 1294 1080 1348 docti
1110 1309 1238 1348 vero
1295 1293 1597 1356 Barbatum,
1648 1291 1880 1346 medium
1910 1289 2124 1343 alveum

536 1384 723 1440 Araris
748 1384 976 1451 ﬁndens,
1009 1386 1062 1440 in
1087 1399 1189 1455 qua
1220 1394 1471 1454 pervetus
1493 1398 1555 1438 ac
1582 1391 1821 1438 sanctum
1860 1387 2125 1435 monaste-

535 1478 676 1531 rium
704 1486 1036 1532 exstructum
1068 1476 1184 1538 fuit,
1212 1486 1266 1531 et
1301 1490 1491 1545 magna
1520 1475 1679 1529 totius
1710 1472 2001 1543 provincia:
2036 1483 2127 1523 ve-

538 1570 815 1625 neratione
856 1569 1225 1635 celebratum;
1277 1568 1372 1624 sed
1418 1570 1488 1623 ita
1535 1568 1812 1639 superiore
1872 1566 2014 1622 bello
2059 1568 2127 1623 ab

536 1660 808 1717 haereticis
837 1662 1191 1716 disturbatum
1223 1670 1384 1731 atque
1413 1660 1673 1726 dirutum,
1705 1667 1764 1713 ut
1787 1658 1919 1712 nihil
1961 1658 2015 1711 in
2058 1671 2124 1715 eo

533 1738 639 1808 nisi
682 1753 786 1808 loci
813 1753 1094 1823 cujusdam
1136 1752 1420 1807 divinioris
1462 1750 1680 1821 vestigia
1718 1763 2004 1819 superesse
2048 1748 2123 1803 vi-

2234 571 2364 608 neus
2394 571 2704 624 persuasum
2734 558 2832 611 sibi
2865 559 3114 613 habuisse
3141 560 3374 625 videtur,
3405 560 3531 613 dum
3582 560 3649 615 ad
3697 564 3821 615 rell-

2232 659 2357 714 qua,
2387 648 2554 701 sicubi
2583 659 2815 714 exstent,
2863 651 3098 704 eruenda
3141 659 3193 704 et
3224 650 3543 719 proferenda
3588 653 3821 707 lectores

2234 746 2354 789 uota
2388 737 2438 790 in
2467 740 2613 794 calce
2642 739 2765 794 libri
2789 742 3027 809 apposita
3075 744 3295 798 excitat.
3329 744 3508 812 Ruﬁni
3541 745 3717 813 Aquit.
3767 748 3819 799 in

2234 827 2474 883 l’salmos
2519 847 2682 886 uxvr
2727 834 3130 887 Commentarios
3188 835 3420 889 nonnihil
3476 837 3704 891 diversos
3763 838 3823 889 ab

2232 925 2380 977 editis
2408 940 2471 979 ex
2528 926 2702 981 indice
2731 928 2867 981 Bibl.
2901 928 3070 982 sancti
3106 927 3359 982 Germani
3410 927 3582 984 Paris.
3641 931 3825 985 laudat

2232 1014 2476 1072 Labbeus
2508 1017 2650 1073 Nova
2681 1019 2816 1073 Bibl.
2847 1019 2971 1073 Mss.
3006 1019 3154 1083 Iiltr.,
3186 1028 3323 1087 part.
3348 1035 3386 1084 ι,
3412 1034 3464 1086 p.
3492 1018 3580 1073 ‘23.

2304 1108 2461 1165 1576.
2508 1110 2708 1176 Roma,
2738 1112 2790 1165 in
2813 1112 2910 1165 ad.
2940 1109 3076 1179 Pop.
3104 1111 3280 1179 Rom.,
3306 1110 3367 1166 I°.
3398 1110 3573 1165 Ruﬁni
3599 1109 3820 1180 Exposi-

2231 1202 2306 1253 tio
2347 1201 2398 1255 in
2431 1201 2743 1274 Symbolum
2791 1220 2908 1257 cum
2951 1202 3201 1270 Operibns
3241 1203 3401 1257 sancti
3446 1202 3753 1273 Hieronymi
3792 1217 3823 1257 a

2232 1294 2468 1348 Mariano
2498 1295 2737 1350 Victorio
2775 1296 2931 1350 editis
2963 1306 3107 1348 tomo
3138 1294 3225 1357 IX,
3257 1304 3391 1363 part.
3423 1294 3546 1351 108.

2302 1384 2464 1439 1580.
2514 1381 2770 1449 Parisiis,
2826 1403 2915 1453 ap.
2971 1384 3133 1438 Miclt.
3193 1384 3488 1452 Sonnium,
3539 1384 3604 1438 I°.
3641 1384 3821 1441 Ruﬁni

2229 1477 2590 1546 Aquileiensis
2631 1478 2811 1546 presb.
2861 1478 3132 1547 Opuscula
3164 1478 3429 1547 quadam,
3474 1477 3673 1547 partim
3725 1492 3819 1529 an-

2232 1568 2385 1623 tehac
2415 1582 2687 1637 nunquam
2736 1569 2789 1624 in
2836 1570 3011 1624 lucem
3055 1568 3219 1635 edita,
3265 1570 3458 1638 partim
3502 1583 3675 1638 nuper
3712 1582 3816 1634 cpe

2230 1660 2675 1716 doctissimorum
2704 1660 2941 1716 virorum
2971 1660 3258 1717 emendata
3290 1670 3344 1716 et
3378 1661 3666 1731 castigata;
3699 1673 3819 1715 cum

2230 1752 2519 1819 iudicibus,
2554 1761 2665 1807 tum
2702 1754 2945 1809 locorum
2983 1767 3155 1808 sacra
3200 1752 3493 1818 Scriptura
3522 1753 3821 1822 explicato-

532 1846 781 1903 deantur.
834 1847 889 1902 Id
938 1862 1058 1901 cum
1089 1861 1187 1917 ego
1217 1844 1397 1900 multis
1430 1844 1540 1915 jam
1568 1843 1935 1913 superioribus
1968 1842 2126 1897 annis
2161 1837 2203 1896 Β
2233 1860 2370 1909 rtun,
2406 1852 2518 1898 tum
2556 1858 2730 1897 rerum
2764 1858 2828 1898 ac
2856 1842 3165 1907 verborum,
3196 1842 3565 1911 amplissimis.

533 1938 851 1994 auctoritate
867 1938 1013 1995 sedis
1030 1938 1338 2008 apostolica
1363 1936 1462 2007 (uti
1487 1936 1564 2007 ﬁt)
1582 1935 1984 2007 gubernandum
2001 1948 2122 1990 sns-

533 2030 825 2099 cepissem,
858 2045 981 2084 cum
1015 2029 1179 2084 multa
1215 2029 1266 2083 in
1291 2043 1357 2083 eo
1392 2026 1589 2083 oll‘endi
1634 2027 1847 2095 pietatis
1889 2025 2121 2097 antiquae

528 2122 881 2186 monimenta,
915 2129 1023 2174 tum
1054 2135 1186 2176 vero
1232 2118 1507 2190 pracipue
1551 2118 1935 2174 bibliOthecam
1985 2132 2117 2187 opu-

528 2209 751 2276 lentam,
775 2224 935 2280 quam
957 2224 1077 2265 cum
1100 2208 1341 2265 studiose
1363 2209 1704 2275 lustrassem,
1730 2208 1930 2263 oﬂ'endi
1959 2206 2120 2261 Com-

527 2300 823 2355 mentarios
841 2298 1337 2369 Ruﬁnipresbyteri
1350 2296 1715 2367 Aquileiensis
1735 2297 1788 2351 in
1811 2297 2121 2368 septuagin-

530 2401 583 2444 ta
607 2392 842 2459 quinque
874 2390 1092 2445 Davidis
1115 2389 1354 2458 psalmos
1376 2388 1517 2443 notis
1536 2398 1590 2444 et
1611 2387 2013 2443 characteribus
2028 2390 2119 2458 qui

531 2498 797 2539 summam
827 2482 1198 2549 antiquitatem
1225 2496 1333 2551 pra
1358 2496 1416 2536 se
1456 2480 1661 2536 ferrent
1696 2479 2020 2549 descriptos,
2066 2489 2123 2536 et

533 2576 861 2632 membranis
892 2572 1278 2645 propemodum
1306 2574 1505 2641 exesis,
1534 2588 1597 2628 ac
1620 2574 1733 2643 ipsa
1768 2582 2033 2629 vetustate
2067 2583 2122 2630 et

532 2671 642 2726 situ
672 2669 869 2724 attritis
908 2668 1347 2733 commendatos;
1377 2682 1513 2739 quos
1533 2682 1656 2723 cum
1679 2666 1834 2723 avide
1863 2668 2117 2737 perlegis-

530 2777 671 2828 sem,
695 2762 923 2832 aliisque
942 2762 1071 2817 viris
1094 2760 1319 2817 eruditis
1337 2759 1594 2831 legendos
1617 2759 1981 2827 tradidissem,
2003 2773 2119 2814 cen-

528 2856 612 2911 sui
639 2870 749 2911 non
768 2869 887 2911 esse
901 2854 1041 2909 hunc
1062 2854 1376 2910 thesaurum
1392 2853 1570 2909 denuo
1591 2852 1998 2917 defodiendam,
2022 2851 2117 2907 sed

528 2947 658 3013 luci,
700 2962 763 3001 ac
807 2961 954 3001 aurae
985 2945 1369 3002 exhibendum.
1399 2944 1583 3013 Neque
1624 2958 1752 2998 vero
1783 2940 2007 3015 (pergit)
2051 2942 2120 2997 ab

530 3038 743 3124 edendo
773 3041 873 3094 hoc
886 3053 1049 3109 opere
1062 3054 1121 3095 se
1138 3037 1455 3094 deterritum
1479 3051 1621 3105 esse,
1650 3051 1714 3091 eo
1737 3034 1879 3105 quod
1902 3049 1967 3089 ex
1992 3033 2120 3088 ami-

528 3136 606 3191 cis
636 3135 850 3206 quidam
885 3136 1266 3192 observassent
1307 3134 1561 3206 plerisque
1598 3150 1659 3187 ac
1703 3131 1921 3201 inﬁnitis
1959 3147 2117 3201 prape

2262 2004 2267 2019 ἱ
2300 1936 2506 2001 Insunt,
2542 1936 2601 1987 1ο
2640 1936 2704 1989 de
2739 1934 3186 1988 Benedictionibus
3226 1933 3383 1989 Juda
3420 1936 3488 1987 ad
3530 1934 3818 1989 Paulinum

2226 2027 2383 2096 episc.
2418 2026 2705 2094 Nolanum,
2752 2026 2844 2081 lib.
2877 2026 3019 2093 1;Ξ⁶
3052 2026 3267 2081 Paulini
3313 2027 3381 2080 ad
3418 2027 3669 2096 Ruﬁnum
3707 2029 3819 2097 epi-

2224 2115 2472 2181 stola;'5°
2499 2114 2677 2184 Ruﬁni
2722 2116 2790 2171 ad
2834 2115 3118 2171 Paulinum
3161 2115 3257 2171 Fr.
3304 2118 3550 2185 epistola;
3578 2117 3641 2170 ιο
3670 2125 3812 2190 ejus-

2226 2207 2343 2259 dem
2370 2206 2425 2260 in
2444 2203 2835 2261 Benedictiones
2870 2208 3177 2272 reliquorum
3208 2208 3440 2261 undecim
3484 2210 3812 2276 patriarcha-

2223 2316 2363 2365 rum,
2404 2300 2508 2353 sive
2553 2299 3051 2356 Commentariorum
3089 2302 3143 2355 in
3171 2299 3421 2356 Geneseos
3450 2319 3567 2374 cap.
3590 2302 3686 2369 49,
3721 2304 3814 2360 lib.

2226 2406 2299 2457 tt;
2330 2390 2391 2444 5°
2420 2389 2922 2448 Commentariorum
2952 2394 3005 2447 in
3032 2392 3219 2448 Oscam
3249 2394 3552 2464 praphetam
3572 2394 3691 2449 libri
3719 2410 3814 2459 In;

2227 2482 2283 2537 6°
2310 2485 2539 2557 ejusdem
2576 2483 2861 2541 Comment.
2909 2486 2964 2542 in
2994 2483 3112 2541 Joel
3138 2488 3470 2558 prophetam;
3498 2486 3555 2539 7°
3583 2486 3817 2559 ejusdem

2223 2577 2277 2629 in
2331 2576 2518 2644 Amos;
2562 2576 2619 2629 8'
2668 2575 2955 2631 Comment.
3007 2578 3062 2631 in
3100 2576 3436 2648 Symbolum;
3478 2574 3541 2630 9°
3584 2578 3812 2648 ejusdem

2228 2664 2475 2721 Historia
2523 2669 2882 2723 ecclesiastica
2912 2667 3011 2725 lib.
3042 2683 3101 2723 ll.
3152 2669 3232 2724 Ex
3275 2669 3469 2740 quibus
3501 2684 3555 2723 η.
3582 2668 3639 2735 2,
3670 2668 3725 2735 '5,
3757 2669 3811 2734 5,

2223 2758 2283 2826 6,
2304 2760 2360 2828 7,
2392 2775 2533 2816 nunc
2562 2762 2794 2831 primum
2824 2778 2891 2818 ex
2920 2762 3107 2818 codice
3135 2777 3241 2817 ms.
3270 2762 3583 2817 monasterii
3614 2763 3814 2818 Montis

2225 2850 2321 2907 Dei
2376 2851 2746 2922 proferuntur.
2798 2854 2986 2909 Editor
3030 2853 3268 2909 Renatus
3314 2854 3636 2910 Laurentius
3672 2854 3814 2911 dela

2224 2945 2387 3000 Barre
2415 2946 2525 3015 jam
2553 2945 2889 3001 Tertulliano
2916 2956 2971 3002 et
2995 2946 3236 3002 Arnobio
3263 2947 3405 3001 circa
3431 2945 3571 3001 idem
3598 2952 3813 3015 tempus

2223 3036 2370 3092 edito
2418 3038 2576 3092 nobis
2618 3039 2867 3107 cognitus
2916 3037 2971 3092 in
3024 3038 3253 3107 epistola
3306 3038 3696 3106 nuncupatoria
3744 3039 3812 3093 ad

2221 3127 2379 3183 Joan.
2430 3142 2460 3182 a
2509 3129 2709 3186 Sancto
2754 3128 2968 3185 Andrea
3022 3127 3195 3184 Paris.
3243 3129 3447 3185 Eccles.
3491 3129 3814 3185 canonicum

526 3229 653 3282 locis
681 3229 754 3281 ita
802 3245 917 3282 cum
969 3228 1253 3301 Augustino
1281 3229 1335 3282 in
1381 3228 1489 3282 suis
1530 3226 1830 3280 tractatibus
1869 3226 1921 3278 in
1965 3222 2117 3278 Psal-
2147 3221 2192 3282 C
2226 3219 2305 3289 (d.
2338 3220 2419 3275 Id.
2447 3221 2573 3276 Jun.
2603 3221 2765 3291 i580)
2787 3221 2853 3275 de
2885 3220 3079 3276 Ruﬁno
3107 3221 3329 3291 ejusque
3354 3221 3569 3289 scriptis
3592 3231 3817 3277 exstan-

527 3337 637 3376 mos
667 3322 970 3386 consentire,
1003 3329 1058 3375 ut
1096 3322 1284 3376 eadem
1319 3336 1454 3388 sape
1482 3320 1584 3374 sint
1617 3319 1899 3386 sententia,
1943 3317 2121 3370 eadem

530 3414 681 3468 verba
710 3424 864 3484 atque
896 3416 1025 3468 adeo
1069 3415 1261 3470 similes
1301 3415 1431 3468 inter
1457 3428 1512 3466 se
1543 3411 1761 3481 periodi.
1809 3409 1865 3463 Id
1896 3409 2039 3465 enim
2067 3409 2118 3463 in

528 3510 634 3565 hoc
678 3521 843 3577 Opere
888 3508 1131 3562 evenisse
1179 3514 1389 3568 censet.
1422 3503 1566 3574 quod
1617 3502 1679 3556 D.
1733 3501 2023 3555 Ambrosio
2066 3501 2118 3555 in

531 3610 641 3664 suis
674 3607 826 3662 libris
856 3606 1157 3659 Examcron
1190 3616 1253 3655 ac
1280 3600 1348 3655 de
1390 3598 1589 3668 Spiritu
1638 3604 1826 3650 sancto
1873 3595 2117 3664 contigit,

532 3710 591 3756 ut
638 3696 1086 3770 quemadmodum
1138 3694 1225 3748 hic
1273 3692 1513 3763 integras
1566 3690 1618 3744 in
1675 3704 1828 3743 suum
1878 3701 2011 3755 opus
2056 3701 2121 3741 ex

531 3795 656 3848 divo
686 3792 882 3847 Basilio
906 3789 1158 3860 periooos
1201 3785 1491 3849 transtulit,
1518 3784 1617 3843 sic
1656 3798 1723 3838 ex
1779 3782 1997 3846 Ruﬁno,
2038 3796 2122 3836 ve-

531 3888 625 3939 luti
659 3884 787 3938 alibi
836 3899 902 3937 ex
954 3882 1281 3951 Hieronymo
1325 3887 1382 3933 et
1430 3877 1720 3948 Cypriane,
1772 3875 1824 3928 in
1875 3889 2001 3928 suos
2033 3873 2123 3927 ille

531 3978 965 4034 Commentarios
986 3974 1374 4046 quamplurima
1408 3970 1685 4026 derivarit.
1709 3968 1789 4023 Ad
1824 3968 1937 4021 hinc
1960 3984 2021 4022 ex
2044 3968 2123 4037 ip-

532 4090 589 4126 sa
614 4074 734 4142 styli
768 4072 1016 4141 facilitate
1048 4085 1106 4122 ac
1137 4067 1378 4138 aquabili
1402 4065 1611 4121 dicendi
1633 4079 1830 4134 genere
1855 4063 2124 4117 elucesce-

539 4182 596 4217 rc
620 4172 771 4232 putat
798 4162 1045 4216 Ruﬁnum
1074 4160 1515 4224 auctorem'esse,
1542 4157 1807 4225 simulque
1829 4170 1985 4209 causa
2018 4156 2120 4225 ipsi

538 4265 751 4327 reperta
784 4265 885 4319 est,
915 4271 1011 4309 cur
1039 4254 1321 4308 studiosius
1348 4270 1379 4306 a
1418 4252 1595 4321 primis
1625 4268 1655 4304 a
1688 4249 1915 4302 Barbata
1944 4248 2124 4303 insulis

532 4348 795 4403 monac/tis
846 4349 898 4400 hi
937 4346 1294 4400 commentarii
1340 4343 1585 4398 asservati
1634 4341 1863 4408 fuerint,
1896 4341 2118 4403 scilicet,

533 4442 669 4509 quod
696 4443 749 4493 in
772 4456 856 4494 eos
880 4441 983 4509 fere
1012 4440 1261 4491 duntaxat
1290 4434 1530 4490 Psalmos
1561 4434 1650 4487 ille
1681 4433 1961 4504 scripserit,
1998 4449 2124 4499 quos

532 4534 642 4587 sine
672 4532 1017 4586 controversia
1043 4530 1258 4584 Davidis
1286 4547 1397 4585 esse
1426 4530 1559 4583 docti
1588 4530 1694 4600 fere
1720 4545 1895 4582 omnes
1923 4543 2123 4581 asseve-

532 4627 719 4680 rarint.
773 4623 1055 4677 Postremo
1085 4621 1286 4677 Gelasii
1346 4621 1708 4675 testimonium
1758 4619 1983 4687 profert,
2032 4616 2119 4685 qui

533 4717 808 4771 nonnullas
838 4717 898 4769 ab
920 4733 977 4771 eo
1016 4714 1315 4784 Scripturas
1362 4716 1645 4785 explicatas
1676 4713 1963 4777 tradiderit,
1999 4709 2119 4778 qui-
2166 4734 2169 4735 ν

536 4815 639 4863 bus
681 4809 843 4864 hosce
884 4808 1221 4879 septuaginta
1264 4808 1498 4878 quinque
1539 4807 1778 4861 Psalmos
1817 4804 2121 4857 declaratos

537 4909 710 4970 putat.
755 4902 832 4956 Ac
860 4900 1165 4969 aliquandiu
1195 4917 1289 4971 pro
1331 4899 1564 4969 genuino
1616 4912 1746 4951 sane
1787 4894 1965 4949 Ruﬁni
2016 4891 2122 4944 fetu

538 4994 705 5049 habiti
738 5002 863 5048 sunt
890 4994 972 5047 isti
1004 4994 1425 5058 Commentarii;
1462 5009 1566 5048 non
1596 5004 1784 5044 omnes
1815 4997 1992 5040 tamen
2028 4983 2123 5035 fal-

527 5088 650 5143 lere
677 5096 983 5157 potuerunt.
1017 5087 1274 5155 Primum,
1309 5086 1398 5156 qui
1432 5085 1536 5138 illis
1574 5085 1773 5137 larvam
1823 5073 2120 5132 detraxerit

529 5181 698 5237 fuisse
722 5182 880 5237 Joan.
916 5182 1168 5235 Larinum
1204 5180 1537 5235 Fontaninus
1582 5180 1751 5233 notat,
1786 5170 2007 5236 ejusque
2037 5166 2117 5217 lo-

526 5292 646 5329 cum
677 5292 740 5329 ex
772 5274 1185 5330 Commentariis
1212 5277 1261 5326 in
1292 5272 1533 5325 Psalmos
1552 5258 2115 5333 Lugduniapudloan.

526 5369 737 5426 Cardon
800 5369 937 5423 I625
987 5370 1145 5424 editis
1193 5365 1392 5437 profert
1439 5372 1485 5412 ει.
1547 5351 1941 5412 Animadvertit
1982 5348 2120 5400 idem

526 5478 555 5513 τι
580 5463 848 5516 nonnullis
875 5463 1001 5517 viris
1022 5462 1220 5515 eximie
1244 5456 1417 5510 doctis
1439 5449 1667 5507 subinde
1689 5459 1785 5513 pro
1806 5457 1935 5495 vero
1964 5438 2115 5491 citari

527 5554 776 5609 Ruﬁnum
803 5556 853 5607 in
886 5554 1152 5615 Psalmos,
1185 5547 1349 5605 veluti
1381 5560 1409 5597 a
1441 5544 1554 5597 Jac.
1590 5536 1813 5592 Usserio
1846 5534 1895 5583 in
1936 5529 2115 5582 Ilisto-

446 5676 449 5679 ν
527 5648 604 5702 ria
632 5648 696 5703 de
721 5646 1012 5715 Scripturis
1033 5652 1084 5695 et
1101 5641 1269 5694 sacris
1291 5631 1619 5691 vernaculis,
1640 5642 1691 5695 p.
1716 5622 1805 5686 67,
1827 5620 2117 5715 ct‘Baluzio

529 5740 579 5793 in
621 5710 971 5809 Cyprianum.
1026 5734 1290 5785 (laterum
1340 5725 1391 5779 in
1448 5724 1626 5791 [li‘ll'CS
1678 5716 1811 5768 adeo
1878 5710 2118 5763 Psalmos

601 5863 624 5889 ³
654 5852 789 5907 illst.
818 5849 916 5904 litt.
944 5846 1142 5917 Aquil.,
1175 5860 1227 5914 ιν.
1268 5842 1385 5896 illi.

2228 3313 2371 3367 tibus
2400 3320 2455 3369 et
2483 3312 2780 3409 d.eperditis
2807 3312 3052 3383 quaedam
3084 3312 3341 3382 disputat,
3372 3312 3684 3368 eriticorum
3730 3316 3815 3370 sui

2229 3410 2486 3476 temporis
2506 3406 2718 3476 'studia,
2748 3409 2837 3479 qui
2870 3410 3113 3480 neglecta
3146 3407 3257 3462 fere
3285 3406 3528 3461 codicum
3562 3423 3697 3464 mss.
3728 3411 3815 3465 in-

2225 3500 2581 3571 vestigatione
2609 3500 2676 3555 ad
2723 3499 3062 3570 conjecturas
3103 3497 3277 3553 omnia
3319 3496 3608 3566 referrent,
3634 3500 3814 3557 obiter

2228 3594 2615 3662 perstringens.
2662 3593 2891 3663 Scripsit
2939 3590 3269 3647 Fontaniuus
3315 3587 3407 3642 lib.
3456 3604 3512 3653 v,
3552 3604 3675 3660 cap.
3726 3593 3813 3657 l7,

2226 3685 2657 3741 Commentarios
2706 3686 2759 3739 in
2790 3700 2927 3740 ωηεν
2974 3682 3238 3748 Psalmos,
3287 3680 3551 3735 deeennio
3581 3692 3708 3739 ante
3747 3684 3815 3739 ab

2226 3780 2471 3835 Alboneo
2500 3779 2674 3835 editos
2703 3778 2805 3835 hoc
2832 3793 2972 3832 anno
3011 3776 3148 3845 apud
3188 3773 3435 3829 eumdem
3487 3774 3806 3831 Michaelem

2229 3873 2490 3930 Sonnium
2536 3873 2689 3928 titulo
2718 3874 2997 3927 immolato
3035 3883 3155 3923 esse
3198 3881 3417 3921 recuses
3445 3876 3500 3921 et
3528 3876 3733 3922 tomum
3770 3868 3811 3921 II

2227 3965 2458 4035 Operum
2492 3965 2669 4019 Ruﬁni
2718 3966 3079 4026 constituere;
3127 3960 3193 4014 de
3235 3973 3339 4028 quo
3382 3958 3534 4011 nobis
3569 3959 3709 4013 haud
3752 3960 3815 4014 Ii-

2228 4067 2373 4128 quet.
2424 4057 2581 4112 Certe
2633 4058 2683 4110 in
2735 4054 2900 4125 priori
2948 4051 3217 4105 volumine
3266 4048 3410 4101 nulla
3465 4048 3800 4117 arljectorum

2230 4149 2738 4204 commentariorum
2759 4154 2843 4201 est
2869 4141 3204 4213 significatio.
3233 4140 3336 4194 Sed
3362 4141 3640 4208 exemplar
3661 4144 3805 4211 quod

2231 4241 2479 4295 manibus
2516 4249 2765 4293 tenemus
2805 4249 2923 4287 cum
2976 4234 3087 4299 ipsa
3138 4231 3357 4283 Albonei
3386 4230 3624 4285 editione
3651 4231 3808 4287 Cotn.

2229 4342 2459 4385 mentar.
2501 4330 2624 4382 anni
2656 4325 2791 4378 1570
2816 4332 3149 4389 compactura
3181 4329 3279 4371 est.

2306 4420 2461 4473 1745.
2532 4418 2836 4471 Verona....
2869 4412 2931 4465 Γ.
2976 4409 3149 4462 Ruﬁni
3206 4408 3401 4462 Torani
3449 4410 3813 4477 Aquileiensis

2232 4510 2534 4581 presbyteri
2578 4511 2749 4576 Opera
2780 4520 2898 4573 qua:
2942 4508 3249 4568 supersunt.
3283 4500 3365 4552 Ad
3408 4500 3626 4553 codices
3675 4520 3812 4559 mss.

2152 4604 2408 4669 Ddenuo
2455 4597 2763 4654 emendavit
2814 4592 3119 4649 Dominicus
3178 4592 3465 4646 Vallarsius
3522 4595 3812 4667 presbyter

2234 4692 2571 4755 Veronensis,
2600 4702 2635 4743 t.
2665 4690 2706 4744 l.

2299 4784 2632 4840 Exltibentur
2658 4781 2707 4833 l°
2743 4780 2895 4832 Liber
2917 4779 2979 4831 de
3015 4774 3459 4829 Benedictionibus
3483 4778 3813 4845 patriarcha-

2229 4892 2344 4930 rum
2372 4889 2491 4927 cum
2518 4872 2659 4924 notis
2686 4869 2910 4923 editoris
2956 4867 3020 4919 ad
3051 4867 3292 4919 codicem
3326 4882 3427 4919 ms.
3472 4868 3610 4923 Bibl.
3639 4872 3813 4926 Itono-

2230 4966 2431 5022 uiensis
2470 4961 2799 5022 recensitus;
2855 4957 2913 5007 2°
2956 4956 3364 5009 Commentarius
3412 4958 3466 5009 in
3504 4959 3813 5029 Symbolum

2230 5055 2579 5127 apostolorum
2652 5049 2718 5103 ad
2788 5046 3126 5100 Baluzianam
3193 5047 3479 5101 editionem
3544 5062 3810 5119 exactus;

2222 5149 2285 5199 5°
2321 5143 2550 5198 Historia
2588 5139 2957 5193 monachorum
2988 5148 3032 5190 et
3061 5141 3153 5192 itin
3184 5156 3243 5192 ra
3275 5156 3362 5206 per
3392 5140 3704 5211 ligyptum,
3747 5161 3813 5199 ex

2224 5238 2312 5293 ed.
2348 5232 2735 5301 Rosweydiana
2776 5238 3187 5296 repraesentata;
3220 5229 3275 5281 4°
3302 5229 3419 5283 Duo
3452 5231 3703 5288 Historia:
3732 5253 3814 5289 ec-

2226 5326 2526 5382 clesiastica
2578 5322 2693 5374 libri
2755 5334 2876 5374 cum
2943 5334 3073 5374 mss.
3143 5322 3416 5377 codicibus
3475 5329 3807 5393 comparati;

2228 5422 2283 5473 5°
2315 5418 2455 5471 Libri
2483 5414 2787 5484 apologetici
2829 5414 2929 5465 duo
2968 5414 3210 5467 adversus
3253 5415 3647 5483 Hieronymum,
3680 5421 3809 5472 sub-

2220 5513 2401 5581 juncta
2434 5506 2681 5577 Apoloyia
2711 5506 2777 5559 ad
2818 5504 3169 5559 Anastasium.
3196 5507 3447 5561 Succedit
3489 5508 3571 5559 his
3602 5523 3809 5577 appen-

2225 5604 2312 5657 dix
2341 5600 2496 5654 dubia
2530 5610 2582 5652 et
2604 5600 2781 5667 Spuria
2814 5600 3114 5663 continens,
3145 5600 3194 5652 in
3229 5584 3437 5667 quibus
3459 5597 3508 5649 I°
3538 5598 3808 5656 Commen-

2226 5693 2385 5747 tarius
2418 5692 2465 5742 in
2490 5692 2641 5744 ’Lxxv
2672 5691 2862 5759 priores
2895 5687 3149 5755 Psalmos,
3182 5690 3331 5758 cujus
3370 5699 3645 5746 auctorem
3674 5693 3774 5750 Cal
