4094 6344
246 375 300 428 21

1796 380 2092 439 NOTITIA.
3507 399 3577 453 22

252 491 359 542 lum
404 504 514 544 nec
560 489 745 546 facile
799 492 967 547 alium
1022 506 1135 547 esse
1176 508 1205 546 a
1262 492 1505 550 Vicentio
1561 496 1877 565 presbytero
1909 514 1955 570 Α
1987 495 2286 569 Phiiippus,
2318 500 2588 558 arcltiater
2604 504 2932 573 pontiticius,
2964 506 3135 579 Xysto
3158 506 3221 564 IV
3258 509 3318 564 P.
3350 511 3441 578 M.,
3477 529 3572 570 cu-

252 578 409 633 Uallo
438 579 541 647 (de
593 596 719 650 quo
753 581 999 637 Gennad.
1031 584 1095 638 de
1126 581 1224 639 SS.
1276 583 1446 651 Eccl.,
1478 599 1598 654 cap.
1638 586 1728 653 80)
1764 587 1881 642 Val-

254 671 454 727 larsius
514 674 858 729 contendit.
905 675 967 730 2ο
1023 680 1087 729 In
1149 685 1249 731 tres
1303 678 1523 731 minores
1572 678 1877 750 prophetas,

255 766 469 831 Oscam,
510 765 764 833 Joelem,
813 767 968 823 Amos
1005 767 1412 824 Commentarius
1454 769 1677 838 Hispani
1703 773 1878 842 cujus-

255 858 377 912 dam
420 858 763 928 scriptoris,
814 860 1040 916 fortasse
1069 860 1219 915 Pauli
1247 860 1447 928 Orosii,
1498 872 1555 917 ut
1593 862 1881 919 Vallarsius

254 953 599 1024 suspicatur.
636 954 710 1007 5°
752 951 874 1007 Vita
894 963 1080 1007 sancta
1109 952 1354 1024 Eugeniae
1374 955 1579 1026 virginis
1600 972 1659 1010 ac
1682 966 1875 1027 marty-

256 1046 325 1097 ris
355 1059 422 1099 ex
469 1043 810 1113 [loswcydo
850 1052 905 1098 ct
957 1059 1076 1099 cum
1116 1045 1232 1114 ejus
1282 1045 1443 1100 notis.
1472 1046 1531 1100 4"
1561 1045 1786 1101 Libellus
1819 1049 1881 1103 de

262 1136 396 1192 Fide
414 1152 445 1190 a
470 1136 637 1192 card.
668 1136 971 1193 Sirmondo
988 1137 1117 1197 olim
1146 1152 1178 1193 e
1206 1136 1464 1193 Vaticano
1488 1148 1544 1193 et
1563 1155 1592 1194 a
1619 1139 1881 1196 Garnerio

257 1243 288 1283 c
320 1228 719 1283 Bellovacensi
767 1228 954 1283 codice
989 1228 1089 1284 sub
1121 1228 1297 1284 Ruﬁni
1340 1229 1555 1285 nomine
1611 1232 1871 1300 prolatus.

259 1319 315 1371 5'
346 1320 533 1389 Rufini
568 1320 866 1390 presbyteri
889 1321 1161 1390 provincia:
1189 1319 1486 1377 Palwstinae
1511 1322 1636 1377 liber
1658 1325 1722 1377 de
1745 1322 1881 1379 Fide

264 1426 294 1465 a
322 1410 633 1467 Sirmondo
677 1411 816 1465 olim
865 1413 1107 1480 vulgatus
1133 1421 1187 1467 et
1218 1427 1358 1466 nunc
1396 1412 1590 1469 iterum
1630 1429 1873 1480 recusus,

262 1502 472 1559 additis
508 1518 579 1559 ex
624 1516 768 1558 mss.
798 1502 1077 1559 codicibus
1097 1504 1452 1561 variantibus.
1480 1505 1684 1574 Quibus
1707 1508 1877 1562 omni-

265 1594 376 1651 bus
408 1584 858 1665 praztermittitur
887 1594 1005 1650 Vita
1034 1595 1213 1649 Ruﬁni
1243 1610 1274 1651 a
1305 1595 1608 1653 Fontanino
1636 1599 1873 1668 condita,

274 1688 673 1758 nonnullisque
721 1688 777 1742 in
812 1688 943 1743 locis
983 1702 1014 1741 a
1043 1687 1304 1743 Vallarsio
1333 1700 1574 1744 correcta
1604 1700 1660 1746 et
1701 1706 1876 1747 emen-

274 1781 426 1836 data.
460 1781 589 1836 ιιωε
617 1780 692 1837 de
730 1780 891 1852 hujus
937 1782 1027 1837 ed.
1063 1790 1207 1839 tomo
1237 1781 1339 1838 let
1374 1783 1534 1839 unico
1568 1783 1726 1839 Joan.
1771 1784 1876 1841 Do-

263 1874 403 1929 min.
452 1873 703 1929 Mansius
742 1873 811 1930 ad
856 1874 1160 1931 Fabricium
1184 1885 1232 1931 ⁸.
1264 1876 1489 1933 Frustra
1540 1881 1871 1935 mentionem
1902 1894 1951 1954 Β

259 1967 330 2022 de
344 1981 416 2022 eo
438 1966 529 2021 vel
561 1967 787 2021 titulum
808 1966 998 2024 saltem
1027 1969 1083 2024 in
1109 1969 1300 2026 diariis
1329 1969 1556 2026 eruditis
1595 1979 1651 2027 et
1679 1972 1873 2029 biblio-

260 2056 557 2114 thecarum
608 2056 900 2115 illustrium
939 2060 1196 2131 catalogis
1244 2060 1684 2132 perquisivimus.
1727 2063 1874 2119 Man-

255 2147 372 2203 sius
396 2146 560 2204 dicto
583 2148 712 2205 loco
738 2150 939 2207 excitat
964 2152 1208 2209 codicem
1235 2166 1339 2209 ms.
1364 2154 1589 2208 duorum
1628 2156 1875 2212 librarum

258 2239 407 2298 Hist.
442 2241 640 2297 coclea.
688 2242 990 2313 Rufinianus
1034 2246 1465 2304 vetustissimum
1494 2258 1551 2306 et
1581 2265 1611 2306 a
1659 2251 1875 2309 nemine

222 2368 231 2376 ο
257 2333 541 2393 hactenus
561 2335 853 2405 collatum,
878 2337 1053 2407 quiin
1084 2337 1227 2395 Bibl.
1254 2340 1584 2398 cathedralis
1612 2342 1873 2400 Ecclesia:

256 2425 538 2483 Lucensis
582 2435 772 2483 exstat
812 2437 868 2484 et
894 2428 1074 2486 Caroli
1120 2429 1297 2501 Magni
1344 2441 1584 2504 tempore
1632 2435 1873 2505 scriptus

258 2519 654 2586 cemewr,.de
697 2534 813 2591 quo
838 2519 984 2578 idem
1026 2523 1358 2593 peculiarem
1387 2524 1515 2582 alibi
1543 2526 1874 2584 dissertatio-

258 2625 381 2667 aem
410 2609 815 2682 perscripsit”.

327 2703 615 2762 Ceterum
631 2704 813 2761 Ruﬁni
844 2705 967 2764 libri
1013 2708 1335 2779 apologetici
1380 2722 1564 2765 contra
1599 2711 1869 2785 Hierony-

263 2810 414 2851 mum
449 2797 505 2852 in
535 2799 710 2853 variis
737 2797 899 2869 hujus
925 2798 1256 2858 editionibus
1286 2804 1464 2860 recusi
1496 2814 1643 2870 sunt,
1674 2805 1869 2874 quibus

256 2888 584 2959 singulatim
613 2888 969 2946 ostendendis
988 2892 1157 2948 otium
1190 2894 1419 2962 perdere
1441 2895 1711 2951 nolumus.
1742 2896 1869 2953 Gal-

258 2976 362 3034 lice
392 2981 656 3036 conversi
687 2990 902 3037 exstant
928 2982 983 3038 in
1029 2984 1235 3040 Recueit
1272 2986 1337 3040 de
1368 2986 1533 3054 piices
1557 2996 1869 3041 conseruent

258 3069 311 3122 la
352 3068 447 3125 Vie
468 3072 536 3125 de
580 3070 749 3141 Ruﬁn
796 3072 1015 3142 (Paris.,
1047 3075 1207 3143 i727,
1240 3076 1438 3147 iit-12),
1467 3078 1556 3149 qui
1601 3077 1735 3134 liber
1757 3079 1869 3149 jam

258 3175 425 3232 supra
458 3164 512 3218 in
544 3164 883 3237 lleronymo
911 3169 1067 3224 nobis
1105 3169 1350 3227 laudatus
1368 3181 1471 3228 est.

262 3297 301 3351 1.
347 3296 563 3355 Eusebii
591 3300 831 3357 Historia
862 3304 991 3359 ccci.
1033 3323 1067 3360 a
1097 3305 1291 3376 Ruﬁno
1325 3323 1566 3363 conversa
1596 3317 1641 3362 et
1670 3309 1869 3366 duobus

912 3396 1055 3452 libris
1088 3410 1261 3455 aucta.

334 3521 512 3594 Hujus
534 3524 723 3595 operis
768 3527 1061 3588 editionum
1095 3533 1326 3593 indicem
1357 3550 1504 3599 tanto
1537 3547 1759 3619 majoris
1782 3555 1872 3608 nti-

260 3615 430 3673 litatis
466 3617 585 3674 fore
615 3620 963 3692 conﬁdimus,
992 3639 1193 3697 quanto
1233 3632 1409 3691 minus
1434 3615 1655 3709 jamjam
1677 3657 1742 3699 ex
1770 3659 1870 3701 usu

262 3706 374 3762 ille
410 3719 465 3765 et
508 3711 784 3781 frequenti
835 3715 1067 3775 lectione
1113 3726 1366 3792 cognosci
1399 3706 1593 3787 solent.
1637 3734 1718 3792 Ex
1763 3752 1871 3806 quo

260 3798 494 3856 Muscnli
550 3804 701 3859 enim
757 3815 813 3860 et
857 3804 1333 3882 Christophorsoni
1395 3822 1672 3881 versiones
1716 3798 1868 3884 inva-

260 3888 505 3960 luerunt,
563 3894 870 3954 Ruﬁnianae
926 3904 1191 3960 versionis
1231 3910 1463 3968 studium
1519 3916 1869 3990 languescere

260 3984 438 4038 visum
476 3995 531 4039 et
584 3986 886 4045 Valesiana:
931 3991 1130 4052 deinde
1173 3999 1488 4060 celebritate
1534 3984 1708 4067 om'nis
1750 4015 1869 4085 ejus

259 4090 394 4130 usus
422 4092 567 4145 pene
588 4080 846 4137 cessavit.
880 4082 1115 4143 Tametsi
1144 4105 1274 4147 vero
1296 4094 1578 4154 Ruﬁniana
1604 4118 1710 4159 non
1737 4080 1868 4164 satis

261 4169 368 4227 ﬁda
418 4171 624 4238 ubique
669 4182 724 4229 et
753 4175 961 4247 integra
990 4180 1096 4236 dici
1129 4186 1318 4253 possit,
1368 4191 1658 4263 singularia
1688 4205 1866 4256 tamen

260 4259 331 4315 ab
356 4258 556 4315 Ruﬁno
588 4262 793 4319 inserta
823 4265 985 4324 habet
1007 4279 1063 4345 et
1082 4273 1147 4328 ad
1170 4276 1332 4333 crisin
1356 4258 1527 4339 ϐταξεί
1555 4294 1731 4343 textus
1763 4290 1868 4345 Eu-

262 4351 408 4406 sebii
432 4351 575 4407 haud
600 4355 779 4426 exigui
805 4344 1063 4418 momenti
1085 4374 1186 4420 est.
1657 4384 1669 4395 ‘

334 4466 486 4522 Sic.
517 4485 609 4523 xv.
646 4470 802 4527 1474.
836 4475 960 4529 Sine
980 4478 1080 4533 loci
1123 4491 1168 4535 et
1194 4491 1503 4559 typograpln'
1547 4493 1758 4560 indicio,
1794 4496 1861 4550 f0.

265 4560 491 4616 Eusebii
530 4563 762 4620 Historia
796 4569 1174 4639 ecclesiastica,
1209 4591 1300 4643 per
1329 4578 1579 4635 Ruﬁnum
1612 4597 1643 4638 e
1674 4583 1866 4641 Graeco

1980 589 2067 658 jus
2097 590 2149 643 in
2173 589 2381 647 litteras
2408 600 2461 648 et
2484 593 2751 651 litteratos
2772 598 3018 653 homines
3039 599 3272 656 studium
3297 616 3361 657 ac
3386 614 3571 673 patro-

1984 678 2185 733 cinium
2230 679 2287 734 in
2333 682 2559 752 epistola
2609 686 2826 755 praeﬁxa
2870 686 3098 745 miriﬁce
3126 692 3359 759 extollit,
3409 702 3571 763 atque

1986 780 2108 837 post
2139 771 2394 841 plurima,
2436 773 2592 844 jussu
2629 777 2772 833 illius
2805 780 2945 850 typis
2992 782 3257 851 impressa
3302 791 3357 839 et
3392 785 3566 842 cidem

1984 860 2156 932 Xysto
2184 862 2359 919 dicata
2388 865 2453 921 ad
2496 866 2785 925 Historiam
2834 886 2894 928 se
2927 877 3261 931 convertisse
3288 884 3343 932 et
3376 876 3444 933 ab
3472 879 3571 932 hac

1986 952 2265 1010 Ruﬁniana
2285 959 2617 1027 auspicatum
2642 976 2764 1017 esse
2790 962 2940 1019 dicit.
2965 964 3022 1019 ln
3038 966 3357 1034 quibusdam
3384 983 3569 1024 exem-

1984 1042 2223 1111 plaribus
2269 1046 2431 1117 hujus
2472 1050 2717 1117 epistolae
2764 1052 2883 1107 loco
2933 1056 3040 1111 alia
3093 1057 3253 1126 plane
3300 1058 3370 1114 ad
3414 1060 3565 1114 card.

1982 1134 2125 1191 Guil.
2157 1137 2225 1193 de
2273 1139 2624 1196 Estoutavilla
2664 1144 2878 1213 legitur,
2931 1146 3073 1202 unde
3103 1147 3243 1204 hanc
3270 1150 3567 1207 editionem

1983 1226 2254 1285 distractis
2278 1232 2456 1286 statim
2476 1234 2872 1303 exemplaribus
2895 1252 3138 1294 recusant
3157 1243 3387 1307 censuit,
3406 1244 3571 1298 duas-

1982 1332 2085 1386 que
2115 1318 2250 1374 adeo
2281 1319 2523 1390 ejusdem
2556 1327 2872 1396 typographi
2904 1333 3178 1399 proposuit
3211 1332 3565 1390 Fontaninus.

1983 1409 2326 1469 Audiﬁredus
2352 1426 2538 1472 contra
2568 1433 2677 1472 non
2722 1431 2877 1492 negat
2921 1424 3206 1479 consilium
3238 1424 3376 1481 forte
3404 1442 3562 1483 recu—

1980 1498 2171 1556 dendae
2218 1503 2468 1561 editionis
2515 1506 2861 1577 Lignamineo
2902 1510 3087 1579 fuisse,
3138 1514 3231 1569 sed
3263 1515 3401 1570 ultra
3448 1516 3562 1587 pri-

1981 1612 2124 1652 mum
2180 1600 2463 1658 voluminis
2521 1606 2950 1675 quinternionem
3002 1614 3391 1684 typographum
3449 1632 3557 1671 non

1979 1693 2327 1759 processisse,
2373 1695 2534 1766 idque
2581 1698 2882 1755 inStitutum
2913 1716 3099 1758 rursus
3138 1705 3404 1775 abjectum
3443 1721 3563 1762 esse

1978 1781 2272 1837 contendit.
2296 1783 2563 1842 Caeterum
2592 1790 2826 1845 secunda
2857 1791 3044 1861 editio,
3072 1794 3184 1850 sive
3207 1804 3313 1851 tota
3343 1812 3560 1860 excusa,

1979 1868 2092 1925 sive
2122 1871 2333 1943 incepta
2360 1885 2564 1933 tantum
2590 1880 2769 1948 fuerit,
2798 1883 3088 1940 admodum
3120 1902 3243 1942 rara
3264 1895 3320 1945 ct
3346 1890 3563 1961 elegans

1980 1970 2083 2029 est,
2114 1962 2309 2020 litteris
2338 1975 2516 2023 tamen
2548 1972 2706 2039 paulo
2748 1975 3104 2032 crassioribns
3131 1985 3186 2033 et
3216 1979 3436 2050 syllabis
3466 1996 3564 2051 pro

1976 2052 2160 2107 saaculi
2190 2068 2342 2111 more
2376 2070 2522 2127 sape
2542 2064 2854 2130 contractis,
2878 2064 2946 2121 de
2973 2080 3144 2135 eaque
3171 2083 3273 2124 nec
3307 2085 3414 2125 non
3442 2070 3561 2125 aliis

1977 2156 2006 2197 a
2035 2142 2193 2200 Joan.
2238 2146 2381 2203 Phil.
2426 2152 2641 2208 excusis
2670 2152 2823 2210 libris
2870 2158 3114 2225 pluribus
3158 2158 3491 2219 Fontaninus
3521 2164 3557 2218 Ι.

1978 2235 2040 2304 1.,
2085 2246 2139 2294 et
2180 2253 2353 2310 nuper
2387 2241 2447 2299 P.
2496 2242 2693 2301 Franc.
2746 2247 2943 2304 Xaver.
2996 2249 3174 2317 Laire,
3225 2251 3277 2306 in
3326 2252 3560 2323 Specim.

1976 2339 2031 2396 p.
2053 2325 2179 2395 252,
2209 2327 2337 2398 255,
2369 2339 2424 2387 et
2459 2332 2769 2402 Audiﬁ‘redi,
2801 2352 2855 2406 p.
2883 2336 2996 2393 212
3012 2354 3095 2410 sq.

2048 2416 2209 2475 M79.
2249 2420 2503 2493 Mantum,
2535 2426 2679 2493 apud
2696 2425 2855 2482 Joan.
2886 2428 3161 2485 Schalium
3188 2429 3559 2502 Hcrosfelden-

1972 2521 2102 2574 sem,
2134 2507 2198 2562 l‘.
2234 2510 2453 2568 Eusebii
2500 2513 2731 2571 Historia
2764 2519 2925 2587 eccl.,
2958 2529 3065 2576 etc.
3110 2520 3270 2577 Joan.
3313 2521 3564 2578 Schallus

1975 2596 2294 2668 Germanus,
2345 2616 2463 2661 arte
2510 2606 2713 2677 pariter
2755 2624 2821 2665 ac
2869 2609 3250 2681 Lignamineus
3296 2614 3560 2679 medicus,

1977 2701 2261 2765 utrumque
2303 2705 2358 2753 et
2384 2710 2567 2753 curam
2608 2708 2664 2755 et
2686 2708 2840 2771 typos
2871 2717 3030 2758 novae
3080 2704 3303 2760 editioni
3351 2720 3565 2763 accom-

1975 2783 2233 2850 modavit,
2265 2784 2505 2844 Romana
2559 2790 2797 2849 editione
2834 2793 3101 2864 ignorata.
3132 2795 3465 2852 Fontaninus
3490 2813 3564 2853 ze-

1974 2894 2080 2950 que
2106 2880 2404 2953 elegantem
2434 2899 2556 2942 esse
2582 2886 2715 2944 dicit
2740 2902 2805 2944 ac
2845 2888 3161 2947 Romanam.
3190 2892 3452 2966 Inscripta
3481 2906 3564 2950 est

1977 2972 2254 3031 Friderico
2298 2977 2570 3051 Gonzaga,
2600 2979 2829 3039 Mantua
2868 2985 3186 3042 marchioni.
3220 2985 3564 3058 Epigramma

1976 3066 2028 3119 in
2069 3067 2178 3122 tine
2222 3070 2407 3139 operis
2453 3070 2721 3142 adjectum
2753 3073 2993 3144 quinque
3038 3074 3284 3134 distichis
3311 3086 3566 3135 constans

1978 3157 2102 3214 vide
2127 3160 2268 3228 apud
2297 3160 2679 3219 Fontaninum.

1895 3276 1942 3337 ρ
2049 3250 2206 3307 1197.
2252 3251 2495 3323 Parisiis,
2526 3257 2667 3327 apud
2693 3255 2907 3313 Petrum
2937 3259 3111 3328 Lovet,
3154 3260 3313 3316 in-L'.
3346 3262 3566 3320 Eusebii

1978 3346 2114 3402 Hist.
2148 3344 2312 3401 eccl..
2343 3355 2453 3401 etc.

2046 3458 2188 3515 Sac.
2221 3473 2330 3514 xvi.
2364 3456 2522 3514 1514.
2555 3458 2943 3531 timentium...
2985 3464 3166 3520 in-lol.
3197 3464 3329 3521 min.
3361 3465 3562 3522 Eadem

1976 3563 2096 3604 cum
2138 3548 2298 3604 Beda:
2347 3547 2584 3606 Historia
2627 3550 2766 3608 eccl.
2796 3552 2975 3623 gentis
3021 3552 3341 3625 Anglorum.
3382 3554 3563 3613 Raris-

1974 3640 2108 3695 sima
2138 3647 2374 3710 putatur,
2403 3640 2690 3699 emendata
2729 3657 2840 3699 non
2866 3645 3027 3712 item;
3057 3646 3255 3717 quippe
3281 3661 3441 3718 quam
3468 3648 3564 3704 de-

1977 3730 2401 3800 pravatissimam
2424 3741 2482 3791 et
2500 3733 2969 3792 mendosissimam
2991 3736 3147 3794 Joan.
3172 3738 3402 3796 Gravius
3422 3742 3563 3812 apud

1976 3821 2332 3879 Fontaninum
2353 3824 2618 3883 excitatus
2638 3823 2828 3884 dicitd.
3448 3845 3457 3854 '

2047 3913 2185 3970 Intra
2231 3930 2322 3971 an.
2367 3917 2509 3973 1514
2529 3927 2587 3974 et
2629 3927 2966 3990 sequentem,
3016 3922 3103 3979 ed.
3161 3922 3400 3993 Parisiis,
3456 3926 3566 3980 sine

1972 4005 2095 4060 anni
2125 4016 2175 4061 et
2202 4016 2404 4080 typogr.
2444 4016 2587 4077 nota,
2616 4011 2778 4067 in-8‘.
2833 4012 3047 4070 Eusebii
3098 4015 3235 4071 Hist.
3265 4016 3425 4080 eccl.,
3459 4014 3566 4072 Ru-

1974 4098 2081 4155 ﬁno
2117 4100 2435 4171 interprete.
2469 4104 2760 4161 Accuravit
2795 4115 2849 4162 et
2878 4110 2945 4163 ad
2970 4108 3187 4164 codices
3223 4123 3356 4164 mss.
3387 4122 3443 4165 et
3466 4124 3565 4163 va-

1973 4192 2079 4248 rias
2108 4194 2232 4249 edd.
2276 4195 2455 4252 denuo
2504 4200 2823 4270 recognovit
2871 4202 3158 4259 Gaut‘ridus
3206 4204 3561 4269 Boussardus,

1973 4284 2137 4340 theol.
2175 4285 2349 4343 Paris.
2396 4288 2734 4360 Nuncupavit
2771 4292 3049 4362 Stephano
3080 4295 3383 4351 Poucherio
3404 4310 3562 4350 sena-

1972 4385 2055 4431 tus
2084 4377 2377 4433 Galliarum
2422 4382 2639 4449 praesidi
2670 4394 2723 4437 et
2755 4383 3041 4438 Parisiens.
3083 4395 3268 4452 postea
3310 4387 3559 4443 antistiti.

2046 4468 2202 4521 1525.
2249 4467 2510 4540 Lugduni,
2558 4473 2697 4541 apud
2742 4472 3073 4528 Benedictum
3105 4473 3347 4548 Bonnyn,
3397 4479 3561 4535 iit-8°.

1978 4556 2175 4612 Eadem
2206 4573 2270 4614 ex
2302 4560 2534 4617 editione
2562 4562 2869 4619 Boassardi.

264 4666 320 4766 III:
355 4651 609 4766 Laltinum
644 4656 907 4766 traducta.
936 4661 1214 4766 uenena,
1250 4677 1288 4722 t.
1320 4669 1359 4735 Ι,
1392 4686 1442 4740 p.
1471 4673 1596 4739 552,
1623 4683 1678 4730 et
1702 4690 1767 4731 ex
1799 4692 1865 4734 eo
1898 4664 1946 4723 υ
2048 4687 2281 4756 Basiletc,
2314 4694 2456 4763 apud
2477 4694 2635 4750 Joan.
2665 4695 2889 4766 Froben,
2922 4700 2988 4753 l°.
3035 4701 3283 4757 Historiae
3306 4704 3561 4759 ecclesia-

264 4744 614 4819 Ilantberger,
660 4758 701 4804 t.
732 4742 819 4819 Ill,
853 4768 906 4823 p.
948 4754 1037 4809 45.
1071 4757 1372 4817 Fontanino
1421 4765 1559 4823 haud
1605 4768 1859 4841 innotuit,

263 4837 357 4905 qni
390 4850 709 4909 sequentem
746 4845 1039 4915 principem
1069 4861 1283 4917 putat°.

340 4931 502 4988 1476.
545 4933 746 5003 Romae,
784 4942 922 5007 apud
946 4940 1198 4999 Joannem
1230 4947 1531 5020 Pltihppum
1582 4958 1645 5011 de
1670 4958 1863 5031 Ligna-

264 5023 429 5088 mine,
460 5024 531 5079 to.
558 5025 723 5082 Liber
754 5029 1004 5087 Historiae
1026 5038 1406 5099 ecclesiasticae
1440 5046 1656 5104 Eusebii
1683 5023 1861 5106 es..-

263 5111 489 5181 riensis,
517 5130 681 5186 quam
714 5119 899 5176 beatus
923 5123 1148 5181 Ruﬁnus
1176 5132 1455 5203 presbyter
1482 5137 1549 5191 de
1581 5139 1771 5196 Graeco
1803 5142 1856 5198 in

265 5205 516 5264 Latinum
542 5212 839 5268 transtulit.
874 5215 999 5272 Haec
1032 5219 1313 5291 inscriptio
1343 5243 1447 5283 non
1487 5230 1538 5284 in
1570 5235 1740 5301 prima
1774 5252 1863 5303 pa-

263 5299 415 5367 gina,
455 5302 551 5357 sed
605 5313 727 5372 post
781 5306 1114 5379 Lignaminei
1166 5316 1231 5370 ad
1288 5317 1514 5390 Xystum
1555 5299 1861 5393 pontiﬁcem

266 5396 717 5464 nuncnpatoriam
738 5400 1025 5467 epistolam
1053 5404 1266 5475 legitur.
1301 5410 1357 5465 In
1393 5412 1497 5468 ﬁne
1526 5433 1538 5469 :
1573 5416 1887 5474 Millesimo‘

266 5498 585 5554 ccccuxvt,
626 5490 712 5544 die
736 5492 801 5546 -l5
834 5493 962 5548 Maii
997 5494 1063 5549 P.
1090 5498 1167 5555 M.
1202 5500 1340 5557 Sixti
1360 5510 1562 5577 quarti,
1586 5527 1724 5566 anno
1751 5515 1865 5584 ejus

267 5575 451 5644 quinto
482 5582 792 5649 completum
826 5596 899 5639 est
928 5588 1023 5640 hoc
1066 5605 1215 5648 opus.
1265 5575 1599 5670 Nuncupavit
1630 5575 1864 5662 Joannes

354 5774 533 5861 :Rihl‘.
566 5781 635 5836 Μ.
669 5783 845 5861 crint.
879 5784 993 5861 Lat.
1021 5786 1182 5861 ιηνι,
1225 5803 1273 5855 ρ.
1312 5793 1406 5846 :32
1431 5809 1521 5861 sq.

356 5842 378 5879 ι)
410 5849 461 5901 ltt
493 5849 776 5919 Opusculis
805 5854 863 5907 P.
892 5842 1192 5924 (Ialogiera,
1225 5842 1563 5934 ltomj—X—V';§
1606 5866 1687 5922 trs,

1973 4780 2119 4836 sticze
2161 4784 2373 4840 Eusebii
2404 4787 2666 4857 Pamphili
2700 4790 3052 4847 Caesariensis
3100 4793 3216 4848 libri
3249 4811 3324 4861 ιχ,
3362 4796 3555 4851 Ruﬁno

1974 4873 2288 4946 interprete.
2334 4879 2510 4935 Ruﬁni
2555 4884 2853 4956 presbyteri
2905 4886 3264 4955 Aquileiensis
3292 4889 3411 4944 libri
3454 4892 3561 4946 duo

1972 4967 2227 5035 recogniti
2267 4968 2334 5022 ad
2366 4971 2583 5041 antiqua
2631 4977 2957 5045 exemplaria
2999 4977 3186 5033 Latina
3226 4996 3316 5050 per
3346 4982 3562 5038 beatum

1974 5057 2312 5127 Rhenanam,
2347 5063 2398 5119 in
2428 5066 2754 5123 Auctoribus
2782 5069 3030 5125 Historiae
3060 5072 3195 5128 eccl.
3233 5075 3459 5141 primum
3487 5076 3563 5129 lo-

1972 5163 2091 5203 cum
2120 5162 2404 5221 occupant.

2043 5242 2200 5295 i525).
2247 5243 2484 5310 Parisiis,
2518 5249 2659 5317 apud
2697 5246 2895 5305 Fraus.
2940 5252 3219 5323 Regnault,
3248 5257 3297 5311 in
3336 5260 3416 5310 80.
3455 5259 3561 5311 Ea-

1971 5338 2090 5390 dem
2112 5350 2177 5391 ex
2214 5338 2501 5395 Boussardi
2524 5341 2783 5397 editione.

2046 5428 2201 5485 1528.
2246 5430 2484 5500 Βαδὶιεω,
2510 5450 2597 5503 ap.
2628 5435 2788 5489 Joan.
2824 5436 3051 5503 Froben,
3086 5440 3147 5492 l°.
3181 5440 3393 5493 Eusebii
3424 5439 3558 5493 Hist.

1970 5522 2105 5576 eccl.
2142 5523 2261 5579 libri
2291 5543 2363 5591 ιχ,
2398 5526 2592 5581 Ruﬁno
2620 5529 2937 5598 interprete,
2961 5542 3064 5583 etc.
3090 5547 3104 5593 ;
3134 5532 3381 5598 repetitio
3414 5531 3556 5586 Rhe-

1970 5614 2231 5675 nanianac,
2263 5619 2414 5688 cujus
2448 5630 2621 5675 tamen
2651 5621 2993 5688 prmiationes
3020 5630 3146 5675 sunt
3175 5619 3412 5688 reiectae.

2052 5808 2235 5889 fllist.
2268 5812 2449 5880 Aqut..
2473 5814 2571 5889 l_it_t.
2607 5814 2786 5889 libav,
2817 5830 2933 5883 cap.
2976 5824 3056 5881 l't,
3085 5831 3135 5885 p.
3168 5816 3272 5872 556
3298 5835 3413 5889 sqq.

2043 5874 2068 5912 ἀ
2094 5878 2209 5934 Lib.
2241 5895 2291 5948 ν,
2325 5874 2442 5950 cap.
2478 5883 2565 5952 11,
2600 5899 2653 5936 ι).
2690 5884 2742 5940 9.
