4094 6344
552 381 621 438 25
1552 369 1850 431 RUFINUS
1889 360 2367 436 AQUILEIENSIS
2399 362 2836 425 PRESBYTER.
3765 370 3833 425 es

624 499 784 555 1553.
826 497 1089 569 Lugduni,
1112 496 1251 565 apud
1273 493 1463 549 Bcned.
1488 492 1728 561 Bonnyn,
1753 490 1923 545 iri-8°.
1951 488 2145 543 Eadem
2174 488 2225 546 Α
2256 492 2360 539 tem
2388 483 2616 538 lcodices
2644 485 3086 555 suffragarentur,
3135 486 3348 542 etiamsi
3383 488 3435 542 in
3474 488 3589 543 loca
3632 488 3831 547 incide-

552 608 615 648 cx
645 590 882 648 editione
903 589 1213 646 Boussardi.

626 686 785 741 1559.
827 684 1065 751 Basileaz,
1100 702 1187 756 ap.
1218 684 1374 738 Joan.
1412 681 1638 748 Froben,
1675 680 1745 735 ῐο.
1787 679 1989 734 Eadem
2020 693 2139 731 cum

555 776 748 834 iisdem
782 776 1059 832 historicis
1101 775 1273 831 Rben.
1321 775 1526 844 aliquot
1564 771 1762 828 libellis
1790 769 2137 825 auetioribus.

626 867 787 925 l5“.
830 867 1048 923 Parisiis
1087 883 1176 937 per
1220 866 1495 922 Calcatum
1540 881 1573 919 a
1606 863 1787 930 Prata,
1831 864 1899 916 l0.
1938 860 2141 917 Eadem

554 975 677 1016 cum
707 959 895 1017 iisdem
926 975 991 1016 ex
1018 961 1385 1031 recognitione
1419 957 1663 1014 Rbenani
1695 954 1992 1027 impressis.

627 1055 785 1112 1542.
828 1054 1066 1123 Basilete,
1121 1057 1263 1127 apud
1308 1054 1505 1109 Henric
1536 1054 1703 1119 Petri,
1748 1053 1811 1107 Γ.
1856 1051 2056 1110 Eadem
2089 1051 2140 1106 in

556 1157 702 1202 temo
730 1146 798 1201 Ill
828 1146 1063 1217 Operam
1092 1146 1313 1203 Eusebii
1350 1146 1540 1201 Latine
1567 1146 1858 1201 editorum.

629 1238 786 1295 1544.
827 1238 991 1295 Basil.
1020 1255 1110 1309 ap.
1133 1237 1363 1304 Froben,
1390 1238 1458 1293 f°.
1484 1226 1684 1294 Eadem
1708 1252 1774 1294 ex
1796 1236 1885 1293 ed.
1913 1235 1974 1291 Β.
1999 1234 2142 1291 Rhe-

554 1330 678 1384 nani
702 1330 841 1385 inter
870 1340 1120 1385 auctores
1150 1330 1287 1386 Hist.
1316 1328 1449 1385 eccl.

622 1419 784 1476 1548.
824 1420 1141 1492 Antuerpiw,
1171 1437 1260 1491 ap.
1297 1419 1456 1477 Joan.
1495 1420 1794 1488 Steelsium,
1824 1418 1999 1473 in-8°.
2031 1417 2139 1473 Ea-

550 1512 674 1567 dem
706 1527 828 1568 cum
860 1512 1051 1568 iisdem
1102 1512 1409 1568 auctoribus
1440 1511 1576 1567 Hist.
1620 1512 1757 1567 eccl.
1795 1511 1951 1567 tomis
1988 1509 2033 1564 ll
2063 1524 2142 1566 re-

548 1618 712 1660 CUSIS.

624 1696 783 1752 1549.
829 1697 991 1752 Basil.
1024 1714 1110 1771 ap.
1154 1698 1380 1766 Froben,
1414 1698 1475 1755 (ο.
1506 1697 1686 1754 Ruﬁni
1720 1697 1970 1754 Historiae
1999 1696 2135 1753 eccl.

549 1788 675 1843 libri
701 1805 760 1855 ιι,
807 1804 929 1845 cum
977 1790 1286 1846 auctoribus
1330 1791 1530 1846 Hister.
1585 1791 1802 1853 eccles.,
1842 1804 1912 1844 ex
1964 1790 2134 1843 inter-

2248 584 2350 641 ret,
2410 573 2477 629 de
2528 591 2754 643 quorum
2803 578 3148 648 corruptione
3201 578 3286 635 vix
3336 578 3568 634 dubitari
3624 592 3824 651 posset.

2247 666 2493 734 Aspersit
2519 666 2681 721 etiam
2724 677 2899 733 notas,
2942 667 3037 722 sed
3077 683 3212 738 quas
3240 668 3529 738 juvenibus
3578 672 3828 729 studiosis

2249 766 2477 827 tantum,
2512 772 2618 812 non
2660 757 2790 811 viris
2841 758 3016 813 doctis
3060 759 3345 828 scripsisse
3370 762 3539 816 videri
3574 763 3721 831 vult;
3773 766 3825 821 in

2244 848 2438 919 quibus
2488 847 2678 918 partim
2740 848 2995 904 historica
3058 850 3291 907 breviter
3339 862 3395 907 et
3439 868 3559 923 quae
3607 870 3828 927 geogra-

2245 943 2426 1012 phiam
2447 943 2676 997 attinent
2706 943 2788 998 vel
2818 943 2934 998 loca
2978 953 3284 1001 sanctorum
3316 957 3369 1002 et
3391 946 3607 1004 Patrum
3640 961 3827 1009 notan-

2246 1043 2351 1089 tur.
2387 1034 2587 1113 Ultimo
2616 1034 2735 1091 loco
2764 1034 2995 1103 denique
3023 1045 3079 1092 et
3104 1037 3321 1108 quidem
3356 1040 3408 1094 in
3436 1040 3596 1097 dicta:
3623 1042 3825 1100 disser-

2245 1126 2461 1181 tationis
2491 1126 2560 1182 de
2602 1126 2781 1182 Ruﬁni
2821 1127 2931 1182 vita
2981 1136 3037 1184 et
3078 1128 3206 1195 ﬁde,
3240 1145 3359 1200 qua:
3394 1146 3515 1188 cum
3560 1133 3716 1191 libris
3761 1136 3826 1193 ab

2246 1219 2364 1289 ipso
2406 1216 2605 1273 Ruﬁno
2643 1218 2711 1273 ad
2753 1218 3112 1289 supplendum
3160 1221 3454 1277 Eusebium
3488 1223 3703 1293 scriptis
3741 1240 3826 1282 se-

2243 1310 2476 1364 cundum
2517 1309 2765 1364 volumen
2814 1310 3115 1377 constituit,
3166 1321 3318 1381 parte
3363 1314 3542 1383 tertia,
3583 1316 3650 1371 de
3699 1332 3825 1373 ver-

2244 1400 2398 1457 sione
2444 1402 2744 1471 Ruﬁniana,
2781 1404 3035 1460 videlicet
3067 1406 3120 1458 lo
3161 1407 3229 1462 de
3274 1408 3391 1477 ejus
3422 1408 3564 1479 apud
3594 1411 3825 1481 majores

2244 1495 2584 1562 auctoritate,
2613 1510 2710 1551 usu
2742 1504 2797 1550 et
2820 1495 3023 1564 pretio;
3054 1496 3111 1550 2°
3135 1496 3204 1552 de
3232 1498 3542 1556 Museulana
3590 1510 3645 1557 et
3672 1503 3825 1558 Chri-

2244 1586 2692 1656 stophorsoniana
2741 1587 2950 1642 Eusebii
3000 1588 3365 1657 versionihus;
3419 1592 3482 1647 5°
3517 1593 3586 1649 de
3630 1593 3821 1651 Valesii

2246 1678 2625 1743 translatione;
2657 1678 2711 1730 4°
2739 1678 2808 1734 de
2852 1678 3148 1735 Ruﬁniana:
3178 1681 3442 1736 versionis
3482 1682 3730 1740 laudibus
3759 1700 3821 1740 ex

2245 1769 2361 1837 ipso
2392 1768 2603 1824 Valesio
2630 1769 2871 1835 disserit,
2905 1785 2969 1825 ac
2997 1771 3054 1824 5'
3082 1773 3361 1843 utriusque
3391 1774 3562 1829 Rufini
3588 1784 3644 1830 et
3669 1775 3823 1834 Vale-

546 1892 687 1950 pret.
715 1882 912 1955 Wolfg.
946 1884 1193 1939 Musculi.
1226 1884 1486 1940 Similiter
1517 1885 1570 1937 in
1601 1884 1839 1953 repetitis
1874 1898 1961 1936 an.
1992 1880 2120 1935 1554

2235 1860 2299 1915 sii
2322 1862 2597 1917 versiones
2625 1861 2691 1916 ad
2716 1862 2961 1917 Graecum
3006 1872 3207 1919 textum
3238 1866 3469 1921 invicem
3516 1870 3817 1936 examinat,

547 1984 601 2030 et
631 1974 790 2044 1557,
819 1991 920 2031 nec
950 1991 1054 2031 non
1082 1976 1169 2032 ed.
1213 1976 1644 2046 Henricpetrina,
1680 1976 1800 2031 Bas.
1834 1974 1991 2028 1611.

618 2065 776 2122 1570.
819 2066 1060 2133 Basilete,
1097 2084 1184 2138 up.
1239 2066 1438 2121 Henric
1475 2065 1646 2137 Petri,
1678 2065 1737 2121 f°.
1774 2065 1973 2121 Eadem
2014 2081 2135 2119 cum

546 2156 803 2214 brevibus
833 2158 1051 2213 scboliis
1072 2158 1226 2214 Joan.
1276 2157 1391 2214 Jac.
1437 2157 1676 2229 Grynaci,
1714 2159 1767 2212 in
1796 2166 1942 2211 tumo
1971 2157 2012 2212 ll
2041 2172 2135 2211 eo-

544 2249 787 2305 rumdem
822 2249 1039 2305 Eusebii
1085 2249 1348 2320 Operum,
1394 2249 1483 2305 ubi
1520 2258 1695 2303 tamen
1738 2248 1925 2303 liberx
1951 2256 2033 2303 est
2070 2264 2135 2302 ex

545 2342 791 2396 versione
841 2338 991 2396 Joan.
1047 2340 1551 2412 Christophorsoni,
1606 2341 1741 2397 liber
1798 2356 1927 2396 vero
1970 2358 2021 2396 xt
2068 2358 2131 2398 ex

544 2432 763 2487 Rufino.

620 2526 781 2595 1571.
830 2526 1068 2593 Parisiis,
1116 2544 1204 2597 ap.
1254 2526 1378 2580 Nic.
1417 2523 1761 2592 Cltesnan,f°.
1793 2523 1969 2579 Ruﬁni
2012 2524 2134 2580 libri

545 2620 653 2673 duo
693 2618 944 2673 Historiae
978 2619 1135 2685 eccl.,
1179 2620 1373 2690 quibus
1414 2619 1700 2673 Eusebium
1732 2618 1965 2688 supplet,
2009 2632 2130 2671 cum

544 2710 762 2765 Eusebii
808 2711 941 2765 Hist.
996 2711 1132 2767 eccl.
1158 2726 1226 2766 ex
1274 2710 1518 2766 versione
1567 2709 2041 2781 Christophorsoni
2078 2720 2133 2765 et

543 2802 728 2859 Schol.
757 2803 913 2859 Joan.
953 2804 1205 2861 Curterii.

614 2895 773 2951 1580.
818 2895 1057 2962 Parisiis,
1116 2913 1205 2967 ap.
1258 2895 1420 2953 Mich.
1469 2897 1638 2963 Sonn,
1672 2896 1733 2951 f‘.
1773 2896 1951 2951 Rufini
1993 2895 2127 2950 Hist.

543 2987 677 3042 eccl.
699 2987 820 3043 libri
851 3004 911 3054 ιι,
942 3003 1063 3044 cum
1096 2989 1214 3059 ejus
1242 2990 1528 3062 Opusculis
1556 3006 1586 3046 a
1625 2990 1762 3045 Ren.
1793 2990 1951 3045 Laur.
1983 2990 2051 3046 de
2081 2991 2127 3045 la

542 3080 707 3137 Barre
730 3081 909 3137 editis.

610 3172 751 3229 Sane.
784 3190 937 3230 xvm.
965 3173 1222 3231 1740-“.
1267 3175 1463 3241 Romw,
1498 3178 1633 3247 typis
1672 3176 1885 3230 Antonii
1927 3176 1989 3230 de
2017 3175 2126 3231 Rn-

540 3265 661 3331 beis,
712 3264 873 3319 in-lo.
902 3265 1056 3319 Tomi
1085 3264 1130 3318 ll
1175 3267 1560 3323 ecclesiasticae
1604 3266 1860 3323 Historiae
1909 3267 2124 3323 Eusebii

542 3358 810 3427 Pamphili
843 3359 961 3415 libri
986 3375 1199 3426 novem,
1233 3359 1429 3417 Ruﬁno
1450 3360 1783 3433 Aquileiensi
1812 3363 2122 3432 interprete,

540 3465 604 3506 ac
634 3450 741 3505 duo
770 3451 937 3520 ipsius
977 3451 1157 3508 Ruﬁni
1205 3453 1328 3508 libri
1353 3470 1365 3507 :
1395 3469 1530 3524 opus
1577 3455 1630 3508 in
1661 3455 1796 3510 duas
1826 3465 2008 3524 partes
2038 3456 2123 3510 di-

543 3543 854 3609 stributum,
871 3558 1094 3614 quarum
1116 3545 1285 3601 altera
1306 3544 1545 3612 Eusebii,
1561 3547 1732 3602 altera
1760 3547 1935 3602 Ruﬁni
1959 3548 2124 3603 libros

538 3635 804 3701 continet,
829 3635 901 3690 ad
935 3635 1225 3692 Vaticanus
1272 3651 1401 3692 mss.
1441 3637 1665 3695 Codices
1690 3648 1909 3695 exactos
1955 3639 2125 3694 notis-

541 3743 647 3799 que
671 3728 966 3784 illustratos
987 3728 1169 3785 labore
1190 3744 1254 3784 ac
1279 3730 1457 3787 studio
1478 3730 1541 3787 F.
1567 3731 1713 3787 Petri
1734 3732 1958 3788 Thomas
1984 3732 2121 3788 Cac-

538 3814 670 3877 ciari
712 3836 742 3876 a
791 3822 1030 3876 Bononia
1081 3821 1387 3878 Carmelitte
1435 3824 1535 3880 rel.
1570 3824 1795 3880 Accedit
1836 3835 2122 3894 postremae

536 3906 681 3982 parti
712 3913 954 3984 ejusdem
987 3913 1244 3969 historica
1294 3915 1601 3973 dissertatio
1637 3917 1705 3973 de
1733 3916 1870 3980 vita,
1917 3916 2023 3972 ﬁde
2060 3931 2122 3971 ac

539 4008 842 4063 Eusebiana
873 4009 984 4079 ipsa
1015 4008 1190 4064 Ruﬁni
1221 4010 1575 4067 translatione
1610 4020 1665 4068 et
1689 4024 1811 4067 cum
1838 4008 2016 4065 iudice
2043 4009 2122 4065 lo-

536 4099 923 4167 cupletissimo.

606 4192 712 4247 Per
739 4203 951 4247 centum
980 4204 1034 4249 et
1072 4194 1340 4265 sexaginta
1373 4209 1465 4251 sex
1501 4208 1672 4248 annos
1715 4191 1993 4245 Ruﬁniana
2023 4190 2121 4244 Eu-

533 4287 671 4343 sebii
703 4289 979 4344 translatio
1008 4290 1154 4359 prelo
1186 4306 1291 4346 non
1322 4291 1511 4346 tradita
1544 4296 1678 4344 erat.
1710 4287 1834 4342 Haec
1861 4302 1989 4342 vero
2012 4296 2117 4341 tam

536 4382 899 4438 commendati
928 4384 1205 4439 veteribus
1245 4384 1425 4452 operis
1474 4382 1687 4435 fortuna
1718 4378 1949 4448 iniquior
1971 4381 2118 4433 Cac-

536 4476 702 4531 eiario
722 4478 834 4533 visa
862 4486 966 4546 est,
998 4492 1158 4549 quam
1201 4477 1421 4533 tolerari
1449 4475 1649 4529 diutius
1684 4474 1752 4527 ab
1785 4473 2001 4530 homine
2032 4489 2119 4529 ec-

533 4568 849 4626 clesiasticae
878 4572 1118 4627 historiae
1154 4570 1394 4625 studioso
1442 4568 1522 4622 fas
1560 4575 1722 4622 esset.
1763 4568 1910 4623 Bene
1938 4580 2115 4624 autem

532 4660 797 4718 intellexit
824 4679 931 4718 non
963 4662 1093 4717 satis
1143 4675 1265 4716 esse
1297 4659 1434 4731 typis
1470 4659 1658 4712 iterum
1699 4656 2114 4715 describendum

532 4764 733 4813 textum
766 4756 1180 4814 Rhenanianum
1220 4754 1454 4820 tradere,
1504 4750 1598 4806 sed
1626 4752 2034 4808 emaculandnm
2064 4764 2118 4811 et

530 4848 908 4919 expoliendum
939 4849 1007 4903 ab
1055 4844 1375 4910 innumeris,
1423 4856 1554 4912 quas
1595 4842 1755 4899 facile
1798 4844 1850 4899 in
1894 4847 2114 4915 pristina

535 4942 710 5009 specie
731 4940 1033 5010 detegeres,
1063 4936 1315 4993 sordibus
1338 4934 1439 4988 sibi
1467 4927 1717 5004 sumpsit,
1750 4944 1907 5005 atque
1936 4938 2006 4993 ita
2032 4956 2119 4996 re-

527 5031 772 5086 stitutum
803 5029 1021 5085 demum
1066 5026 1363 5081 Valesianae
1393 5025 1624 5080 versioni
1652 5041 1924 5097 opponere
1954 5046 2118 5087 ausus

527 5136 631 5193 est,
664 5128 707 5180 si
736 5125 919 5195 junior
942 5122 1058 5191 ejus
1104 5134 1167 5175 ac
1209 5119 1429 5174 nitidior
1476 5119 1643 5174 forma
1696 5120 1981 5179 detrahere
2009 5127 2111 5180 ali-

526 5219 652 5287 quid
685 5224 984 5269 amatorum
1024 5212 1098 5265 illi
1131 5218 1333 5280 posset.
1382 5211 1500 5267 Non
1546 5226 1681 5281 opus
1709 5223 1791 5268 est
1842 5223 1898 5269 ut
1927 5218 2113 5274 multis

528 5310 867 5365 declaremus
884 5318 1044 5374 quam
1071 5304 1261 5358 dextre
1292 5304 1391 5373 ipsi
1428 5304 1532 5360 hoc
1560 5307 1891 5375 propositum
1933 5324 2110 5367 cesse-

527 5409 617 5471 rit,
646 5419 766 5459 cum
798 5401 929 5457 satis
970 5415 1237 5471 superque
1279 5403 1376 5457 viri
1426 5402 1669 5460 doctrina
1699 5416 1752 5461 et
1777 5409 1996 5463 solertia
2036 5424 2105 5464 ex

526 5501 722 5557 Leonis
772 5496 1007 5566 Operum
1060 5496 1297 5553 editione
1348 5508 1581 5567 constet,
1631 5502 1718 5556 cui
1777 5502 1877 5557 hoc
1926 5504 2109 5559 labore

524 5585 923 5659 quodammodo
955 5586 1261 5656 prmlusisse
1287 5589 1453 5646 videri
1478 5600 1657 5663 queat.
1691 5592 1920 5649 Tcxtum
1952 5595 2114 5663 igitur

524 5680 589 5734 ad
620 5678 857 5748 quinque
878 5677 1113 5750 insignes
1138 5680 1351 5738 codices
1377 5699 1507 5740 mss.
1544 5684 1832 5740 Vaticanus
1857 5687 2109 5742 collatum

524 5773 787 5839 exhibuit,
819 5773 903 5828 his
932 5774 1138 5845 legibus
1177 5777 1277 5832 sibi
1307 5780 1541 5849 scriptis,
1575 5788 1631 5834 ut
1682 5781 1808 5834 nihil
1852 5782 1919 5835 de
1949 5798 2108 5852 supe—

524 5866 733 5923 riurum
764 5865 1031 5925 editorum
1062 5868 1296 5928 lectione
1346 5872 1678 5942 immutaret,
1723 5872 1827 5928 nisi
1859 5874 1964 5930 duo
1994 5876 2104 5931 sal-

2243 1949 2496 2020 illamque
2524 1950 2649 2007 huic
2688 1952 3024 2021 superiorem
3065 1963 3272 2013 censet.
3300 1954 3417 2022 Quo
3457 1971 3596 2011 novo
3641 1966 3819 2013 tamen

2235 2040 2441 2106 judicio
2473 2042 2737 2098 Valesium
2761 2060 2867 2099 non
2890 2045 3133 2114 protinus
3164 2048 3461 2103 contemnit
3485 2059 3537 2103 et
3562 2049 3716 2103 flocci
3733 2041 3820 2105 fa-

2239 2135 2344 2198 cit;
2390 2134 2483 2189 sed
2529 2134 2854 2191 deteriorem
2906 2138 3023 2208 ejus
3066 2140 3423 2195 conditionem
3473 2154 3503 2195 a
3542 2141 3820 2197 codicibus

2240 2229 2505 2298 imprimis
2533 2230 2735 2286 Grzecis
2759 2232 2977 2289 Eusebii
3002 2232 3169 2299 ducit,
3193 2248 3326 2303 quos
3356 2234 3421 2289 ad
3447 2250 3610 2290 unum
3632 2251 3821 2293 omnes

2237 2336 2335 2389 pro
2366 2323 2698 2394 interpolatis
2729 2335 2783 2383 et
2812 2326 3082 2398 corruptis
3122 2326 3306 2395 habet,
3340 2328 3587 2384 Ruﬁnum
3610 2338 3850 2396 contra,‘

2239 2416 2453 2471 Eusebii
2482 2418 2815 2488 temporibus
2847 2428 2953 2474 tam
2986 2420 3367 2491 propinquum,
3404 2421 3694 2477 verisimile
3724 2437 3822 2491 pu-

2238 2516 2313 2562 tat
2339 2523 2405 2563 cx
2446 2508 2839 2585 limpidioribus
2880 2510 3117 2567 fontibus
3164 2512 3426 2567 hausisse.
3458 2511 3661 2567 Deinde
3692 2526 3821 2567 vero

2236 2598 2290 2653 in
2322 2599 2618 2669 potioribus
2653 2601 2822 2670 ipsius
2862 2601 3039 2657 Ruﬁni
3070 2604 3292 2673 vestigia
3325 2604 3589 2673 pressisse
3636 2607 3707 2659 ab
3738 2618 3820 2659 eo-

2234 2704 2337 2759 que
2368 2691 2606 2746 subsidia
2650 2691 2868 2761 petiisse
2893 2683 3149 2760 juniores'
3183 2694 3530 2762 interpretes,
3562 2692 3713 2748 addit
3740 2703 3818 2747 at-

2234 2797 2338 2853 que
2386 2785 2652 2855 exempla,
2713 2796 2999 2858 utrumque
3047 2794 3422 2856 argumentum
3471 2785 3814 2854 roborantia,

2232 2877 2417 2947 quinto
2450 2878 2782 2947 potissimum
2811 2880 3147 2951 paragrapho
3173 2879 3562 2936 subministrat.

2302 3101 2512 3157 Codices
2530 3100 2800 3155 Caeciarii.
2815 3100 3014 3156 Omnes
3032 3099 3293 3156 Vaticani.
3313 3099 3543 3166 Primus,
3570 3116 3624 3154 n.
3647 3100 3807 3167 1978,

2236 3208 2586 3264 pergamenus
2616 3236 2631 3259 ,
2686 3192 2839 3261 in-P,
2886 3195 3027 3249 circa
3083 3192 3339 3257 saeculum
3391 3191 3508 3246 XIII
3556 3193 3811 3261 scriptus,

2230 3288 2509 3343 constabat
2529 3286 2619 3341 fol.
2655 3286 2775 3354 174,
2800 3286 3077 3358 solamque
3105 3285 3284 3340 Ruﬁni
3307 3284 3611 3340 versionem
3634 3286 3811 3339 conti-

2229 3382 2393 3436 nebat
2418 3397 2538 3437 cum
2568 3381 2781 3436 decimo
2810 3390 2865 3436 et
2886 3380 3168 3436 undecimo
3197 3380 3334 3435 libro
3364 3380 3432 3433 ab
3460 3377 3648 3434 eodem
3677 3378 3811 3432 scri-

2231 3484 2345 3542 pto.
2396 3474 2596 3529 Textus
2624 3475 2676 3527 in
2708 3473 2983 3527 columnas
3009 3471 3232 3525 divisus.
3291 3470 3345 3522 In
3378 3468 3618 3538 margine
3647 3467 3811 3525 variae

2226 3579 2459 3634 aspersa:
2489 3572 2644 3618 erant
2670 3563 3069 3616 annotationes.

2298 3679 2600 3746 Secundus,
2629 3695 2683 3732 η.
2715 3678 2873 3742 5989,
2892 3676 3445 3747 quaternis,.scriptus
3474 3689 3527 3730 a.
3558 3675 3807 3738 lM8,-et

2226 3773 2503 3827 absolutus
2523 3770 2609 3825 die
2639 3769 2707 3822 15
2729 3769 3037 3824 Decembris
3063 3768 3117 3823 in
3141 3766 3377 3835 Verona,
3408 3769 3573 3823 libros
3602 3777 3805 3823 tantum

2225 3882 2254 3920 a
2296 3864 2489 3921 Ruﬁno
2532 3877 2822 3918 conversos
2858 3862 3338 3932 complectebatur.
3386 3862 3620 3933 Singulis
3657 3861 3807 3931 capi-

2226 3959 2368 4013 tibus
2434 3957 2575 4013 tituli
2635 3955 2842 4026 praeﬁxi
2890 3965 2945 4010 et
2994 3954 3325 4025 marginibus
3377 3963 3519 4010 nota:
3582 3952 3808 4023 appicts:

2225 4062 2399 4117 erant,
2424 4051 2490 4107 iis
2533 4064 2668 4121 quas
2708 4049 3056 4105 Rhenaniana
3103 4049 3322 4105 exhibet
3361 4062 3467 4102 non
3493 4046 3804 4102 dissimiles.

2225 4146 2386 4215 Atqui
2418 4144 2559 4199 hunc
2608 4143 2948 4213 potissimum
2981 4158 3041 4198 se
3070 4152 3312 4198 secutum
3364 4149 3609 4205 testatur,
3666 4138 3804 4208 quod

2225 4236 2627 4292 accuratissime
2658 4236 2890 4307 scriptus
2918 4244 3085 4290 esset.

2294 4351 2530 4424 Tertius,
2556 4370 2612 4408 n.
2648 4352 2772 4420 564,
2805 4353 2993 4408 forma:
3020 4352 3261 4421 majoris,
3288 4362 3639 4419 pergamenus
3669 4356 3726 4403 et
3755 4350 3804 4402 in

2224 4447 2429 4503 duabus
2477 4446 2744 4502 columnis
2770 4447 3024 4516 scriptus,
3056 4444 3332 4499 constabat
3378 4442 3468 4495 fol.
3499 4441 3586 4492 77.
3612 4440 3807 4495 Saeculi

2229 4542 2514 4599 videbatur
2542 4558 2620 4609 ιι,
2647 4549 2703 4598 et
2726 4539 2956 4612 optimas
2996 4539 3259 4594 lectiones
3302 4535 3467 4589 dedit.
3518 4533 3638 4587 Fuit
3677 4534 3804 4588 olim

2147 4622 2200 4683 Ι)
2227 4639 2426 4707 reginae
2444 4634 2674 4690 Suecite.

2291 4747 2545 4816 Quartus,
2587 4762 2641 4801 n.
2672 4744 2797 4813 565,
2831 4756 3224 4815 pergamenus,
3270 4738 3554 4795 constabat
3583 4736 3679 4794 fol.
3714 4736 3802 4802 7'2,

2223 4840 2288 4895 ad
2313 4854 2437 4895 srec.
2473 4857 2571 4895 xu.
2603 4839 2911 4896 Cacciarius
2941 4836 3125 4891 refert.
3154 4835 3369 4889 Litterae
3396 4831 3630 4887 initiales
3660 4831 3807 4884 vario

2222 4942 2415 4988 ornatu
2444 4930 2768 5003 gaudebant.
2818 4926 3205 4997 Complectitur
3247 4934 3506 4995 praeterea
3540 4922 3806 4993 Recogni-

2223 5027 2395 5081 tiones
2416 5020 2704 5080 Clementis
2724 5036 2753 5075 a
2777 5019 2970 5075 Ruﬁno
2990 5032 3173 5072 versas
3200 5017 3298 5070 hac
3315 5014 3605 5085 epigraphe
3628 5031 3641 5067 :
3672 5012 3756 5065 Ru
3770 5016 3808 5082 [-

2222 5119 2316 5186 ﬁni
2344 5115 2681 5184 Aquileiensis
2709 5111 2945 5181 episcopi
2989 5109 3109 5181 (sic)
3154 5109 3209 5164 in
3240 5108 3507 5161 historiam
3533 5104 3806 5161 Clementis

2220 5226 2334 5280 quae
2362 5210 2550 5263 dicitur
2590 5208 2921 5262 ltinerarium
2962 5203 3105 5257 Petri
3151 5219 3238 5258 seu
3271 5199 3544 5255 Clementis
3574 5198 3807 5269 recogni—

2219 5302 2431 5356 tionum.

2291 5415 2541 5482 Quintus,
2563 5428 2618 5467 u.
2653 5410 2778 5478 585,
2812 5409 3010 5466 recenti
3027 5408 3120 5463 sed
3147 5405 3472 5477 pcrpulchro
3488 5404 3804 5458 charactere

2220 5508 2477 5576 scriptus,
2507 5514 2562 5561 et
2587 5502 2822 5559 miniatis
2846 5501 3032 5572 figuris
3055 5515 3283 5569 operose
3311 5498 3619 5562 distinctus,
3665 5494 3805 5549 unde

2220 5616 2284 5656 ex
2318 5598 2637 5671 perantiquo
2669 5594 2955 5665 insigniori
2994 5594 3245 5661 quopiam
3287 5592 3581 5658 exemplari
3614 5605 3802 5657 sump-

2219 5700 2329 5746 tum
2371 5690 2673 5761 suspicatur
2712 5687 2907 5753 editor,
2933 5684 3218 5740 constabat
3260 5682 3352 5736 fol.
3385 5682 3513 5747 201,
3553 5695 3803 5734 asserva-

2219 5792 2410 5851 turqne
2438 5782 2491 5837 in
2515 5796 2574 5839 ea
2609 5778 2881 5836 Vaticana:
2914 5776 3048 5832 Bibl.
3103 5784 3250 5844 parte
3286 5789 3442 5842 quam
3490 5772 3798 5828 Urbinatcm

2215 5875 2417 5933 dicunt.
