  <div class='ocr_page' id='page_1' title='image "/cluster/home/n/w/nwhite01/storage/ocr_20150623/21/hvd.32044015471360/018.png"; bbox 0 0 4094 6344; ppageno 0'>
   <div class='ocr_carea' id='block_1_1' title="bbox 226 350 3548 440">
    <p class='ocr_par' dir='ltr' id='par_1_1' title="bbox 226 350 3548 440">
     <span class='ocr_line' id='line_1_1' title="bbox 226 350 3548 440; baseline 0.001 -35"><span class='ocrx_word' id='word_1_1' title='bbox 226 381 286 440; x_wconf 59' lang='lat'><strong>25</strong></span> <span class='ocrx_word' id='word_1_2' title='bbox 1750 350 2019 407; x_wconf 77' lang='lat' dir='ltr'><strong>NU&#39;HTIA</strong></span> <span class='ocrx_word' id='word_1_3' title='bbox 2032 387 2049 404; x_wconf 92' lang='lat'><strong>.</strong></span> <span class='ocrx_word' id='word_1_4' title='bbox 2470 360 2473 361; x_wconf 68' lang='lat'><strong><em>&#39;</em></strong></span> <span class='ocrx_word' id='word_1_5' title='bbox 3477 354 3548 410; x_wconf 77' lang='lat'><strong>26</strong></span> 
     </span>
    </p>
   </div>
   <div class='ocr_carea' id='block_1_2' title="bbox 295 503 1836 638">
    <p class='ocr_par' dir='ltr' id='par_1_2' title="bbox 295 503 1836 638">
     <span class='ocr_line' id='line_1_2' title="bbox 295 503 1836 638; baseline -0.015 -63"><span class='ocrx_word' id='word_1_6' title='bbox 295 522 357 575; x_wconf 92' lang='lat' dir='ltr'><strong>ll.</strong></span> <span class='ocrx_word' id='word_1_7' title='bbox 398 520 586 588; x_wconf 79' lang='lat' dir='ltr'><strong>Ruﬁni</strong></span> <span class='ocrx_word' id='word_1_8' title='bbox 626 515 868 571; x_wconf 78' lang='lat' dir='ltr'><strong>Historia</strong></span> <span class='ocrx_word' id='word_1_9' title='bbox 894 512 1170 638; x_wconf 51' lang='lat' dir='ltr'><strong>erelnzitira,</strong></span> <span class='ocrx_word' id='word_1_10' title='bbox 1200 524 1286 562; x_wconf 82' lang='lat' dir='ltr'><strong>seu</strong></span> <span class='ocrx_word' id='word_1_11' title='bbox 1326 506 1389 560; x_wconf 84' lang='lat' dir='ltr'><strong>de</strong></span> <span class='ocrx_word' id='word_1_12' title='bbox 1442 504 1569 559; x_wconf 76' lang='lat' dir='ltr'><strong>Vitis</strong></span> <span class='ocrx_word' id='word_1_13' title='bbox 1616 503 1836 555; x_wconf 84' lang='lat' dir='ltr'><strong>Patrum</strong></span> 
     </span>
     <span class='ocr_line' id='line_1_3' title="bbox 990 600 1113 637; baseline -0.016 0"><span class='ocrx_word' id='word_1_14' title='bbox 990 601 1005 637; x_wconf 80' lang='grc' dir='ltr'><strong><em>ι</em></strong></span> <span class='ocrx_word' id='word_1_15' title='bbox 1040 600 1113 637; x_wconf 90' lang='lat' dir='ltr'><strong>er.</strong></span> 
     </span>
    </p>
   </div>
   <div class='ocr_carea' id='block_1_3' title="bbox 990 600 1113 637">
    <p class='ocr_par' dir='ltr' id='par_1_3' title="bbox 990 600 1113 637">
     <span class='ocr_line' id='line_1_4' title="bbox 990 600 1113 637; baseline -0.016 0"><span class='ocrx_word' id='word_1_16' title='bbox 990 600 1113 637; x_wconf 78' lang='grc' dir='ltr'><strong>ιοεν.</strong></span> 
     </span>
    </p>
   </div>
   <div class='ocr_carea' id='block_1_4' title="bbox 301 712 1842 793">
    <p class='ocr_par' dir='ltr' id='par_1_4' title="bbox 301 712 1842 793">
     <span class='ocr_line' id='line_1_5' title="bbox 301 712 1842 793; baseline -0.015 -7"><span class='ocrx_word' id='word_1_17' title='bbox 301 731 496 786; x_wconf 82' lang='lat' dir='ltr'><strong>Patres</strong></span> <span class='ocrx_word' id='word_1_18' title='bbox 540 727 631 782; x_wconf 84' lang='lat' dir='ltr'><strong>vel</strong></span> <span class='ocrx_word' id='word_1_19' title='bbox 665 734 889 781; x_wconf 90' lang='lat' dir='ltr'><strong>sanctos</strong></span> <span class='ocrx_word' id='word_1_20' title='bbox 916 735 1138 793; x_wconf 87' lang='lat' dir='ltr'><strong>quorum</strong></span> <span class='ocrx_word' id='word_1_21' title='bbox 1169 718 1293 773; x_wconf 87' lang='lat' dir='ltr'><strong>vitae</strong></span> <span class='ocrx_word' id='word_1_22' title='bbox 1320 715 1497 769; x_wconf 84' lang='lat' dir='ltr'><strong>Ruﬁni</strong></span> <span class='ocrx_word' id='word_1_23' title='bbox 1530 713 1633 768; x_wconf 92' lang='lat' dir='ltr'><strong>hoc</strong></span> <span class='ocrx_word' id='word_1_24' title='bbox 1657 712 1842 766; x_wconf 90' lang='lat' dir='ltr'><strong>libello</strong></span> 
     </span>
    </p>
   </div>
   <div class='ocr_carea' id='block_1_5' title="bbox 238 806 1843 888">
    <p class='ocr_par' dir='ltr' id='par_1_5' title="bbox 238 806 1843 888">
     <span class='ocr_line' id='line_1_6' title="bbox 238 806 1843 888; baseline -0.013 -8"><span class='ocrx_word' id='word_1_25' title='bbox 238 832 592 888; x_wconf 74' lang='lat' dir='ltr'><strong>enarrantur,</strong></span> <span class='ocrx_word' id='word_1_26' title='bbox 626 820 685 875; x_wconf 91' lang='lat' dir='ltr'><strong>in</strong></span> <span class='ocrx_word' id='word_1_27' title='bbox 730 817 918 873; x_wconf 75' lang='lat' dir='ltr'><strong>Nitria:</strong></span> <span class='ocrx_word' id='word_1_28' title='bbox 958 828 1141 871; x_wconf 90' lang='lat' dir='ltr'><strong>eremo</strong></span> <span class='ocrx_word' id='word_1_29' title='bbox 1169 810 1459 881; x_wconf 90' lang='lat' dir='ltr'><strong>aliquando</strong></span> <span class='ocrx_word' id='word_1_30' title='bbox 1486 807 1734 863; x_wconf 83' lang='lat' dir='ltr'><strong>floruisse</strong></span> <span class='ocrx_word' id='word_1_31' title='bbox 1759 806 1843 860; x_wconf 93' lang='lat' dir='ltr'><strong>di-</strong></span> 
     </span>
    </p>
   </div>
   <div class='ocr_carea' id='block_1_6' title="bbox 242 898 1838 980">
    <p class='ocr_par' dir='ltr' id='par_1_6' title="bbox 242 898 1838 980">
     <span class='ocr_line' id='line_1_7' title="bbox 242 898 1838 980; baseline -0.013 -10"><span class='ocrx_word' id='word_1_32' title='bbox 242 915 462 980; x_wconf 82' lang='lat' dir='ltr'><strong>scimus,</strong></span> <span class='ocrx_word' id='word_1_33' title='bbox 496 920 674 980; x_wconf 89' lang='lat' dir='ltr'><strong>atque</strong></span> <span class='ocrx_word' id='word_1_34' title='bbox 719 917 778 963; x_wconf 90' lang='lat' dir='ltr'><strong>ut</strong></span> <span class='ocrx_word' id='word_1_35' title='bbox 819 905 1039 969; x_wconf 88' lang='lat' dir='ltr'><strong>certius,</strong></span> <span class='ocrx_word' id='word_1_36' title='bbox 1082 903 1295 974; x_wconf 88' lang='lat' dir='ltr'><strong>qualem</strong></span> <span class='ocrx_word' id='word_1_37' title='bbox 1342 903 1590 958; x_wconf 88' lang='lat' dir='ltr'><strong>volumus</strong></span> <span class='ocrx_word' id='word_1_38' title='bbox 1619 898 1838 962; x_wconf 90' lang='lat' dir='ltr'><strong>librum,</strong></span> 
     </span>
    </p>
   </div>
   <div class='ocr_carea' id='block_1_7' title="bbox 244 990 1843 1069">
    <p class='ocr_par' dir='ltr' id='par_1_7' title="bbox 244 990 1843 1069">
     <span class='ocr_line' id='line_1_8' title="bbox 244 990 1843 1069; baseline -0.011 -8"><span class='ocrx_word' id='word_1_39' title='bbox 244 1011 471 1069; x_wconf 88' lang='lat' dir='ltr'><strong>constet,</strong></span> <span class='ocrx_word' id='word_1_40' title='bbox 507 1002 745 1058; x_wconf 83' lang='lat' dir='ltr'><strong>nomina</strong></span> <span class='ocrx_word' id='word_1_41' title='bbox 772 998 1108 1068; x_wconf 83' lang='lat' dir='ltr'><strong>singulorum</strong></span> <span class='ocrx_word' id='word_1_42' title='bbox 1140 1004 1195 1051; x_wconf 91' lang='lat' dir='ltr'><strong>et</strong></span> <span class='ocrx_word' id='word_1_43' title='bbox 1220 994 1465 1049; x_wconf 84' lang='lat' dir='ltr'><strong>ordinem</strong></span> <span class='ocrx_word' id='word_1_44' title='bbox 1494 992 1547 1047; x_wconf 92' lang='lat' dir='ltr'><strong>in</strong></span> <span class='ocrx_word' id='word_1_45' title='bbox 1579 990 1843 1046; x_wconf 87' lang='lat' dir='ltr'><strong>recentis-</strong></span> 
     </span>
    </p>
   </div>
   <div class='ocr_carea' id='block_1_8' title="bbox 246 1081 1847 1161">
    <p class='ocr_par' dir='ltr' id='par_1_8' title="bbox 246 1081 1847 1161">
     <span class='ocr_line' id='line_1_9' title="bbox 246 1081 1847 1161; baseline -0.012 -6"><span class='ocrx_word' id='word_1_46' title='bbox 246 1101 391 1155; x_wconf 85' lang='lat' dir='ltr'><strong>simis</strong></span> <span class='ocrx_word' id='word_1_47' title='bbox 420 1094 774 1153; x_wconf 89' lang='lat' dir='ltr'><strong>editionibus</strong></span> <span class='ocrx_word' id='word_1_48' title='bbox 814 1092 1033 1149; x_wconf 88' lang='lat' dir='ltr'><strong>obvium</strong></span> <span class='ocrx_word' id='word_1_49' title='bbox 1075 1089 1392 1161; x_wconf 85' lang='lat' dir='ltr'><strong>apposuisse</strong></span> <span class='ocrx_word' id='word_1_50' title='bbox 1440 1086 1731 1157; x_wconf 85' lang='lat' dir='ltr'><strong>plurimum</strong></span> <span class='ocrx_word' id='word_1_51' title='bbox 1756 1081 1847 1152; x_wconf 88' lang='lat' dir='ltr'><strong>ju-</strong></span> 
     </span>
    </p>
   </div>
   <div class='ocr_carea' id='block_1_9' title="bbox 246 1194 401 1249">
    <p class='ocr_par' dir='ltr' id='par_1_9' title="bbox 246 1194 401 1249">
     <span class='ocr_line' id='line_1_10' title="bbox 246 1194 401 1249; baseline 0.006 -5"><span class='ocrx_word' id='word_1_52' title='bbox 246 1194 401 1249; x_wconf 78' lang='lat' dir='ltr'><strong>vabit.</strong></span> 
     </span>
    </p>
   </div>
   <div class='ocr_carea' id='block_1_10' title="bbox 321 1287 1851 1372">
    <p class='ocr_par' dir='ltr' id='par_1_10' title="bbox 321 1287 1851 1372">
     <span class='ocr_line' id='line_1_11' title="bbox 321 1287 1851 1372; baseline -0.014 -12"><span class='ocrx_word' id='word_1_53' title='bbox 321 1302 689 1360; x_wconf 69' lang='lat' dir='ltr'><strong>Praamittitur</strong></span> <span class='ocrx_word' id='word_1_54' title='bbox 719 1300 973 1372; x_wconf 79' lang='lat' dir='ltr'><strong>prologns</strong></span> <span class='ocrx_word' id='word_1_55' title='bbox 1001 1296 1261 1367; x_wconf 82' lang='lat' dir='ltr'><strong>incipiens</strong></span> <span class='ocrx_word' id='word_1_56' title='bbox 1288 1307 1318 1347; x_wconf 88' lang='lat' dir='ltr'><strong>a</strong></span> <span class='ocrx_word' id='word_1_57' title='bbox 1340 1291 1519 1347; x_wconf 85' lang='lat' dir='ltr'><strong>verbis</strong></span> <span class='ocrx_word' id='word_1_58' title='bbox 1540 1287 1851 1343; x_wconf 77' lang='lat' dir='ltr'><strong>Benedictus</strong></span> 
     </span>
    </p>
   </div>
   <div class='ocr_carea' id='block_1_11' title="bbox 259 1378 1849 1463">
    <p class='ocr_par' dir='ltr' id='par_1_11' title="bbox 259 1378 1849 1463">
     <span class='ocr_line' id='line_1_12' title="bbox 259 1378 1849 1463; baseline -0.014 -9"><span class='ocrx_word' id='word_1_59' title='bbox 259 1399 410 1463; x_wconf 74' lang='lat' dir='ltr'><strong>Deus,</strong></span> <span class='ocrx_word' id='word_1_60' title='bbox 440 1396 708 1453; x_wconf 88' lang='lat' dir='ltr'><strong>desinens</strong></span> <span class='ocrx_word' id='word_1_61' title='bbox 744 1410 756 1445; x_wconf 91' lang='lat'><strong>:</strong></span> <span class='ocrx_word' id='word_1_62' title='bbox 789 1390 854 1445; x_wconf 86' lang='lat' dir='ltr'><strong>Et</strong></span> <span class='ocrx_word' id='word_1_63' title='bbox 893 1390 1130 1460; x_wconf 77' lang='lat' dir='ltr'><strong>perfecta:</strong></span> <span class='ocrx_word' id='word_1_64' title='bbox 1181 1385 1455 1456; x_wconf 66' lang='lat' dir='ltr'><strong>sapientia</strong></span> <span class='ocrx_word' id='word_1_65' title='bbox 1500 1382 1725 1453; x_wconf 87' lang='lat' dir='ltr'><strong>palmam</strong></span> <span class='ocrx_word' id='word_1_66' title='bbox 1771 1378 1849 1432; x_wconf 80' lang='lat' dir='ltr'><strong>vel</strong></span> 
     </span>
    </p>
   </div>
   <div class='ocr_carea' id='block_1_12' title="bbox 261 1471 1848 1561">
    <p class='ocr_par' dir='ltr' id='par_1_12' title="bbox 261 1471 1848 1561">
     <span class='ocr_line' id='line_1_13' title="bbox 261 1471 1848 1561; baseline -0.014 -15"><span class='ocrx_word' id='word_1_67' title='bbox 261 1491 503 1561; x_wconf 70' lang='lat' dir='ltr'><strong>patientia:</strong></span> <span class='ocrx_word' id='word_1_68' title='bbox 528 1487 833 1558; x_wconf 85' lang='lat' dir='ltr'><strong>requirant.</strong></span> <span class='ocrx_word' id='word_1_69' title='bbox 866 1481 1107 1552; x_wconf 89' lang='lat' dir='ltr'><strong>Capitula</strong></span> <span class='ocrx_word' id='word_1_70' title='bbox 1156 1478 1277 1535; x_wconf 83' lang='lat' dir='ltr'><strong>libri</strong></span> <span class='ocrx_word' id='word_1_71' title='bbox 1317 1485 1442 1532; x_wconf 89' lang='lat' dir='ltr'><strong>sunt</strong></span> <span class='ocrx_word' id='word_1_72' title='bbox 1467 1474 1554 1527; x_wconf 81' lang='grc'><strong>55.</strong></span> <span class='ocrx_word' id='word_1_73' title='bbox 1590 1475 1641 1527; x_wconf 92' lang='grc'><strong>1.</strong></span> <span class='ocrx_word' id='word_1_74' title='bbox 1677 1471 1755 1527; x_wconf 84' lang='lat' dir='ltr'><strong>De</strong></span> <span class='ocrx_word' id='word_1_75' title='bbox 1784 1471 1848 1527; x_wconf 90' lang='lat' dir='ltr'><strong>S.</strong></span> 
     </span>
    </p>
   </div>
   <div class='ocr_carea' id='block_1_13' title="bbox 266 1566 1847 1647">
    <p class='ocr_par' dir='ltr' id='par_1_13' title="bbox 266 1566 1847 1647">
     <span class='ocr_line' id='line_1_14' title="bbox 266 1566 1847 1647; baseline -0.011 -10"><span class='ocrx_word' id='word_1_76' title='bbox 266 1582 495 1647; x_wconf 77' lang='lat' dir='ltr'><strong>Joanne;</strong></span> <span class='ocrx_word' id='word_1_77' title='bbox 518 1580 577 1634; x_wconf 84' lang='grc'>2.</span> <span class='ocrx_word' id='word_1_78' title='bbox 602 1579 670 1632; x_wconf 88' lang='lat' dir='ltr'><strong>de</strong></span> <span class='ocrx_word' id='word_1_79' title='bbox 699 1576 867 1642; x_wconf 86' lang='lat' dir='ltr'><strong>llor.;</strong></span> <span class='ocrx_word' id='word_1_80' title='bbox 899 1574 952 1628; x_wconf 79' lang='grc'><strong>5.</strong></span> <span class='ocrx_word' id='word_1_81' title='bbox 983 1574 1053 1629; x_wconf 90' lang='lat' dir='ltr'><strong>de</strong></span> <span class='ocrx_word' id='word_1_82' title='bbox 1082 1574 1379 1636; x_wconf 84' lang='lat' dir='ltr'><strong>Ammone;</strong></span> <span class='ocrx_word' id='word_1_83' title='bbox 1410 1569 1468 1625; x_wconf 69' lang='grc'><strong>4.</strong></span> <span class='ocrx_word' id='word_1_84' title='bbox 1497 1568 1565 1623; x_wconf 90' lang='lat' dir='ltr'><strong>de</strong></span> <span class='ocrx_word' id='word_1_85' title='bbox 1587 1567 1761 1632; x_wconf 90' lang='lat' dir='ltr'><strong>Beno;</strong></span> <span class='ocrx_word' id='word_1_86' title='bbox 1792 1566 1847 1620; x_wconf 80' lang='grc'><strong>5.</strong></span> 
     </span>
    </p>
   </div>
   <div class='ocr_carea' id='block_1_14' title="bbox 270 1659 1849 1743">
    <p class='ocr_par' dir='ltr' id='par_1_14' title="bbox 270 1659 1849 1743">
     <span class='ocr_line' id='line_1_15' title="bbox 270 1659 1849 1743; baseline -0.011 -15"><span class='ocrx_word' id='word_1_87' title='bbox 270 1674 333 1728; x_wconf 88' lang='lat' dir='ltr'><strong>de</strong></span> <span class='ocrx_word' id='word_1_88' title='bbox 360 1670 686 1743; x_wconf 79' lang='lat' dir='ltr'><strong>Oxyryncho</strong></span> <span class='ocrx_word' id='word_1_89' title='bbox 718 1668 963 1732; x_wconf 84' lang='lat' dir='ltr'><strong>civitate;</strong></span> <span class='ocrx_word' id='word_1_90' title='bbox 1006 1664 1059 1718; x_wconf 89' lang='lat'><strong>6.</strong></span> <span class='ocrx_word' id='word_1_91' title='bbox 1088 1664 1156 1719; x_wconf 93' lang='lat' dir='ltr'><strong>de</strong></span> <span class='ocrx_word' id='word_1_92' title='bbox 1177 1662 1426 1728; x_wconf 85' lang='lat' dir='ltr'><strong>Theone;</strong></span> <span class='ocrx_word' id='word_1_93' title='bbox 1446 1662 1500 1714; x_wconf 86' lang='lat'><strong>7.</strong></span> <span class='ocrx_word' id='word_1_94' title='bbox 1526 1661 1593 1716; x_wconf 92' lang='lat' dir='ltr'><strong>de</strong></span> <span class='ocrx_word' id='word_1_95' title='bbox 1624 1659 1849 1730; x_wconf 88' lang='lat' dir='ltr'><strong>Apollo-</strong></span> 
     </span>
    </p>
   </div>
   <div class='ocr_carea' id='block_1_15' title="bbox 269 1752 1850 1830">
    <p class='ocr_par' dir='ltr' id='par_1_15' title="bbox 269 1752 1850 1830">
     <span class='ocr_line' id='line_1_16' title="bbox 269 1752 1850 1830; baseline -0.009 -9"><span class='ocrx_word' id='word_1_96' title='bbox 269 1767 381 1830; x_wconf 76' lang='lat' dir='ltr'><strong>nio;</strong></span> <span class='ocrx_word' id='word_1_97' title='bbox 409 1766 459 1818; x_wconf 92' lang='lat'><strong>8.</strong></span> <span class='ocrx_word' id='word_1_98' title='bbox 498 1762 564 1818; x_wconf 92' lang='lat' dir='ltr'><strong>de</strong></span> <span class='ocrx_word' id='word_1_99' title='bbox 588 1763 895 1826; x_wconf 82' lang='lat' dir='ltr'><strong>Ammone;</strong></span> <span class='ocrx_word' id='word_1_100' title='bbox 923 1760 978 1813; x_wconf 86' lang='lat'><strong>9.</strong></span> <span class='ocrx_word' id='word_1_101' title='bbox 1005 1757 1073 1812; x_wconf 91' lang='lat' dir='ltr'><strong>de</strong></span> <span class='ocrx_word' id='word_1_102' title='bbox 1104 1758 1335 1827; x_wconf 86' lang='lat' dir='ltr'><strong>Coprete</strong></span> <span class='ocrx_word' id='word_1_103' title='bbox 1377 1755 1557 1824; x_wconf 85' lang='lat' dir='ltr'><strong>presb.</strong></span> <span class='ocrx_word' id='word_1_104' title='bbox 1587 1762 1640 1809; x_wconf 91' lang='lat' dir='ltr'><strong>et</strong></span> <span class='ocrx_word' id='word_1_105' title='bbox 1667 1752 1850 1808; x_wconf 89' lang='lat' dir='ltr'><strong>Pater-</strong></span> 
     </span>
    </p>
   </div>
   <div class='ocr_carea' id='block_1_16' title="bbox 1867 467 3547 554">
    <p class='ocr_par' dir='ltr' id='par_1_16' title="bbox 1867 467 3547 554">
     <span class='ocr_line' id='line_1_17' title="bbox 1867 467 3547 554; baseline -0.006 -25"><span class='ocrx_word' id='word_1_106' title='bbox 1867 477 1922 537; x_wconf 84' lang='grc' dir='ltr'><strong>Α</strong></span> <span class='ocrx_word' id='word_1_107' title='bbox 1947 474 2138 529; x_wconf 82' lang='lat' dir='ltr'><strong>itinera</strong></span> <span class='ocrx_word' id='word_1_108' title='bbox 2167 484 2222 529; x_wconf 92' lang='lat' dir='ltr'><strong>et</strong></span> <span class='ocrx_word' id='word_1_109' title='bbox 2252 486 2338 528; x_wconf 90' lang='lat' dir='ltr'><strong>res</strong></span> <span class='ocrx_word' id='word_1_110' title='bbox 2363 488 2391 526; x_wconf 89' lang='lat' dir='ltr'><strong>a</strong></span> <span class='ocrx_word' id='word_1_111' title='bbox 2416 486 2473 526; x_wconf 90' lang='lat' dir='ltr'><strong>se</strong></span> <span class='ocrx_word' id='word_1_112' title='bbox 2501 471 2646 526; x_wconf 90' lang='lat' dir='ltr'><strong>visas</strong></span> <span class='ocrx_word' id='word_1_113' title='bbox 2674 470 2775 540; x_wconf 89' lang='lat' dir='ltr'><strong>ipsi</strong></span> <span class='ocrx_word' id='word_1_114' title='bbox 2806 477 2863 554; x_wconf 72' lang='lat' dir='ltr'><strong>ut</strong></span> <span class='ocrx_word' id='word_1_115' title='bbox 2891 468 3030 539; x_wconf 77' lang='lat' dir='ltr'><strong>ston</strong></span> <span class='ocrx_word' id='word_1_116' title='bbox 3062 480 3284 521; x_wconf 90' lang='lat' dir='ltr'><strong>romano</strong></span> <span class='ocrx_word' id='word_1_117' title='bbox 3310 467 3447 523; x_wconf 90' lang='lat' dir='ltr'><strong>deco</strong></span> <span class='ocrx_word' id='word_1_118' title='bbox 3461 483 3547 520; x_wconf 87' lang='lat' dir='ltr'><strong>ra-</strong></span> 
     </span>
    </p>
   </div>
   <div class='ocr_carea' id='block_1_17' title="bbox 1944 558 3550 636">
    <p class='ocr_par' dir='ltr' id='par_1_17' title="bbox 1944 558 3550 636">
     <span class='ocr_line' id='line_1_18' title="bbox 1944 558 3550 636; baseline -0.008 -12"><span class='ocrx_word' id='word_1_119' title='bbox 1944 579 2048 635; x_wconf 90' lang='lat' dir='ltr'><strong>ret,</strong></span> <span class='ocrx_word' id='word_1_120' title='bbox 2091 568 2415 632; x_wconf 86' lang='lat' dir='ltr'><strong>narraverit,</strong></span> <span class='ocrx_word' id='word_1_121' title='bbox 2453 579 2610 636; x_wconf 87' lang='lat' dir='ltr'><strong>quem</strong></span> <span class='ocrx_word' id='word_1_122' title='bbox 2644 564 2811 619; x_wconf 83' lang='lat' dir='ltr'><strong>fuisse</strong></span> <span class='ocrx_word' id='word_1_123' title='bbox 2843 562 2959 617; x_wconf 83' lang='lat' dir='ltr'><strong>vult</strong></span> <span class='ocrx_word' id='word_1_124' title='bbox 2999 558 3307 616; x_wconf 84' lang='lat' dir='ltr'><strong>Petronium</strong></span> <span class='ocrx_word' id='word_1_125' title='bbox 3360 559 3550 613; x_wconf 89' lang='lat' dir='ltr'><strong>Bono-</strong></span> 
     </span>
    </p>
   </div>
   <div class='ocr_carea' id='block_1_18' title="bbox 1945 652 3550 727">
    <p class='ocr_par' dir='ltr' id='par_1_18' title="bbox 1945 652 3550 727">
     <span class='ocr_line' id='line_1_19' title="bbox 1945 652 3550 727; baseline -0.006 -11"><span class='ocrx_word' id='word_1_126' title='bbox 1945 663 2210 727; x_wconf 91' lang='lat' dir='ltr'><strong>niensem,</strong></span> <span class='ocrx_word' id='word_1_127' title='bbox 2241 659 2325 715; x_wconf 92' lang='lat' dir='ltr'><strong>cui</strong></span> <span class='ocrx_word' id='word_1_128' title='bbox 2351 657 2663 714; x_wconf 85' lang='lat' dir='ltr'><strong>Gennadius</strong></span> <span class='ocrx_word' id='word_1_129' title='bbox 2685 656 2873 711; x_wconf 81' lang='lat' dir='ltr'><strong>scribit</strong></span> <span class='ocrx_word' id='word_1_130' title='bbox 2900 653 2928 692; x_wconf 75' lang='grc' dir='ltr'><strong>(ί</strong></span> <span class='ocrx_word' id='word_1_131' title='bbox 2951 668 3047 709; x_wconf 90' lang='lat' dir='ltr'><strong>sua</strong></span> <span class='ocrx_word' id='word_1_132' title='bbox 3078 660 3238 708; x_wconf 62' lang='lat' dir='ltr'><strong>nitate</strong></span> <span class='ocrx_word' id='word_1_133' title='bbox 3266 653 3406 707; x_wconf 82' lang='lat' dir='ltr'><strong>vitas</strong></span> <span class='ocrx_word' id='word_1_134' title='bbox 3445 652 3550 707; x_wconf 84' lang='lat' dir='ltr'><strong>Pa-</strong></span> 
     </span>
    </p>
   </div>
   <div class='ocr_carea' id='block_1_19' title="bbox 1947 743 3549 820">
    <p class='ocr_par' dir='ltr' id='par_1_19' title="bbox 1947 743 3549 820">
     <span class='ocr_line' id='line_1_20' title="bbox 1947 743 3549 820; baseline -0.006 -12"><span class='ocrx_word' id='word_1_135' title='bbox 1947 764 2088 808; x_wconf 88' lang='lat' dir='ltr'><strong>trum</strong></span> <span class='ocrx_word' id='word_1_136' title='bbox 2118 752 2440 820; x_wconf 79' lang='lat' dir='ltr'><strong>assignatas.</strong></span> <span class='ocrx_word' id='word_1_137' title='bbox 2486 750 2719 805; x_wconf 86' lang='lat' dir='ltr'><strong>Tantum</strong></span> <span class='ocrx_word' id='word_1_138' title='bbox 2750 755 2928 804; x_wconf 89' lang='lat' dir='ltr'><strong>autem</strong></span> <span class='ocrx_word' id='word_1_139' title='bbox 2976 747 3130 802; x_wconf 90' lang='lat' dir='ltr'><strong>abest</strong></span> <span class='ocrx_word' id='word_1_140' title='bbox 3156 755 3214 800; x_wconf 92' lang='lat' dir='ltr'><strong>ut</strong></span> <span class='ocrx_word' id='word_1_141' title='bbox 3243 760 3308 800; x_wconf 82' lang='lat' dir='ltr'><strong>ex</strong></span> <span class='ocrx_word' id='word_1_142' title='bbox 3346 743 3549 801; x_wconf 70' lang='lat' dir='ltr'><strong>Graeco</strong></span> 
     </span>
    </p>
   </div>
   <div class='ocr_carea' id='block_1_20' title="bbox 1947 837 3554 914">
    <p class='ocr_par' dir='ltr' id='par_1_20' title="bbox 1947 837 3554 914">
     <span class='ocr_line' id='line_1_21' title="bbox 1947 837 3554 914; baseline -0.005 -14"><span class='ocrx_word' id='word_1_143' title='bbox 1947 846 2365 914; x_wconf 83' lang='lat' dir='ltr'><strong>interpretatum</strong></span> <span class='ocrx_word' id='word_1_144' title='bbox 2380 844 2519 899; x_wconf 81' lang='lat' dir='ltr'><strong>vitas</strong></span> <span class='ocrx_word' id='word_1_145' title='bbox 2542 842 2677 901; x_wconf 84' lang='lat' dir='ltr'><strong>istas</strong></span> <span class='ocrx_word' id='word_1_146' title='bbox 2699 842 2951 897; x_wconf 87' lang='lat' dir='ltr'><strong>Ruﬁnum</strong></span> <span class='ocrx_word' id='word_1_147' title='bbox 2973 847 3207 911; x_wconf 89' lang='lat' dir='ltr'><strong>putet,ut</strong></span> <span class='ocrx_word' id='word_1_148' title='bbox 3227 839 3344 909; x_wconf 84' lang='lat' dir='ltr'><strong>ejus</strong></span> <span class='ocrx_word' id='word_1_149' title='bbox 3361 837 3554 910; x_wconf 79' lang='lat' dir='ltr'><strong>potius</strong></span> 
     </span>
    </p>
   </div>
   <div class='ocr_carea' id='block_1_21' title="bbox 1948 929 3552 1006">
    <p class='ocr_par' dir='ltr' id='par_1_21' title="bbox 1948 929 3552 1006">
     <span class='ocr_line' id='line_1_22' title="bbox 1948 929 3552 1006; baseline -0.004 -13"><span class='ocrx_word' id='word_1_150' title='bbox 1948 952 2171 1006; x_wconf 85' lang='lat' dir='ltr'><strong>operam</strong></span> <span class='ocrx_word' id='word_1_151' title='bbox 2202 936 2392 992; x_wconf 83' lang='lat' dir='ltr'><strong>Graece</strong></span> <span class='ocrx_word' id='word_1_152' title='bbox 2415 944 2604 1005; x_wconf 88' lang='lat' dir='ltr'><strong>postea</strong></span> <span class='ocrx_word' id='word_1_153' title='bbox 2625 948 2839 990; x_wconf 87' lang='lat' dir='ltr'><strong>versam</strong></span> <span class='ocrx_word' id='word_1_154' title='bbox 2868 942 2925 989; x_wconf 92' lang='lat' dir='ltr'><strong>et</strong></span> <span class='ocrx_word' id='word_1_155' title='bbox 2944 932 3167 987; x_wconf 79' lang='lat' dir='ltr'><strong>Palladii</strong></span> <span class='ocrx_word' id='word_1_156' title='bbox 3194 931 3446 987; x_wconf 66' lang='lat' dir='ltr'><strong>Historiae</strong></span> <span class='ocrx_word' id='word_1_157' title='bbox 3479 929 3552 987; x_wconf 89' lang='lat' dir='ltr'><strong>ob</strong></span> 
     </span>
    </p>
   </div>
   <div class='ocr_carea' id='block_1_22' title="bbox 1947 1022 3549 1098">
    <p class='ocr_par' dir='ltr' id='par_1_22' title="bbox 1947 1022 3549 1098">
     <span class='ocr_line' id='line_1_23' title="bbox 1947 1022 3549 1098; baseline -0.006 -11"><span class='ocrx_word' id='word_1_158' title='bbox 1947 1045 2133 1087; x_wconf 85' lang='lat' dir='ltr'><strong>rerum</strong></span> <span class='ocrx_word' id='word_1_159' title='bbox 2162 1027 2542 1098; x_wconf 74' lang='lat' dir='ltr'><strong>cognationem</strong></span> <span class='ocrx_word' id='word_1_160' title='bbox 2581 1026 2883 1082; x_wconf 79' lang='lat' dir='ltr'><strong>immixtam</strong></span> <span class='ocrx_word' id='word_1_161' title='bbox 2913 1038 3065 1089; x_wconf 80' lang='lat' dir='ltr'><strong>esse,</strong></span> <span class='ocrx_word' id='word_1_162' title='bbox 3105 1022 3180 1079; x_wconf 87' lang='lat' dir='ltr'><strong>ita</strong></span> <span class='ocrx_word' id='word_1_163' title='bbox 3222 1033 3279 1077; x_wconf 93' lang='lat' dir='ltr'><strong>ut</strong></span> <span class='ocrx_word' id='word_1_164' title='bbox 3304 1037 3371 1077; x_wconf 78' lang='lat' dir='ltr'><strong>ex</strong></span> <span class='ocrx_word' id='word_1_165' title='bbox 3400 1029 3549 1078; x_wconf 86' lang='lat' dir='ltr'><strong>utro-</strong></span> 
     </span>
    </p>
   </div>
   <div class='ocr_carea' id='block_1_23' title="bbox 1952 1112 3548 1191">
    <p class='ocr_par' dir='ltr' id='par_1_23' title="bbox 1952 1112 3548 1191">
     <span class='ocr_line' id='line_1_24' title="bbox 1952 1112 3548 1191; baseline -0.006 -15"><span class='ocrx_word' id='word_1_166' title='bbox 1952 1135 2055 1191; x_wconf 90' lang='lat' dir='ltr'><strong>que</strong></span> <span class='ocrx_word' id='word_1_167' title='bbox 2081 1129 2310 1177; x_wconf 86' lang='lat' dir='ltr'><strong>auctore</strong></span> <span class='ocrx_word' id='word_1_168' title='bbox 2341 1134 2508 1179; x_wconf 83' lang='lat' dir='ltr'><strong>unum</strong></span> <span class='ocrx_word' id='word_1_169' title='bbox 2538 1132 2734 1187; x_wconf 85' lang='lat' dir='ltr'><strong>corpus</strong></span> <span class='ocrx_word' id='word_1_170' title='bbox 2764 1117 2941 1184; x_wconf 85' lang='lat' dir='ltr'><strong>ﬁeret,</strong></span> <span class='ocrx_word' id='word_1_171' title='bbox 2972 1129 3080 1171; x_wconf 90' lang='lat' dir='ltr'><strong>non</strong></span> <span class='ocrx_word' id='word_1_172' title='bbox 3120 1112 3548 1184; x_wconf 85' lang='lat' dir='ltr'><strong>improbabiliter</strong></span> 
     </span>
    </p>
   </div>
   <div class='ocr_carea' id='block_1_24' title="bbox 1948 1206 3546 1280">
    <p class='ocr_par' dir='ltr' id='par_1_24' title="bbox 1948 1206 3546 1280">
     <span class='ocr_line' id='line_1_25' title="bbox 1948 1206 3546 1280; baseline -0.006 -11"><span class='ocrx_word' id='word_1_173' title='bbox 1948 1212 2160 1269; x_wconf 79' lang='lat' dir='ltr'><strong>credat.</strong></span> <span class='ocrx_word' id='word_1_174' title='bbox 2211 1211 2439 1267; x_wconf 84' lang='lat' dir='ltr'><strong>Causam</strong></span> <span class='ocrx_word' id='word_1_175' title='bbox 2470 1210 2633 1280; x_wconf 84' lang='lat' dir='ltr'><strong>po&#39;rro</strong></span> <span class='ocrx_word' id='word_1_176' title='bbox 2662 1208 2735 1264; x_wconf 91' lang='lat' dir='ltr'><strong>ob</strong></span> <span class='ocrx_word' id='word_1_177' title='bbox 2777 1223 2938 1277; x_wconf 88' lang='lat' dir='ltr'><strong>quam</strong></span> <span class='ocrx_word' id='word_1_178' title='bbox 2978 1206 3294 1278; x_wconf 80' lang='lat' dir='ltr'><strong>Hieronymi</strong></span> <span class='ocrx_word' id='word_1_179' title='bbox 3347 1220 3546 1262; x_wconf 86' lang='lat' dir='ltr'><strong>nomen</strong></span> 
     </span>
    </p>
   </div>
   <div class='ocr_carea' id='block_1_25' title="bbox 1952 1296 3548 1372">
    <p class='ocr_par' dir='ltr' id='par_1_25' title="bbox 1952 1296 3548 1372">
     <span class='ocr_line' id='line_1_26' title="bbox 1952 1296 3548 1372; baseline -0.003 -15"><span class='ocrx_word' id='word_1_180' title='bbox 1952 1302 2089 1357; x_wconf 92' lang='lat' dir='ltr'><strong>libro</strong></span> <span class='ocrx_word' id='word_1_181' title='bbox 2137 1301 2339 1372; x_wconf 65' lang='lat' dir='ltr'><strong>praeﬁgi</strong></span> <span class='ocrx_word' id='word_1_182' title='bbox 2394 1300 2763 1364; x_wconf 87' lang='lat' dir='ltr'><strong>consueverit,</strong></span> <span class='ocrx_word' id='word_1_183' title='bbox 2798 1298 3019 1354; x_wconf 89' lang='lat' dir='ltr'><strong>minime</strong></span> <span class='ocrx_word' id='word_1_184' title='bbox 3059 1314 3088 1351; x_wconf 84' lang='lat' dir='ltr'><strong>a</strong></span> <span class='ocrx_word' id='word_1_185' title='bbox 3121 1312 3253 1352; x_wconf 88' lang='lat' dir='ltr'><strong>vero</strong></span> <span class='ocrx_word' id='word_1_186' title='bbox 3300 1296 3548 1367; x_wconf 76' lang='lat' dir='ltr'><strong>profecto</strong></span> 
     </span>
    </p>
   </div>
   <div class='ocr_carea' id='block_1_26' title="bbox 1953 1389 3553 1459">
    <p class='ocr_par' dir='ltr' id='par_1_26' title="bbox 1953 1389 3553 1459">
     <span class='ocr_line' id='line_1_27' title="bbox 1953 1389 3553 1459; baseline -0.001 -13"><span class='ocrx_word' id='word_1_187' title='bbox 1953 1393 2301 1449; x_wconf 89' lang='lat' dir='ltr'><strong>abludentem</strong></span> <span class='ocrx_word' id='word_1_188' title='bbox 2332 1391 2669 1447; x_wconf 89' lang='lat' dir='ltr'><strong>Fontaninus</strong></span> <span class='ocrx_word' id='word_1_189' title='bbox 2699 1392 2879 1456; x_wconf 86' lang='lat' dir='ltr'><strong>docet,</strong></span> <span class='ocrx_word' id='word_1_190' title='bbox 2917 1390 3064 1445; x_wconf 72' lang='lat' dir='ltr'><strong>Vitas</strong></span> <span class='ocrx_word' id='word_1_191' title='bbox 3094 1390 3315 1445; x_wconf 77' lang='lat' dir='ltr'><strong>Patrum</strong></span> <span class='ocrx_word' id='word_1_192' title='bbox 3344 1389 3553 1459; x_wconf 84' lang='lat' dir='ltr'><strong>aliquas</strong></span> 
     </span>
    </p>
   </div>
   <div class='ocr_carea' id='block_1_27' title="bbox 1954 1483 3552 1558">
    <p class='ocr_par' dir='ltr' id='par_1_27' title="bbox 1954 1483 3552 1558">
     <span class='ocr_line' id='line_1_28' title="bbox 1954 1483 3552 1558; baseline -0.001 -17"><span class='ocrx_word' id='word_1_193' title='bbox 1954 1487 2021 1541; x_wconf 90' lang='lat' dir='ltr'><strong>ab</strong></span> <span class='ocrx_word' id='word_1_194' title='bbox 2056 1487 2387 1558; x_wconf 76' lang='lat' dir='ltr'><strong>lltieronymo</strong></span> <span class='ocrx_word' id='word_1_195' title='bbox 2438 1486 2801 1555; x_wconf 88' lang='lat' dir='ltr'><strong>conscriptas,</strong></span> <span class='ocrx_word' id='word_1_196' title='bbox 2852 1500 2975 1540; x_wconf 90' lang='lat' dir='ltr'><strong>cum</strong></span> <span class='ocrx_word' id='word_1_197' title='bbox 3026 1483 3177 1539; x_wconf 88' lang='lat' dir='ltr'><strong>hisce</strong></span> <span class='ocrx_word' id='word_1_198' title='bbox 3226 1484 3552 1553; x_wconf 85' lang='lat' dir='ltr'><strong>Ruﬁnianis,</strong></span> 
     </span>
    </p>
   </div>
   <div class='ocr_carea' id='block_1_28' title="bbox 1955 1575 3555 1646">
    <p class='ocr_par' dir='ltr' id='par_1_28' title="bbox 1955 1575 3555 1646">
     <span class='ocr_line' id='line_1_29' title="bbox 1955 1575 3555 1646; baseline -0.001 -15"><span class='ocrx_word' id='word_1_199' title='bbox 1955 1576 2164 1631; x_wconf 90' lang='lat' dir='ltr'><strong>nullum</strong></span> <span class='ocrx_word' id='word_1_200' title='bbox 2198 1592 2393 1632; x_wconf 93' lang='lat' dir='ltr'><strong>nomen</strong></span> <span class='ocrx_word' id='word_1_201' title='bbox 2445 1575 2886 1646; x_wconf 68' lang='lat' dir='ltr'><strong>praeferentibus,</strong></span> <span class='ocrx_word' id='word_1_202' title='bbox 2936 1575 3005 1630; x_wconf 90' lang='lat' dir='ltr'><strong>ob</strong></span> <span class='ocrx_word' id='word_1_203' title='bbox 3033 1575 3335 1645; x_wconf 87' lang='lat' dir='ltr'><strong>argumenti</strong></span> <span class='ocrx_word' id='word_1_204' title='bbox 3363 1575 3555 1631; x_wconf 87' lang='lat' dir='ltr'><strong>simili-</strong></span> 
     </span>
    </p>
   </div>
   <div class='ocr_carea' id='block_1_29' title="bbox 1956 1666 3554 1739">
    <p class='ocr_par' dir='ltr' id='par_1_29' title="bbox 1956 1666 3554 1739">
     <span class='ocr_line' id='line_1_30' title="bbox 1956 1666 3554 1739; baseline -0.002 -14"><span class='ocrx_word' id='word_1_205' title='bbox 1956 1670 2200 1725; x_wconf 86' lang='lat' dir='ltr'><strong>tudinem</strong></span> <span class='ocrx_word' id='word_1_206' title='bbox 2244 1678 2556 1739; x_wconf 86' lang='lat' dir='ltr'><strong>compactas</strong></span> <span class='ocrx_word' id='word_1_207' title='bbox 2599 1668 2848 1724; x_wconf 78' lang='lat' dir='ltr'><strong>effecisse</strong></span> <span class='ocrx_word' id='word_1_208' title='bbox 2893 1667 3104 1732; x_wconf 89' lang='lat' dir='ltr'><strong>dicens,</strong></span> <span class='ocrx_word' id='word_1_209' title='bbox 3154 1676 3213 1722; x_wconf 90' lang='lat' dir='ltr'><strong>ut</strong></span> <span class='ocrx_word' id='word_1_210' title='bbox 3259 1667 3438 1722; x_wconf 88' lang='lat' dir='ltr'><strong>omnia</strong></span> <span class='ocrx_word' id='word_1_211' title='bbox 3487 1666 3554 1723; x_wconf 86' lang='lat' dir='ltr'><strong>ad</strong></span> 
     </span>
    </p>
   </div>
   <div class='ocr_carea' id='block_1_30' title="bbox 1958 1758 3553 1832">
    <p class='ocr_par' dir='ltr' id='par_1_30' title="bbox 1958 1758 3553 1832">
     <span class='ocr_line' id='line_1_31' title="bbox 1958 1758 3553 1832; baseline -0.001 -17"><span class='ocrx_word' id='word_1_212' title='bbox 1958 1761 2350 1832; x_wconf 86' lang='lat' dir='ltr'><strong>Hieronymum</strong></span> <span class='ocrx_word' id='word_1_213' title='bbox 2394 1770 2649 1831; x_wconf 88' lang='lat' dir='ltr'><strong>tanquam</strong></span> <span class='ocrx_word' id='word_1_214' title='bbox 2689 1760 2904 1815; x_wconf 86' lang='lat' dir='ltr'><strong>unicum</strong></span> <span class='ocrx_word' id='word_1_215' title='bbox 2955 1769 3231 1815; x_wconf 88' lang='lat' dir='ltr'><strong>auctorem</strong></span> <span class='ocrx_word' id='word_1_216' title='bbox 3280 1758 3553 1814; x_wconf 85' lang='lat' dir='ltr'><strong>referren-</strong></span> 
     </span>
    </p>
   </div>
   <div class='ocr_carea' id='block_1_31' title="bbox 265 1844 1865 1923">
    <p class='ocr_par' dir='ltr' id='par_1_31' title="bbox 265 1844 1844 1921">
     <span class='ocr_line' id='line_1_32' title="bbox 265 1844 1844 1921; baseline -0.009 -10"><span class='ocrx_word' id='word_1_217' title='bbox 265 1855 436 1921; x_wconf 89' lang='lat' dir='ltr'><strong>natio;</strong></span> <span class='ocrx_word' id='word_1_218' title='bbox 470 1854 561 1909; x_wconf 87' lang='grc'><strong>10.</strong></span> <span class='ocrx_word' id='word_1_219' title='bbox 593 1852 665 1907; x_wconf 88' lang='lat' dir='ltr'><strong>de</strong></span> <span class='ocrx_word' id='word_1_220' title='bbox 694 1851 835 1921; x_wconf 88' lang='lat' dir='ltr'><strong>Syro</strong></span> <span class='ocrx_word' id='word_1_221' title='bbox 863 1850 1077 1913; x_wconf 88' lang='lat' dir='ltr'><strong>abbate.</strong></span> <span class='ocrx_word' id='word_1_222' title='bbox 1112 1848 1267 1913; x_wconf 86' lang='lat' dir='ltr'><strong>Isaia,</strong></span> <span class='ocrx_word' id='word_1_223' title='bbox 1311 1844 1476 1901; x_wconf 87' lang='lat' dir='ltr'><strong>Paulo</strong></span> <span class='ocrx_word' id='word_1_224' title='bbox 1507 1856 1561 1901; x_wconf 93' lang='lat' dir='ltr'><strong>et</strong></span> <span class='ocrx_word' id='word_1_225' title='bbox 1593 1846 1844 1914; x_wconf 88' lang='lat' dir='ltr'><strong>Anuph.;</strong></span> 
     </span>
    </p>
   </div>
   <div class='ocr_carea' id='block_1_32' title="bbox 1968 1844 3543 1923">
    <p class='ocr_par' dir='ltr' id='par_1_32' title="bbox 1968 1851 3543 1923">
     <span class='ocr_line' id='line_1_33' title="bbox 1968 1851 3543 1923; baseline -0.002 -16"><span class='ocrx_word' id='word_1_226' title='bbox 1968 1869 2057 1907; x_wconf 61' lang='grc' dir='ltr'><strong>ματ.</strong></span> <span class='ocrx_word' id='word_1_227' title='bbox 2086 1852 2261 1922; x_wconf 83' lang='lat' dir='ltr'><strong>Atque</strong></span> <span class='ocrx_word' id='word_1_228' title='bbox 2287 1853 2398 1921; x_wconf 87' lang='lat' dir='ltr'><strong>jam</strong></span> <span class='ocrx_word' id='word_1_229' title='bbox 2427 1864 2792 1923; x_wconf 80' lang='lat' dir='ltr'><strong>Opportunum</strong></span> <span class='ocrx_word' id='word_1_230' title='bbox 2816 1853 2921 1908; x_wconf 90' lang='lat' dir='ltr'><strong>erit</strong></span> <span class='ocrx_word' id='word_1_231' title='bbox 2945 1861 3000 1906; x_wconf 93' lang='lat' dir='ltr'><strong>ut</strong></span> <span class='ocrx_word' id='word_1_232' title='bbox 3030 1851 3291 1907; x_wconf 88' lang='lat' dir='ltr'><strong>lectorem</strong></span> <span class='ocrx_word' id='word_1_233' title='bbox 3321 1865 3543 1906; x_wconf 89' lang='lat' dir='ltr'><strong>monea-</strong></span> 
     </span>
    </p>
   </div>
   <div class='ocr_carea' id='block_1_33' title="bbox 264 1937 1851 2009">
    <p class='ocr_par' dir='ltr' id='par_1_33' title="bbox 264 1937 1851 2009">
     <span class='ocr_line' id='line_1_34' title="bbox 264 1937 1851 2009; baseline -0.005 -7"><span class='ocrx_word' id='word_1_234' title='bbox 264 1947 347 2002; x_wconf 81' lang='grc'><strong>11.</strong></span> <span class='ocrx_word' id='word_1_235' title='bbox 376 1947 444 2001; x_wconf 91' lang='lat' dir='ltr'><strong>de</strong></span> <span class='ocrx_word' id='word_1_236' title='bbox 471 1945 726 2008; x_wconf 78' lang='lat' dir='ltr'><strong>Heleno;</strong></span> <span class='ocrx_word' id='word_1_237' title='bbox 753 1942 844 1998; x_wconf 87' lang='grc'><strong>12.</strong></span> <span class='ocrx_word' id='word_1_238' title='bbox 871 1943 937 1996; x_wconf 92' lang='lat' dir='ltr'><strong>de</strong></span> <span class='ocrx_word' id='word_1_239' title='bbox 963 1941 1114 2007; x_wconf 87' lang='lat' dir='ltr'><strong>Elia;</strong></span> <span class='ocrx_word' id='word_1_240' title='bbox 1158 1940 1246 1995; x_wconf 78' lang='grc'><strong>15.</strong></span> <span class='ocrx_word' id='word_1_241' title='bbox 1274 1938 1339 1993; x_wconf 85' lang='lat' dir='ltr'><strong>de</strong></span> <span class='ocrx_word' id='word_1_242' title='bbox 1374 1937 1687 2009; x_wconf 86' lang='lat' dir='ltr'><strong>PithyriOne</strong></span> <span class='ocrx_word' id='word_1_243' title='bbox 1714 1955 1727 2002; x_wconf 88' lang='lat'><strong>;</strong></span> <span class='ocrx_word' id='word_1_244' title='bbox 1763 1938 1851 1994; x_wconf 75' lang='grc'><strong>14.</strong></span> 
     </span>
    </p>
   </div>
   <div class='ocr_carea' id='block_1_34' title="bbox 263 2030 1852 2105">
    <p class='ocr_par' dir='ltr' id='par_1_34' title="bbox 263 2030 1852 2105">
     <span class='ocr_line' id='line_1_35' title="bbox 263 2030 1852 2105; baseline -0.005 -13"><span class='ocrx_word' id='word_1_245' title='bbox 263 2038 328 2093; x_wconf 92' lang='lat' dir='ltr'><strong>de</strong></span> <span class='ocrx_word' id='word_1_246' title='bbox 357 2038 513 2092; x_wconf 80' lang='lat' dir='ltr'><strong>Patre</strong></span> <span class='ocrx_word' id='word_1_247' title='bbox 534 2033 801 2105; x_wconf 85' lang='lat' dir='ltr'><strong>Eulogio,</strong></span> <span class='ocrx_word' id='word_1_248' title='bbox 833 2033 919 2088; x_wconf 78' lang='grc'><strong>15.</strong></span> <span class='ocrx_word' id='word_1_249' title='bbox 945 2033 1015 2088; x_wconf 91' lang='lat' dir='ltr'><strong>de</strong></span> <span class='ocrx_word' id='word_1_250' title='bbox 1057 2031 1278 2101; x_wconf 83' lang='lat' dir='ltr'><strong>Apellen</strong></span> <span class='ocrx_word' id='word_1_251' title='bbox 1314 2031 1494 2100; x_wconf 90' lang='lat' dir='ltr'><strong>presb.</strong></span> <span class='ocrx_word' id='word_1_252' title='bbox 1528 2039 1585 2085; x_wconf 92' lang='lat' dir='ltr'><strong>et</strong></span> <span class='ocrx_word' id='word_1_253' title='bbox 1610 2030 1816 2085; x_wconf 81' lang='lat' dir='ltr'><strong>Joanne</strong></span> <span class='ocrx_word' id='word_1_254' title='bbox 1839 2072 1852 2095; x_wconf 92' lang='lat'><strong>,</strong></span> 
     </span>
    </p>
   </div>
   <div class='ocr_carea' id='block_1_35' title="bbox 264 2112 1854 2198">
    <p class='ocr_par' dir='ltr' id='par_1_35' title="bbox 264 2112 1854 2198">
     <span class='ocr_line' id='line_1_36' title="bbox 264 2112 1854 2198; baseline -0.006 -13"><span class='ocrx_word' id='word_1_255' title='bbox 264 2128 351 2185; x_wconf 88' lang='grc'><strong>16.</strong></span> <span class='ocrx_word' id='word_1_256' title='bbox 382 2128 451 2185; x_wconf 90' lang='lat' dir='ltr'><strong>de</strong></span> <span class='ocrx_word' id='word_1_257' title='bbox 470 2112 928 2198; x_wconf 80' lang='lat' dir='ltr'><strong>Paphnutio;l7.</strong></span> <span class='ocrx_word' id='word_1_258' title='bbox 961 2125 1030 2179; x_wconf 90' lang='lat' dir='ltr'><strong>de</strong></span> <span class='ocrx_word' id='word_1_259' title='bbox 1056 2123 1380 2178; x_wconf 81' lang='lat' dir='ltr'><strong>Monasterio</strong></span> <span class='ocrx_word' id='word_1_260' title='bbox 1410 2123 1618 2178; x_wconf 82' lang='lat' dir='ltr'><strong>abbatis</strong></span> <span class='ocrx_word' id='word_1_261' title='bbox 1644 2122 1854 2189; x_wconf 91' lang='lat' dir='ltr'><strong>lsidori;</strong></span> 
     </span>
    </p>
   </div>
   <div class='ocr_carea' id='block_1_36' title="bbox 265 2212 1857 2288">
    <p class='ocr_par' dir='ltr' id='par_1_36' title="bbox 265 2212 1857 2288">
     <span class='ocr_line' id='line_1_37' title="bbox 265 2212 1857 2288; baseline -0.006 -12"><span class='ocrx_word' id='word_1_262' title='bbox 265 2222 349 2276; x_wconf 88' lang='grc'><strong>18.</strong></span> <span class='ocrx_word' id='word_1_263' title='bbox 377 2220 445 2276; x_wconf 94' lang='lat' dir='ltr'><strong>de</strong></span> <span class='ocrx_word' id='word_1_264' title='bbox 468 2219 774 2288; x_wconf 88' lang='lat' dir='ltr'><strong>Serapione</strong></span> <span class='ocrx_word' id='word_1_265' title='bbox 804 2216 985 2287; x_wconf 90' lang='lat' dir='ltr'><strong>presb.</strong></span> <span class='ocrx_word' id='word_1_266' title='bbox 1012 2233 1024 2280; x_wconf 90' lang='lat'><strong>;</strong></span> <span class='ocrx_word' id='word_1_267' title='bbox 1057 2216 1144 2270; x_wconf 82' lang='grc'><strong>19.</strong></span> <span class='ocrx_word' id='word_1_268' title='bbox 1179 2214 1248 2270; x_wconf 92' lang='lat' dir='ltr'><strong>de</strong></span> <span class='ocrx_word' id='word_1_269' title='bbox 1276 2214 1562 2284; x_wconf 81' lang='lat' dir='ltr'><strong>Apollonio</strong></span> <span class='ocrx_word' id='word_1_270' title='bbox 1591 2212 1857 2267; x_wconf 87' lang='lat' dir='ltr'><strong>monacho</strong></span> 
     </span>
    </p>
   </div>
   <div class='ocr_carea' id='block_1_37' title="bbox 266 2302 1859 2382">
    <p class='ocr_par' dir='ltr' id='par_1_37' title="bbox 266 2302 1859 2382">
     <span class='ocr_line' id='line_1_38' title="bbox 266 2302 1859 2382; baseline -0.005 -16"><span class='ocrx_word' id='word_1_271' title='bbox 266 2322 315 2366; x_wconf 91' lang='lat' dir='ltr'><strong>et</strong></span> <span class='ocrx_word' id='word_1_272' title='bbox 338 2311 515 2382; x_wconf 89' lang='lat' dir='ltr'><strong>presb.</strong></span> <span class='ocrx_word' id='word_1_273' title='bbox 543 2329 556 2373; x_wconf 90' lang='lat'><strong>;</strong></span> <span class='ocrx_word' id='word_1_274' title='bbox 590 2310 681 2364; x_wconf 80' lang='lat'><strong>20.</strong></span> <span class='ocrx_word' id='word_1_275' title='bbox 716 2308 783 2363; x_wconf 90' lang='lat' dir='ltr'><strong>de</strong></span> <span class='ocrx_word' id='word_1_276' title='bbox 816 2309 1075 2361; x_wconf 87' lang='lat' dir='ltr'><strong>Dioscoru</strong></span> <span class='ocrx_word' id='word_1_277' title='bbox 1107 2304 1325 2376; x_wconf 86' lang='lat' dir='ltr'><strong>presb.&#39;;</strong></span> <span class='ocrx_word' id='word_1_278' title='bbox 1359 2305 1450 2361; x_wconf 77' lang='lat' dir='ltr'><strong>2f.</strong></span> <span class='ocrx_word' id='word_1_279' title='bbox 1482 2305 1549 2359; x_wconf 90' lang='lat' dir='ltr'><strong>de</strong></span> <span class='ocrx_word' id='word_1_280' title='bbox 1582 2302 1859 2359; x_wconf 84' lang='lat' dir='ltr'><strong>Monachis</strong></span> 
     </span>
    </p>
   </div>
   <div class='ocr_carea' id='block_1_38' title="bbox 267 2395 1859 2468">
    <p class='ocr_par' dir='ltr' id='par_1_38' title="bbox 267 2395 1859 2468">
     <span class='ocr_line' id='line_1_39' title="bbox 267 2395 1859 2468; baseline -0.004 -10"><span class='ocrx_word' id='word_1_281' title='bbox 267 2404 317 2458; x_wconf 93' lang='lat' dir='ltr'><strong>in</strong></span> <span class='ocrx_word' id='word_1_282' title='bbox 348 2402 516 2458; x_wconf 79' lang='lat' dir='ltr'><strong>Nitria</strong></span> <span class='ocrx_word' id='word_1_283' title='bbox 562 2399 1057 2463; x_wconf 90' lang='lat' dir='ltr'><strong>commorantihus;</strong></span> <span class='ocrx_word' id='word_1_284' title='bbox 1117 2399 1208 2452; x_wconf 89' lang='lat'><strong>22.</strong></span> <span class='ocrx_word' id='word_1_285' title='bbox 1256 2398 1325 2454; x_wconf 88' lang='lat' dir='ltr'><strong>de</strong></span> <span class='ocrx_word' id='word_1_286' title='bbox 1372 2397 1494 2453; x_wconf 89' lang='lat' dir='ltr'><strong>loco</strong></span> <span class='ocrx_word' id='word_1_287' title='bbox 1533 2398 1622 2468; x_wconf 94' lang='lat' dir='ltr'><strong>qui</strong></span> <span class='ocrx_word' id='word_1_288' title='bbox 1663 2395 1859 2452; x_wconf 89' lang='lat' dir='ltr'><strong>dicitur</strong></span> 
     </span>
    </p>
   </div>
   <div class='ocr_carea' id='block_1_39' title="bbox 268 2490 1860 2561">
    <p class='ocr_par' dir='ltr' id='par_1_39' title="bbox 268 2490 1860 2561">
     <span class='ocr_line' id='line_1_40' title="bbox 268 2490 1860 2561; baseline -0.003 -12"><span class='ocrx_word' id='word_1_289' title='bbox 268 2494 446 2560; x_wconf 87' lang='lat' dir='ltr'><strong>Cella;</strong></span> <span class='ocrx_word' id='word_1_290' title='bbox 476 2493 570 2546; x_wconf 78' lang='lat'><strong>23.</strong></span> <span class='ocrx_word' id='word_1_291' title='bbox 622 2492 693 2547; x_wconf 91' lang='lat' dir='ltr'><strong>de</strong></span> <span class='ocrx_word' id='word_1_292' title='bbox 745 2491 1074 2557; x_wconf 85' lang='lat' dir='ltr'><strong>Ammonio;</strong></span> <span class='ocrx_word' id='word_1_293' title='bbox 1125 2490 1216 2544; x_wconf 74' lang='grc'><strong>24.</strong></span> <span class='ocrx_word' id='word_1_294' title='bbox 1260 2490 1330 2546; x_wconf 86' lang='lat' dir='ltr'><strong>de</strong></span> <span class='ocrx_word' id='word_1_295' title='bbox 1361 2490 1619 2561; x_wconf 89' lang='lat' dir='ltr'><strong>Didymo;</strong></span> <span class='ocrx_word' id='word_1_296' title='bbox 1666 2490 1758 2544; x_wconf 74' lang='grc'><strong>25.</strong></span> <span class='ocrx_word' id='word_1_297' title='bbox 1791 2490 1860 2545; x_wconf 86' lang='lat' dir='ltr'><strong>de</strong></span> 
     </span>
    </p>
   </div>
   <div class='ocr_carea' id='block_1_40' title="bbox 271 2580 1861 2652">
    <p class='ocr_par' dir='ltr' id='par_1_40' title="bbox 271 2580 1861 2652">
     <span class='ocr_line' id='line_1_41' title="bbox 271 2580 1861 2652; baseline -0.004 -11"><span class='ocrx_word' id='word_1_298' title='bbox 271 2584 493 2652; x_wconf 88' lang='lat' dir='ltr'><strong>Cronio;</strong></span> <span class='ocrx_word' id='word_1_299' title='bbox 530 2584 621 2637; x_wconf 86' lang='lat'><strong>26.</strong></span> <span class='ocrx_word' id='word_1_300' title='bbox 656 2584 727 2639; x_wconf 92' lang='lat' dir='ltr'><strong>de</strong></span> <span class='ocrx_word' id='word_1_301' title='bbox 757 2583 1017 2652; x_wconf 75' lang='lat' dir='ltr'><strong>Origene;</strong></span> <span class='ocrx_word' id='word_1_302' title='bbox 1049 2582 1141 2637; x_wconf 88' lang='lat'><strong>27.</strong></span> <span class='ocrx_word' id='word_1_303' title='bbox 1172 2581 1241 2638; x_wconf 92' lang='lat' dir='ltr'><strong>de</strong></span> <span class='ocrx_word' id='word_1_304' title='bbox 1263 2580 1522 2651; x_wconf 85' lang='lat' dir='ltr'><strong>Enagrio;</strong></span> <span class='ocrx_word' id='word_1_305' title='bbox 1554 2581 1645 2646; x_wconf 87' lang='lat'><strong>28,</strong></span> <span class='ocrx_word' id='word_1_306' title='bbox 1676 2580 1763 2635; x_wconf 81' lang='lat'><strong>29.</strong></span> <span class='ocrx_word' id='word_1_307' title='bbox 1794 2582 1861 2635; x_wconf 87' lang='lat' dir='ltr'><strong>de</strong></span> 
     </span>
    </p>
   </div>
   <div class='ocr_carea' id='block_1_41' title="bbox 274 2671 1860 2745">
    <p class='ocr_par' dir='ltr' id='par_1_41' title="bbox 274 2671 1860 2745">
     <span class='ocr_line' id='line_1_42' title="bbox 274 2671 1860 2745; baseline -0.001 -16"><span class='ocrx_word' id='word_1_308' title='bbox 274 2676 476 2731; x_wconf 84' lang='lat' dir='ltr'><strong>duobus</strong></span> <span class='ocrx_word' id='word_1_309' title='bbox 500 2675 774 2741; x_wconf 80' lang='lat' dir='ltr'><strong>Macariis,</strong></span> <span class='ocrx_word' id='word_1_310' title='bbox 799 2672 1057 2745; x_wconf 64' lang='lat' dir='ltr'><strong>Egyptio</strong></span> <span class='ocrx_word' id='word_1_311' title='bbox 1081 2684 1136 2728; x_wconf 91' lang='lat' dir='ltr'><strong>et</strong></span> <span class='ocrx_word' id='word_1_312' title='bbox 1164 2672 1353 2739; x_wconf 81' lang='lat' dir='ltr'><strong>Alex.;</strong></span> <span class='ocrx_word' id='word_1_313' title='bbox 1388 2671 1477 2729; x_wconf 76' lang='grc'><strong>50.</strong></span> <span class='ocrx_word' id='word_1_314' title='bbox 1502 2671 1571 2729; x_wconf 91' lang='lat' dir='ltr'><strong>de</strong></span> <span class='ocrx_word' id='word_1_315' title='bbox 1594 2673 1860 2728; x_wconf 84' lang='lat' dir='ltr'><strong>Ammone</strong></span> 
     </span>
    </p>
   </div>
   <div class='ocr_carea' id='block_1_42' title="bbox 276 2763 1858 2838">
    <p class='ocr_par' dir='ltr' id='par_1_42' title="bbox 276 2763 1858 2838">
     <span class='ocr_line' id='line_1_43' title="bbox 276 2763 1858 2838; baseline -0.004 -15"><span class='ocrx_word' id='word_1_316' title='bbox 276 2769 445 2838; x_wconf 88' lang='lat' dir='ltr'><strong>primo</strong></span> <span class='ocrx_word' id='word_1_317' title='bbox 472 2767 656 2823; x_wconf 74' lang='lat' dir='ltr'><strong>Nitrite</strong></span> <span class='ocrx_word' id='word_1_318' title='bbox 685 2766 991 2831; x_wconf 85' lang='lat' dir='ltr'><strong>monacho;</strong></span> <span class='ocrx_word' id='word_1_319' title='bbox 1023 2765 1114 2822; x_wconf 83' lang='grc'><strong>51.</strong></span> <span class='ocrx_word' id='word_1_320' title='bbox 1146 2764 1214 2821; x_wconf 89' lang='lat' dir='ltr'><strong>de</strong></span> <span class='ocrx_word' id='word_1_321' title='bbox 1242 2764 1409 2820; x_wconf 87' lang='lat' dir='ltr'><strong>Paulo</strong></span> <span class='ocrx_word' id='word_1_322' title='bbox 1438 2764 1725 2833; x_wconf 87' lang='lat' dir='ltr'><strong>Simplice;</strong></span> <span class='ocrx_word' id='word_1_323' title='bbox 1770 2763 1858 2817; x_wconf 82' lang='grc'><strong>52.</strong></span> 
     </span>
    </p>
   </div>
   <div class='ocr_carea' id='block_1_43' title="bbox 278 2854 1863 2927">
    <p class='ocr_par' dir='ltr' id='par_1_43' title="bbox 278 2854 1863 2927">
     <span class='ocr_line' id='line_1_44' title="bbox 278 2854 1863 2927; baseline -0.004 -12"><span class='ocrx_word' id='word_1_324' title='bbox 278 2861 342 2915; x_wconf 91' lang='lat' dir='ltr'><strong>de</strong></span> <span class='ocrx_word' id='word_1_325' title='bbox 375 2860 689 2916; x_wconf 90' lang='lat' dir='ltr'><strong>Piammone</strong></span> <span class='ocrx_word' id='word_1_326' title='bbox 721 2857 936 2927; x_wconf 88' lang='lat' dir='ltr'><strong>presb.;</strong></span> <span class='ocrx_word' id='word_1_327' title='bbox 968 2856 1059 2909; x_wconf 78' lang='grc'><strong>55.</strong></span> <span class='ocrx_word' id='word_1_328' title='bbox 1100 2856 1168 2912; x_wconf 90' lang='lat' dir='ltr'><strong>de</strong></span> <span class='ocrx_word' id='word_1_329' title='bbox 1206 2856 1435 2912; x_wconf 83' lang='lat' dir='ltr'><strong>Joanne.</strong></span> <span class='ocrx_word' id='word_1_330' title='bbox 1459 2854 1716 2925; x_wconf 74' lang='lat' dir='ltr'><strong>Epilogus</strong></span> <span class='ocrx_word' id='word_1_331' title='bbox 1748 2864 1863 2909; x_wconf 81' lang='lat' dir='ltr'><strong>tan-</strong></span> 
     </span>
    </p>
   </div>
   <div class='ocr_carea' id='block_1_44' title="bbox 278 2949 1340 3020">
    <p class='ocr_par' dir='ltr' id='par_1_44' title="bbox 278 2949 1340 3020">
     <span class='ocr_line' id='line_1_45' title="bbox 278 2949 1340 3020; baseline -0.005 -13"><span class='ocrx_word' id='word_1_332' title='bbox 278 2952 396 3007; x_wconf 84' lang='lat' dir='ltr'><strong>dein</strong></span> <span class='ocrx_word' id='word_1_333' title='bbox 424 2951 500 3006; x_wconf 85' lang='lat' dir='ltr'><strong>De</strong></span> <span class='ocrx_word' id='word_1_334' title='bbox 522 2950 771 3020; x_wconf 80' lang='lat' dir='ltr'><strong>periculis</strong></span> <span class='ocrx_word' id='word_1_335' title='bbox 802 2950 996 3003; x_wconf 84' lang='lat' dir='ltr'><strong>itineris</strong></span> <span class='ocrx_word' id='word_1_336' title='bbox 1025 2949 1095 3002; x_wconf 83' lang='lat' dir='ltr'><strong>ad</strong></span> <span class='ocrx_word' id='word_1_337' title='bbox 1126 2964 1340 3003; x_wconf 81' lang='lat' dir='ltr'><strong>eremos.</strong></span> 
     </span>
    </p>
   </div>
   <div class='ocr_carea' id='block_1_45' title="bbox 344 3059 1865 3135">
    <p class='ocr_par' dir='ltr' id='par_1_45' title="bbox 344 3059 1865 3135">
     <span class='ocr_line' id='line_1_46' title="bbox 344 3059 1865 3135; baseline -0.004 -14"><span class='ocrx_word' id='word_1_338' title='bbox 344 3065 459 3122; x_wconf 86' lang='lat' dir='ltr'><strong>Hoc</strong></span> <span class='ocrx_word' id='word_1_339' title='bbox 485 3079 617 3135; x_wconf 85' lang='lat' dir='ltr'><strong>ergo</strong></span> <span class='ocrx_word' id='word_1_340' title='bbox 645 3062 990 3133; x_wconf 88' lang='lat' dir='ltr'><strong>opusculum,</strong></span> <span class='ocrx_word' id='word_1_341' title='bbox 1018 3076 1124 3132; x_wconf 86' lang='lat' dir='ltr'><strong>quo</strong></span> <span class='ocrx_word' id='word_1_342' title='bbox 1146 3060 1215 3116; x_wconf 89' lang='lat' dir='ltr'><strong>ab</strong></span> <span class='ocrx_word' id='word_1_343' title='bbox 1237 3061 1383 3116; x_wconf 88' lang='lat' dir='ltr'><strong>omni</strong></span> <span class='ocrx_word' id='word_1_344' title='bbox 1412 3060 1536 3117; x_wconf 89' lang='lat' dir='ltr'><strong>inde</strong></span> <span class='ocrx_word' id='word_1_345' title='bbox 1578 3074 1699 3116; x_wconf 68' lang='lat' dir='ltr'><strong>aevo</strong></span> <span class='ocrx_word' id='word_1_346' title='bbox 1730 3059 1865 3115; x_wconf 88' lang='lat' dir='ltr'><strong>nihil</strong></span> 
     </span>
    </p>
   </div>
   <div class='ocr_carea' id='block_1_46' title="bbox 279 3152 1864 3228">
    <p class='ocr_par' dir='ltr' id='par_1_46' title="bbox 279 3152 1864 3228">
     <span class='ocr_line' id='line_1_47' title="bbox 279 3152 1864 3228; baseline -0.006 -15"><span class='ocrx_word' id='word_1_347' title='bbox 279 3171 413 3228; x_wconf 87' lang='lat' dir='ltr'><strong>pene</strong></span> <span class='ocrx_word' id='word_1_348' title='bbox 454 3155 794 3227; x_wconf 81' lang='lat' dir='ltr'><strong>frequentius</strong></span> <span class='ocrx_word' id='word_1_349' title='bbox 841 3153 1137 3209; x_wconf 87' lang='lat' dir='ltr'><strong>lectitatum</strong></span> <span class='ocrx_word' id='word_1_350' title='bbox 1176 3167 1240 3208; x_wconf 90' lang='lat' dir='ltr'><strong>ac</strong></span> <span class='ocrx_word' id='word_1_351' title='bbox 1270 3152 1635 3220; x_wconf 87' lang='lat' dir='ltr'><strong>descriptum,</strong></span> <span class='ocrx_word' id='word_1_352' title='bbox 1677 3159 1729 3205; x_wconf 93' lang='lat' dir='ltr'><strong>et</strong></span> <span class='ocrx_word' id='word_1_353' title='bbox 1775 3165 1864 3204; x_wconf 87' lang='lat' dir='ltr'><strong>rc-</strong></span> 
     </span>
    </p>
   </div>
   <div class='ocr_carea' id='block_1_47' title="bbox 1961 1944 3551 2012">
    <p class='ocr_par' dir='ltr' id='par_1_47' title="bbox 1961 1944 3551 2012">
     <span class='ocr_line' id='line_1_48' title="bbox 1961 1944 3551 2012; baseline -0.003 -13"><span class='ocrx_word' id='word_1_354' title='bbox 1961 1959 2104 1999; x_wconf 88' lang='lat' dir='ltr'><strong>mus.</strong></span> <span class='ocrx_word' id='word_1_355' title='bbox 2137 1944 2289 1999; x_wconf 82' lang='lat' dir='ltr'><strong>Vitas</strong></span> <span class='ocrx_word' id='word_1_356' title='bbox 2316 1945 2536 1998; x_wconf 88' lang='lat' dir='ltr'><strong>Patrum</strong></span> <span class='ocrx_word' id='word_1_357' title='bbox 2561 1960 2587 1996; x_wconf 93' lang='lat' dir='ltr'><strong>a</strong></span> <span class='ocrx_word' id='word_1_358' title='bbox 2614 1944 2811 1997; x_wconf 89' lang='lat' dir='ltr'><strong>Ruﬁno</strong></span> <span class='ocrx_word' id='word_1_359' title='bbox 2841 1944 3073 2012; x_wconf 80' lang='lat' dir='ltr'><strong>scriptas</strong></span> <span class='ocrx_word' id='word_1_360' title='bbox 3103 1956 3377 2008; x_wconf 88' lang='lat' dir='ltr'><strong>nunquam</strong></span> <span class='ocrx_word' id='word_1_361' title='bbox 3394 1956 3551 1996; x_wconf 69' lang='lat' dir='ltr'><strong>seoro</strong></span> 
     </span>
    </p>
   </div>
   <div class='ocr_carea' id='block_1_48' title="bbox 1960 2033 3553 2103">
    <p class='ocr_par' dir='ltr' id='par_1_48' title="bbox 1960 2033 3553 2103">
     <span class='ocr_line' id='line_1_49' title="bbox 1960 2033 3553 2103; baseline -0.001 -13"><span class='ocrx_word' id='word_1_362' title='bbox 1960 2035 2061 2090; x_wconf 91' lang='lat' dir='ltr'><strong>sim</strong></span> <span class='ocrx_word' id='word_1_363' title='bbox 2103 2049 2224 2089; x_wconf 90' lang='lat' dir='ltr'><strong>esse</strong></span> <span class='ocrx_word' id='word_1_364' title='bbox 2266 2034 2532 2103; x_wconf 88' lang='lat' dir='ltr'><strong>vulgatas,</strong></span> <span class='ocrx_word' id='word_1_365' title='bbox 2586 2034 2681 2088; x_wconf 89' lang='lat' dir='ltr'><strong>sed</strong></span> <span class='ocrx_word' id='word_1_366' title='bbox 2724 2035 2776 2087; x_wconf 94' lang='lat' dir='ltr'><strong>in</strong></span> <span class='ocrx_word' id='word_1_367' title='bbox 2821 2034 3097 2089; x_wconf 85' lang='lat' dir='ltr'><strong>codicibus</strong></span> <span class='ocrx_word' id='word_1_368' title='bbox 3140 2049 3268 2088; x_wconf 90' lang='lat' dir='ltr'><strong>mss.</strong></span> <span class='ocrx_word' id='word_1_369' title='bbox 3302 2033 3553 2089; x_wconf 86' lang='lat' dir='ltr'><strong>omnibus</strong></span> 
     </span>
    </p>
   </div>
   <div class='ocr_carea' id='block_1_49' title="bbox 1960 2125 3549 2197">
    <p class='ocr_par' dir='ltr' id='par_1_49' title="bbox 1960 2125 3549 2197">
     <span class='ocr_line' id='line_1_50' title="bbox 1960 2125 3549 2197; baseline -0.003 -15"><span class='ocrx_word' id='word_1_370' title='bbox 1960 2141 2115 2197; x_wconf 75' lang='lat' dir='ltr'><strong>teque</strong></span> <span class='ocrx_word' id='word_1_371' title='bbox 2163 2141 2227 2181; x_wconf 88' lang='lat' dir='ltr'><strong>ac</strong></span> <span class='ocrx_word' id='word_1_372' title='bbox 2284 2126 2559 2196; x_wconf 90' lang='lat' dir='ltr'><strong>impressis</strong></span> <span class='ocrx_word' id='word_1_373' title='bbox 2618 2125 2768 2179; x_wconf 77' lang='lat' dir='ltr'><strong>libris</strong></span> <span class='ocrx_word' id='word_1_374' title='bbox 2800 2141 2830 2178; x_wconf 88' lang='lat' dir='ltr'><strong>a</strong></span> <span class='ocrx_word' id='word_1_375' title='bbox 2872 2127 3043 2194; x_wconf 85' lang='lat' dir='ltr'><strong>prima</strong></span> <span class='ocrx_word' id='word_1_376' title='bbox 3085 2126 3151 2179; x_wconf 91' lang='lat' dir='ltr'><strong>ad</strong></span> <span class='ocrx_word' id='word_1_377' title='bbox 3205 2126 3549 2180; x_wconf 84' lang='lat' dir='ltr'><strong>novissimam</strong></span> 
     </span>
    </p>
   </div>
   <div class='ocr_carea' id='block_1_50' title="bbox 1964 2217 3547 2290">
    <p class='ocr_par' dir='ltr' id='par_1_50' title="bbox 1964 2217 3547 2290">
     <span class='ocr_line' id='line_1_51' title="bbox 1964 2217 3547 2290; baseline -0.001 -17"><span class='ocrx_word' id='word_1_378' title='bbox 1964 2234 2132 2290; x_wconf 90' lang='lat' dir='ltr'><strong>usque</strong></span> <span class='ocrx_word' id='word_1_379' title='bbox 2179 2219 2470 2274; x_wconf 90' lang='lat' dir='ltr'><strong>editionem</strong></span> <span class='ocrx_word' id='word_1_380' title='bbox 2520 2233 2642 2273; x_wconf 91' lang='lat' dir='ltr'><strong>cum</strong></span> <span class='ocrx_word' id='word_1_381' title='bbox 2692 2217 2814 2272; x_wconf 87' lang='lat' dir='ltr'><strong>aliis</strong></span> <span class='ocrx_word' id='word_1_382' title='bbox 2875 2219 3214 2273; x_wconf 88' lang='lat' dir='ltr'><strong>diversorum</strong></span> <span class='ocrx_word' id='word_1_383' title='bbox 3266 2228 3547 2273; x_wconf 89' lang='lat' dir='ltr'><strong>auctorum</strong></span> 
     </span>
    </p>
   </div>
   <div class='ocr_carea' id='block_1_51' title="bbox 1962 2309 3546 2380">
    <p class='ocr_par' dir='ltr' id='par_1_51' title="bbox 1962 2309 3546 2380">
     <span class='ocr_line' id='line_1_52' title="bbox 1962 2309 3546 2380; baseline -0.003 -14"><span class='ocrx_word' id='word_1_384' title='bbox 1962 2326 2083 2366; x_wconf 88' lang='lat' dir='ltr'><strong>esse</strong></span> <span class='ocrx_word' id='word_1_385' title='bbox 2112 2310 2456 2380; x_wconf 89' lang='lat' dir='ltr'><strong>conjunctas,</strong></span> <span class='ocrx_word' id='word_1_386' title='bbox 2510 2310 2577 2365; x_wconf 89' lang='lat' dir='ltr'><strong>iis</strong></span> <span class='ocrx_word' id='word_1_387' title='bbox 2615 2309 2821 2364; x_wconf 90' lang='lat' dir='ltr'><strong>scilicet</strong></span> <span class='ocrx_word' id='word_1_388' title='bbox 2851 2325 2971 2378; x_wconf 75' lang='lat' dir='ltr'><strong>qua:</strong></span> <span class='ocrx_word' id='word_1_389' title='bbox 3010 2309 3150 2379; x_wconf 90' lang='lat' dir='ltr'><strong>apud</strong></span> <span class='ocrx_word' id='word_1_390' title='bbox 3184 2309 3546 2380; x_wconf 83' lang='lat' dir='ltr'><strong>Rosweydum</strong></span> 
     </span>
    </p>
   </div>
   <div class='ocr_carea' id='block_1_52' title="bbox 1963 2402 3550 2473">
    <p class='ocr_par' dir='ltr' id='par_1_52' title="bbox 1963 2402 3550 2473">
     <span class='ocr_line' id='line_1_53' title="bbox 1963 2402 3550 2473; baseline -0.001 -16"><span class='ocrx_word' id='word_1_391' title='bbox 1963 2410 2169 2472; x_wconf 89' lang='lat' dir='ltr'><strong>septem</strong></span> <span class='ocrx_word' id='word_1_392' title='bbox 2217 2402 2489 2473; x_wconf 89' lang='lat' dir='ltr'><strong>prioribus</strong></span> <span class='ocrx_word' id='word_1_393' title='bbox 2535 2402 2688 2456; x_wconf 89' lang='lat' dir='ltr'><strong>libris</strong></span> <span class='ocrx_word' id='word_1_394' title='bbox 2734 2402 3294 2471; x_wconf 81' lang='lat' dir='ltr'><strong>comprehenduntur,</strong></span> <span class='ocrx_word' id='word_1_395' title='bbox 3344 2402 3396 2456; x_wconf 89' lang='lat' dir='ltr'><strong>in</strong></span> <span class='ocrx_word' id='word_1_396' title='bbox 3437 2402 3550 2456; x_wconf 62' lang='lat' dir='ltr'><strong>edi.</strong></span> 
     </span>
    </p>
   </div>
   <div class='ocr_carea' id='block_1_53' title="bbox 1967 2492 3553 2562">
    <p class='ocr_par' dir='ltr' id='par_1_53' title="bbox 1967 2492 3553 2562">
     <span class='ocr_line' id='line_1_54' title="bbox 1967 2492 3553 2562; baseline 0 -14"><span class='ocrx_word' id='word_1_397' title='bbox 1967 2494 2201 2551; x_wconf 84' lang='lat' dir='ltr'><strong>tionibus</strong></span> <span class='ocrx_word' id='word_1_398' title='bbox 2254 2494 2701 2549; x_wconf 84' lang='lat' dir='ltr'><strong>antecedentibus</strong></span> <span class='ocrx_word' id='word_1_399' title='bbox 2739 2504 2919 2549; x_wconf 90' lang='lat' dir='ltr'><strong>autem</strong></span> <span class='ocrx_word' id='word_1_400' title='bbox 2960 2494 3107 2550; x_wconf 89' lang='lat' dir='ltr'><strong>varie</strong></span> <span class='ocrx_word' id='word_1_401' title='bbox 3154 2508 3251 2562; x_wconf 91' lang='lat' dir='ltr'><strong>pro</strong></span> <span class='ocrx_word' id='word_1_402' title='bbox 3289 2492 3553 2562; x_wconf 82' lang='lat' dir='ltr'><strong>cujusque</strong></span> 
     </span>
    </p>
   </div>
   <div class='ocr_carea' id='block_1_54' title="bbox 1964 2585 3530 2655">
    <p class='ocr_par' dir='ltr' id='par_1_54' title="bbox 1964 2585 3530 2655">
     <span class='ocr_line' id='line_1_55' title="bbox 1964 2585 3530 2655; baseline -0.001 -15"><span class='ocrx_word' id='word_1_403' title='bbox 1964 2588 2359 2640; x_wconf 88' lang='lat' dir='ltr'><strong>concinnatoris</strong></span> <span class='ocrx_word' id='word_1_404' title='bbox 2388 2594 2549 2655; x_wconf 89' lang='lat' dir='ltr'><strong>captu</strong></span> <span class='ocrx_word' id='word_1_405' title='bbox 2577 2585 2845 2653; x_wconf 75' lang='lat' dir='ltr'><strong>dispersa:</strong></span> <span class='ocrx_word' id='word_1_406' title='bbox 2864 2593 2993 2639; x_wconf 91' lang='lat' dir='ltr'><strong>sunt</strong></span> <span class='ocrx_word' id='word_1_407' title='bbox 3018 2593 3110 2639; x_wconf 90' lang='lat' dir='ltr'><strong>aut</strong></span> <span class='ocrx_word' id='word_1_408' title='bbox 3138 2591 3530 2653; x_wconf 72' lang='lat' dir='ltr'><strong>coagmentata:</strong></span> 
     </span>
    </p>
   </div>
   <div class='ocr_carea' id='block_1_55' title="bbox 1966 2675 3530 2749">
    <p class='ocr_par' dir='ltr' id='par_1_55' title="bbox 1966 2675 3530 2749">
     <span class='ocr_line' id='line_1_56' title="bbox 1966 2675 3530 2749; baseline -0.001 -17"><span class='ocrx_word' id='word_1_409' title='bbox 1966 2677 2301 2749; x_wconf 80' lang='lat' dir='ltr'><strong>Rosweydus</strong></span> <span class='ocrx_word' id='word_1_410' title='bbox 2331 2675 2521 2746; x_wconf 80' lang='lat' dir='ltr'><strong>viginti</strong></span> <span class='ocrx_word' id='word_1_411' title='bbox 2550 2687 2835 2732; x_wconf 89' lang='lat' dir='ltr'><strong>enumerat</strong></span> <span class='ocrx_word' id='word_1_412' title='bbox 2867 2677 3109 2732; x_wconf 86' lang='lat' dir='ltr'><strong>Vitarum</strong></span> <span class='ocrx_word' id='word_1_413' title='bbox 3140 2676 3327 2730; x_wconf 84' lang='lat' dir='ltr'><strong>harum</strong></span> <span class='ocrx_word' id='word_1_414' title='bbox 3359 2676 3530 2731; x_wconf 85' lang='lat' dir='ltr'><strong>editio</strong></span> 
     </span>
    </p>
   </div>
   <div class='ocr_carea' id='block_1_56' title="bbox 1968 2768 3549 2838">
    <p class='ocr_par' dir='ltr' id='par_1_56' title="bbox 1968 2768 3549 2838">
     <span class='ocr_line' id='line_1_57' title="bbox 1968 2768 3549 2838; baseline -0.001 -16"><span class='ocrx_word' id='word_1_415' title='bbox 1968 2783 2083 2835; x_wconf 90' lang='lat' dir='ltr'><strong>nes,</strong></span> <span class='ocrx_word' id='word_1_416' title='bbox 2132 2783 2264 2837; x_wconf 89' lang='lat' dir='ltr'><strong>quas</strong></span> <span class='ocrx_word' id='word_1_417' title='bbox 2304 2776 2479 2822; x_wconf 89' lang='lat' dir='ltr'><strong>tamen</strong></span> <span class='ocrx_word' id='word_1_418' title='bbox 2510 2768 2575 2829; x_wconf 83' lang='lat' dir='ltr'><strong>ad</strong></span> <span class='ocrx_word' id='word_1_419' title='bbox 2609 2768 2707 2822; x_wconf 92' lang='lat' dir='ltr'><strong>tria</strong></span> <span class='ocrx_word' id='word_1_420' title='bbox 2750 2768 3034 2823; x_wconf 85' lang='lat' dir='ltr'><strong>commode</strong></span> <span class='ocrx_word' id='word_1_421' title='bbox 3070 2783 3267 2838; x_wconf 86' lang='lat' dir='ltr'><strong>genera</strong></span> <span class='ocrx_word' id='word_1_422' title='bbox 3310 2782 3549 2823; x_wconf 84' lang='lat' dir='ltr'><strong>revocari</strong></span> 
     </span>
    </p>
   </div>
   <div class='ocr_carea' id='block_1_57' title="bbox 1968 2858 3555 2930">
    <p class='ocr_par' dir='ltr' id='par_1_57' title="bbox 1968 2858 3555 2930">
     <span class='ocr_line' id='line_1_58' title="bbox 1968 2858 3555 2930; baseline -0.001 -16"><span class='ocrx_word' id='word_1_423' title='bbox 1968 2873 2127 2930; x_wconf 88' lang='lat' dir='ltr'><strong>posse</strong></span> <span class='ocrx_word' id='word_1_424' title='bbox 2171 2868 2318 2927; x_wconf 88' lang='lat' dir='ltr'><strong>putat</strong></span> <span class='ocrx_word' id='word_1_425' title='bbox 2369 2858 2471 2914; x_wconf 90' lang='lat' dir='ltr'><strong>hoc</strong></span> <span class='ocrx_word' id='word_1_426' title='bbox 2501 2859 2682 2925; x_wconf 87' lang='lat' dir='ltr'><strong>modo,</strong></span> <span class='ocrx_word' id='word_1_427' title='bbox 2726 2871 2783 2913; x_wconf 89' lang='lat' dir='ltr'><strong>ut</strong></span> <span class='ocrx_word' id='word_1_428' title='bbox 2815 2861 3044 2929; x_wconf 88' lang='lat' dir='ltr'><strong>primam</strong></span> <span class='ocrx_word' id='word_1_429' title='bbox 3092 2859 3353 2914; x_wconf 88' lang='lat' dir='ltr'><strong>familiam</strong></span> <span class='ocrx_word' id='word_1_430' title='bbox 3394 2859 3555 2914; x_wconf 88' lang='lat' dir='ltr'><strong>ducat</strong></span> 
     </span>
    </p>
   </div>
   <div class='ocr_carea' id='block_1_58' title="bbox 1966 2952 3554 3025">
    <p class='ocr_par' dir='ltr' id='par_1_58' title="bbox 1966 2952 3554 3025">
     <span class='ocr_line' id='line_1_59' title="bbox 1966 2952 3554 3025; baseline -0.003 -16"><span class='ocrx_word' id='word_1_431' title='bbox 1966 2953 2130 3009; x_wconf 85' lang='lat' dir='ltr'><strong>editio</strong></span> <span class='ocrx_word' id='word_1_432' title='bbox 2151 2953 2266 3007; x_wconf 90' lang='lat' dir='ltr'><strong>sine</strong></span> <span class='ocrx_word' id='word_1_433' title='bbox 2310 2952 2451 3017; x_wconf 77' lang='grc' dir='ltr'><strong>ιοοη,</strong></span> <span class='ocrx_word' id='word_1_434' title='bbox 2475 2968 2615 3008; x_wconf 90' lang='lat' dir='ltr'><strong>anno</strong></span> <span class='ocrx_word' id='word_1_435' title='bbox 2650 2964 2703 3008; x_wconf 91' lang='lat' dir='ltr'><strong>et</strong></span> <span class='ocrx_word' id='word_1_436' title='bbox 2733 2952 3049 3025; x_wconf 83' lang='lat' dir='ltr'><strong>typographi</strong></span> <span class='ocrx_word' id='word_1_437' title='bbox 3076 2952 3292 3007; x_wconf 90' lang='lat' dir='ltr'><strong>nomine</strong></span> <span class='ocrx_word' id='word_1_438' title='bbox 3332 2967 3554 3018; x_wconf 83' lang='lat' dir='ltr'><strong>excusa,</strong></span> 
     </span>
    </p>
   </div>
   <div class='ocr_carea' id='block_1_59' title="bbox 1968 3046 3557 3117">
    <p class='ocr_par' dir='ltr' id='par_1_59' title="bbox 1968 3046 3557 3117">
     <span class='ocr_line' id='line_1_60' title="bbox 1968 3046 3557 3117; baseline -0.001 -16"><span class='ocrx_word' id='word_1_439' title='bbox 1968 3062 2129 3117; x_wconf 90' lang='lat' dir='ltr'><strong>quam</strong></span> <span class='ocrx_word' id='word_1_440' title='bbox 2182 3047 2295 3116; x_wconf 89' lang='lat' dir='ltr'><strong>ipse</strong></span> <span class='ocrx_word' id='word_1_441' title='bbox 2340 3047 2565 3116; x_wconf 88' lang='lat' dir='ltr'><strong>reliquis</strong></span> <span class='ocrx_word' id='word_1_442' title='bbox 2624 3047 2877 3102; x_wconf 88' lang='lat' dir='ltr'><strong>omnibus</strong></span> <span class='ocrx_word' id='word_1_443' title='bbox 2931 3056 3197 3101; x_wconf 87' lang='lat' dir='ltr'><strong>vetustate</strong></span> <span class='ocrx_word' id='word_1_444' title='bbox 3255 3046 3557 3116; x_wconf 83' lang='lat' dir='ltr'><strong>anteponit,</strong></span> 
     </span>
    </p>
   </div>
   <div class='ocr_carea' id='block_1_60' title="bbox 1969 3138 3558 3208">
    <p class='ocr_par' dir='ltr' id='par_1_60' title="bbox 1969 3138 3558 3208">
     <span class='ocr_line' id='line_1_61' title="bbox 1969 3138 3558 3208; baseline -0.001 -16"><span class='ocrx_word' id='word_1_445' title='bbox 1969 3154 2176 3208; x_wconf 91' lang='lat' dir='ltr'><strong>nosque</strong></span> <span class='ocrx_word' id='word_1_446' title='bbox 2203 3152 2303 3193; x_wconf 90' lang='lat' dir='ltr'><strong>suo</strong></span> <span class='ocrx_word' id='word_1_447' title='bbox 2338 3138 2537 3194; x_wconf 87' lang='lat' dir='ltr'><strong>deinde</strong></span> <span class='ocrx_word' id='word_1_448' title='bbox 2560 3138 2680 3193; x_wconf 88' lang='lat' dir='ltr'><strong>loco</strong></span> <span class='ocrx_word' id='word_1_449' title='bbox 2709 3139 2774 3191; x_wconf 86' lang='lat' dir='ltr'><strong>ad</strong></span> <span class='ocrx_word' id='word_1_450' title='bbox 2806 3139 3021 3192; x_wconf 88' lang='lat' dir='ltr'><strong>ductum</strong></span> <span class='ocrx_word' id='word_1_451' title='bbox 3064 3139 3181 3204; x_wconf 83' lang='lat' dir='ltr'><strong>ejus</strong></span> <span class='ocrx_word' id='word_1_452' title='bbox 3227 3153 3558 3206; x_wconf 87' lang='lat' dir='ltr'><strong>cognoscen-</strong></span> 
     </span>
    </p>
   </div>
   <div class='ocr_carea' id='block_1_61' title="bbox 280 3227 3549 3317">
    <p class='ocr_par' dir='ltr' id='par_1_61' title="bbox 280 3227 3549 3317">
     <span class='ocr_line' id='line_1_62' title="bbox 280 3227 3549 3317; baseline -0.002 -29"><span class='ocrx_word' id='word_1_453' title='bbox 280 3227 418 3303; x_wconf 57' lang='grc' dir='ltr'><strong>έθηιί</strong></span> <span class='ocrx_word' id='word_1_454' title='bbox 457 3246 712 3302; x_wconf 70' lang='lat' dir='ltr'><strong>memoria</strong></span> <span class='ocrx_word' id='word_1_455' title='bbox 763 3246 1080 3313; x_wconf 73' lang='lat' dir='ltr'><strong>impressum</strong></span> <span class='ocrx_word' id='word_1_456' title='bbox 1113 3253 1219 3310; x_wconf 60' lang='lat' dir='ltr'><strong>est,</strong></span> <span class='ocrx_word' id='word_1_457' title='bbox 1252 3243 1585 3317; x_wconf 67' lang='lat' dir='ltr'><strong>temporibus</strong></span> <span class='ocrx_word' id='word_1_458' title='bbox 1620 3243 1863 3311; x_wconf 68' lang='lat' dir='ltr'><strong>proxime</strong></span> <span class='ocrx_word' id='word_1_459' title='bbox 1890 3228 1936 3291; x_wconf 82' lang='lat' dir='ltr'><strong>C</strong></span> <span class='ocrx_word' id='word_1_460' title='bbox 1969 3227 2095 3284; x_wconf 90' lang='lat' dir='ltr'><strong>dum</strong></span> <span class='ocrx_word' id='word_1_461' title='bbox 2118 3228 2392 3294; x_wconf 76' lang='lat' dir='ltr'><strong>dabimus;</strong></span> <span class='ocrx_word' id='word_1_462' title='bbox 2442 3229 2663 3282; x_wconf 89' lang='lat' dir='ltr'><strong>alteram</strong></span> <span class='ocrx_word' id='word_1_463' title='bbox 2691 3228 3002 3283; x_wconf 81' lang='lat' dir='ltr'><strong>exordiatur</strong></span> <span class='ocrx_word' id='word_1_464' title='bbox 3032 3228 3200 3282; x_wconf 90' lang='lat' dir='ltr'><strong>editio</strong></span> <span class='ocrx_word' id='word_1_465' title='bbox 3239 3227 3549 3281; x_wconf 87' lang='lat' dir='ltr'><strong>Norimber-</strong></span> 
     </span>
    </p>
   </div>
   <div class='ocr_carea' id='block_1_62' title="bbox 280 3334 1866 3406">
    <p class='ocr_par' dir='ltr' id='par_1_62' title="bbox 280 3334 1866 3406">
     <span class='ocr_line' id='line_1_63' title="bbox 280 3334 1866 3406; baseline -0.001 -14"><span class='ocrx_word' id='word_1_466' title='bbox 280 3337 531 3392; x_wconf 87' lang='lat' dir='ltr'><strong>Ruﬁnum</strong></span> <span class='ocrx_word' id='word_1_467' title='bbox 582 3336 970 3406; x_wconf 90' lang='lat' dir='ltr'><strong>attingentibus</strong></span> <span class='ocrx_word' id='word_1_468' title='bbox 1021 3336 1251 3391; x_wconf 89' lang='lat' dir='ltr'><strong>lectores</strong></span> <span class='ocrx_word' id='word_1_469' title='bbox 1301 3334 1496 3389; x_wconf 89' lang='lat' dir='ltr'><strong>dubios</strong></span> <span class='ocrx_word' id='word_1_470' title='bbox 1533 3335 1601 3389; x_wconf 92' lang='lat' dir='ltr'><strong>de</strong></span> <span class='ocrx_word' id='word_1_471' title='bbox 1646 3344 1866 3390; x_wconf 82' lang='lat' dir='ltr'><strong>auctore</strong></span> 
     </span>
    </p>
   </div>
   <div class='ocr_carea' id='block_1_63' title="bbox 282 3427 1864 3499">
    <p class='ocr_par' dir='ltr' id='par_1_63' title="bbox 282 3427 1864 3499">
     <span class='ocr_line' id='line_1_64' title="bbox 282 3427 1864 3499; baseline -0.002 -13"><span class='ocrx_word' id='word_1_472' title='bbox 282 3446 379 3486; x_wconf 89' lang='lat' dir='ltr'><strong>suo</strong></span> <span class='ocrx_word' id='word_1_473' title='bbox 409 3429 617 3496; x_wconf 89' lang='lat' dir='ltr'><strong>habuit,</strong></span> <span class='ocrx_word' id='word_1_474' title='bbox 664 3444 1033 3499; x_wconf 88' lang='lat' dir='ltr'><strong>successuque</strong></span> <span class='ocrx_word' id='word_1_475' title='bbox 1072 3428 1331 3498; x_wconf 86' lang='lat' dir='ltr'><strong>temporis</strong></span> <span class='ocrx_word' id='word_1_476' title='bbox 1362 3436 1508 3483; x_wconf 92' lang='lat' dir='ltr'><strong>tanta</strong></span> <span class='ocrx_word' id='word_1_477' title='bbox 1552 3427 1864 3497; x_wconf 82' lang='lat' dir='ltr'><strong>Opinionum</strong></span> 
     </span>
    </p>
   </div>
   <div class='ocr_carea' id='block_1_64' title="bbox 281 3522 1866 3593">
    <p class='ocr_par' dir='ltr' id='par_1_64' title="bbox 281 3522 1866 3593">
     <span class='ocr_line' id='line_1_65' title="bbox 281 3522 1866 3593; baseline 0.001 -17"><span class='ocrx_word' id='word_1_478' title='bbox 281 3523 383 3579; x_wconf 84' lang='lat' dir='ltr'><strong>hac</strong></span> <span class='ocrx_word' id='word_1_479' title='bbox 410 3522 480 3578; x_wconf 90' lang='lat' dir='ltr'><strong>de</strong></span> <span class='ocrx_word' id='word_1_480' title='bbox 510 3538 569 3577; x_wconf 91' lang='lat' dir='ltr'><strong>re</strong></span> <span class='ocrx_word' id='word_1_481' title='bbox 601 3535 759 3593; x_wconf 80' lang='lat' dir='ltr'><strong>seges</strong></span> <span class='ocrx_word' id='word_1_482' title='bbox 799 3522 1083 3585; x_wconf 88' lang='lat' dir='ltr'><strong>succrevit,</strong></span> <span class='ocrx_word' id='word_1_483' title='bbox 1117 3530 1177 3576; x_wconf 92' lang='lat' dir='ltr'><strong>ut</strong></span> <span class='ocrx_word' id='word_1_484' title='bbox 1203 3522 1539 3593; x_wconf 88' lang='lat' dir='ltr'><strong>Rosweydus</strong></span> <span class='ocrx_word' id='word_1_485' title='bbox 1570 3522 1755 3577; x_wconf 89' lang='lat' dir='ltr'><strong>decem</strong></span> <span class='ocrx_word' id='word_1_486' title='bbox 1782 3523 1866 3580; x_wconf 89' lang='lat' dir='ltr'><strong>vel</strong></span> 
     </span>
    </p>
   </div>
   <div class='ocr_carea' id='block_1_65' title="bbox 281 3616 1867 3687">
    <p class='ocr_par' dir='ltr' id='par_1_65' title="bbox 281 3616 1867 3687">
     <span class='ocr_line' id='line_1_66' title="bbox 281 3616 1867 3687; baseline 0.002 -16"><span class='ocrx_word' id='word_1_487' title='bbox 281 3616 528 3673; x_wconf 89' lang='lat' dir='ltr'><strong>undecim</strong></span> <span class='ocrx_word' id='word_1_488' title='bbox 560 3631 884 3672; x_wconf 90' lang='lat' dir='ltr'><strong>enumerare</strong></span> <span class='ocrx_word' id='word_1_489' title='bbox 917 3623 1121 3685; x_wconf 88' lang='lat' dir='ltr'><strong>posset,</strong></span> <span class='ocrx_word' id='word_1_490' title='bbox 1142 3616 1334 3687; x_wconf 89' lang='lat' dir='ltr'><strong>quibus</strong></span> <span class='ocrx_word' id='word_1_491' title='bbox 1366 3618 1567 3686; x_wconf 89' lang='lat' dir='ltr'><strong>passim</strong></span> <span class='ocrx_word' id='word_1_492' title='bbox 1597 3618 1867 3687; x_wconf 90' lang='lat' dir='ltr'><strong>ascriptus</strong></span> 
     </span>
    </p>
   </div>
   <div class='ocr_carea' id='block_1_66' title="bbox 280 3709 1870 3780">
    <p class='ocr_par' dir='ltr' id='par_1_66' title="bbox 280 3709 1870 3780">
     <span class='ocr_line' id='line_1_67' title="bbox 280 3709 1870 3780; baseline 0.001 -15"><span class='ocrx_word' id='word_1_493' title='bbox 280 3710 463 3780; x_wconf 90' lang='lat' dir='ltr'><strong>fuerit,</strong></span> <span class='ocrx_word' id='word_1_494' title='bbox 512 3710 753 3773; x_wconf 89' lang='lat' dir='ltr'><strong>nomina,</strong></span> <span class='ocrx_word' id='word_1_495' title='bbox 800 3724 864 3764; x_wconf 91' lang='lat' dir='ltr'><strong>ac</strong></span> <span class='ocrx_word' id='word_1_496' title='bbox 896 3722 1056 3764; x_wconf 80' lang='lat' dir='ltr'><strong>verus</strong></span> <span class='ocrx_word' id='word_1_497' title='bbox 1102 3709 1249 3765; x_wconf 90' lang='lat' dir='ltr'><strong>illius</strong></span> <span class='ocrx_word' id='word_1_498' title='bbox 1278 3720 1467 3764; x_wconf 89' lang='lat' dir='ltr'><strong>auctor</strong></span> <span class='ocrx_word' id='word_1_499' title='bbox 1498 3725 1601 3765; x_wconf 90' lang='lat' dir='ltr'><strong>non</strong></span> <span class='ocrx_word' id='word_1_500' title='bbox 1638 3712 1739 3766; x_wconf 92' lang='lat' dir='ltr'><strong>nisi</strong></span> <span class='ocrx_word' id='word_1_501' title='bbox 1782 3726 1870 3767; x_wconf 86' lang='lat' dir='ltr'><strong>re-</strong></span> 
     </span>
    </p>
   </div>
   <div class='ocr_carea' id='block_1_67' title="bbox 280 3800 1870 3872">
    <p class='ocr_par' dir='ltr' id='par_1_67' title="bbox 280 3800 1870 3872">
     <span class='ocr_line' id='line_1_68' title="bbox 280 3800 1870 3872; baseline 0.001 -14"><span class='ocrx_word' id='word_1_502' title='bbox 280 3802 582 3858; x_wconf 86' lang='lat' dir='ltr'><strong>centiorum</strong></span> <span class='ocrx_word' id='word_1_503' title='bbox 627 3800 808 3856; x_wconf 89' lang='lat' dir='ltr'><strong>studio</strong></span> <span class='ocrx_word' id='word_1_504' title='bbox 845 3802 1059 3872; x_wconf 83' lang='lat' dir='ltr'><strong>agnitus</strong></span> <span class='ocrx_word' id='word_1_505' title='bbox 1086 3801 1159 3855; x_wconf 92' lang='lat' dir='ltr'><strong>sit</strong></span> <span class='ocrx_word' id='word_1_506' title='bbox 1195 3809 1251 3856; x_wconf 90' lang='lat' dir='ltr'><strong>et</strong></span> <span class='ocrx_word' id='word_1_507' title='bbox 1291 3800 1625 3872; x_wconf 90' lang='lat' dir='ltr'><strong>postliminio</strong></span> <span class='ocrx_word' id='word_1_508' title='bbox 1653 3804 1870 3859; x_wconf 87' lang='lat' dir='ltr'><strong>restitu-</strong></span> 
     </span>
    </p>
   </div>
   <div class='ocr_carea' id='block_1_68' title="bbox 280 3894 1869 3966">
    <p class='ocr_par' dir='ltr' id='par_1_68' title="bbox 280 3894 1869 3966">
     <span class='ocr_line' id='line_1_69' title="bbox 280 3894 1869 3966; baseline 0.003 -17"><span class='ocrx_word' id='word_1_509' title='bbox 280 3904 384 3950; x_wconf 89' lang='lat' dir='ltr'><strong>tus.</strong></span> <span class='ocrx_word' id='word_1_510' title='bbox 419 3894 573 3963; x_wconf 86' lang='lat' dir='ltr'><strong>Quod</strong></span> <span class='ocrx_word' id='word_1_511' title='bbox 606 3896 839 3965; x_wconf 90' lang='lat' dir='ltr'><strong>primum</strong></span> <span class='ocrx_word' id='word_1_512' title='bbox 872 3910 901 3949; x_wconf 92' lang='lat' dir='ltr'><strong>a</strong></span> <span class='ocrx_word' id='word_1_513' title='bbox 930 3894 1043 3950; x_wconf 81' lang='lat' dir='ltr'><strong>Jac.</strong></span> <span class='ocrx_word' id='word_1_514' title='bbox 1079 3894 1257 3950; x_wconf 83' lang='lat' dir='ltr'><strong>Fabro</strong></span> <span class='ocrx_word' id='word_1_515' title='bbox 1285 3894 1588 3966; x_wconf 91' lang='lat' dir='ltr'><strong>Stapulensi</strong></span> <span class='ocrx_word' id='word_1_516' title='bbox 1617 3905 1644 3934; x_wconf 74' lang='grc' dir='ltr'>ι</span> <span class='ocrx_word' id='word_1_517' title='bbox 1672 3897 1869 3954; x_wconf 90' lang='lat' dir='ltr'><strong>factum</strong></span> 
     </span>
    </p>
   </div>
   <div class='ocr_carea' id='block_1_69' title="bbox 280 3984 1871 4060">
    <p class='ocr_par' dir='ltr' id='par_1_69' title="bbox 280 3984 1871 4060">
     <span class='ocr_line' id='line_1_70' title="bbox 280 3984 1871 4060; baseline 0.001 -17"><span class='ocrx_word' id='word_1_518' title='bbox 280 3986 617 4060; x_wconf 83' lang='lat' dir='ltr'><strong>Rosweydus</strong></span> <span class='ocrx_word' id='word_1_519' title='bbox 638 3984 1018 4057; x_wconf 85' lang='lat' dir='ltr'><strong>deprehendit.</strong></span> <span class='ocrx_word' id='word_1_520' title='bbox 1054 3984 1251 4042; x_wconf 87' lang='lat' dir='ltr'><strong>Nititur</strong></span> <span class='ocrx_word' id='word_1_521' title='bbox 1280 3986 1380 4041; x_wconf 92' lang='lat' dir='ltr'><strong>hoc</strong></span> <span class='ocrx_word' id='word_1_522' title='bbox 1409 3989 1646 4044; x_wconf 82' lang='lat' dir='ltr'><strong>maxime</strong></span> <span class='ocrx_word' id='word_1_523' title='bbox 1677 3989 1871 4045; x_wconf 80' lang='lat' dir='ltr'><strong>Hiero—</strong></span> 
     </span>
    </p>
   </div>
   <div class='ocr_carea' id='block_1_70' title="bbox 282 4080 1873 4155">
    <p class='ocr_par' dir='ltr' id='par_1_70' title="bbox 282 4080 1873 4155">
     <span class='ocr_line' id='line_1_71' title="bbox 282 4080 1873 4155; baseline 0 -17"><span class='ocrx_word' id='word_1_524' title='bbox 282 4084 430 4153; x_wconf 82' lang='lat' dir='ltr'><strong>nymi</strong></span> <span class='ocrx_word' id='word_1_525' title='bbox 461 4081 778 4138; x_wconf 89' lang='lat' dir='ltr'><strong>testimonio</strong></span> <span class='ocrx_word' id='word_1_526' title='bbox 805 4081 857 4135; x_wconf 93' lang='lat' dir='ltr'><strong>in</strong></span> <span class='ocrx_word' id='word_1_527' title='bbox 887 4080 1047 4151; x_wconf 92' lang='lat' dir='ltr'><strong>epist.</strong></span> <span class='ocrx_word' id='word_1_528' title='bbox 1089 4080 1160 4134; x_wconf 80' lang='grc'><strong>45</strong></span> <span class='ocrx_word' id='word_1_529' title='bbox 1187 4080 1255 4136; x_wconf 90' lang='lat' dir='ltr'><strong>ad</strong></span> <span class='ocrx_word' id='word_1_530' title='bbox 1284 4081 1718 4151; x_wconf 85' lang='lat' dir='ltr'><strong>Ctesiphontem,</strong></span> <span class='ocrx_word' id='word_1_531' title='bbox 1766 4098 1873 4155; x_wconf 90' lang='lat' dir='ltr'><strong>quo</strong></span> 
     </span>
    </p>
   </div>
   <div class='ocr_carea' id='block_1_71' title="bbox 283 4173 1871 4245">
    <p class='ocr_par' dir='ltr' id='par_1_71' title="bbox 283 4173 1871 4245">
     <span class='ocr_line' id='line_1_72' title="bbox 283 4173 1871 4245; baseline 0.002 -14"><span class='ocrx_word' id='word_1_532' title='bbox 283 4176 402 4245; x_wconf 84' lang='lat' dir='ltr'><strong>ipso</strong></span> <span class='ocrx_word' id='word_1_533' title='bbox 430 4175 525 4231; x_wconf 90' lang='lat' dir='ltr'><strong>diu</strong></span> <span class='ocrx_word' id='word_1_534' title='bbox 554 4176 720 4230; x_wconf 89' lang='lat' dir='ltr'><strong>nimis</strong></span> <span class='ocrx_word' id='word_1_535' title='bbox 746 4173 812 4229; x_wconf 91' lang='lat' dir='ltr'><strong>ad</strong></span> <span class='ocrx_word' id='word_1_536' title='bbox 839 4174 1205 4244; x_wconf 88' lang='lat' dir='ltr'><strong>eripiendum,</strong></span> <span class='ocrx_word' id='word_1_537' title='bbox 1238 4175 1380 4245; x_wconf 91' lang='lat' dir='ltr'><strong>quod</strong></span> <span class='ocrx_word' id='word_1_538' title='bbox 1409 4175 1605 4233; x_wconf 85' lang='lat' dir='ltr'><strong>Ruﬁno</strong></span> <span class='ocrx_word' id='word_1_539' title='bbox 1633 4176 1871 4234; x_wconf 88' lang='lat' dir='ltr'><strong>debeba-</strong></span> 
     </span>
    </p>
   </div>
   <div class='ocr_carea' id='block_1_72' title="bbox 286 4268 1871 4340">
    <p class='ocr_par' dir='ltr' id='par_1_72' title="bbox 286 4268 1871 4340">
     <span class='ocr_line' id='line_1_73' title="bbox 286 4268 1871 4340; baseline 0.004 -19"><span class='ocrx_word' id='word_1_540' title='bbox 286 4277 399 4335; x_wconf 89' lang='lat' dir='ltr'><strong>tur,</strong></span> <span class='ocrx_word' id='word_1_541' title='bbox 451 4272 534 4325; x_wconf 92' lang='lat' dir='ltr'><strong>usi</strong></span> <span class='ocrx_word' id='word_1_542' title='bbox 579 4269 837 4334; x_wconf 90' lang='lat' dir='ltr'><strong>fuerant,</strong></span> <span class='ocrx_word' id='word_1_543' title='bbox 886 4277 945 4322; x_wconf 91' lang='lat' dir='ltr'><strong>ut</strong></span> <span class='ocrx_word' id='word_1_544' title='bbox 991 4268 1192 4323; x_wconf 90' lang='lat' dir='ltr'><strong>scilicet</strong></span> <span class='ocrx_word' id='word_1_545' title='bbox 1248 4270 1480 4340; x_wconf 84' lang='lat' dir='ltr'><strong>Evagrio</strong></span> <span class='ocrx_word' id='word_1_546' title='bbox 1533 4271 1871 4339; x_wconf 88' lang='lat' dir='ltr'><strong>tribuerent;</strong></span> 
     </span>
    </p>
   </div>
   <div class='ocr_carea' id='block_1_73' title="bbox 286 4359 1871 4431">
    <p class='ocr_par' dir='ltr' id='par_1_73' title="bbox 286 4359 1871 4431">
     <span class='ocr_line' id='line_1_74' title="bbox 286 4359 1871 4431; baseline 0.003 -17"><span class='ocrx_word' id='word_1_547' title='bbox 286 4360 477 4417; x_wconf 91' lang='lat' dir='ltr'><strong>deinde</strong></span> <span class='ocrx_word' id='word_1_548' title='bbox 507 4360 675 4431; x_wconf 87' lang='lat' dir='ltr'><strong>ipsius</strong></span> <span class='ocrx_word' id='word_1_549' title='bbox 696 4362 857 4415; x_wconf 91' lang='lat' dir='ltr'><strong>etiam</strong></span> <span class='ocrx_word' id='word_1_550' title='bbox 884 4359 1058 4414; x_wconf 88' lang='lat' dir='ltr'><strong>Ruﬁni</strong></span> <span class='ocrx_word' id='word_1_551' title='bbox 1104 4361 1155 4415; x_wconf 90' lang='lat' dir='ltr'><strong>in</strong></span> <span class='ocrx_word' id='word_1_552' title='bbox 1186 4359 1422 4416; x_wconf 88' lang='lat' dir='ltr'><strong>llistoria</strong></span> <span class='ocrx_word' id='word_1_553' title='bbox 1449 4364 1584 4418; x_wconf 91' lang='lat' dir='ltr'><strong>eccl.</strong></span> <span class='ocrx_word' id='word_1_554' title='bbox 1615 4404 1630 4430; x_wconf 92' lang='lat'><strong>,</strong></span> <span class='ocrx_word' id='word_1_555' title='bbox 1666 4364 1756 4420; x_wconf 91' lang='lat' dir='ltr'><strong>lib.</strong></span> <span class='ocrx_word' id='word_1_556' title='bbox 1793 4380 1871 4431; x_wconf 78' lang='lat' dir='ltr'><strong>xi,</strong></span> 
     </span>
    </p>
   </div>
   <div class='ocr_carea' id='block_1_74' title="bbox 285 4451 1876 4523">
    <p class='ocr_par' dir='ltr' id='par_1_74' title="bbox 285 4451 1876 4523">
     <span class='ocr_line' id='line_1_75' title="bbox 285 4451 1876 4523; baseline 0.003 -16"><span class='ocrx_word' id='word_1_557' title='bbox 285 4467 406 4519; x_wconf 85' lang='lat' dir='ltr'><strong>cap.</strong></span> <span class='ocrx_word' id='word_1_558' title='bbox 435 4451 470 4505; x_wconf 66' lang='grc'>4</span> <span class='ocrx_word' id='word_1_559' title='bbox 500 4451 780 4507; x_wconf 86' lang='lat' dir='ltr'><strong>innuentis</strong></span> <span class='ocrx_word' id='word_1_560' title='bbox 823 4467 883 4507; x_wconf 89' lang='lat' dir='ltr'><strong>se</strong></span> <span class='ocrx_word' id='word_1_561' title='bbox 933 4452 1195 4522; x_wconf 88' lang='lat' dir='ltr'><strong>ejusmodi</strong></span> <span class='ocrx_word' id='word_1_562' title='bbox 1245 4453 1383 4510; x_wconf 90' lang='lat' dir='ltr'><strong>libro</strong></span> <span class='ocrx_word' id='word_1_563' title='bbox 1427 4456 1711 4510; x_wconf 90' lang='lat' dir='ltr'><strong>scribendo</strong></span> <span class='ocrx_word' id='word_1_564' title='bbox 1756 4465 1876 4523; x_wconf 87' lang='lat' dir='ltr'><strong>post</strong></span> 
     </span>
    </p>
   </div>
   <div class='ocr_carea' id='block_1_75' title="bbox 289 4544 1874 4614">
    <p class='ocr_par' dir='ltr' id='par_1_75' title="bbox 289 4544 1874 4614">
     <span class='ocr_line' id='line_1_76' title="bbox 289 4544 1874 4614; baseline 0.001 -14"><span class='ocrx_word' id='word_1_565' title='bbox 289 4546 588 4602; x_wconf 78' lang='lat' dir='ltr'><strong>absolutam</strong></span> <span class='ocrx_word' id='word_1_566' title='bbox 615 4544 855 4599; x_wconf 69' lang='lat' dir='ltr'><strong>historiae</strong></span> <span class='ocrx_word' id='word_1_567' title='bbox 883 4544 1079 4600; x_wconf 89' lang='lat' dir='ltr'><strong>seriem</strong></span> <span class='ocrx_word' id='word_1_568' title='bbox 1111 4560 1328 4614; x_wconf 89' lang='lat' dir='ltr'><strong>operam</strong></span> <span class='ocrx_word' id='word_1_569' title='bbox 1354 4546 1626 4602; x_wconf 91' lang='lat' dir='ltr'><strong>daturum.</strong></span> <span class='ocrx_word' id='word_1_570' title='bbox 1670 4546 1874 4613; x_wconf 79' lang='lat' dir='ltr'><strong>Quibus</strong></span> 
     </span>
    </p>
   </div>
   <div class='ocr_carea' id='block_1_76' title="bbox 1966 3318 3558 3392">
    <p class='ocr_par' dir='ltr' id='par_1_76' title="bbox 1966 3318 3558 3392">
     <span class='ocr_line' id='line_1_77' title="bbox 1966 3318 3558 3392; baseline -0.001 -15"><span class='ocrx_word' id='word_1_571' title='bbox 1966 3322 2148 3392; x_wconf 90' lang='lat' dir='ltr'><strong>gensis</strong></span> <span class='ocrx_word' id='word_1_572' title='bbox 2174 3322 2297 3376; x_wconf 92' lang='lat' dir='ltr'><strong>anni</strong></span> <span class='ocrx_word' id='word_1_573' title='bbox 2331 3321 2489 3385; x_wconf 72' lang='lat' dir='ltr'><strong>H78,</strong></span> <span class='ocrx_word' id='word_1_574' title='bbox 2524 3321 2735 3375; x_wconf 87' lang='lat' dir='ltr'><strong>tertiam</strong></span> <span class='ocrx_word' id='word_1_575' title='bbox 2776 3319 3005 3391; x_wconf 80' lang='lat' dir='ltr'><strong>denique</strong></span> <span class='ocrx_word' id='word_1_576' title='bbox 3045 3318 3383 3376; x_wconf 88' lang='lat' dir='ltr'><strong>Coloniensis</strong></span> <span class='ocrx_word' id='word_1_577' title='bbox 3431 3323 3558 3377; x_wconf 90' lang='lat' dir='ltr'><strong>anni</strong></span> 
     </span>
    </p>
   </div>
   <div class='ocr_carea' id='block_1_77' title="bbox 1970 3412 3559 3485">
    <p class='ocr_par' dir='ltr' id='par_1_77' title="bbox 1970 3412 3559 3485">
     <span class='ocr_line' id='line_1_78' title="bbox 1970 3412 3559 3485; baseline 0.001 -18"><span class='ocrx_word' id='word_1_578' title='bbox 1970 3414 2108 3468; x_wconf 74' lang='grc'><strong>1548</strong></span> <span class='ocrx_word' id='word_1_579' title='bbox 2131 3413 2444 3470; x_wconf 65' lang='lat' dir='ltr'><strong>consumat.</strong></span> <span class='ocrx_word' id='word_1_580' title='bbox 2480 3414 2650 3480; x_wconf 87' lang='lat' dir='ltr'><strong>Quam</strong></span> <span class='ocrx_word' id='word_1_581' title='bbox 2682 3413 2779 3467; x_wconf 89' lang='lat' dir='ltr'><strong>viri</strong></span> <span class='ocrx_word' id='word_1_582' title='bbox 2810 3412 3207 3485; x_wconf 80' lang='lat' dir='ltr'><strong>diligentissimi</strong></span> <span class='ocrx_word' id='word_1_583' title='bbox 3237 3414 3559 3480; x_wconf 85' lang='lat' dir='ltr'><strong>descriptio-</strong></span> 
     </span>
    </p>
   </div>
   <div class='ocr_carea' id='block_1_78' title="bbox 1971 3505 3559 3577">
    <p class='ocr_par' dir='ltr' id='par_1_78' title="bbox 1971 3505 3559 3577">
     <span class='ocr_line' id='line_1_79' title="bbox 1971 3505 3559 3577; baseline 0.002 -18"><span class='ocrx_word' id='word_1_584' title='bbox 1971 3519 2090 3561; x_wconf 90' lang='lat' dir='ltr'><strong>nem</strong></span> <span class='ocrx_word' id='word_1_585' title='bbox 2140 3506 2390 3577; x_wconf 87' lang='lat' dir='ltr'><strong>equidem</strong></span> <span class='ocrx_word' id='word_1_586' title='bbox 2437 3505 2695 3561; x_wconf 90' lang='lat' dir='ltr'><strong>haetenns</strong></span> <span class='ocrx_word' id='word_1_587' title='bbox 2727 3507 2910 3561; x_wconf 89' lang='lat' dir='ltr'><strong>valere</strong></span> <span class='ocrx_word' id='word_1_588' title='bbox 2964 3508 3299 3576; x_wconf 77' lang='lat' dir='ltr'><strong>putaverint,</strong></span> <span class='ocrx_word' id='word_1_589' title='bbox 3353 3509 3399 3564; x_wconf 93' lang='lat' dir='ltr'><strong>si</strong></span> <span class='ocrx_word' id='word_1_590' title='bbox 3454 3523 3559 3563; x_wconf 78' lang='lat' dir='ltr'><strong>non</strong></span> 
     </span>
    </p>
   </div>
   <div class='ocr_carea' id='block_1_79' title="bbox 1971 3598 3551 3673">
    <p class='ocr_par' dir='ltr' id='par_1_79' title="bbox 1971 3598 3551 3673">
     <span class='ocr_line' id='line_1_80' title="bbox 1971 3598 3551 3673; baseline 0.004 -21"><span class='ocrx_word' id='word_1_591' title='bbox 1971 3598 2179 3654; x_wconf 91' lang='lat' dir='ltr'><strong>cunctis</strong></span> <span class='ocrx_word' id='word_1_592' title='bbox 2199 3612 2321 3668; x_wconf 66' lang='lat' dir='ltr'><strong>quae</strong></span> <span class='ocrx_word' id='word_1_593' title='bbox 2346 3612 2724 3670; x_wconf 83' lang='lat' dir='ltr'><strong>usquequaque</strong></span> <span class='ocrx_word' id='word_1_594' title='bbox 2753 3607 2989 3665; x_wconf 83' lang='lat' dir='ltr'><strong>exstent,</strong></span> <span class='ocrx_word' id='word_1_595' title='bbox 3017 3601 3110 3656; x_wconf 90' lang='lat' dir='ltr'><strong>sed</strong></span> <span class='ocrx_word' id='word_1_596' title='bbox 3133 3601 3319 3673; x_wconf 86' lang='lat' dir='ltr'><strong>viginti</strong></span> <span class='ocrx_word' id='word_1_597' title='bbox 3349 3612 3551 3658; x_wconf 88' lang='lat' dir='ltr'><strong>tantum</strong></span> 
     </span>
    </p>
   </div>
   <div class='ocr_carea' id='block_1_80' title="bbox 1970 3689 3563 3765">
    <p class='ocr_par' dir='ltr' id='par_1_80' title="bbox 1970 3689 3563 3765">
     <span class='ocr_line' id='line_1_81' title="bbox 1970 3689 3563 3765; baseline 0.004 -21"><span class='ocrx_word' id='word_1_598' title='bbox 1970 3689 2039 3745; x_wconf 87' lang='lat' dir='ltr'><strong>ab</strong></span> <span class='ocrx_word' id='word_1_599' title='bbox 2095 3690 2200 3745; x_wconf 89' lang='lat' dir='ltr'><strong>isto</strong></span> <span class='ocrx_word' id='word_1_600' title='bbox 2268 3693 2606 3746; x_wconf 86' lang='lat' dir='ltr'><strong>enumeratis</strong></span> <span class='ocrx_word' id='word_1_601' title='bbox 2660 3691 2994 3746; x_wconf 90' lang='lat' dir='ltr'><strong>editionibus</strong></span> <span class='ocrx_word' id='word_1_602' title='bbox 3067 3691 3268 3748; x_wconf 87' lang='lat' dir='ltr'><strong>Latinis</strong></span> <span class='ocrx_word' id='word_1_603' title='bbox 3327 3694 3563 3765; x_wconf 83' lang='lat' dir='ltr'><strong>regulam</strong></span> 
     </span>
    </p>
   </div>
   <div class='ocr_carea' id='block_1_81' title="bbox 1972 3781 3566 3856">
    <p class='ocr_par' dir='ltr' id='par_1_81' title="bbox 1972 3781 3566 3856">
     <span class='ocr_line' id='line_1_82' title="bbox 1972 3781 3566 3856; baseline 0.004 -19"><span class='ocrx_word' id='word_1_604' title='bbox 1972 3781 2179 3839; x_wconf 88' lang='lat' dir='ltr'><strong>hancce</strong></span> <span class='ocrx_word' id='word_1_605' title='bbox 2208 3783 2468 3854; x_wconf 88' lang='lat' dir='ltr'><strong>scriptam</strong></span> <span class='ocrx_word' id='word_1_606' title='bbox 2492 3784 2644 3839; x_wconf 86' lang='lat' dir='ltr'><strong>velit.</strong></span> <span class='ocrx_word' id='word_1_607' title='bbox 2668 3784 2804 3840; x_wconf 88' lang='lat' dir='ltr'><strong>Sunt</strong></span> <span class='ocrx_word' id='word_1_608' title='bbox 2836 3785 2977 3841; x_wconf 89' lang='lat' dir='ltr'><strong>enim</strong></span> <span class='ocrx_word' id='word_1_609' title='bbox 3008 3785 3149 3856; x_wconf 87' lang='lat' dir='ltr'><strong>apud</strong></span> <span class='ocrx_word' id='word_1_610' title='bbox 3178 3800 3276 3841; x_wconf 90' lang='lat' dir='ltr'><strong>nos</strong></span> <span class='ocrx_word' id='word_1_611' title='bbox 3301 3786 3566 3843; x_wconf 89' lang='lat' dir='ltr'><strong>editiones</strong></span> 
     </span>
    </p>
   </div>
   <div class='ocr_carea' id='block_1_82' title="bbox 1974 3876 3568 3945">
    <p class='ocr_par' dir='ltr' id='par_1_82' title="bbox 1974 3876 3568 3945">
     <span class='ocr_line' id='line_1_83' title="bbox 1974 3876 3568 3945; baseline 0.002 -13"><span class='ocrx_word' id='word_1_612' title='bbox 1974 3876 2115 3942; x_wconf 67' lang='lat' dir='ltr'><strong>duae,</strong></span> <span class='ocrx_word' id='word_1_613' title='bbox 2145 3876 2313 3933; x_wconf 88' lang='lat' dir='ltr'><strong>altera</strong></span> <span class='ocrx_word' id='word_1_614' title='bbox 2347 3877 2504 3945; x_wconf 89' lang='lat' dir='ltr'><strong>plane</strong></span> <span class='ocrx_word' id='word_1_615' title='bbox 2533 3878 2891 3945; x_wconf 82' lang='lat' dir='ltr'><strong>innominata,</strong></span> <span class='ocrx_word' id='word_1_616' title='bbox 2937 3879 3110 3936; x_wconf 86' lang='lat' dir='ltr'><strong>altera</strong></span> <span class='ocrx_word' id='word_1_617' title='bbox 3149 3880 3279 3934; x_wconf 90' lang='lat' dir='ltr'><strong>anni</strong></span> <span class='ocrx_word' id='word_1_618' title='bbox 3311 3890 3435 3935; x_wconf 89' lang='lat' dir='ltr'><strong>nota</strong></span> <span class='ocrx_word' id='word_1_619' title='bbox 3477 3894 3568 3935; x_wconf 87' lang='lat' dir='ltr'><strong>ea-</strong></span> 
     </span>
    </p>
   </div>
   <div class='ocr_carea' id='block_1_83' title="bbox 1974 3966 3569 4039">
    <p class='ocr_par' dir='ltr' id='par_1_83' title="bbox 1974 3966 3569 4039">
     <span class='ocr_line' id='line_1_84' title="bbox 1974 3966 3569 4039; baseline 0.001 -17"><span class='ocrx_word' id='word_1_620' title='bbox 1974 3981 2118 4033; x_wconf 90' lang='lat' dir='ltr'><strong>rens,</strong></span> <span class='ocrx_word' id='word_1_621' title='bbox 2147 3983 2269 4039; x_wconf 66' lang='lat' dir='ltr'><strong>quae</strong></span> <span class='ocrx_word' id='word_1_622' title='bbox 2290 3976 2347 4023; x_wconf 91' lang='lat' dir='ltr'><strong>et</strong></span> <span class='ocrx_word' id='word_1_623' title='bbox 2370 3968 2516 4024; x_wconf 92' lang='lat' dir='ltr'><strong>inter</strong></span> <span class='ocrx_word' id='word_1_624' title='bbox 2544 3982 2605 4025; x_wconf 87' lang='lat' dir='ltr'><strong>se</strong></span> <span class='ocrx_word' id='word_1_625' title='bbox 2628 3968 2859 4024; x_wconf 63' lang='lat' dir='ltr'><strong>diversae</strong></span> <span class='ocrx_word' id='word_1_626' title='bbox 2887 3977 2943 4024; x_wconf 92' lang='lat' dir='ltr'><strong>et</strong></span> <span class='ocrx_word' id='word_1_627' title='bbox 2975 3982 3005 4023; x_wconf 91' lang='lat' dir='ltr'><strong>a</strong></span> <span class='ocrx_word' id='word_1_628' title='bbox 3037 3969 3227 4039; x_wconf 88' lang='lat' dir='ltr'><strong>prima,</strong></span> <span class='ocrx_word' id='word_1_629' title='bbox 3253 3983 3412 4039; x_wconf 88' lang='lat' dir='ltr'><strong>quam</strong></span> <span class='ocrx_word' id='word_1_630' title='bbox 3440 3966 3569 4024; x_wconf 80' lang='lat' dir='ltr'><strong>facit</strong></span> 
     </span>
    </p>
   </div>
   <div class='ocr_carea' id='block_1_84' title="bbox 1976 4057 3570 4131">
    <p class='ocr_par' dir='ltr' id='par_1_84' title="bbox 1976 4057 3570 4131">
     <span class='ocr_line' id='line_1_85' title="bbox 1976 4057 3570 4131; baseline -0.001 -17"><span class='ocrx_word' id='word_1_631' title='bbox 1976 4057 2336 4131; x_wconf 89' lang='lat' dir='ltr'><strong>Rosweydus,</strong></span> <span class='ocrx_word' id='word_1_632' title='bbox 2385 4060 2558 4115; x_wconf 71' lang='lat' dir='ltr'><strong>amba:</strong></span> <span class='ocrx_word' id='word_1_633' title='bbox 2602 4059 2878 4115; x_wconf 84' lang='lat' dir='ltr'><strong>diﬂ‘erunt.</strong></span> <span class='ocrx_word' id='word_1_634' title='bbox 2923 4060 3032 4118; x_wconf 86' lang='lat' dir='ltr'><strong>Nec</strong></span> <span class='ocrx_word' id='word_1_635' title='bbox 3069 4060 3254 4116; x_wconf 90' lang='lat' dir='ltr'><strong>dubito</strong></span> <span class='ocrx_word' id='word_1_636' title='bbox 3298 4061 3425 4131; x_wconf 91' lang='lat' dir='ltr'><strong>quin</strong></span> <span class='ocrx_word' id='word_1_637' title='bbox 3473 4060 3570 4114; x_wconf 88' lang='lat' dir='ltr'><strong>alt-</strong></span> 
     </span>
    </p>
   </div>
   <div class='ocr_carea' id='block_1_85' title="bbox 1976 4150 3569 4222">
    <p class='ocr_par' dir='ltr' id='par_1_85' title="bbox 1976 4150 3569 4222">
     <span class='ocr_line' id='line_1_86' title="bbox 1976 4150 3569 4222; baseline -0.003 -15"><span class='ocrx_word' id='word_1_638' title='bbox 1976 4160 2175 4222; x_wconf 90' lang='lat' dir='ltr'><strong>quanto</strong></span> <span class='ocrx_word' id='word_1_639' title='bbox 2206 4153 2386 4221; x_wconf 89' lang='lat' dir='ltr'><strong>plures</strong></span> <span class='ocrx_word' id='word_1_640' title='bbox 2416 4153 2640 4221; x_wconf 91' lang='lat' dir='ltr'><strong>reperiri</strong></span> <span class='ocrx_word' id='word_1_641' title='bbox 2672 4154 2902 4222; x_wconf 90' lang='lat' dir='ltr'><strong>possint,</strong></span> <span class='ocrx_word' id='word_1_642' title='bbox 2934 4166 3054 4221; x_wconf 65' lang='lat' dir='ltr'><strong>quae</strong></span> <span class='ocrx_word' id='word_1_643' title='bbox 3094 4150 3235 4205; x_wconf 90' lang='lat' dir='ltr'><strong>inter</strong></span> <span class='ocrx_word' id='word_1_644' title='bbox 3259 4165 3318 4205; x_wconf 87' lang='lat' dir='ltr'><strong>se</strong></span> <span class='ocrx_word' id='word_1_645' title='bbox 3349 4164 3569 4219; x_wconf 86' lang='lat' dir='ltr'><strong>compa-</strong></span> 
     </span>
    </p>
   </div>
   <div class='ocr_carea' id='block_1_86' title="bbox 1976 4240 3567 4311">
    <p class='ocr_par' dir='ltr' id='par_1_86' title="bbox 1976 4240 3567 4311">
     <span class='ocr_line' id='line_1_87' title="bbox 1976 4240 3567 4311; baseline -0.003 -13"><span class='ocrx_word' id='word_1_646' title='bbox 1976 4252 2108 4299; x_wconf 68' lang='lat' dir='ltr'><strong>rata:</strong></span> <span class='ocrx_word' id='word_1_647' title='bbox 2147 4244 2366 4298; x_wconf 90' lang='lat' dir='ltr'><strong>omnino</strong></span> <span class='ocrx_word' id='word_1_648' title='bbox 2411 4244 2617 4298; x_wconf 90' lang='lat' dir='ltr'><strong>nullam</strong></span> <span class='ocrx_word' id='word_1_649' title='bbox 2666 4244 2803 4297; x_wconf 91' lang='lat' dir='ltr'><strong>inter</strong></span> <span class='ocrx_word' id='word_1_650' title='bbox 2852 4241 3257 4311; x_wconf 89' lang='lat' dir='ltr'><strong>antiquissimas</strong></span> <span class='ocrx_word' id='word_1_651' title='bbox 3298 4240 3567 4295; x_wconf 81' lang='lat' dir='ltr'><strong>editiones</strong></span> 
     </span>
    </p>
   </div>
   <div class='ocr_carea' id='block_1_87' title="bbox 1978 4334 3017 4405">
    <p class='ocr_par' dir='ltr' id='par_1_87' title="bbox 1978 4334 3017 4405">
     <span class='ocr_line' id='line_1_88' title="bbox 1978 4334 3017 4405; baseline -0.002 -14"><span class='ocrx_word' id='word_1_652' title='bbox 1978 4336 2315 4393; x_wconf 88' lang='lat' dir='ltr'><strong>intercedere</strong></span> <span class='ocrx_word' id='word_1_653' title='bbox 2336 4337 2712 4405; x_wconf 89' lang='lat' dir='ltr'><strong>cognationem</strong></span> <span class='ocrx_word' id='word_1_654' title='bbox 2746 4334 3017 4389; x_wconf 89' lang='lat' dir='ltr'><strong>evincant.</strong></span> 
     </span>
    </p>
   </div>
   <div class='ocr_carea' id='block_1_88' title="bbox 2053 4447 3570 4519">
    <p class='ocr_par' dir='ltr' id='par_1_88' title="bbox 2053 4447 3570 4519">
     <span class='ocr_line' id='line_1_89' title="bbox 2053 4447 3570 4519; baseline -0.003 -13"><span class='ocrx_word' id='word_1_655' title='bbox 2053 4452 2315 4506; x_wconf 63' lang='lat' dir='ltr'><strong>Caeterum</strong></span> <span class='ocrx_word' id='word_1_656' title='bbox 2361 4451 2416 4504; x_wconf 93' lang='lat' dir='ltr'><strong>in</strong></span> <span class='ocrx_word' id='word_1_657' title='bbox 2459 4451 2577 4519; x_wconf 91' lang='lat' dir='ltr'><strong>ipso</strong></span> <span class='ocrx_word' id='word_1_658' title='bbox 2623 4450 2952 4517; x_wconf 83' lang='lat' dir='ltr'><strong>singularum</strong></span> <span class='ocrx_word' id='word_1_659' title='bbox 3000 4447 3297 4505; x_wconf 90' lang='lat' dir='ltr'><strong>editionum</strong></span> <span class='ocrx_word' id='word_1_660' title='bbox 3344 4462 3570 4505; x_wconf 90' lang='lat' dir='ltr'><strong>recensu</strong></span> 
     </span>
    </p>
   </div>
   <div class='ocr_carea' id='block_1_89' title="bbox 1988 4522 3575 4613">
    <p class='ocr_par' dir='ltr' id='par_1_89' title="bbox 1988 4522 3575 4613">
     <span class='ocr_line' id='line_1_90' title="bbox 1988 4522 3575 4613; baseline -0.003 -14"><span class='ocrx_word' id='word_1_661' title='bbox 1988 4559 2192 4600; x_wconf 89' lang='lat' dir='ltr'><strong>morem</strong></span> <span class='ocrx_word' id='word_1_662' title='bbox 2241 4544 2502 4597; x_wconf 87' lang='lat' dir='ltr'><strong>hactenus</strong></span> <span class='ocrx_word' id='word_1_663' title='bbox 2546 4556 2576 4597; x_wconf 90' lang='lat' dir='ltr'><strong>a</strong></span> <span class='ocrx_word' id='word_1_664' title='bbox 2606 4542 2766 4597; x_wconf 89' lang='lat' dir='ltr'><strong>nobis</strong></span> <span class='ocrx_word' id='word_1_665' title='bbox 2810 4522 3025 4613; x_wconf 78' lang='lat' dir='ltr'><strong>semper</strong></span> <span class='ocrx_word' id='word_1_666' title='bbox 3064 4550 3461 4605; x_wconf 77' lang='lat' dir='ltr'><strong>conservatum,</strong></span> <span class='ocrx_word' id='word_1_667' title='bbox 3520 4550 3575 4595; x_wconf 90' lang='lat' dir='ltr'><strong>ut</strong></span> 
     </span>
    </p>
   </div>
   <div class='ocr_carea' id='block_1_90' title="bbox 295 4631 3580 4709">
    <p class='ocr_par' dir='ltr' id='par_1_90' title="bbox 295 4631 3580 4709">
     <span class='ocr_line' id='line_1_91' title="bbox 295 4631 3580 4709; baseline -0.002 -15"><span class='ocrx_word' id='word_1_668' title='bbox 295 4640 504 4709; x_wconf 88' lang='lat' dir='ltr'><strong>positis,</strong></span> <span class='ocrx_word' id='word_1_669' title='bbox 535 4639 721 4694; x_wconf 90' lang='lat' dir='ltr'><strong>multis</strong></span> <span class='ocrx_word' id='word_1_670' title='bbox 748 4645 804 4692; x_wconf 89' lang='lat' dir='ltr'><strong>et</strong></span> <span class='ocrx_word' id='word_1_671' title='bbox 829 4638 993 4693; x_wconf 89' lang='lat' dir='ltr'><strong>variis</strong></span> <span class='ocrx_word' id='word_1_672' title='bbox 1026 4647 1281 4707; x_wconf 64' lang='lat' dir='ltr'><strong>praeterea</strong></span> <span class='ocrx_word' id='word_1_673' title='bbox 1305 4638 1634 4709; x_wconf 85' lang='lat' dir='ltr'><strong>argumentis</strong></span> <span class='ocrx_word' id='word_1_674' title='bbox 1662 4653 1728 4694; x_wconf 82' lang='lat' dir='ltr'><strong>ex</strong></span> <span class='ocrx_word' id='word_1_675' title='bbox 1761 4639 1878 4709; x_wconf 88' lang='lat' dir='ltr'><strong>ipso</strong></span> <span class='ocrx_word' id='word_1_676' title='bbox 1908 4631 1960 4691; x_wconf 84' lang='lat' dir='ltr'><strong>D</strong></span> <span class='ocrx_word' id='word_1_677' title='bbox 1987 4639 2350 4694; x_wconf 87' lang='lat' dir='ltr'><strong>innominatas</strong></span> <span class='ocrx_word' id='word_1_678' title='bbox 2395 4636 2662 4693; x_wconf 90' lang='lat' dir='ltr'><strong>editiones</strong></span> <span class='ocrx_word' id='word_1_679' title='bbox 2710 4645 2833 4705; x_wconf 74' lang='lat' dir='ltr'><strong>post</strong></span> <span class='ocrx_word' id='word_1_680' title='bbox 2871 4637 3107 4707; x_wconf 87' lang='lat' dir='ltr'><strong>reliquas</strong></span> <span class='ocrx_word' id='word_1_681' title='bbox 3153 4636 3336 4690; x_wconf 82' lang='lat' dir='ltr'><strong>saeculi</strong></span> <span class='ocrx_word' id='word_1_682' title='bbox 3387 4650 3455 4689; x_wconf 79' lang='lat' dir='ltr'><strong>xv</strong></span> <span class='ocrx_word' id='word_1_683' title='bbox 3485 4635 3580 4689; x_wconf 87' lang='lat' dir='ltr'><strong>de-</strong></span> 
     </span>
    </p>
   </div>
   <div class='ocr_carea' id='block_1_91' title="bbox 292 4730 1885 4805">
    <p class='ocr_par' dir='ltr' id='par_1_91' title="bbox 292 4730 1885 4805">
     <span class='ocr_line' id='line_1_92' title="bbox 292 4730 1885 4805; baseline 0.003 -20"><span class='ocrx_word' id='word_1_684' title='bbox 292 4734 559 4803; x_wconf 91' lang='lat' dir='ltr'><strong>plerisque</strong></span> <span class='ocrx_word' id='word_1_685' title='bbox 575 4732 717 4787; x_wconf 91' lang='lat' dir='ltr'><strong>libro</strong></span> <span class='ocrx_word' id='word_1_686' title='bbox 747 4731 928 4801; x_wconf 89' lang='lat' dir='ltr'><strong>petitis</strong></span> <span class='ocrx_word' id='word_1_687' title='bbox 956 4732 1093 4785; x_wconf 86' lang='lat' dir='ltr'><strong>idem</strong></span> <span class='ocrx_word' id='word_1_688' title='bbox 1124 4739 1470 4786; x_wconf 80' lang='lat' dir='ltr'><strong>aSIruxerunt</strong></span> <span class='ocrx_word' id='word_1_689' title='bbox 1498 4730 1835 4805; x_wconf 83' lang='lat' dir='ltr'><strong>Rosweydus</strong></span> <span class='ocrx_word' id='word_1_690' title='bbox 1856 4730 1885 4771; x_wconf 70' lang='grc' dir='ltr'>δ</span> 
     </span>
    </p>
   </div>
   <div class='ocr_carea' id='block_1_92' title="bbox 292 4821 1894 4897">
    <p class='ocr_par' dir='ltr' id='par_1_92' title="bbox 292 4821 1894 4897">
     <span class='ocr_line' id='line_1_93' title="bbox 292 4821 1894 4897; baseline 0.002 -18"><span class='ocrx_word' id='word_1_691' title='bbox 292 4832 347 4879; x_wconf 90' lang='lat' dir='ltr'><strong>et</strong></span> <span class='ocrx_word' id='word_1_692' title='bbox 392 4823 729 4880; x_wconf 82' lang='lat' dir='ltr'><strong>Fontaninus</strong></span> <span class='ocrx_word' id='word_1_693' title='bbox 761 4824 860 4877; x_wconf 86' lang='lat' dir='ltr'><strong>cin</strong></span> <span class='ocrx_word' id='word_1_694' title='bbox 907 4823 1008 4878; x_wconf 89' lang='lat' dir='ltr'><strong>hoc</strong></span> <span class='ocrx_word' id='word_1_695' title='bbox 1065 4832 1241 4879; x_wconf 87' lang='lat' dir='ltr'><strong>tamen</strong></span> <span class='ocrx_word' id='word_1_696' title='bbox 1291 4821 1431 4893; x_wconf 81' lang='lat' dir='ltr'><strong>inter</strong></span> <span class='ocrx_word' id='word_1_697' title='bbox 1467 4840 1527 4882; x_wconf 91' lang='lat' dir='ltr'><strong>se</strong></span> <span class='ocrx_word' id='word_1_698' title='bbox 1575 4827 1894 4897; x_wconf 88' lang='lat' dir='ltr'><strong>discrepan-</strong></span> 
     </span>
    </p>
   </div>
   <div class='ocr_carea' id='block_1_93' title="bbox 294 4915 1890 4986">
    <p class='ocr_par' dir='ltr' id='par_1_93' title="bbox 294 4915 1890 4986">
     <span class='ocr_line' id='line_1_94' title="bbox 294 4915 1890 4986; baseline 0.005 -17"><span class='ocrx_word' id='word_1_699' title='bbox 294 4925 395 4982; x_wconf 89' lang='lat' dir='ltr'><strong>tes,</strong></span> <span class='ocrx_word' id='word_1_700' title='bbox 422 4916 563 4985; x_wconf 88' lang='lat' dir='ltr'><strong>qnod</strong></span> <span class='ocrx_word' id='word_1_701' title='bbox 594 4916 689 4971; x_wconf 91' lang='lat' dir='ltr'><strong>ille</strong></span> <span class='ocrx_word' id='word_1_702' title='bbox 719 4915 973 4970; x_wconf 90' lang='lat' dir='ltr'><strong>Ruﬁnum</strong></span> <span class='ocrx_word' id='word_1_703' title='bbox 1005 4930 1102 4985; x_wconf 90' lang='lat' dir='ltr'><strong>pro</strong></span> <span class='ocrx_word' id='word_1_704' title='bbox 1130 4916 1428 4986; x_wconf 89' lang='lat' dir='ltr'><strong>interprete</strong></span> <span class='ocrx_word' id='word_1_705' title='bbox 1460 4929 1670 4978; x_wconf 88' lang='lat' dir='ltr'><strong>tantum</strong></span> <span class='ocrx_word' id='word_1_706' title='bbox 1699 4936 1890 4978; x_wconf 92' lang='lat' dir='ltr'><strong>eorum</strong></span> 
     </span>
    </p>
   </div>
   <div class='ocr_carea' id='block_1_94' title="bbox 294 5006 1894 5082">
    <p class='ocr_par' dir='ltr' id='par_1_94' title="bbox 294 5006 1894 5082">
     <span class='ocr_line' id='line_1_95' title="bbox 294 5006 1894 5082; baseline 0.004 -21"><span class='ocrx_word' id='word_1_707' title='bbox 294 5021 411 5076; x_wconf 64' lang='lat' dir='ltr'><strong>quae</strong></span> <span class='ocrx_word' id='word_1_708' title='bbox 439 5007 758 5063; x_wconf 86' lang='lat' dir='ltr'><strong>Heraclides</strong></span> <span class='ocrx_word' id='word_1_709' title='bbox 800 5006 939 5062; x_wconf 86' lang='lat' dir='ltr'><strong>forte</strong></span> <span class='ocrx_word' id='word_1_710' title='bbox 977 5019 1068 5061; x_wconf 89' lang='lat' dir='ltr'><strong>aut</strong></span> <span class='ocrx_word' id='word_1_711' title='bbox 1097 5008 1367 5065; x_wconf 85' lang='lat' dir='ltr'><strong>Palladius</strong></span> <span class='ocrx_word' id='word_1_712' title='bbox 1412 5026 1591 5080; x_wconf 78' lang='lat' dir='ltr'><strong>graece</strong></span> <span class='ocrx_word' id='word_1_713' title='bbox 1640 5014 1894 5082; x_wconf 86' lang='lat' dir='ltr'><strong>scripsis-</strong></span> 
     </span>
    </p>
   </div>
   <div class='ocr_carea' id='block_1_95' title="bbox 295 5100 1889 5172">
    <p class='ocr_par' dir='ltr' id='par_1_95' title="bbox 295 5100 1889 5172">
     <span class='ocr_line' id='line_1_96' title="bbox 295 5100 1889 5172; baseline 0.004 -18"><span class='ocrx_word' id='word_1_714' title='bbox 295 5111 434 5168; x_wconf 77' lang='lat' dir='ltr'><strong>sent,</strong></span> <span class='ocrx_word' id='word_1_715' title='bbox 461 5101 680 5166; x_wconf 82' lang='lat' dir='ltr'><strong>habeat,</strong></span> <span class='ocrx_word' id='word_1_716' title='bbox 714 5100 874 5171; x_wconf 90' lang='lat' dir='ltr'><strong>idque</strong></span> <span class='ocrx_word' id='word_1_717' title='bbox 917 5116 982 5154; x_wconf 84' lang='lat' dir='ltr'><strong>ex</strong></span> <span class='ocrx_word' id='word_1_718' title='bbox 1015 5111 1163 5170; x_wconf 89' lang='lat' dir='ltr'><strong>parte</strong></span> <span class='ocrx_word' id='word_1_719' title='bbox 1191 5118 1413 5158; x_wconf 88' lang='lat' dir='ltr'><strong>causam</strong></span> <span class='ocrx_word' id='word_1_720' title='bbox 1467 5117 1615 5172; x_wconf 88' lang='lat' dir='ltr'><strong>putet</strong></span> <span class='ocrx_word' id='word_1_721' title='bbox 1647 5122 1750 5162; x_wconf 89' lang='lat' dir='ltr'><strong>cur</strong></span> <span class='ocrx_word' id='word_1_722' title='bbox 1783 5115 1889 5161; x_wconf 91' lang='lat' dir='ltr'><strong>tam</strong></span> 
     </span>
    </p>
   </div>
   <div class='ocr_carea' id='block_1_96' title="bbox 297 5192 1890 5265">
    <p class='ocr_par' dir='ltr' id='par_1_96' title="bbox 297 5192 1890 5265">
     <span class='ocr_line' id='line_1_97' title="bbox 297 5192 1890 5265; baseline 0.008 -19"><span class='ocrx_word' id='word_1_723' title='bbox 297 5192 452 5250; x_wconf 79' lang='lat' dir='ltr'><strong>facile</strong></span> <span class='ocrx_word' id='word_1_724' title='bbox 497 5194 738 5265; x_wconf 86' lang='lat' dir='ltr'><strong>ignorari</strong></span> <span class='ocrx_word' id='word_1_725' title='bbox 782 5192 959 5247; x_wconf 91' lang='lat' dir='ltr'><strong>Ruﬁni</strong></span> <span class='ocrx_word' id='word_1_726' title='bbox 989 5208 1150 5263; x_wconf 84' lang='lat' dir='ltr'><strong>opera</strong></span> <span class='ocrx_word' id='word_1_727' title='bbox 1183 5197 1444 5265; x_wconf 88' lang='lat' dir='ltr'><strong>potuerit,</strong></span> <span class='ocrx_word' id='word_1_728' title='bbox 1491 5201 1723 5255; x_wconf 85' lang='lat' dir='ltr'><strong>alteram</strong></span> <span class='ocrx_word' id='word_1_729' title='bbox 1772 5218 1890 5258; x_wconf 86' lang='lat' dir='ltr'><strong>eam</strong></span> 
     </span>
    </p>
   </div>
   <div class='ocr_carea' id='block_1_97' title="bbox 299 5285 1893 5358">
    <p class='ocr_par' dir='ltr' id='par_1_97' title="bbox 299 5285 1893 5358">
     <span class='ocr_line' id='line_1_98' title="bbox 299 5285 1893 5358; baseline 0.006 -17"><span class='ocrx_word' id='word_1_730' title='bbox 299 5295 466 5355; x_wconf 87' lang='lat' dir='ltr'><strong>ratus,</strong></span> <span class='ocrx_word' id='word_1_731' title='bbox 497 5288 638 5358; x_wconf 89' lang='lat' dir='ltr'><strong>quod</strong></span> <span class='ocrx_word' id='word_1_732' title='bbox 679 5293 899 5356; x_wconf 88' lang='lat' dir='ltr'><strong>propter</strong></span> <span class='ocrx_word' id='word_1_733' title='bbox 925 5285 1256 5355; x_wconf 89' lang='lat' dir='ltr'><strong>Origenistas</strong></span> <span class='ocrx_word' id='word_1_734' title='bbox 1287 5290 1583 5346; x_wconf 90' lang='lat' dir='ltr'><strong>nonnullos</strong></span> <span class='ocrx_word' id='word_1_735' title='bbox 1612 5292 1893 5350; x_wconf 85' lang='lat' dir='ltr'><strong>immixtos</strong></span> 
     </span>
    </p>
   </div>
   <div class='ocr_carea' id='block_1_98' title="bbox 299 5376 1891 5453">
    <p class='ocr_par' dir='ltr' id='par_1_98' title="bbox 299 5376 1891 5453">
     <span class='ocr_line' id='line_1_99' title="bbox 299 5376 1891 5453; baseline 0.004 -20"><span class='ocrx_word' id='word_1_736' title='bbox 299 5394 403 5435; x_wconf 90' lang='lat' dir='ltr'><strong>non</strong></span> <span class='ocrx_word' id='word_1_737' title='bbox 430 5394 592 5435; x_wconf 87' lang='lat' dir='ltr'><strong>ausus</strong></span> <span class='ocrx_word' id='word_1_738' title='bbox 612 5380 685 5435; x_wconf 89' lang='lat' dir='ltr'><strong>sit</strong></span> <span class='ocrx_word' id='word_1_739' title='bbox 711 5376 928 5447; x_wconf 91' lang='lat' dir='ltr'><strong>proprio</strong></span> <span class='ocrx_word' id='word_1_740' title='bbox 953 5377 1170 5432; x_wconf 89' lang='lat' dir='ltr'><strong>nomine</strong></span> <span class='ocrx_word' id='word_1_741' title='bbox 1194 5378 1362 5433; x_wconf 89' lang='lat' dir='ltr'><strong>fetum</strong></span> <span class='ocrx_word' id='word_1_742' title='bbox 1385 5395 1545 5436; x_wconf 90' lang='lat' dir='ltr'><strong>suum</strong></span> <span class='ocrx_word' id='word_1_743' title='bbox 1569 5384 1891 5453; x_wconf 88' lang='lat' dir='ltr'><strong>protrudere</strong></span> 
     </span>
    </p>
   </div>
   <div class='ocr_carea' id='block_1_99' title="bbox 295 5467 1889 5546">
    <p class='ocr_par' dir='ltr' id='par_1_99' title="bbox 295 5467 1889 5546">
     <span class='ocr_line' id='line_1_100' title="bbox 295 5467 1889 5546; baseline 0.003 -21"><span class='ocrx_word' id='word_1_744' title='bbox 295 5480 351 5525; x_wconf 91' lang='lat' dir='ltr'><strong>et</strong></span> <span class='ocrx_word' id='word_1_745' title='bbox 394 5470 714 5535; x_wconf 88' lang='lat' dir='ltr'><strong>venditare;</strong></span> <span class='ocrx_word' id='word_1_746' title='bbox 773 5467 1107 5523; x_wconf 88' lang='lat' dir='ltr'><strong>Fontaninus</strong></span> <span class='ocrx_word' id='word_1_747' title='bbox 1173 5479 1359 5525; x_wconf 89' lang='lat' dir='ltr'><strong>contra</strong></span> <span class='ocrx_word' id='word_1_748' title='bbox 1418 5473 1672 5542; x_wconf 80' lang='lat' dir='ltr'><strong>expedita</strong></span> <span class='ocrx_word' id='word_1_749' title='bbox 1731 5491 1889 5546; x_wconf 89' lang='lat' dir='ltr'><strong>argu-</strong></span> 
     </span>
    </p>
   </div>
   <div class='ocr_carea' id='block_1_100' title="bbox 299 5560 1887 5637">
    <p class='ocr_par' dir='ltr' id='par_1_100' title="bbox 299 5560 1887 5637">
     <span class='ocr_line' id='line_1_101' title="bbox 299 5560 1887 5637; baseline 0.006 -22"><span class='ocrx_word' id='word_1_750' title='bbox 299 5563 626 5616; x_wconf 85' lang='lat' dir='ltr'><strong>mentatione</strong></span> <span class='ocrx_word' id='word_1_751' title='bbox 691 5567 948 5626; x_wconf 89' lang='lat' dir='ltr'><strong>tueatur,</strong></span> <span class='ocrx_word' id='word_1_752' title='bbox 993 5560 1246 5615; x_wconf 82' lang='lat' dir='ltr'><strong>lluﬁnum</strong></span> <span class='ocrx_word' id='word_1_753' title='bbox 1318 5563 1495 5632; x_wconf 88' lang='lat' dir='ltr'><strong>ipsum</strong></span> <span class='ocrx_word' id='word_1_754' title='bbox 1566 5568 1887 5637; x_wconf 90' lang='lat' dir='ltr'><strong>scriptorem</strong></span> 
     </span>
    </p>
   </div>
   <div class='ocr_carea' id='block_1_101' title="bbox 301 5649 1890 5728">
    <p class='ocr_par' dir='ltr' id='par_1_101' title="bbox 301 5649 1890 5728">
     <span class='ocr_line' id='line_1_102' title="bbox 301 5649 1890 5728; baseline 0.01 -24"><span class='ocrx_word' id='word_1_755' title='bbox 301 5649 477 5720; x_wconf 88' lang='lat' dir='ltr'><strong>fuisse,</strong></span> <span class='ocrx_word' id='word_1_756' title='bbox 511 5650 608 5707; x_wconf 89' lang='lat' dir='ltr'><strong>sed</strong></span> <span class='ocrx_word' id='word_1_757' title='bbox 640 5651 857 5706; x_wconf 88' lang='lat' dir='ltr'><strong>nomine</strong></span> <span class='ocrx_word' id='word_1_758' title='bbox 884 5652 1118 5707; x_wconf 86' lang='lat' dir='ltr'><strong>alterius</strong></span> <span class='ocrx_word' id='word_1_759' title='bbox 1144 5654 1237 5723; x_wconf 90' lang='lat' dir='ltr'><strong>qui</strong></span> <span class='ocrx_word' id='word_1_760' title='bbox 1275 5654 1328 5708; x_wconf 92' lang='lat' dir='ltr'><strong>in</strong></span> <span class='ocrx_word' id='word_1_761' title='bbox 1373 5655 1612 5728; x_wconf 62' lang='lat' dir='ltr'><strong>IEgypto</strong></span> <span class='ocrx_word' id='word_1_762' title='bbox 1643 5672 1890 5720; x_wconf 87' lang='lat' dir='ltr'><strong>versatus</strong></span> 
     </span>
    </p>
   </div>
   <div class='ocr_carea' id='block_1_102' title="bbox 366 5809 1595 5877">
    <p class='ocr_par' dir='ltr' id='par_1_102' title="bbox 366 5809 1595 5877">
     <span class='ocr_line' id='line_1_103' title="bbox 366 5809 1595 5877; baseline 0.012 -18"><span class='ocrx_word' id='word_1_763' title='bbox 366 5820 394 5850; x_wconf 80' lang='grc' dir='ltr'>ι</span> <span class='ocrx_word' id='word_1_764' title='bbox 422 5811 476 5865; x_wconf 88' lang='lat' dir='ltr'><strong>in</strong></span> <span class='ocrx_word' id='word_1_765' title='bbox 501 5809 820 5877; x_wconf 70' lang='lat' dir='ltr'><strong>praefatione</strong></span> <span class='ocrx_word' id='word_1_766' title='bbox 840 5810 903 5864; x_wconf 85' lang='lat' dir='ltr'><strong>ad</strong></span> <span class='ocrx_word' id='word_1_767' title='bbox 930 5810 1244 5869; x_wconf 86' lang='lat' dir='ltr'><strong>Paradisum</strong></span> <span class='ocrx_word' id='word_1_768' title='bbox 1276 5814 1595 5877; x_wconf 79' lang='lat' dir='ltr'><strong>Heraclidis.</strong></span> 
     </span>
    </p>
   </div>
   <div class='ocr_carea' id='block_1_103' title="bbox 365 5879 1090 5953">
    <p class='ocr_par' dir='ltr' id='par_1_103' title="bbox 365 5879 1090 5953">
     <span class='ocr_line' id='line_1_104' title="bbox 365 5879 1090 5953; baseline -0.001 -14"><span class='ocrx_word' id='word_1_769' title='bbox 365 5880 393 5921; x_wconf 72' lang='grc' dir='ltr'>δ</span> <span class='ocrx_word' id='word_1_770' title='bbox 415 5882 627 5953; x_wconf 81' lang='lat' dir='ltr'><strong>Pro&#39;leg.</strong></span> <span class='ocrx_word' id='word_1_771' title='bbox 663 5879 714 5949; x_wconf 69' lang='grc'><strong>1,</strong></span> <span class='ocrx_word' id='word_1_772' title='bbox 743 5880 769 5952; x_wconf 85' lang='lat'>§</span> <span class='ocrx_word' id='word_1_773' title='bbox 800 5882 893 5949; x_wconf 74' lang='grc'><strong>10,</strong></span> <span class='ocrx_word' id='word_1_774' title='bbox 917 5898 968 5953; x_wconf 87' lang='lat' dir='ltr'><strong>p.</strong></span> <span class='ocrx_word' id='word_1_775' title='bbox 1001 5882 1090 5939; x_wconf 74' lang='grc'><strong>25.</strong></span> 
     </span>
    </p>
   </div>
   <div class='ocr_carea' id='block_1_104' title="bbox 1991 4729 3583 4798">
    <p class='ocr_par' dir='ltr' id='par_1_104' title="bbox 1991 4729 3583 4798">
     <span class='ocr_line' id='line_1_105' title="bbox 1991 4729 3583 4798; baseline -0.004 -9"><span class='ocrx_word' id='word_1_776' title='bbox 1991 4750 2140 4793; x_wconf 90' lang='lat' dir='ltr'><strong>mum</strong></span> <span class='ocrx_word' id='word_1_777' title='bbox 2165 4746 2735 4798; x_wconf 88' lang='lat' dir='ltr'><strong>commemoraremus,</strong></span> <span class='ocrx_word' id='word_1_778' title='bbox 2762 4732 2931 4786; x_wconf 90' lang='lat' dir='ltr'><strong>semel</strong></span> <span class='ocrx_word' id='word_1_779' title='bbox 2957 4729 3059 4786; x_wconf 90' lang='lat' dir='ltr'><strong>hoc</strong></span> <span class='ocrx_word' id='word_1_780' title='bbox 3092 4731 3211 4784; x_wconf 92' lang='lat' dir='ltr'><strong>loco</strong></span> <span class='ocrx_word' id='word_1_781' title='bbox 3239 4730 3497 4784; x_wconf 85' lang='lat' dir='ltr'><strong>deserere</strong></span> <span class='ocrx_word' id='word_1_782' title='bbox 3520 4743 3583 4783; x_wconf 89' lang='lat' dir='ltr'><strong>ac</strong></span> 
     </span>
    </p>
   </div>
   <div class='ocr_carea' id='block_1_105' title="bbox 1995 4808 3582 4906">
    <p class='ocr_par' dir='ltr' id='par_1_105' title="bbox 1995 4808 3582 4906">
     <span class='ocr_line' id='line_1_106' title="bbox 1995 4808 3582 4906; baseline -0.007 -23"><span class='ocrx_word' id='word_1_783' title='bbox 1995 4829 2220 4906; x_wconf 81' lang='lat' dir='ltr'><strong>reliquis</strong></span> <span class='ocrx_word' id='word_1_784' title='bbox 2257 4840 2349 4883; x_wconf 89' lang='lat' dir='ltr'><strong>eas</strong></span> <span class='ocrx_word' id='word_1_785' title='bbox 2390 4824 2716 4894; x_wconf 65' lang='lat' dir='ltr'><strong>praemittere</strong></span> <span class='ocrx_word' id='word_1_786' title='bbox 2764 4822 3000 4892; x_wconf 88' lang='lat' dir='ltr'><strong>placuit,</strong></span> <span class='ocrx_word' id='word_1_787' title='bbox 3055 4808 3171 4876; x_wconf 12' lang='lat' dir='ltr'><strong>tum’</strong></span> <span class='ocrx_word' id='word_1_788' title='bbox 3201 4821 3457 4889; x_wconf 85' lang='lat' dir='ltr'><strong>quoniam</strong></span> <span class='ocrx_word' id='word_1_789' title='bbox 3497 4822 3582 4873; x_wconf 84' lang='lat' dir='ltr'><strong>vix</strong></span> 
     </span>
    </p>
   </div>
   <div class='ocr_carea' id='block_1_106' title="bbox 1998 4915 3590 4990">
    <p class='ocr_par' dir='ltr' id='par_1_106' title="bbox 1998 4915 3590 4990">
     <span class='ocr_line' id='line_1_107' title="bbox 1998 4915 3590 4990; baseline -0.006 -11"><span class='ocrx_word' id='word_1_790' title='bbox 1998 4925 2223 4982; x_wconf 89' lang='lat' dir='ltr'><strong>dubium</strong></span> <span class='ocrx_word' id='word_1_791' title='bbox 2248 4936 2368 4978; x_wconf 91' lang='lat' dir='ltr'><strong>esse</strong></span> <span class='ocrx_word' id='word_1_792' title='bbox 2393 4920 2559 4990; x_wconf 87' lang='lat' dir='ltr'><strong>possit</strong></span> <span class='ocrx_word' id='word_1_793' title='bbox 2591 4920 2721 4989; x_wconf 89' lang='lat' dir='ltr'><strong>quin</strong></span> <span class='ocrx_word' id='word_1_794' title='bbox 2750 4919 2976 4987; x_wconf 80' lang='lat' dir='ltr'><strong>singulae</strong></span> <span class='ocrx_word' id='word_1_795' title='bbox 3003 4918 3129 4971; x_wconf 90' lang='lat' dir='ltr'><strong>anni</strong></span> <span class='ocrx_word' id='word_1_796' title='bbox 3163 4915 3302 4970; x_wconf 77' lang='lat' dir='ltr'><strong>M78</strong></span> <span class='ocrx_word' id='word_1_797' title='bbox 3324 4923 3590 4970; x_wconf 87' lang='lat' dir='ltr'><strong>vetustate</strong></span> 
     </span>
    </p>
   </div>
   <div class='ocr_carea' id='block_1_107' title="bbox 1998 5007 3601 5090">
    <p class='ocr_par' dir='ltr' id='par_1_107' title="bbox 1998 5007 3601 5090">
     <span class='ocr_line' id='line_1_108' title="bbox 1998 5007 3601 5090; baseline -0.008 -17"><span class='ocrx_word' id='word_1_798' title='bbox 1998 5026 2282 5090; x_wconf 85' lang='lat' dir='ltr'><strong>superent,</strong></span> <span class='ocrx_word' id='word_1_799' title='bbox 2307 5025 2415 5068; x_wconf 88' lang='lat' dir='ltr'><strong>tum</strong></span> <span class='ocrx_word' id='word_1_800' title='bbox 2449 5028 2515 5068; x_wconf 91' lang='lat' dir='ltr'><strong>ne</strong></span> <span class='ocrx_word' id='word_1_801' title='bbox 2545 5029 2572 5065; x_wconf 88' lang='lat' dir='ltr'><strong>a</strong></span> <span class='ocrx_word' id='word_1_802' title='bbox 2600 5011 2856 5083; x_wconf 85' lang='lat' dir='ltr'><strong>secunda,</strong></span> <span class='ocrx_word' id='word_1_803' title='bbox 2892 5024 3049 5079; x_wconf 88' lang='lat' dir='ltr'><strong>quam</strong></span> <span class='ocrx_word' id='word_1_804' title='bbox 3080 5009 3415 5080; x_wconf 85' lang='lat' dir='ltr'><strong>Rosweydus</strong></span> <span class='ocrx_word' id='word_1_805' title='bbox 3444 5007 3601 5071; x_wconf 86' lang='lat' dir='ltr'><strong>facit,</strong></span> 
     </span>
    </p>
   </div>
   <div class='ocr_carea' id='block_1_108' title="bbox 1998 5100 3596 5167">
    <p class='ocr_par' dir='ltr' id='par_1_108' title="bbox 1998 5100 3596 5167">
     <span class='ocr_line' id='line_1_109' title="bbox 1998 5100 3596 5167; baseline -0.009 0"><span class='ocrx_word' id='word_1_806' title='bbox 1998 5114 2298 5167; x_wconf 85' lang='lat' dir='ltr'><strong>editionum</strong></span> <span class='ocrx_word' id='word_1_807' title='bbox 2333 5109 2511 5162; x_wconf 80' lang='lat' dir='ltr'><strong>classe</strong></span> <span class='ocrx_word' id='word_1_808' title='bbox 2554 5105 2763 5161; x_wconf 89' lang='lat' dir='ltr'><strong>initium</strong></span> <span class='ocrx_word' id='word_1_809' title='bbox 2794 5104 3117 5160; x_wconf 80' lang='lat' dir='ltr'><strong>faceremus.</strong></span> <span class='ocrx_word' id='word_1_810' title='bbox 3148 5101 3351 5156; x_wconf 88' lang='lat' dir='ltr'><strong>Deinde</strong></span> <span class='ocrx_word' id='word_1_811' title='bbox 3374 5100 3596 5155; x_wconf 83' lang='lat' dir='ltr'><strong>Ruﬁnus</strong></span> 
     </span>
    </p>
   </div>
   <div class='ocr_carea' id='block_1_109' title="bbox 1997 5190 3597 5268">
    <p class='ocr_par' dir='ltr' id='par_1_109' title="bbox 1997 5190 3597 5268">
     <span class='ocr_line' id='line_1_110' title="bbox 1997 5190 3597 5268; baseline -0.009 -11"><span class='ocrx_word' id='word_1_812' title='bbox 1997 5207 2151 5259; x_wconf 90' lang='lat' dir='ltr'><strong>solus</strong></span> <span class='ocrx_word' id='word_1_813' title='bbox 2198 5202 2353 5256; x_wconf 87' lang='lat' dir='ltr'><strong>nobis</strong></span> <span class='ocrx_word' id='word_1_814' title='bbox 2384 5215 2529 5254; x_wconf 72' lang='lat' dir='ltr'><strong>cura:</strong></span> <span class='ocrx_word' id='word_1_815' title='bbox 2564 5208 2671 5265; x_wconf 90' lang='lat' dir='ltr'><strong>est,</strong></span> <span class='ocrx_word' id='word_1_816' title='bbox 2710 5199 2867 5268; x_wconf 91' lang='lat' dir='ltr'><strong>cujus</strong></span> <span class='ocrx_word' id='word_1_817' title='bbox 2896 5196 3110 5267; x_wconf 89' lang='lat' dir='ltr'><strong>quidem</strong></span> <span class='ocrx_word' id='word_1_818' title='bbox 3146 5195 3283 5248; x_wconf 86' lang='lat' dir='ltr'><strong>liber</strong></span> <span class='ocrx_word' id='word_1_819' title='bbox 3313 5193 3367 5246; x_wconf 93' lang='lat' dir='ltr'><strong>in</strong></span> <span class='ocrx_word' id='word_1_820' title='bbox 3391 5190 3597 5245; x_wconf 86' lang='lat' dir='ltr'><strong>Collec-</strong></span> 
     </span>
    </p>
   </div>
   <div class='ocr_carea' id='block_1_110' title="bbox 1998 5281 3599 5362">
    <p class='ocr_par' dir='ltr' id='par_1_110' title="bbox 1998 5281 3599 5362">
     <span class='ocr_line' id='line_1_111' title="bbox 1998 5281 3599 5362; baseline -0.012 -9"><span class='ocrx_word' id='word_1_821' title='bbox 1998 5299 2150 5353; x_wconf 86' lang='lat' dir='ltr'><strong>tione</strong></span> <span class='ocrx_word' id='word_1_822' title='bbox 2196 5296 2426 5349; x_wconf 89' lang='lat' dir='ltr'><strong>vitarum</strong></span> <span class='ocrx_word' id='word_1_823' title='bbox 2478 5308 2695 5362; x_wconf 90' lang='lat' dir='ltr'><strong>semper</strong></span> <span class='ocrx_word' id='word_1_824' title='bbox 2740 5290 2963 5346; x_wconf 87' lang='lat' dir='ltr'><strong>eminuit</strong></span> <span class='ocrx_word' id='word_1_825' title='bbox 3002 5297 3058 5343; x_wconf 92' lang='lat' dir='ltr'><strong>et</strong></span> <span class='ocrx_word' id='word_1_826' title='bbox 3097 5287 3389 5357; x_wconf 86' lang='lat' dir='ltr'><strong>antiquitus</strong></span> <span class='ocrx_word' id='word_1_827' title='bbox 3441 5281 3599 5335; x_wconf 90' lang='lat' dir='ltr'><strong>unice</strong></span> 
     </span>
    </p>
   </div>
   <div class='ocr_carea' id='block_1_111' title="bbox 2000 5376 3597 5456">
    <p class='ocr_par' dir='ltr' id='par_1_111' title="bbox 2000 5376 3597 5456">
     <span class='ocr_line' id='line_1_112' title="bbox 2000 5376 3597 5456; baseline -0.011 -12"><span class='ocrx_word' id='word_1_828' title='bbox 2000 5387 2425 5456; x_wconf 79' lang='lat' dir='ltr'><strong>intelligebatur,</strong></span> <span class='ocrx_word' id='word_1_829' title='bbox 2481 5385 2609 5440; x_wconf 92' lang='lat' dir='ltr'><strong>dum</strong></span> <span class='ocrx_word' id='word_1_830' title='bbox 2647 5385 2792 5439; x_wconf 82' lang='lat' dir='ltr'><strong>Vitas</strong></span> <span class='ocrx_word' id='word_1_831' title='bbox 2835 5383 3052 5439; x_wconf 90' lang='lat' dir='ltr'><strong>Patrum</strong></span> <span class='ocrx_word' id='word_1_832' title='bbox 3096 5388 3310 5435; x_wconf 87' lang='lat' dir='ltr'><strong>veteres</strong></span> <span class='ocrx_word' id='word_1_833' title='bbox 3339 5376 3597 5442; x_wconf 88' lang='lat' dir='ltr'><strong>citarent,</strong></span> 
     </span>
    </p>
   </div>
   <div class='ocr_carea' id='block_1_112' title="bbox 2001 5466 3597 5553">
    <p class='ocr_par' dir='ltr' id='par_1_112' title="bbox 2001 5466 3597 5553">
     <span class='ocr_line' id='line_1_113' title="bbox 2001 5466 3597 5553; baseline -0.011 -16"><span class='ocrx_word' id='word_1_834' title='bbox 2001 5490 2337 5553; x_wconf 88' lang='lat' dir='ltr'><strong>quapropter</strong></span> <span class='ocrx_word' id='word_1_835' title='bbox 2382 5478 2573 5545; x_wconf 86' lang='lat' dir='ltr'><strong>multa,</strong></span> <span class='ocrx_word' id='word_1_836' title='bbox 2627 5494 2748 5547; x_wconf 87' lang='lat' dir='ltr'><strong>quae</strong></span> <span class='ocrx_word' id='word_1_837' title='bbox 2790 5477 2845 5532; x_wconf 89' lang='lat' dir='ltr'><strong>in</strong></span> <span class='ocrx_word' id='word_1_838' title='bbox 2893 5476 3203 5531; x_wconf 87' lang='lat' dir='ltr'><strong>universum</strong></span> <span class='ocrx_word' id='word_1_839' title='bbox 3248 5466 3597 5531; x_wconf 90' lang='lat' dir='ltr'><strong>editionibus,</strong></span> 
     </span>
    </p>
   </div>
   <div class='ocr_carea' id='block_1_113' title="bbox 2000 5561 3603 5643">
    <p class='ocr_par' dir='ltr' id='par_1_113' title="bbox 2000 5561 3603 5643">
     <span class='ocr_line' id='line_1_114' title="bbox 2000 5561 3603 5643; baseline -0.01 -14"><span class='ocrx_word' id='word_1_840' title='bbox 2000 5572 2267 5643; x_wconf 85' lang='lat' dir='ltr'><strong>imprimis</strong></span> <span class='ocrx_word' id='word_1_841' title='bbox 2297 5571 2630 5640; x_wconf 78' lang='lat' dir='ltr'><strong>principibus</strong></span> <span class='ocrx_word' id='word_1_842' title='bbox 2662 5585 2796 5639; x_wconf 87' lang='lat' dir='ltr'><strong>quas</strong></span> <span class='ocrx_word' id='word_1_843' title='bbox 2828 5577 3011 5637; x_wconf 89' lang='lat' dir='ltr'><strong>putat,</strong></span> <span class='ocrx_word' id='word_1_844' title='bbox 3040 5561 3342 5618; x_wconf 90' lang='lat' dir='ltr'><strong>accuratius</strong></span> <span class='ocrx_word' id='word_1_845' title='bbox 3375 5574 3603 5615; x_wconf 32' lang='lat' dir='ltr'><strong>noscens</strong></span> 
     </span>
    </p>
   </div>
   <div class='ocr_carea' id='block_1_114' title="bbox 2002 5654 3598 5733">
    <p class='ocr_par' dir='ltr' id='par_1_114' title="bbox 2002 5654 3598 5733">
     <span class='ocr_line' id='line_1_115' title="bbox 2002 5654 3598 5733; baseline -0.009 -13"><span class='ocrx_word' id='word_1_846' title='bbox 2002 5666 2108 5732; x_wconf 89' lang='lat' dir='ltr'><strong>dis,</strong></span> <span class='ocrx_word' id='word_1_847' title='bbox 2128 5663 2435 5720; x_wconf 88' lang='lat' dir='ltr'><strong>admirabili</strong></span> <span class='ocrx_word' id='word_1_848' title='bbox 2464 5661 2741 5733; x_wconf 78' lang='lat' dir='ltr'><strong>diligentia</strong></span> <span class='ocrx_word' id='word_1_849' title='bbox 2760 5655 3122 5715; x_wconf 86' lang='lat' dir='ltr'><strong>describendo</strong></span> <span class='ocrx_word' id='word_1_850' title='bbox 3150 5662 3203 5710; x_wconf 90' lang='lat' dir='ltr'><strong>et</strong></span> <span class='ocrx_word' id='word_1_851' title='bbox 3221 5654 3362 5708; x_wconf 89' lang='lat' dir='ltr'><strong>inter</strong></span> <span class='ocrx_word' id='word_1_852' title='bbox 3391 5669 3449 5709; x_wconf 91' lang='lat' dir='ltr'><strong>se</strong></span> <span class='ocrx_word' id='word_1_853' title='bbox 3472 5666 3598 5708; x_wconf 85' lang='lat' dir='ltr'><strong>con-</strong></span> 
     </span>
    </p>
   </div>
   <div class='ocr_carea' id='block_1_115' title="bbox 2083 5816 2740 5887">
    <p class='ocr_par' dir='ltr' id='par_1_115' title="bbox 2083 5816 2740 5887">
     <span class='ocr_line' id='line_1_116' title="bbox 2083 5816 2740 5887; baseline -0.006 -16"><span class='ocrx_word' id='word_1_854' title='bbox 2083 5831 2104 5858; x_wconf 80' lang='lat' dir='ltr'><strong>c</strong></span> <span class='ocrx_word' id='word_1_855' title='bbox 2136 5820 2266 5887; x_wconf 88' lang='lat' dir='ltr'><strong>Cap.</strong></span> <span class='ocrx_word' id='word_1_856' title='bbox 2301 5817 2385 5882; x_wconf 87' lang='grc'><strong>12,</strong></span> <span class='ocrx_word' id='word_1_857' title='bbox 2422 5832 2473 5885; x_wconf 89' lang='lat' dir='ltr'><strong>p.</strong></span> <span class='ocrx_word' id='word_1_858' title='bbox 2498 5816 2602 5868; x_wconf 79' lang='lat'><strong>560</strong></span> <span class='ocrx_word' id='word_1_859' title='bbox 2624 5830 2740 5887; x_wconf 83' lang='lat' dir='ltr'><strong>sqq.</strong></span> 
     </span>
    </p>
   </div>
   <div class='ocr_carea' id='block_1_116' title="bbox 2076 5884 2733 5956">
    <p class='ocr_par' dir='ltr' id='par_1_116' title="bbox 2076 5884 2733 5956">
     <span class='ocr_line' id='line_1_117' title="bbox 2076 5884 2733 5956; baseline -0.008 -12"><span class='ocrx_word' id='word_1_860' title='bbox 2076 5887 2101 5928; x_wconf 71' lang='grc'><strong>«³</strong></span> <span class='ocrx_word' id='word_1_861' title='bbox 2133 5884 2341 5944; x_wconf 34' lang='lat' dir='ltr'><strong>De&#39;Vir.</strong></span> <span class='ocrx_word' id='word_1_862' title='bbox 2369 5884 2471 5956; x_wconf 86' lang='lat' dir='ltr'><strong>ill.,</strong></span> <span class='ocrx_word' id='word_1_863' title='bbox 2498 5900 2616 5956; x_wconf 89' lang='lat' dir='ltr'><strong>cap.</strong></span> <span class='ocrx_word' id='word_1_864' title='bbox 2647 5884 2733 5939; x_wconf 75' lang='lat' dir='ltr'><strong>M.</strong></span> 
     </span>
    </p>
   </div>
  </div>
