4094 6344
501 375 569 429 27
1471 369 1773 426 RUFINUS
1813 366 2297 436 AQUILEIENSIS
2337 365 2771 422 PRESBYTER.
3724 378 3791 433 23

504 489 729 545 ferendo
780 487 1121 559 Rosweydus
1161 486 1490 557 explanavit,
1545 485 1631 539 hic
1669 485 1868 538 omissa
1913 484 2091 547 vides,
2122 486 2175 543 A
2277 480 2361 537 III.
2406 481 2532 535 Sine
2561 498 2698 535 anno
2728 491 2776 534 et
2807 482 2949 551 loco,
2978 483 3040 539 l°.
3075 485 3291 557 Absque
3321 488 3683 561 inscriptione
3716 495 3793 548 in-

504 596 625 649 quze
662 580 1050 651 bibliographis
1091 579 1501 650 haudquaquam
1543 577 2086 647 posthabendasunt.

1170 692 1313 747 Sac.
1338 708 1427 748 xv.

584 810 623 864 I.
676 809 804 865 Sine
831 809 942 863 loco
985 818 1032 863 et
1077 825 1234 873 anno,
1281 809 1346 862 Γ.
1378 808 1535 862 Deest
1584 806 1878 873 inscriptio.
1931 805 2096 876 Typis

510 904 670 971 plane
701 902 925 957 rudibus
969 912 1023 956 et
1048 901 1138 971 qui
1177 910 1325 956 certe
1367 901 1419 954 in
1461 900 1578 968 ipsa
1610 895 1976 967 typographim
2016 895 2098 950 in-

507 995 671 1049 Iantia
704 995 1023 1062 impressam
1052 1007 1170 1049 eam
1202 1000 1451 1061 arguant,
1482 989 1807 1057 exscriptam
1840 987 2097 1057 Roswey-

506 1086 610 1140 dus
641 1086 821 1140 tradit.
853 1086 1068 1140 Initium
1100 1084 1222 1139 libri
1273 1084 1351 1137 sic
1384 1082 1546 1136 habet
1578 1097 1593 1135 :
1625 1078 1815 1148 Incipit
1864 1080 2100 1148 prtefatio

509 1179 821 1250 Hieronymi
848 1180 1132 1250 presbyteri
1161 1180 1214 1230 in
1242 1177 1464 1246 primunt
1495 1174 1683 1228 librum
1709 1173 1771 1226 de
1798 1171 1917 1227 Vita
1942 1188 2100 1225 sanc-

511 1281 679 1324 torum
712 1271 952 1326 Patrum.
1006 1268 1249 1324 Deinde:
1286 1267 1591 1322 Benedictus
1626 1267 1787 1332 Deus,
1813 1274 1918 1320 etc.
1952 1264 2101 1319 Desi-

510 1364 589 1417 nit
619 1371 763 1419 totus
786 1364 925 1419 liber
956 1364 1007 1418 in
1040 1363 1244 1417 Marino
1274 1360 1562 1416 monacho.
1613 1361 1837 1415 Constat
1883 1360 2102 1413 omnino

509 1453 747 1523 quinque
796 1454 964 1517 libris,
1023 1467 1250 1522 quorum
1298 1452 1506 1521 primus
1550 1450 1725 1504 Ruﬁni
1771 1452 1938 1507 nostri
1984 1459 2105 1519 post

510 1546 789 1616 prologum
820 1546 1128 1600 Benedictus
1153 1545 1310 1613 Deus,
1341 1554 1474 1609 etc.,
1506 1559 1535 1598 a
1564 1544 1684 1600 Vita
1714 1543 1885 1599 sancti
1908 1544 2107 1599 Johan-

513 1638 599 1692 nis
629 1638 838 1693 abbatis
864 1637 1071 1706 incipit.
1104 1635 1249 1691 Finit
1274 1636 1328 1691 in
1357 1645 1563 1704 septem
1594 1635 1853 1704 periculis
1875 1633 2103 1689 itineris.

513 1733 691 1799 Atque
719 1730 835 1785 haec
857 1738 941 1785 est
980 1730 1229 1799 princeps
1258 1727 1501 1784 omnium
1545 1742 1611 1782 ex
1648 1725 1933 1799 Bosweydi
1978 1740 2105 1780 sen-

517 1819 684 1877 tentia
714 1820 1032 1888 editionum,
1062 1834 1222 1891 quam
1256 1819 1360 1874 nisi
1390 1827 1516 1873 ante
1544 1832 1741 1873 annum
1765 1815 1900 1873 H7!
1944 1830 2107 1871 excu-

514 1928 633 1969 sam
678 1920 851 1983 putat.
884 1912 1159 1969 Posterius
1189 1927 1257 1968 ex
1293 1910 1548 1982 Dionysio
1598 1909 1849 1966 Cartbus.
1877 1908 1944 1964 de
1973 1922 2106 1978 qua-

513 2014 639 2059 tuor
676 2000 981 2059 novissimis
1036 2002 1249 2073 probat,
1306 2003 1398 2074 qui
1439 2001 1665 2057 articulo
1716 1999 1786 2054 52
1825 1998 2106 2055 historiam

513 2096 728 2151 Macarii
749 2095 818 2151 de
846 2096 1036 2151 cranio
1064 2096 1361 2152 sacerdotis
1404 2095 1625 2167 gentilis
1651 2094 1875 2150 invento
1900 2100 2106 2157 narrat,

514 2201 744 2258 eamque
769 2186 907 2244 citat
929 2202 996 2243 ex
1018 2186 1112 2243 lib.
1144 2201 1198 2243 tv
1227 2187 1466 2244 Vitarum
1498 2187 1741 2252 Patrum,
1774 2199 1898 2256 quas
1927 2184 1981 2237 in
2007 2182 2109 2238 hac

512 2283 686 2351 prima
710 2280 948 2338 editione
979 2281 1120 2338 libro
1157 2296 1211 2337 tv
1243 2280 1495 2336 habetur.
1520 2278 1672 2336 Obiit
1693 2286 1874 2333 autem
1906 2276 2109 2347 Diony-

513 2375 652 2440 sius,
701 2373 998 2431 Tritbemio
1048 2382 1206 2441 teste,
1250 2387 1317 2428 eo
1367 2370 1490 2443 ipso
1533 2385 1699 2426 anno.
1754 2368 1999 2425 Alterum
2040 2383 2105 2424 ex

514 2479 620 2521 ms.
669 2465 985 2522 monasterii
1036 2464 1407 2521 Cortracensis
1460 2461 1716 2532 conjicit,
1770 2460 1935 2532 quod,
1982 2473 2106 2515 cum

514 2553 841 2611 verhotenus
869 2570 992 2611 cum
1042 2555 1141 2609 hac
1171 2554 1408 2611 editione
1436 2551 1760 2617 conveniat,
1810 2550 1884 2605 ita
1924 2557 1985 2604 ut
2020 2549 2112 2606 de-

516 2647 778 2717 scriptum
806 2663 872 2704 ex
916 2647 1106 2704 eadem
1139 2654 1311 2717 putet,
1345 2644 1673 2713 completum
1710 2643 2109 2711 subscriptione

517 2738 851 2808 signiﬁcatur
878 2754 1022 2794 anno
1048 2739 1208 2807 1469,
1241 2752 1428 2794 mense
1452 2736 1768 2794 Novembri.
1825 2733 1951 2791 Haec
1976 2749 2108 2805 ergo

517 2829 685 2887 editio
724 2831 913 2887 eadem
945 2832 1115 2888 forma
1144 2841 1200 2888 et
1231 2831 1420 2886 ordine
1462 2830 1620 2885 tertio
1658 2829 1758 2884 fuit
1802 2829 1942 2900 typis
1981 2827 2107 2884 sub-

517 2924 705 2990 missa,
757 2924 925 2994 nulla,
955 2933 1012 2979 ut
1042 2923 1379 2995 Rosweydus
1405 2920 1804 2987 animadvertit,
1835 2921 1997 2991 plane
2020 2935 2110 2975 ac-

518 3017 770 3072 cessione
801 3026 895 3072 aut
940 3016 1339 3081 immutatione,
1391 3015 1495 3071 nisi
1526 3013 1669 3085 quod
1702 3012 1991 3069 summaria
2019 3026 2111 3067 ca-

519 3110 692 3180 pitum
731 3110 1057 3178 posteriores
1107 3108 1227 3164 duae
1273 3107 1574 3177 adjecerint
1612 3114 1665 3161 et
1706 3103 2105 3168 interseverint,

518 3216 640 3269 quae
670 3201 721 3256 in
751 3200 921 3270 prima
950 3200 1171 3256 omnino
1195 3198 1588 3255 desiderantur.
1617 3197 1951 3253 Fontaninus
1982 3196 2109 3251 huic

522 3292 712 3361 primae
757 3291 1044 3364 Rosweydi
1073 3291 1383 3362 anteposuit
1432 3290 1727 3346 Ulmensem
1779 3289 1919 3362 apud
1944 3286 2105 3343 Joan.

521 3385 731 3454 Zainer,
762 3386 830 3442 de
859 3401 961 3457 qua
985 3400 1083 3443 nos
1105 3384 1367 3457 pluribus.

592 3538 655 3592 Il.
679 3539 804 3593 Sine
827 3538 939 3593 loco
966 3546 1012 3592 et
1035 3554 1195 3605 anno,
1228 3537 1292 3594 Γ.
1328 3538 1488 3595 Deest
1516 3536 1818 3609 inscriptio.
1850 3537 2062 3593 Initium
2089 3555 2103 3591 :

524 3618 716 3698 Incipit
743 3629 1010 3699 prolagus.
1042 3629 1246 3684 Prazsto
1277 3629 1431 3685 nobis
1462 3640 1543 3686 est
1583 3630 1703 3684 talis
1741 3630 1925 3696 editio,
1974 3647 2106 3702 qua-

521 3718 628 3775 Icm
674 3720 761 3776 hic
806 3722 977 3776 innuit
1008 3721 1365 3793 Roswcydus,
1412 3724 1565 3792 cujus
1612 3723 1824 3779 initium
1860 3742 1873 3777 :
1908 3723 2101 3797 Incipit

524 3814 767 3885 prologus
810 3816 861 3869 in
903 3816 1039 3870 Vitas
1073 3816 1311 3873 Patrum.
1350 3817 1570 3874 Videtur
1597 3834 1822 3874 summa:
1867 3820 2107 3888 antiqui-

524 3907 672 3975 tatis,
706 3909 1018 3964 charactere
1050 3908 1276 3964 Gotbico
1306 3909 1592 3966 admodum
1640 3910 1781 3977 rudi,
1828 3910 2111 3967 diiﬂuente

521 4011 579 4054 et
610 4000 881 4070 inaequali,
913 4002 1116 4072 paginis
1137 4003 1321 4071 sectis,
1345 4004 1462 4061 sine
1488 4006 1821 4076 plagularum
1854 4021 1917 4061 ac
1951 4006 2107 4060 lolio-

527 4108 647 4147 rum
680 4094 849 4164 signis
895 4104 949 4150 ct
998 4097 1236 4153 numeris
1284 4097 1565 4168 impressa.
1617 4097 1876 4155 Similiter
1921 4113 2110 4153 omnes

526 4185 720 4241 littera:
764 4188 994 4244 initiales
1033 4189 1265 4260 majores
1311 4200 1364 4246 et
1405 4192 1643 4247 minores
1666 4190 1881 4247 desunt.
1927 4193 2111 4247 Prolo-

528 4292 652 4344 gum
684 4279 927 4348 sequitur
958 4281 1138 4337 tabula
1178 4282 1230 4336 in
1278 4283 1473 4339 librum
1509 4284 1761 4354 primum,
1809 4284 2110 4352 cujusmodi

523 4366 685 4421 etiam
736 4371 961 4441 singulis
1011 4373 1341 4444 reliquorum
1391 4386 1618 4447 quatuor
1645 4377 1901 4432 libroruin
1936 4392 2107 4447 prme-

525 4462 774 4517 mittitur.
825 4465 879 4518 In
926 4466 1050 4533 line,
1098 4470 1189 4536 qui
1223 4469 1277 4523 in
1312 4470 1517 4539 pagina:
1547 4486 1756 4526 aversa:
1806 4471 2107 4525 eulumnam

525 4552 746 4608 alteram
778 4556 1055 4613 dimidiam
1102 4560 1290 4617 incidit
1324 4581 1337 4617 :
1365 4561 1598 4633 Explicit
1641 4563 1770 4617 liber
1798 4558 2006 4633 quintus
2047 4566 2109 4618 de

537 4645 662 4701 l'itis
708 4661 1001 4706 sanctorum
1052 4653 1289 4710 Patrum.
1339 4655 1451 4711 Deo
1480 4658 1697 4727 gratias.
1757 4658 1883 4711 ":DC
1924 4658 2110 4711 ultima

525 4743 686 4795 verba
736 4745 922 4815 litteris
953 4747 1193 4803 Gotlticis
1249 4749 1587 4819 majusculis.
1646 4746 1830 4801 Diliert
1862 4754 2040 4801 tamen
2082 4762 2109 4799 a

527 4833 720 4902 prima,
776 4840 987 4906 qualem
1026 4839 1363 4911 Rosweydus
1412 4840 1719 4909 descripsit,
1768 4840 1819 4892 in
1851 4854 1914 4893 eo
1965 4838 2108 4908 quod

524 4924 884 4993 Vita'lllarini,
915 4946 1073 5000 quam
1106 4932 1160 4986 in
1189 4934 1277 4986 illa
1306 4942 1429 5001 post
1457 4933 1662 5002 [initum
1696 4939 1903 4985 textum
1936 4930 2055 4985 libri
2078 4948 2111 4985 v

526 5021 676 5088 sequi
734 5023 976 5091 notavit,
1040 5036 1289 5094 tanquam
1346 5024 1515 5093 ipsius
1563 5023 1719 5092 hujus
1774 5022 1894 5076 libri
1950 5038 2109 5090 pars.

526 5128 719 5182 nempe
750 5128 911 5186 caput
938 5118 1005 5171 94
1037 5119 1087 5171 in
1121 5119 1374 5188 praesenti
1405 5118 1643 5172 editione
1686 5126 1996 5185 compareat
2026 5125 2111 5171 at-

524 5220 628 5273 que
683 5206 903 5277 insuper
932 5220 1089 5277 caput
1131 5210 1199 5262 93$
1240 5211 1480 5272 accedat,
1537 5208 1704 5262 Vitam
1760 5209 2112 5277 Euphrosinze

528 5296 751 5362 habens,
803 5301 941 5369 quod
996 5301 1383 5369 incipittFuit
1442 5302 1519 5353 vir
1568 5300 1780 5367 quidam
1834 5299 2113 5356 Painntius

524 5395 750 5459 nomine,
821 5405 961 5462 ete.;
1040 5395 1239 5450 desinit
1286 5394 1508 5448 verbis:
1541 5393 1900 5462 Gloriﬁcantes
1948 5395 2112 5449 Deum

527 5485 738 5541 Patrem
759 5498 804 5541 et
826 5485 1026 5541 Filium
1049 5491 1163 5558 ejus
1184 5485 1366 5538 Iesum
1392 5483 1649 5540 Christum
1672 5503 1774 5538 una
1796 5502 1909 5539 cum
1932 5497 2113 5541 sancto

524 5578 729 5645 Spiritu
762 5581 815 5633 in
839 5580 1150 5649 sempiterna
1177 5574 1387 5629 swcula.
1419 5576 1596 5629 Amen.
1628 5576 1813 5632 Manus
1844 5577 2021 5647 ignota
2049 5577 2115 5632 ad

520 5675 725 5729 calcem
776 5672 1065 5727 voluminis
1121 5666 1369 5735 ascripsit
1410 5685 1425 5724 :
1476 5669 1737 5725 Excusum
1796 5673 2016 5742 comperi
2055 5689 2116 5727 ex

522 5765 799 5817 collatione
824 5778 940 5814 cum
981 5758 1333 5828 antiquissima
1366 5761 1585 5817 editione
1613 5765 1737 5818 anni
1770 5763 1932 5832 1462,
1979 5765 2114 5818 circa

518 5856 653 5908 idem
695 5864 908 5917 tempus.
1162 5854 1165 5855 ⁷

2136 3227 2184 3291 C

2197 573 2323 642 cipit
2350 590 2363 627 :
2391 572 2647 643 Prologus
2678 576 3087 644 infructuosum.

2272 707 2397 762 Sine
2426 708 2536 761 loco
2570 719 2617 762 et
2646 726 2813 777 anno,
2849 710 2909 766 Γ.
2943 713 3231 784 Inscriptio
3256 718 3429 774 abest.
3466 722 3649 779 Primo
3673 726 3788 781 loco

2200 800 2518 854 exhibentur
2547 800 2680 854 Vita:
2713 802 2926 857 Patrum
2956 821 3075 875 qua:
3108 809 3299 863 Ilulino
3325 812 3663 881 Aquileiensi
3692 820 3786 872 tri-

2202 895 2453 957 buuntur,
2485 893 2678 949 deinde
2708 896 2807 951 sub
2838 896 2989 952 titulo
3017 918 3029 952 :
3065 898 3465 959 Exhortationes
3499 918 3791 963 sanctorum

2204 983 2421 1038 Patrum
2468 997 2513 1039 et
2560 988 2896 1058 perfectiones
2938 994 3335 1063 monachorum,
3365 1014 3493 1066 quas
3520 1001 3584 1054 de
3613 1000 3788 1056 Graeco

2206 1077 2464 1130 transtulit
2498 1075 2895 1150 Hyeronymus,
2938 1082 3073 1136 Viue
3120 1086 3469 1143 eremitarum
3523 1106 3554 1145 a
3603 1090 3791 1150 Graeco

2204 1182 2474 1238 anonymo
2527 1170 2741 1239 scripta:
2800 1174 3190 1242 interpretibus
3250 1179 3469 1250 Pelagio
3528 1185 3789 1253 diacono,

2204 1258 2409 1316 Joanne
2437 1262 2769 1318 subdiacono
2792 1274 2845 1319 et
2880 1267 3175 1324 Paschasio
3208 1272 3442 1328 diacono
3474 1277 3614 1344 apud
3655 1278 3791 1334 Ros-

2207 1355 2454 1426 weydum
2490 1356 2641 1412 libris
2678 1373 2733 1424 v,
2758 1374 2807 1413 vt
2845 1369 2898 1415 et
2922 1376 2990 1414 vn
3015 1365 3443 1431 comprehensae.
3471 1368 3525 1423 In
3549 1378 3794 1426 extrema

2207 1462 2337 1501 vero
2365 1458 2515 1516 parte
2545 1449 2838 1504 admodum
2873 1467 2903 1505 a
2938 1450 3227 1525 Rosweydi
3265 1464 3414 1512 textu
3444 1458 3720 1516 diﬂ‘erunt.
3751 1466 3796 1520 A

2211 1540 2484 1595 Paschasii
2518 1542 2836 1611 praefatione
2864 1545 3116 1601 volumen
3154 1550 3457 1618 exorditur,
3486 1553 3574 1607 cui
3604 1554 3796 1611 litteris

2214 1634 2534 1703 maiusculis
2578 1639 3004 1706 superscriptum
3039 1657 3050 1694 :
3097 1641 3381 1712 Prephatio
3423 1646 3610 1715 operis.
3663 1650 3798 1704 Ante

2213 1728 2497 1797 prologum
2539 1737 2720 1783 autem
2760 1730 3039 1801 inscriptio
3069 1733 3270 1802 legitur
3297 1752 3310 1789 :
3342 1734 3460 1789 Divi
3489 1736 3798 1808 Hyeronimi

2213 1818 2416 1873 libellus
2437 1818 2502 1872 de
2536 1817 2665 1873 Vitis
2690 1819 2907 1875 Patrum
2935 1824 3103 1878 editus
3126 1824 3345 1894 feliciter
3372 1827 3574 1899 incipit,
3606 1832 3797 1900 proxi-

2212 1926 2468 1982 mumque
2505 1911 2761 1984 deinceps
2807 1924 2968 1986 caput
3012 1917 3332 1988 inscriptum
3380 1930 3466 1976 est
3512 1923 3576 1978 de
3621 1935 3799 1981 sancta

2210 2000 2448 2057 Johanne
2472 2001 2731 2076 Baptista.
2763 2005 3066 2076 Impressus
3109 2017 3193 2065 est
3234 2009 3547 2068 charactere
3591 2015 3800 2070 minuto

2210 2092 2441 2149 Gothico
2489 2094 2763 2165 eleganti,
2814 2096 3028 2166 qualem
3083 2098 3207 2155 alibi
3255 2115 3362 2156 non
3412 2102 3664 2159 vidimus.
3716 2106 3800 2161 Ad

2211 2186 2410 2243 calcem
2452 2188 2625 2242 nostri
2669 2188 2998 2260 exemplaris
3039 2204 3233 2246 manus
3282 2192 3461 2263 ignota
3505 2197 3797 2267 ascripsit:

2215 2279 2357 2349 Opus
2403 2278 2501 2334 hoc
2534 2279 2760 2349 Neapoli
2792 2296 2826 2335 a
2867 2282 3114 2353 magistro
3155 2282 3630 2344 llatthia‘lloravo
3664 2290 3803 2347 circa

2210 2387 2303 2425 an.
2332 2370 2503 2438 H70,
2533 2371 2841 2442 impressum
2878 2375 3100 2430 maxime
3134 2376 3396 2446 probabile
3428 2379 3610 2437 videri.
3638 2380 3804 2441 Certe

2213 2465 2394 2521 Italica
2423 2474 2527 2531 est,
2559 2480 2683 2521 nam
2714 2464 2977 2521 familiam
3015 2466 3462 2526 Germanicarum
3493 2472 3798 2532 editionum

2212 2556 2351 2612 haud
2375 2556 2547 2612 duxit.

2285 2711 2474 2777 Utinm,
2503 2726 2593 2780 ap.
2625 2709 2783 2767 Joan.
2818 2709 3032 2782 Zainer,
3061 2712 3180 2769 sine
3208 2727 3387 2783 anno,
3425 2716 3603 2773 in-l'ol.
3642 2719 3803 2777 Deest

2212 2803 2516 2873 inscriptio.
2554 2801 2884 2874 Impressum
2924 2812 3010 2859 est
3049 2804 3260 2876 paginis
3290 2806 3447 2875 latis,
3486 2808 3804 2868 charactere

2212 2898 2442 2955 Gothico
2478 2898 2767 2954 admodum
2810 2898 3083 2957 luculento
3121 2901 3175 2957 in
3225 2902 3412 2959 charta
3452 2905 3799 2964 nitidissima.

2214 2990 2507 3045 Exordium
2552 2990 2609 3045 lit
2649 2990 2703 3045 in
2742 3005 2932 3047 aversa
2963 2991 3119 3061 primi
3142 2991 3255 3047 folii
3278 2996 3470 3065 pagina
3500 3011 3529 3050 a
3567 2998 3800 3069 registro

2211 3082 2419 3138 duabus
2443 3081 2711 3138 columnis
2734 3084 3031 3152 impresso,
3062 3099 3157 3154 per
3187 3090 3470 3157 sequentia
3499 3104 3690 3147 novem
3722 3091 3804 3148 to-

2215 3173 2287 3228 lia
2316 3176 2546 3246 integra,
2572 3185 2797 3245 excepta
2821 3175 2994 3232 ultimi
3021 3175 3134 3233 folii
3161 3178 3410 3235 columna
3435 3191 3649 3253 quarta,
3675 3199 3800 3255 qua:

2216 3280 2380 3322 vacua
2422 3276 2541 3333 est,
2585 3268 2918 3325 continuato.
2961 3270 3167 3327 Textus
3210 3273 3446 3344 complet
3492 3274 3622 3331 folia
3669 3277 3799 3334 575.

2213 3358 2438 3416 Constat
2466 3361 2677 3418 duabus
2707 3364 2953 3433 partibus
2996 3379 3092 3420 seu
3136 3365 3321 3433 libris,
3352 3383 3580 3439 quarum
3630 3372 3803 3441 prima

2214 3470 2242 3509 a
2274 3455 2573 3511 Rnlinianis
2606 3457 2746 3512 Vitis
2790 3456 3083 3527 incipiens,
3114 3474 3248 3529 quas
3290 3461 3483 3516 eodem
3522 3462 3682 3531 plane
3707 3481 3799 3522 or-

2212 3547 2340 3605 dine
2374 3565 2482 3621 quo
2518 3565 2679 3620 supra
2709 3558 3042 3604 enumerata:
3065 3558 3221 3616 sunt,
3246 3550 3501 3622 exhibet,
3534 3555 3805 3632 Hierony-

2214 3641 2422 3697 rnianas
2447 3642 2620 3698 sancti
2652 3640 2976 3707 Hilarionis,
3005 3649 3139 3707 etc.,
3169 3640 3406 3715 itemque
3435 3644 3760 3706 feminarum
3780 3694 3795 3718 ,

2213 3748 2347 3803 quas
2381 3734 2472 3790 ille
2508 3733 2814 3799 contexuit;
2844 3733 3077 3803 denique
3108 3733 3307 3791 multas
3347 3737 3479 3794 alias
3513 3755 3544 3796 e
3574 3741 3805 3799 diversis

2212 3824 2525 3880 auctoribus
2560 3822 2857 3893 subiungit.
2892 3822 3152 3894 Inscripta
3182 3836 3303 3882 est:
3335 3825 3530 3899 Incipit
3561 3833 3804 3905 prologue

2213 3920 2378 3973 sancti
2392 3918 2681 3973 Hieronimi
2692 3917 2998 3973 cardinalis.
3019 3920 3307 3989 presbiteri.
3330 3922 3382 3976 in
3400 3922 3558 3978 libros
3578 3926 3805 3995 vitaspa-

2214 4020 2349 4064 trum
2370 4019 2685 4064 sanctorum.
2708 4005 3062 4079 Egiptiorum.
3076 4010 3233 4064 etiam
3247 4025 3517 4084 eorumque
3532 4015 3585 4068 in
3604 4016 3805 4071 Scit/tia

2214 4100 2495 4156 Thebaida.
2524 4111 2676 4170 atque
2705 4098 3077 4170 Mesopotamia
3104 4102 3293 4156 morati
3311 4113 3430 4157 sunt
3456 4121 3473 4159 :
3508 4122 3611 4160 non
3634 4108 3803 4162 solum

2212 4211 2339 4263 quos
2364 4192 2523 4249 oculis
2550 4192 2695 4247 vidit.
2730 4194 3052 4264 maximoque
3078 4194 3253 4249 labore
3273 4195 3497 4264 inspuit
3520 4213 3537 4249 :
3561 4212 3731 4253 verum
3755 4211 3804 4255 et
3894 4216 3902 4228 '

2210 4284 2521 4355 quamplura
2549 4301 2582 4337 a
2611 4284 2714 4354 ﬁde
2743 4285 2915 4356 dignis
2944 4284 3111 4340 relata
3136 4287 3403 4353 inscripsit
3437 4290 3654 4342 notabili
3683 4293 3805 4347 dili-

2211 4383 2408 4453 gencia.
2444 4380 2677 4449 Denique
2706 4372 2931 4433 aliorum
2963 4384 3119 4433 etiam
3155 4381 3533 4434 autenticorum
3577 4381 3800 4439 libellos.

2214 4472 2433 4540 ﬁdeliter
2462 4488 2488 4526 e
2506 4486 2660 4541 greco
2685 4471 2737 4523 in
2765 4470 2983 4523 latinum
3012 4472 3311 4525 transtulit:
3336 4481 3383 4524 et
3407 4473 3468 4525 ab
3491 4473 3609 4526 aliis
3639 4483 3809 4531 trans-

2218 4561 2322 4614 lata
2347 4578 2439 4628 pro
2465 4562 2547 4615 sui
2574 4559 2885 4632 perfectione
2915 4558 3035 4612 huic
3074 4560 3219 4629 operi
3246 4560 3485 4614 inseruit.
3521 4561 3808 4632 Subscrip-

2218 4654 2293 4707 tio
2319 4663 2473 4708 sonat
2496 4670 2511 4706 :
2537 4652 2679 4706 Finit
2708 4653 2815 4706 vita
2845 4652 2979 4706 beati
3001 4653 3167 4721 patris
3187 4650 3409 4719 E/frem.
3440 4663 3490 4707 et
3516 4670 3605 4722 per
3627 4672 3808 4712 conse-

2216 4762 2375 4816 quens
2402 4746 2526 4798 liber
2551 4746 2748 4814 primus
2777 4744 3132 4815 vitaspatrum.
3166 4742 3349 4798 Altera
3382 4760 3503 4814 pars
3529 4747 3805 4802 exordium

2216 4837 2361 4892 ducit
2396 4838 2473 4907 (p.
2506 4836 2640 4905 215)
2673 4851 2702 4891 a
2734 4836 2872 4905 libro
2903 4838 2997 4907 qui
3031 4839 3172 4906 apud
3202 4838 3565 4909 Rosweydum
3620 4842 3807 4897 tertius

2216 4940 2298 4986 est
2324 4940 2377 4984 et
2404 4929 2471 4983 ab
2492 4943 2557 4984 eo
2586 4928 2779 4983 Ruﬁno
2808 4930 2966 4984 simul
2995 4929 3302 4994 aseribitur,
3335 4933 3486 5000 cujus
3515 4932 3804 5003 Prologus:

2227 5023 2356 5077 Vere
2394 5023 2643 5076 mundum
2678 5022 2793 5091 quis
2835 5021 3030 5077 dubitet
3068 5023 3263 5077 meritis
3306 5033 3443 5077 stare
3484 5034 3804 5091 sanctorum,

2221 5117 2309 5185 qui
2358 5114 2460 5170 hoc
2496 5117 2613 5170 loco
2655 5116 2749 5170 toti
2790 5116 3040 5171 secundae
3083 5116 3223 5185 parti
3257 5117 3571 5189 prtrﬁgitttr.
3606 5118 3806 5174 'I‘extus

2221 5207 2498 5275 inscriptio
2540 5217 2622 5263 est
2662 5223 2676 5261 :
2720 5205 2991 5276 Incipiunt
3056 5206 3447 5262 adhortationes
3513 5217 3815 5262 sanctorum.

2223 5301 2441 5355 Patrum
2458 5302 2896 5371 profectionesquc
2924 5303 3333 5367 monachorum;
3359 5302 3611 5371 ceterique
3639 5303 3805 5356 subse-

2221 5403 2428 5464 quentes
2467 5392 2656 5457 libelli,
2687 5410 2812 5463 quos
2853 5395 2914 5447 de
2954 5391 3140 5448 Graeco
3181 5395 3234 5446 in
3268 5392 3513 5447 Latinum
3547 5394 3809 5448 transtulit

2219 5496 2426 5539 sanctus
2461 5484 2812 5556 Hieronymus
2861 5484 3149 5539 cardinalis
3195 5483 3464 5555 presbiter.
3508 5483 3717 5539 Finitur
3756 5485 3807 5537 in

2221 5580 2447 5652 epistola
2475 5579 2647 5636 sancti
2672 5578 2928 5635 Maeharii
2957 5578 3025 5633 ad
3056 5576 3352 5632 monachos
3372 5619 3385 5639 ,
3418 5575 3601 5631 verbis
3628 5593 3639 5628 :
3677 5574 3807 5629 Pre-

2220 5682 2314 5729 stet
2340 5673 2481 5728 nobis
2520 5675 2690 5744 itaque
2729 5673 2969 5727 dominus
3013 5681 3069 5723 ut
3112 5670 3337 5723 inveniat
3380 5669 3435 5722 in
3480 5669 3624 5722 nobis
3654 5667 3808 5722 talem

2222 5769 2558 5823 mansionem.
2590 5767 2678 5837 qui
2705 5767 2821 5820 vivit
2863 5774 2911 5818 et
2946 5774 3129 5832 regnat
3169 5762 3293 5816 deus
3331 5762 3385 5815 in
3418 5764 3589 5816 secula
3612 5762 3807 5816 seculo-
3886 5822 3889 5825 ν

2225 5877 2356 5914 rum.
2421 5859 2601 5913 Amen.
2657 5859 2910 5913 Extrema
2965 5852 3197 5924 denique
3248 5853 3617 5922 subscriptio:
3661 5855 3802 5907 Libet

4084 4092 4087 4183 l

4084 4194 4086 4294 l
