4094 6344
220 376 274 431 2)
1204 328 1216 340 ⁸
1714 373 1824 429 ΝΟἾ

1929 374 2011 430 ΙΑ.
3444 390 3515 445 50

225 494 574 559 i’itaspatrum
624 495 799 547 sancti
852 492 1148 563 Hieronymi
1196 492 1477 545 cardinalis
1541 491 1809 559 presbiteri
1840 494 1889 550 A
1993 494 2121 548 Sine
2153 495 2264 550 loco
2305 506 2352 550 et
2393 499 2704 569 typographi
2736 500 2965 565 nomine,
3014 500 3073 564 ιγ.
3115 501 3505 569 Vitaspatrum.

220 586 479 642 secundum
525 586 807 656 alphabeti
834 586 1061 640 ordinem
1091 586 1211 640 bene
1242 586 1542 657 registratus
1578 584 1803 655 impres-

220 697 286 734 sus
305 695 391 745 per
428 678 741 734 Iohannem
763 678 950 733 Zainer
970 680 1021 732 in
1051 679 1244 748 Oppido
1274 678 1394 732 Ulm
1419 678 1608 746 ﬁniunt
1642 678 1808 748 felici-

222 784 294 827 ter.
322 770 642 825 Memorant
672 770 744 825 de
778 771 917 825 Bure
956 770 1091 824 Bibl.
1124 771 1281 825 instr.
1315 778 1354 823 t.
1386 785 1437 839 ι,
1463 784 1516 838 p.
1549 806 1565 823 .
1603 786 1651 834 .;
1676 768 1808 823 See-

223 866 399 930 tniller,
436 864 713 918 Biblioth.
744 863 1001 933 lngolstd.
1033 863 1283 917 lncunab.
1317 870 1557 932 typogr.,
1585 862 1716 914 fasc.
1740 859 1807 926 ,1,

220 975 261 1029 p.
292 955 396 1012 128
419 997 436 1021 ,
482 971 543 1010 n.
590 956 687 1011 50.
721 955 876 1010 Adde
921 955 1294 1020 Helmschrot,
1336 963 1375 1010 t.
1403 970 1469 1020 ll,
1493 953 1585 1007 7'2.
1618 954 1811 1008 Servat

218 1050 359 1105 etiam
405 1047 553 1102 Bibl.
598 1046 738 1117 Reg.
775 1045 940 1101 Acad.
986 1047 1063 1100 Ex
1100 1047 1278 1102 allatis
1316 1055 1495 1101 autem
1536 1044 1811 1100 constabit

220 1150 463 1211 quantum
497 1140 643 1193 inter
684 1140 826 1192 hanc
852 1146 907 1193 et
944 1138 1180 1209 reliquas
1211 1139 1479 1194 editiones
1517 1137 1808 1191 discrimen

222 1234 529 1288 intercedat.

276 1327 438 1382 1478.
498 1324 869 1395 Norimberga:
897 1340 987 1395 per
1038 1323 1229 1379 Anton.
1278 1321 1569 1392 Koburger.
1623 1319 1810 1375 Nonas

222 1418 367 1484 Μαίη
402 1420 465 1473 f".
493 1417 790 1486 Inscriptio
817 1417 990 1471 deest.
1015 1412 1341 1471 Cltaractere
1366 1413 1595 1471 Gothico
1614 1413 1802 1481 majori

222 1511 423 1579 paginis
449 1509 610 1564 sectis
631 1508 979 1576 impressum.
1006 1505 1196 1575 lncipit
1224 1520 1254 1559 a
1282 1504 1617 1574 praefatione,
1650 1518 1809 1573 quam

225 1602 281 1655 ad
312 1600 402 1655 ed.
439 1602 574 1655 1185
595 1598 927 1664 notabimus,
952 1612 1074 1667 qua:
1101 1596 1399 1652 editionem
1426 1597 1810 1652 innominatam

226 1704 272 1748 et
305 1693 609 1749 Ulmensem
648 1702 877 1762 tangere
914 1691 1153 1746 videtur.
1200 1690 1287 1744 Cf.
1330 1689 1491 1745 etiam
1530 1691 1814 1746 Seemiller

224 1785 403 1838 lncun.
441 1784 574 1855 Typ.
603 1783 832 1854 lngolst.
866 1783 1027 1849 Bibl.,
1060 1783 1189 1839 fasc.
1221 1781 1289 1845 2,
1323 1796 1378 1851 p.
1412 1781 1517 1848 25,
1542 1798 1597 1836 n.
1622 1783 1676 1837 9.
1707 1783 1815 1838 Ac-

1917 586 2258 658 llosweydus
2287 588 2469 643 laudat
2488 630 2502 654 ,
2526 598 2582 644 et
2611 589 2985 646 Germanicam
3011 592 3109 646 sibi
3140 593 3309 647 videri
3336 594 3509 648 addit.

1989 680 2149 734 1485.
2193 678 2575 754 Norimbergaz,
2599 699 2686 751 ap.
2707 684 2933 738 Anthon.
2971 683 3268 753 Koburger,
3296 685 3358 741 1".
3386 687 3510 740 Em-

1914 771 2058 827 dem.
2082 772 2430 843 Weislinger,
2456 774 2629 830 Catal.
2666 777 2807 831 Bibl.
2838 778 2967 831 0rd.
3000 778 3059 831 S.
3086 777 3240 832 Joan.
3292 774 3506 833 llieros.

1914 862 2283 933 Argentorati,
2313 882 2363 935 p.
2396 868 2516 921 110.
2551 866 2725 921 Aliam
2757 869 3000 936 ejusdem
3040 869 3168 923 anni
3194 878 3247 923 et
3284 860 3472 924 forma:
3495 912 3509 934 ,

1914 957 2005 1010 sed
2032 958 2150 1011 loco
2171 968 2223 1011 et
2246 959 2561 1029 typographi
2593 961 2810 1017 nomine
2839 961 3147 1016 destitutam
3174 962 3510 1032 Bosweydns

1914 1058 2108 1103 octavo
2149 1049 2267 1104 loco
2315 1060 2727 1106 commemorat.
2778 1053 3051 1107 Alteruter
3099 1055 3392 1116 erraverit,
3442 1068 3508 1105 an

1918 1150 2146 1210 uterque
2172 1156 2296 1195 vera
2328 1140 2630 1205 tradiderit,
2663 1141 2881 1195 videant
2910 1141 3023 1195 alii.

1990 1232 2150 1289 1500.
2203 1233 2464 1300 Venetiis,
2506 1233 2647 1302 apud
2696 1232 2881 1287 Bonet.
2930 1233 3292 1300 Locatellum,
3343 1232 3509 1287 in—i’.

1921 1323 2308 1403 Vitaspatrum.
2342 1324 2469 1377 Hme
2506 1327 2558 1378 in
2590 1323 2745 1377 titulo
2783 1323 2980 1378 litteris
3015 1322 3329 1393 majusculis
3369 1323 3512 1377 inter

1917 1417 2173 1473 Gothicos
2204 1426 2259 1471 et
2300 1415 2562 1470 rotundos
2595 1414 2788 1469 mediis
2809 1455 2825 1482 ,
2864 1415 3094 1484 quibus,
3130 1414 3515 1469 minutioribus

1918 1519 2117 1578 tamen,
2154 1518 2322 1564 totum
2354 1510 2605 1565 volumen
2634 1511 2970 1579 exscriptum
2997 1520 3102 1567 est.
3123 1510 3181 1566 ln
3206 1512 3314 1565 fine
3340 1528 3352 1563 :
3379 1510 3516 1564 Bea-

1918 1604 2099 1658 tissimi
2130 1602 2435 1674 Hieronymi
2462 1604 2613 1657 card.
2643 1602 2816 1674 presb.
2844 1609 3021 1659 sancte
3049 1618 3184 1657 rom.
3219 1600 3346 1657 eccl.
3372 1601 3515 1656 oath.

1918 1698 2137 1751 doctoris
2167 1695 2417 1767 praecipui
2440 1695 2612 1751 Libris
2639 1696 2729 1766 qui
2758 1697 3101 1768 vitaspatrunt
3124 1696 3517 1760 inscribuntur;

1918 1789 2188 1860 diligenter
2215 1788 2521 1844 examinatis
2545 1803 2565 1843 :
2593 1788 2930 1859 vigilantique
2965 1788 3140 1843 studio
3183 1788 3476 1841 emendatis
3502 1804 3516 1840 :

221 1875 455 1930 curatius
484 1859 1149 1947 descripsitillosweydus
1178 1874 1552 1946 imprimisque
1595 1890 1656 1930 ca
1695 1891 1815 1945 qua:
1847 1872 1896 1933 B
1921 1859 2071 1947 atque
2106 1894 2199 1948 per
2233 1886 2450 1949 punctas
2480 1886 2529 1933 et
2553 1894 2727 1934 comas
2764 1879 3060 1933 distinctis:
3092 1878 3248 1947 ﬁnem
3275 1878 3521 1948 imposuit

220 1967 280 2023 de
306 1966 672 2038 dispositione
697 1967 864 2023 totius
881 1966 1171 2022 voluminis
1194 1981 1290 2036 per
1312 1966 1522 2023 litteras
1542 1966 1816 2035 alphabeti

220 2060 397 2115 editor
424 2058 604 2124 docet,
638 2058 897 2114 distincte
918 2056 1247 2114 enucleavit.
1273 2057 1352 2112 Ex
1380 2056 1463 2112 bis
1490 2064 1670 2111 autem
1699 2071 1820 2127 qua

221 2155 430 2225 proles.
472 2153 542 2210 19
585 2153 654 2209 de
697 2152 968 2208 contentis
1008 2151 1171 2221 hujus
1212 2150 1466 2207 editionis
1513 2150 1820 2216 annotavit,

217 2246 585 2303 intelleximus
610 2261 682 2302 ex
714 2243 957 2301 Ulmensi
984 2258 1138 2313 aeque
1164 2258 1227 2298 ac
1249 2241 1550 2314 Rosweydi’
1572 2242 1818 2312 principe

216 2356 336 2397 esse
376 2341 693 2397 conﬂatam.
742 2338 922 2395 Rufini
974 2338 1110 2395 liber
1156 2347 1215 2395 ut
1251 2338 1306 2395 in
1348 2339 1724 2411 superioribus
1748 2339 1817 2395 ab

216 2435 371 2490 initio
399 2434 717 2490 exhibetur.

288 2527 451 2584 1485.
496 2526 745 2582 Norimb.
778 2542 869 2596 per
899 2527 1024 2583 Ant.
1058 2525 1352 2599 Koburger,
1379 2527 1442 2581 l'.
1472 2527 1531 2582 S.
1557 2526 1825 2595 Hierony-

217 2621 293 2677 mi
316 2620 606 2678 cardinalis
630 2619 938 2690 presbyteri
968 2618 1103 2675 Vitae
1127 2619 1371 2674 Patrum.
1401 2618 1458 2674 ln
1490 2618 1595 2672 fine
1620 2635 1638 2673 :
1673 2619 1823 2671 Anno

225 2714 419 2768 Christi
452 2711 761 2766 Nativitatis
788 2710 1062 2765 millesimo
1091 2709 1599 2781 quadringentesimo
1642 2719 1823 2763 actua-

229 2806 420 2879 gesimo
448 2806 629 2873 tertio,
654 2803 842 2859 Nonas
864 2820 980 2859 vero
1004 2804 1197 2872 April.,
1224 2804 1286 2859 ob
1313 2805 1577 2859 beatorum
1608 2801 1825 2858 Patrum

223 2903 511 2971 profectum
535 2900 694 2953 vitam
725 2898 1039 2953 eremiticam
1067 2898 1393 2970 diligentiam
1416 2906 1582 2970 gesta,
1602 2914 1825 2965 quorum

225 2990 391 3063 (haud
421 2990 721 3061 immerito)
750 2990 1042 3045 memoriter
1071 3000 1190 3043 sunt
1212 2990 1642 3044 commendanda.
1678 2989 1823 3058 Opus

226 3081 401 3149 (Vitas
452 3082 671 3137 Patrum
721 3079 1074 3151 appellatum)
1118 3081 1319 3151 insigne
1356 3097 1388 3133 α
1430 3081 1825 3151 quamplurimis

227 3184 520 3244 excerptum
547 3175 812 3230 codicibus
838 3190 928 3244 per
956 3189 1228 3229 sacrarum
1258 3172 1655 3244 Scripturarum
1690 3174 1824 3226 viros

1931 1970 2159 2026 Venetiis
2179 1970 2407 2025 Bonetus
2430 1969 2722 2025 Locatellus
2745 1970 3028 2041 presbyter.
3058 1968 3216 2025 Iussu
3242 1970 3519 2039 impensis-

1925 2077 2024 2133 que
2067 2062 2163 2116 viri
2208 2061 2404 2115 domini
2453 2060 2703 2115 Nicholai
2736 2077 2803 2116 ea:
2848 2058 3243 2130 Francltfordia
3284 2061 3518 2117 oriundi.

1926 2154 2076 2209 Anno
2094 2153 2158 2208 ab
2184 2153 2536 2208 incarnatione
2555 2153 2751 2207 domini
2777 2154 2943 2208 nostri
2970 2152 3094 2207 Iesu
3114 2153 3314 2207 christi.
3334 2152 3518 2208 Atille-

1925 2250 2058 2304 simo
2082 2247 2510 2320 quingentesimo.
2534 2246 2734 2301 Octauo
2758 2245 2782 2300 1
2791 2246 2888 2301 dus
2908 2246 3116 2315 aprilis.
3144 2245 3336 2315 Incipit
3362 2246 3431 2301 ab
3452 2246 3520 2301 iis

1926 2356 2047 2413 quae
2072 2348 2371 2411 sequuntur
2399 2338 2854 2406 subscriptionem
2891 2336 3151 2393 editionis
3178 2335 3350 2401 1485,
3375 2335 3519 2404 pari-

1929 2441 2117 2502 terque
2143 2447 2206 2487 ac
2230 2430 2319 2485 illa
2351 2430 2561 2501 paginis
2587 2430 2754 2486 sectis
2790 2429 3114 2501 impressum
3144 2439 3251 2484 est.
3278 2425 3520 2497 Utraque

1928 2522 2216 2579 admodum
2241 2522 2538 2578 luculenta.

2574 2614 2716 2671 Sac.
2757 2629 2872 2671 xvt.

2001 2728 2161 2786 1502.
2203 2729 2473 2800 Lugduni,
2505 2744 2599 2800 per
2619 2727 2901 2783 Nicolaum
2928 2727 3100 2795 Wolff
3122 2728 3186 2783 de
3215 2726 3409 2783 Lutred
3429 2771 3445 2797 ,
3473 2740 3520 2783 et

1928 2821 2285 2876 venundantur
2313 2838 2346 2875 a
2367 2819 2565 2875 Jacobo
2587 2820 2924 2891 Huguetano,
2944 2821 3105 2875 ἰπὶ-ιν.
3128 2819 3187 2873 Β.
3211 2819 3520 2891 Hieronymi

1929 2913 2065 2968 Vita:
2091 2913 2186 2969 SS.
2218 2912 2457 2967 Patrum.
2485 2912 2695 2967 Titulus
2725 2912 2865 2967 sistit
2897 2911 3107 2981 insigne
3132 2910 3519 2982 bibliographi,

1930 3005 2071 3074 ligno
2093 3006 2310 3075 quidem
2337 3005 2690 3075 impressum,
2723 3003 2819 3061 sed
2850 3004 2991 3075 quod
3023 3002 3166 3059 aeris
3195 3017 3333 3071 pene
3376 3004 3523 3075 ἀκρι-

1928 3102 2071 3171 βείαν
2096 3108 2153 3155 et
2175 3100 2403 3156 nitorem
2440 3098 2608 3155 refert
2634 3113 2756 3153 eum
2789 3097 3175 3168 inscriptione:
3200 3094 3277 3149 La
3306 3111 3517 3165 morque

1928 3194 1992 3245 de
2009 3191 2250 3265 Jacques.
2281 3191 2326 3243 11
2335 3200 2557 3262 uguetan
2599 3189 2810 3244 libraire
2844 3206 2907 3244 en
2932 3205 3019 3242 :-:.
3050 3188 3164 3243 Hoc
3190 3201 3387 3257 supra:
3427 3184 3520 3240 Vi-

229 3269 508 3323 admodum
553 3269 915 3341 peritissimos.
964 3265 1033 3321 In
1076 3266 1268 3337 oppido
1318 3263 1683 3335 Nurinbergen
1736 3281 1824 3336 per

1929 3263 2238 3357 taspatrum.
2260 3281 2473 3337 Circum
2505 3282 2671 3336 latera
2701 3281 2944 3351 ejusdem
2973 3280 3262 3335 versiculi:

231 3365 544 3420 Anthonium
588 3364 865 3436 Koburger
899 3364 1078 3432 oppidi
1125 3362 1333 3434 prazfati
1368 3360 1628 3428 incolam,
1670 3376 1827 3430 quam

233 3468 429 3531 eamme
469 3459 812 3530 impressum,
850 3456 963 3525 ﬁnit
994 3456 1232 3527 feliciter.
1271 3452 1568 3511 Charamer
1593 3463 1679 3510 est
1709 3470 1825 3510 me-

234 3551 352 3606 dius
378 3552 519 3607 inter
545 3550 839 3606 Gothicam
881 3556 938 3606 et
976 3548 1267 3605 rotundum
1297 3557 1353 3604 et
1380 3547 1449 3603 ad
1488 3547 1632 3603 hunc
1660 3561 1828 3618 prope

235 3643 514 3700 accedens.
572 3641 902 3712 lmpressum
938 3649 1036 3697 est
1084 3642 1293 3713 paginis
1343 3641 1529 3698 sectis.
1579 3640 1831 3711 Sequitur

235 3747 353 3808 post
398 3735 854 3806 subscriptionem
901 3734 1060 3789 index
1101 3749 1319 3801 rerum,
1363 3749 1525 3805 quem
1576 3736 1831 3802 praecedit

236 3829 639 3900 praefatiuncula
664 3841 831 3898 supra
860 3828 914 3881 in
945 3833 1281 3882 antecessum
1311 3826 1423 3897 jam
1447 3825 1683 3893 laudata,
1707 3841 1829 3895 qua:

239 3938 427 3978 novam
453 3932 615 3993 atque
640 3937 672 3976 a
696 3920 1070 3991 superioribus
1098 3920 1452 3989 editionibus,
1484 3936 1616 3990 quas
1639 3921 1830 3977 confu-

239 4029 325 4069 sas
344 4023 531 4082 vocat,
560 4013 912 4069 recedentem
942 4013 1249 4082 partitionis
1277 4013 1544 4069 rationem
1573 4015 1826 4084 explicat.

246 4124 264 4157 ι
295 4106 349 4161 ln
381 4115 627 4176 quatuor,
649 4106 827 4174 inquit
847 4104 1024 4160 editor
1053 4120 1375 4176 anonymus,
1406 4105 1627 4161 distinxi
1653 4116 1832 4177 partes

245 4199 441 4253 divisas
470 4199 897 4268 dill‘erentesque
921 4198 1018 4252 :-in
1047 4198 1199 4268 cujus
1242 4199 1411 4268 prima
1445 4200 1639 4269 collegi
1662 4199 1834 4255 histo-

247 4290 427 4357 rialia;
476 4292 530 4345 in
576 4300 732 4360 parte
771 4290 1005 4345 secunda
1052 4290 1265 4345 libellos
1315 4300 1369 4346 et
1400 4290 1748 4357 doctrinalia;
1781 4292 1832 4346 in

250 4394 395 4451 parte
437 4384 592 4440 tertia
622 4384 694 4439 de
728 4383 959 4453 regulari
985 4384 1366 4447 observantia;
1401 4392 1458 4438 et
1497 4385 1642 4438 finali
1681 4393 1835 4453 parte

252 4476 316 4530 de
362 4476 518 4531 laude
565 4486 620 4530 et
663 4474 923 4529 virtutum
972 4473 1241 4529 efficacia.
1286 4474 1365 4528 lta
1410 4488 1579 4542 sane,
1610 4482 1668 4527 ut
1709 4486 1833 4541 pars

206 4586 216 4593 ·
250 4572 414 4637 prima
447 4585 543 4639 per
570 4567 845 4629 historias,
878 4566 1111 4622 secunda
1138 4581 1232 4636 per
1260 4565 1472 4620 libellos
1501 4573 1559 4619 et
1586 4579 1838 4634 paragra-

2022 3378 2074 3427 Si
2102 3378 2257 3426 virtus
2278 3376 2429 3425 animi
2448 3375 2603 3422 rebus
2628 3373 3085 3435 praestarecadncis

2024 3440 2173 3491 Credi
2197 3453 2274 3498 ur,
2304 3436 2516 3487 excultis
2541 3436 2608 3485 nil
2631 3436 2836 3496 dignum
2854 3434 3049 3485 duxero
3072 3434 3227 3484 libris.

2024 3502 2153 3553 Ecce
2178 3514 2350 3563 parare
2378 3500 2467 3563 tibi
2494 3500 2711 3563 posthac,
2740 3498 2954 3563 studiosa
2975 3499 3226 3563 juventus,

2025 3563 2140 3614 [Ere
2171 3560 2310 3627 potes
2332 3560 2521 3613 modico
2544 3573 2667 3623 quos
2688 3560 2842 3610 multo
2867 3561 3201 3621 impressimus
3227 3570 3361 3607 auro.

2003 3648 2144 3704 Infra
2188 3648 2419 3719 legitur:
2462 3644 2799 3699 Vennndatur
2841 3643 3063 3715 lugduni
3101 3643 3165 3697 ab
3206 3640 3396 3711 jacobo
3427 3642 3522 3692 Itu-

1933 3749 2160 3812 guelano
2204 3738 2435 3794 eiusdem
2486 3736 2706 3790 civitatis
2754 3734 3036 3807 bibliOpola
3082 3744 3128 3788 et
3174 3734 3279 3788 cive
3329 3733 3382 3785 in
3423 3733 3530 3785 vico

1932 3833 2222 3887 mercuriali
2248 3832 2315 3886 ad
2338 3830 2668 3902 angiportum
2690 3829 2778 3900 qui
2804 3828 2858 3882 in
2890 3828 3080 3881 Ararin
3108 3824 3272 3878 ducit.
3300 3823 3364 3878 Et
3390 3824 3530 3895 pari~

1932 3927 2023 3981 siis
2049 3928 2103 3980 in
2132 3928 2241 3979 vico
2263 3925 2428 3978 sancti
2450 3923 2617 3977 iacobi
2641 3922 2732 3975 sub
2749 3921 2868 3975 diva
2898 3920 3094 3993 virgine
3122 3934 3281 3989 prope
3295 3925 3529 3970 sanctum

1935 4019 2275 4075 benedictum.
2305 4019 2359 4072 ln
2391 4017 2495 4071 line
2523 4013 2870 4083 subscriptio,
2904 4027 3025 4081 qua:
3050 4012 3100 4065 in
3128 4007 3524 4079 superioribus,

1937 4112 2130 4167 additis
2168 4128 2182 4165 :
2220 4109 2537 4181 Impressum
2574 4106 2815 4177 Lugduni
2857 4103 3199 4158 amamissima
3242 4101 3395 4163 urbe,
3442 4114 3532 4169 pli‘

1936 4206 2240 4277 magistrum
2270 4201 2549 4256 Nicolaum
2574 4196 2748 4264 ινοιπ
2763 4199 2826 4253 de
2854 4197 3047 4251 Lutrea
3078 4207 3323 4250 neccccn
3346 4191 3533 4243 mensis

1939 4296 2134 4368 Aprilis
2177 4296 2258 4351 die
2293 4310 2411 4346 vero
2447 4306 2641 4347 xxvrn.
2668 4290 2934 4357 Expressa
2966 4296 3049 4341 est
3088 4282 3496 4352 Kobnrgeriana
3517 4321 3534 4347 ,

1940 4388 2249 4443 charactere
2278 4383 2505 4440 Gothico
2533 4380 2760 4443 minuto,
2791 4376 2999 4447 paginis
3020 4376 3203 4430 sectis.
3232 4373 3540 4431 Laudatam

1939 4488 2293 4549 praeterquam
2327 4492 2353 4528 a
2384 4476 2691 4544 Rosweydo
2722 4485 2988 4540 nusquam
3030 4468 3356 4524 invenimus.
3402 4471 3542 4524 Prm—

1943 4571 2173 4624 mittitur
2195 4568 2422 4636 epistola
2443 4563 2775 4621 dedicatoria
2802 4563 3039 4633 llugonis
3068 4561 3264 4617 Dissuti
3291 4561 3344 4615 in
3378 4573 3543 4617 utro-

254 4663 403 4729 PhOS.
447 4676 572 4732 Pars
602 4661 763 4716 ίετιίῧ
796 4674 894 4728 Per
920 4659 1198 4725 rubricas.
1231 4666 1286 4712 ει
1312 4667 1502 4727 quam“
1530 4671 1627 4726 Pe"
1656 4656 1834 4710 ΐυδτί-
1867 4656 1920 4717 D
1946 4678 2049 4733 que
2072 4663 2195 4734 jure
2223 4661 2463 4717 doctoris
2488 4659 2863 4715 Cabilonensis
2884 4656 3161 4719 canonici,
3198 4669 3299 4722 qua
3334 4653 3535 4709 Joanni

252 4768 430 4808 carum
473 4752 708 4823 capitula
748 4751 1126 4820 distinguatur,
1164 4768 1184 4801 ι
1219 4758 1325 4804 etc.
1362 4748 1443 4803 Cf.
1472 4747 1632 4803 etiam
1664 4748 1840 4817 Repe-

254 4844 362 4898 titio
390 4844 476 4899 ed.
513 4843 937 4911 Koburgeriana:
967 4842 1142 4907 1478;
1182 4840 1324 4912 Pray
1346 4882 1359 4904 ,
1390 4840 1552 4897 Index
1582 4840 1679 4897 lib.
1703 4856 1836 4909 rar.,

256 4938 385 4993 Bibl.
410 4938 570 5002 Bud.,
605 4953 653 5006 p.
691 4952 741 5003 ι,
770 4951 820 5004 p.
854 4936 979 4992 506.

330 5117 587 5181 Venet'iis,
623 5133 711 5186 per
758 5114 1096 5169 Octavianum
1140 5114 1353 5171 Scotum
1404 5114 1842 5184 Modoetiensem,

1944 4757 2013 4813 de
2062 4756 2332 4825 Ponpeto,
2363 4754 2416 4810 .l.
2456 4753 2522 4809 υ.
2566 4752 2629 4806 Ι).
2674 4748 3128 4818 Cabilonensiqne
3171 4747 3427 4815 episcopo
3471 4762 3535 4802 ac

1944 4849 2229 4904 abbatialis
2267 4845 2577 4901 monasterii
2608 4846 2664 4899 S.
2696 4843 2842 4898 Petri
2883 4856 3048 4911 pr0pe
3094 4854 3280 4894 muros
3320 4839 3536 4913 Cabilo-

1947 4954 2145 4997 nenses
2188 4935 2653 4994 commendatario
2696 4932 3225 5001 administratorique
3255 4938 3532 4999 perpetuo,

1946 5051 2128 5106 operae
2155 5047 2265 5087 suae
2292 5030 2519 5099 pretium
2551 5028 2793 5099 exponit,
2829 5026 2961 5079 nihil
2988 5024 3127 5088 sani,
3160 5023 3290 5077 nihil
3317 5037 3537 5091 prorsus

1950 5144 1979 5182 a
2009 5124 2217 5180 mendis
2238 5132 2405 5178 tutum
2438 5120 2807 5192 superioribtts
2836 5117 3161 5173 editionibus
3188 5116 3445 5179 tribuens,
3478 5125 3538 5167 ut

252 5209 414 5266 iii-4°.
447 5212 508 5267 Β,
556 5212 869 5278 Hieronymi
916 5209 1048 5263 Vita:
1097 5210 1335 5266 Patrum.
1390 5208 1746 5281 Rosweydus.
1792 5212 1844 5266 in
1950 5218 2051 5272 sibi
2076 5216 2414 5271 soliomnem
2440 5208 2883 5267 emaculationem
2912 5208 3110 5263 debere
3142 5206 3461 5272 intelligant.

253 5301 367 5357 Cat.
402 5304 540 5360 Bibl.
569 5304 630 5360 S.
654 5302 845 5372 Angeli
875 5301 940 5356 ad
960 5301 1146 5357 Nidnm
1172 5303 1401 5370 Neapoli
1426 5305 1616 5373 (1750,
1641 5304 1836 5379 in-fol.]

260 5410 313 5464 p.
344 5396 445 5452 152
474 5397 730 5462 occurrit,
762 5395 964 5464 absque
997 5395 1316 5465 typograpbi
1348 5396 1569 5453 indicio.
1599 5397 1849 5454 Comme-

2025 5309 2182 5364 1507.
2230 5306 2486 5377 Lugduni,
2520 5319 2609 5373 per
2633 5301 2830 5355 Jannot
2869 5301 2932 5354 de
2970 5300 3204 5369 Campis,
3238 5295 3397 5350 iit-4°.
3428 5297 3539 5348 Em-

1953 5405 2096 5473 dem,
2122 5418 2243 5459 cum
2284 5401 2473 5456 eadem
2507 5398 2591 5455 lu.
2636 5396 2836 5452 Dissuti
2883 5395 3222 5466 prmfatione.
3266 5390 3450 5445 Bosw.
3490 5392 3540 5443 in

264 5499 432 5543 morat
482 5490 645 5544 etiam
698 5487 857 5542 talem
904 5486 1015 5542 fere
1056 5488 1352 5545 editionem
1408 5488 1689 5555 Vitarum,
1728 5506 1849 5562 qua:
1954 5499 2073 5553 Cat.
2102 5495 2266 5551 Musei
2296 5494 2449 5549 Britt.
2484 5491 2723 5561 ejusdem
2746 5490 2871 5543 anni
2908 5497 2962 5544 et
3004 5485 3395 5542 forrnaeeditio
3427 5484 3543 5541 sine

259 5584 475 5643 dimidia
511 5584 626 5640 folii
669 5582 839 5637 ultimi
885 5590 1033 5651 parte
1075 5590 1327 5640 truncata
1368 5594 1524 5652 erat,
1561 5586 1634 5641 el.
1670 5586 1849 5640 Helm-

258 5676 555 5746 scbrot,.p.
582 5691 650 5740 tt,
684 5673 866 5743 p.105
908 5689 1013 5742 sq.,
1052 5690 1217 5743 quam
1273 5674 1522 5732 eamdem
1571 5692 1691 5732 cum
1751 5678 1850 5732 hac

259 5782 375 5823 esse
400 5769 581 5824 nullus
608 5766 796 5822 dubito
817 5807 831 5833 ,
864 5767 954 5822 sed
985 5766 1251 5828 lectorem
1292 5770 1569 5828 curiosum
1602 5772 1666 5827 ad
1710 5788 1849 5827 cum.

260 5860 376 5917 dem
401 5864 625 5919 missum
657 5859 812 5916 facio.

1959 5588 2075 5642 loco
2106 5594 2332 5659 prostat.

2030 5679 2188 5735 1508.
2240 5676 2477 5742 Venetiis,
2511 5692 2598 5744 per
2630 5672 2931 5738 Bonnetum,
2966 5668 3131 5721 in-lO.
3167 5667 3403 5725 lin-nem.
3434 5671 3516 5726 l'n

1959 5775 2163 5829 drt‘ima
2195 5773 2331 5840 apud
2361 5767 2747 5838 [lnsweydutm

2037 5865 2190 5921 1509.
2240 5862 2497 5932 Lugduni,
2526 5876 2611 5929 per
2640 5856 2822 5926 Steph.
2852 5855 3074 5922 Balattn,
3104 5856 3271 5911 ill-vi”.
3301 5857 3536 5923 Etcdem.
