4094 6344
532 340 596 398 31
1498 352 1587 409 RU
1599 353 1707 408 ΗΝ
1718 352 1800 408 US
1838 352 2323 420 AQUILEIENSIS
2362 358 2784 441 PRESBYTER.
3752 368 3819 423 52

607 463 764 521 1512.
810 466 1078 541 Lugduni,
1128 487 1216 542 per
1254 470 1503 525 Iacobum
1542 471 1779 539 Sachon,
1826 473 1998 527 in-40.
2055 475 2113 529 S.
2144 479 2193 537 Α
2221 479 2501 548 epistolam
2551 478 2932 536 dedicatoriam
2982 480 3059 550 (tl.
3090 482 3341 552 Augustas
3372 502 3443 541 xu
3485 487 3603 541 Kal.
3650 487 3807 543 Febr.

534 553 847 628 Hieronymi
881 563 930 614 in
961 560 1105 617 Vitas
1129 562 1339 617 Patrum
1377 563 1586 617 celebre
1611 577 1766 632 Opus.
1792 564 1976 620 Rosw.

615 648 878 718 Venetiis,
928 655 1066 725 apud
1100 654 1375 709 Nicolaum
1413 655 1474 709 de
1510 654 1909 726 Fraucofurdia,
1951 657 2117 713 ili-4°.

533 736 675 795 Idem
706 758 861 811 opus.
895 745 1074 800 Rosw.

605 831 767 890 1515.
809 834 1077 906 Lugduni,
1107 855 1196 908 per
1219 836 1336 893 Jac.
1370 838 1503 910 Hyl,
1531 839 1698 895 in-40.
1728 840 1784 897 S.
1808 841 2119 916 Hieronymi

532 921 585 979 in
619 924 769 981 Vitas
792 927 1007 986 Patrum
1050 931 1357 1000 percelebre
1389 946 1559 1002 opus,
1590 934 1777 989 oculos
1805 937 2119 994 mortalibus

532 1016 838 1090 caelumque
866 1021 1132 1091 aperiens.

718 1141 970 1211 Scandere
988 1145 1121 1211 celsa
1143 1146 1317 1198 volens
1336 1151 1553 1211 supremi
1587 1149 1749 1199 sidera
1771 1150 1880 1203 caeli

781 1206 860 1255 Me
886 1207 1075 1268 planum
1096 1208 1226 1259 lecto
1247 1206 1465 1274 quisquis
1489 1212 1691 1261 habebit
1714 1214 1831 1274 iter,

709 1264 809 1333 Hic
830 1264 1003 1333 cernet
1028 1283 1206 1333 magno
1229 1264 1401 1321 costum
1425 1274 1635 1322 subiisse
1657 1264 1830 1324 labore

776 1328 1042 1395 Antiquos;
1068 1328 1220 1382 le'vior
1240 1333 1299 1382 ad
1321 1335 1460 1384 datur
1484 1344 1612 1386 astra
1636 1337 1726 1385 via.

532 1428 917 1486 \‘enundantur
948 1432 1189 1503 Lugduni
1230 1436 1326 1491 abs
1361 1437 1563 1493 Jacoho
1592 1440 1873 1510 lluguetan
1914 1442 1966 1498 in
1999 1443 2118 1499 vico

527 1517 829 1575 Mercuriali
880 1523 944 1576 ad
992 1525 1330 1594 angiportum
1379 1529 1468 1597 qui
1518 1530 1572 1582 in
1613 1532 1807 1585 Ararin
1840 1533 2008 1588 ducit.
2059 1534 2115 1588 In

530 1608 676 1664 ﬁne:
704 1609 992 1666 Beatissimi
1012 1613 1319 1687 Hieronymi
1346 1618 1628 1674 cardinalis
1660 1622 1962 1693 presbyteri,
1995 1638 2117 1679 san-

528 1710 618 1755 cte
641 1700 879 1758 Romane
904 1706 1131 1763 ecclesie
1161 1708 1437 1766 Catholice
1464 1711 1703 1767 doctoris
1745 1715 1999 1784 praecipui
2030 1716 2119 1770 Li-

526 1790 660 1857 bris,
682 1794 773 1863 qui
799 1794 1157 1865 Vitaspatrum
1188 1800 1571 1863 inscribuntur.
1596 1804 1882 1875 diligenter
1910 1808 2115 1861 exami-

527 1882 668 1938 natis
689 1884 1034 1957 vigilantique
1069 1890 1249 1945 studio
1279 1894 1581 1949 emendatis
1607 1904 1767 1965 atque
1798 1913 1890 1965 per
1920 1908 2116 1967 puncta

524 1980 580 2026 et
616 1984 882 2030 commata
925 1977 1228 2037 distributis
1282 1998 1451 2052 nuper
1498 1984 1619 2040 ﬁnis
1660 1987 1971 2056 imponitur.
2016 1989 2120 2044 lm-

525 2066 728 2135 pressis
755 2068 997 2139 Lugduni
1047 2087 1143 2142 per
1193 2074 1475 2131 honestum
1505 2076 1764 2133 Jacobum
1794 2079 1921 2150 Myt.
1961 2081 2116 2146 1515,

533 2157 622 2212 die
660 2173 789 2214 vero
834 2175 964 2227 xvu,
1012 2178 1200 2220 mense
1229 2166 1479 2238 Augusti.
1531 2168 1668 2239 Pray
1715 2170 1826 2224 ind.
1858 2169 1983 2225 libr.
2004 2185 2115 2227 rar.

525 2247 665 2301 Bibl.
700 2249 835 2305 Bud.
861 2260 902 2305 t.
931 2252 972 2320 1,
1004 2267 1057 2322 p.
1082 2253 1207 2309 507.

596 2338 756 2394 1520.
800 2339 1074 2411 Lugduni,
1134 2360 1227 2413 per
1267 2342 1525 2399 Iacobum
1569 2345 1892 2415 κατακῆαι,
1945 2349 2113 2406 in-4°.

522 2427 665 2484 Idem
693 2444 849 2499 opus.
878 2432 1064 2489 Rosw.

595 2519 761 2575 1556.
805 2520 1050 2593 Lugduni
1091 2566 1107 2580 .
1153 2564 1168 2578 .
1213 2566 1227 2581 .
1273 2564 1288 2581 .

522 2606 764 2665 Patrum.
799 2612 919 2671 Cat.
946 2613 1083 2671 Bibl.
1116 2617 1337 2675 Barber.

591 2700 755 2758 1557.
806 2703 1084 2777 Lugduni,
1139 2726 1231 2779 per
1284 2713 1473 2770 Anton.
1530 2712 1885 2786 Vincentium,
1945 2722 2109 2776 in-4°.

520 2791 687 2850 Idem.
715 2795 897 2852 Rosw.

593 2885 752 2940 1547.
796 2888 1055 2956 Coloniae,
1127 2910 1216 2964 per
1266 2895 1547 2969 Gasparem
1608 2898 1989 2971 Gennepwum,
2037 2904 2108 2961 [τ’.

519 2973 849 3049 Prototypon
880 2984 1075 3039 veteris
1100 2984 1384 3055 Ecclesiaa,
1419 2991 1702 3048 continens
1732 2994 1900 3063 vitas,
1930 3012 2108 3067 geS'a,

520 3065 769 3138 dictaque
808 3082 1120 3130 sanctorum
1152 3076 1245 3132 Dei
1275 3080 1569 3137 amicorum
1609 3085 1889 3155 utriusque
1930 3065 2110 3155 sexus,

517 3169 739 3217 auctore
793 3177 889 3219 seu
944 3166 1214 3237 rhapsodo
1269 3181 1456 3229 sancto
1512 3173 1840 3248 Hieronymo
1889 3180 2103 3249 partim,

517 3252 709 3318 partim
738 3253 854 3308 aliis
877 3264 1037 3325 atque
1063 3258 1206 3314 aliis.

585 3342 883 3399 Adornavlt
949 3346 1090 3403 hanc
1150 3348 1447 3408 editionem
1522 3354 1687 3412 frater
1740 3358 2107 3417 Theodoricus

513 3431 690 3490 Loher
736 3451 767 3489 a
809 3436 1005 3493 Stratis
1049 3439 1350 3499 Cartltusite
1397 3445 1534 3501 aula:
1578 3448 1759 3504 Maria:
1806 3450 1860 3504 in
1911 3452 2106 3506 Bruxia

512 3526 657 3594 prior
706 3542 771 3581 ac
814 3530 1163 3596 provincialis
1212 3535 1500 3605 visitatur,
1571 3554 1799 3610 eamque
1845 3542 2108 3597 dedicavit

508 3617 742 3688 principi
780 3620 977 3675 Othoni
1017 3623 1076 3679 S.
1103 3622 1171 3679 R.
1202 3626 1265 3680 E.
1289 3627 1440 3683 card.
1469 3630 1724 3702 episcopo
1768 3633 2107 3702 Auguslauo,

508 3726 664 3781 quem
705 3714 761 3769 in
794 3715 1019 3786 epistola
1060 3735 1155 3775 sua
1186 3722 1517 3781 dedicatoria
1560 3726 1640 3798 (tl.
1675 3728 1988 3800 Ratisponte
2013 3745 2103 3787 an.

510 3802 673 3870 liiiﬁ)
718 3806 789 3861 de
817 3822 980 3878 opera
1021 3810 1075 3866 in
1120 3811 1262 3869 hunc
1302 3815 1497 3872 librum
1543 3818 1786 3889 impensa
1826 3823 2017 3877 edocet
2053 3840 2108 3877 se

507 3897 733 3967 antiquis
775 3898 934 3967 iisque
969 3902 1073 3969 fide
1102 3903 1270 3975 dignis
1312 3922 1433 3960 mss.
1468 3910 1843 3979 exemplaribus
1878 3922 1994 3966 octo
2018 3922 2106 3966 aut

507 3988 680 4043 decem
707 3991 867 4046 simul
895 3993 1095 4050 collatis
1124 4005 1319 4053 textum
1346 4003 1699 4071 recognovisse
1727 4012 1775 4057 et
1800 4005 2102 4073 restituisse,

507 4080 692 4136 deinde
728 4084 785 4137 in
829 4084 1059 4140 ordinem
1090 4099 1313 4155 certum,
1348 4092 1504 4160 juxta
1541 4095 1721 4147 seriem
1770 4105 1817 4149 et
1856 4099 2106 4153 rationem

506 4182 824 4245 temporum,
855 4195 957 4249 quo
994 4182 1203 4251 quisque
1232 4181 1447 4237 Patrum
1491 4186 1611 4239 huic
1639 4186 1866 4243 illuxerit
1890 4194 2100 4263 mundo,

506 4267 797 4336 d7gessisse.
822 4272 1044 4330 Constat
1067 4275 1181 4332 hazc
1203 4277 1371 4332 editio
1395 4279 1631 4351 quinque
1654 4281 1805 4337 libris
1831 4296 1888 4341 ut
1909 4290 2095 4359 prima,

504 4361 600 4415 sed
647 4362 837 4419 ordine
882 4366 1104 4422 multum
1152 4368 1429 4424 immutan
1471 4381 1523 4426 et
1558 4373 1874 4443 quibusdam
1914 4394 1976 4435 ex
2017 4394 2102 4436 se-

505 4452 676 4506 cunda
700 4454 935 4513 editione
961 4468 1015 4513 et
1043 4460 1262 4516 aliunde
1291 4462 1553 4533 (Ulmensi
1588 4477 1733 4535 puta.
1761 4485 1921 4539 quam
1948 4472 2102 4543 igno-

504 4545 644 4599 ravit
674 4545 1030 4622 Rosweydus)
1058 4554 1276 4609 additis.
1310 4555 1489 4612 Ruﬁni
1519 4559 1656 4616 liber
1698 4577 1805 4617 non
1844 4569 2100 4624 continuo

1358 2527 1416 2583 S.
1467 2528 1823 2602 Hieronymus
1871 2533 1938 2591 de
1983 2534 2116 2591 Vitis

2228 570 2387 640 1548)
2415 573 2480 625 ad
2508 562 2794 626 llenricum
2822 569 3075 625 abbatem
3106 573 3335 629 etenobii
3364 576 3482 632 ord.
3512 576 3577 630 D.
3610 577 3810 635 Bened.

2224 662 2275 716 in
2300 663 2644 733 Wibliughen
2676 664 3104 721 Constantiensis
3144 666 3394 725 ditecesis
3430 670 3725 741 prtemisit,
3761 674 3813 727 in

2221 770 2322 825 qua
2360 773 2392 809 a
2419 760 2535 825 plus
2575 758 2714 813 mille
2752 760 3010 814 erroribus
3048 762 3115 814 ad
3150 763 3491 816 vetustissima
3525 764 3720 829 pariter
3753 780 3815 818 ac

2221 847 2422 902 diversa
2459 851 2776 918 exemplaria
2812 850 2960 907 Vitas
2987 851 3208 907 Patrum
3246 870 3551 927 repurgasse
3578 872 3636 909 se
3662 855 3814 909 afﬁr-

2220 948 2350 995 mat.
2383 939 2537 1009 Quod
2570 952 2746 998 utrum
2789 943 2859 1001 de
2903 944 3093 1001 iterata
3130 946 3231 1002 hac
3268 961 3428 1016 opera
3464 947 3616 1017 ejus,
3646 963 3714 1004 an
3743 949 3813 1008 de

2219 1045 2348 1087 cura
2388 1033 2635 1089 universa
2678 1035 3111 1107 intelligendum,
3158 1054 3368 1096 novane
3405 1040 3573 1097 editio
3610 1040 3705 1109 sit,
3744 1057 3812 1099 an

2221 1124 2406 1181 titulus
2447 1135 2650 1183 tantum
2683 1128 2876 1197 prioris
2918 1140 3181 1199 mutatus,
3228 1134 3437 1190 nescire
3466 1148 3527 1191 se
3554 1133 3813 1206 Roswey-

2219 1215 2321 1271 dus
2348 1216 2565 1274 fatetur.
2596 1219 2743 1275 Ordo
2773 1221 2912 1276 idem
2949 1231 3031 1278 est
3058 1238 3124 1279 ac
3148 1224 3201 1279 in
3231 1226 3538 1292 superiore,
3580 1233 3636 1281 et
3663 1226 3815 1281 Ruﬁ-

2220 1309 2366 1365 niani
2392 1312 2571 1379 operis
2597 1311 2784 1368 eadem
2818 1313 2977 1382 plane
3006 1315 3166 1381 ratio,
3199 1317 3525 1389 omninoque
3554 1317 3691 1374 nihil
3712 1318 3813 1374 dil-

2221 1400 2359 1455 lerre
2384 1400 2713 1459 Fontaninus
2742 1404 2951 1461 scribit.

2293 1492 2452 1548 1596.
2494 1494 2774 1563 Compluti,
2804 1498 2943 1566 apud
2975 1496 3131 1552 Joan.
3155 1498 3485 1569 Gratianum,
3521 1503 3697 1558 ἰπὶ-40.
3722 1502 3813 1559 Vi-

2224 1595 2289 1640 t:e
2317 1595 2622 1643 sanctorum
2650 1588 2888 1644 Patrum.
2926 1588 3279 1663 Rvsweydus.

2824 1698 2964 1755 Sic.
3007 1716 3135 1756 xvu.

2295 1804 2452 1861 1615.
2495 1808 2819 1879 Antuerpilc,
2860 1828 2925 1866 ea:
2965 1812 3057 1881 0/7.
3086 1812 3284 1880 Planl.,
3317 1813 3386 1869 l'°.
3412 1814 3547 1873 Vita:
3590 1816 3809 1876 Patrum

2221 1898 2289 1954 de
2318 1899 2423 1954 vita
2454 1910 2508 1955 et
2540 1902 2718 1957 verbis
2753 1904 3024 1959 seniorum
3044 1945 3059 1971 ,
3097 1906 3211 1962 sive
3236 1906 3482 1964 Historia:
3518 1912 3810 1970 cremiticae

2220 1988 2341 2043 libri
2385 2004 2417 2044 x
2450 1994 2756 2049 auctoribus
2788 1996 2900 2050 suis
2935 2006 2988 2052 et
3031 1998 3188 2053 nitori
3223 1998 3448 2069 pristino
3487 2003 3715 2060 restituti
3746 2022 3809 2063 ac

2221 2081 2587 2138 natationibus
2614 2084 2867 2141 illustrati
2895 2101 3058 2158 opera
3089 2100 3141 2145 et
3171 2091 3347 2146 studio
3377 2093 3643 2153 Heriberti
3673 2096 3807 2154 Ros-

2218 2174 2391 2245 weydi
2427 2174 2755 2246 Ultrajectini
2786 2194 2816 2235 e
2846 2196 2959 2235 soc.
2988 2181 3115 2238 Jesu
3144 2182 3394 2256 theologi.

2290 2264 2472 2320 Totius
2515 2267 2672 2337 hujus
2718 2272 2895 2340 operis
2936 2273 3076 2328 ratio
3117 2275 3183 2329 ad
3229 2292 3328 2331 nos
3375 2277 3513 2333 haud
3554 2280 3805 2350 pertinet.

2217 2353 2426 2413 Sufﬁcit
2468 2357 2734 2416 indicasse
2772 2376 3018 2432 quasnam
3045 2363 3229 2420 Ruﬁni
3257 2375 3435 2436 partes
3478 2370 3529 2424 in
3572 2386 3639 2425 eo
3678 2371 3806 2428 sint.

2218 2447 2352 2503 Viue
2396 2450 2603 2506 scilicet
2634 2451 2849 2508 Patrum
2880 2457 3218 2513 eremitarum
3263 2459 3460 2515 librum
3510 2465 3807 2519 secundum

2217 2541 2376 2611 hujus
2422 2544 2761 2600 collectionis
2811 2547 3163 2603 constituunt.
3243 2549 3432 2605 Editur
3475 2562 3654 2608 autem
3703 2569 3808 2608 non

2215 2634 2415 2689 veritus
2441 2642 2523 2690 est
2554 2645 2722 2691 totum
2755 2638 2917 2694 etiam
2952 2640 3167 2694 tertium
3200 2639 3394 2695 librum
3430 2640 3601 2697 Verba
3626 2643 3809 2700 Senio-

2215 2741 2329 2779 rum
2366 2725 2675 2796 inscriptum
2726 2737 2779 2783 et
2821 2729 2874 2783 in
2918 2731 3190 2785 sectiones
3231 2730 3340 2787 220
3364 2731 3618 2801 divisum,
3658 2737 3807 2803 cujus

2216 2816 2466 2888 prologus
2500 2819 2605 2889 fere
2644 2821 2888 2874 mundum
2916 2823 3031 2892 quis
3058 2823 3251 2877 dubitet
3290 2825 3483 2879 meritis
3525 2836 3665 2881 stare
3689 2845 3808 2882 san-

2215 2915 2433 2974 ctorum,
2460 2908 2652 2965 Ruﬁno
2678 2911 2910 2966 deferre.
2939 2911 3102 2982 Cujus
3126 2913 3313 2982 judicii
3342 2917 3422 2970 sui
3455 2932 3674 2973 causam
3702 2930 3807 2974 tam

2215 2996 2525 3052 universam
2582 3000 2705 3070 styli
2756 2999 3195 3069 similitudinem,
3250 3017 3410 3072 quam
3469 3006 3807 3078 singulorum

2216 3089 2267 3144 in
2313 3091 2591 3161 utriusque
2640 3091 2758 3147 libri
2814 3092 3036 3164 prologo
3085 3093 3323 3149 locorum
3376 3098 3807 3156 convenientiam

2216 3185 2517 3252 praetendit,
2548 3199 2668 3254 qua:
2694 3186 2958 3255 posterior
2991 3194 3168 3241 tamen
3198 3187 3285 3241 vix
3315 3188 3650 3246 admittenda
3682 3196 3806 3263 erit,

2214 3275 2307 3330 sed
2354 3276 2623 3331 diversum
2685 3280 2863 3347 potius
2910 3288 3184 3333 auctorem
3242 3279 3418 3335 Ruﬁni
3476 3284 3807 3342 imitatorem

2209 3368 2442 3436 prodere
2470 3369 2701 3425 videtur.
2748 3370 2805 3423 In
2847 3370 3272 3442 prolegomenis,
3309 3382 3367 3428 ut
3404 3388 3565 3446 supra
3590 3378 3701 3446 jam
3730 3380 3807 3433 iu-

2211 3458 2527 3523 dicavimus,
2563 3462 2730 3517 fusius
2750 3462 2820 3517 de
2838 3461 2960 3518 fat's
2987 3465 3223 3519 omnium
3254 3466 3439 3520 borum
3472 3470 3802 3539 scriptorum

2210 3552 2278 3608 de
2311 3552 2449 3608 Vitis
2488 3554 2705 3609 Patrum
2749 3563 2805 3610 et
2848 3554 3026 3611 Ruﬁni
3068 3557 3219 3613 libris
3262 3558 3518 3628 disputat.
3570 3562 3810 3634 Singulis

2212 3645 2363 3701 libris
2401 3654 2557 3702 notas
2596 3648 2735 3704 baud
2778 3649 3017 3722 vulgaris
3055 3651 3367 3708 eruditionis
3405 3653 3809 3731 plurimumque

2209 3737 2424 3793 criticas
2450 3738 2667 3809 adjecit.

2282 3827 2440 3884 1617.
2483 3830 2775 3902 Lugduni.
2818 3868 2834 3885 .
2878 3871 2893 3887 .
2938 3869 2954 3887 .
2996 3833 3155 3889 in-l'“.
3188 3833 3321 3890 Vitae
3350 3834 3597 3905 Patrum;
3629 3839 3808 3897 studio

2212 3918 2477 3976 lleriberti
2506 3922 2812 3995 Rosweydi.
2851 3923 3121 3993 Repetitio
3147 3925 3550 3996 Antucrpiaute.

2280 4013 2442 4068 “128.
2484 4013 2808 4085 Antuerpiae,
2836 4030 2900 4070 ea;
2929 4014 3020 4082 off.
3048 4015 3249 4080 Plant.,
3281 4016 3350 4069 l0.
3392 4015 3522 4071 Vitae
3555 4018 3805 4088 Patrum;

2208 4104 2388 4159 studio
2426 4104 2614 4161 Herib.
2651 4105 2974 4178 Rosweydi,
3006 4107 3172 4162 editio
3202 4107 3435 4162 secunda
3470 4110 3622 4166 varie
3651 4127 3805 4169 auem

2209 4207 2263 4252 et
2288 4196 2573 4255 illustrata.

2279 4287 2456 4344 Ruﬁni
2495 4291 2632 4347 liber
2668 4293 2875 4363 primus
2913 4306 2941 4345 a
2974 4306 3023 4361 p.
3059 4291 3290 4347 455-491
3326 4292 3679 4363 extenditur;
3721 4313 3804 4353 se-

2207 4379 2434 4448 cundus,
2469 4382 2562 4451 qui
2591 4382 2661 4437 ibi
2694 4383 2882 4437 tertius
2912 4390 3021 4447 est,
3055 4397 3084 4436 a
3116 4396 3168 4451 p.
3198 4381 3459 4438 492-555.

2291 4470 2577 4528 Versiones.
2630 4474 2837 4528 Mature
2882 4475 2933 4526 in
2966 4470 3204 4525 Graecam
3237 4473 3466 4541 linguam
3500 4477 3803 4534 traductam

2208 4577 2328 4619 esse
2353 4564 2645 4620 Historiam
2670 4563 3025 4627 eremiticam,
3058 4561 3197 4618 haud
3231 4573 3430 4618 temere
3465 4564 3803 4627 Fontaninus

505 4644 710 4706 tractu,
744 4644 837 4698 sed
875 4644 1199 4699 dilaceratus
1234 4647 1540 4719 exhibetur,
1585 4669 1779 4726 nempe
1807 4673 1871 4712 ex
1904 4662 2095 4729 tribus,

2210 4658 2454 4712 asseruit.
2510 4658 2700 4713 Exstat
2725 4657 2868 4712 enim
2900 4655 3207 4711 etiamnunc
3234 4655 3286 4709 in
3316 4670 3444 4711 mss.
3476 4658 3639 4715 codd.
3666 4678 3799 4731 pura

502 4731 697 4799 quibus
724 4734 857 4791 liber
884 4737 1092 4805 primus
1118 4746 1357 4806 constat,
1386 4744 1650 4810 partibus,
1676 4748 1847 4817 prima
1877 4751 1945 4806 de
1975 4767 2097 4808 san-

502 4824 607 4877 ctis
637 4826 766 4880 viris
798 4838 848 4882 et
878 4829 1113 4884 secunda
1142 4830 1209 4886 de
1236 4834 1441 4889 sanctis
1470 4837 1785 4897 mulieribus
1839 4848 2090 4912 permista

500 4924 557 4969 et
586 4918 816 4971 conﬁata
845 4927 929 4973 est
956 4934 987 4974 e
1017 4919 1235 4977 Ruﬁno.
1275 4923 1503 4997 Reliqua
1528 4929 1650 4986 vide
1677 4933 1817 5002 apud
1844 4934 2099 5007 Roswey-

498 5005 649 5061 dum.

573 5096 733 5155 1518.
778 5099 1003 5171 Ibidem,
1030 5108 1174 5175 apud
1200 5109 1434 5165 eumdem
1461 5121 1689 5185 typogr.,
1717 5116 1787 5170 [ο.
1819 5117 1949 5171 Vitae
1974 5133 2096 5171 san-

496 5198 705 5247 ctorum
736 5193 951 5251 Patrum
1002 5201 1199 5259 veteris
1245 5204 1528 5262 catholicae
1570 5218 1733 5278 atque
1781 5208 2094 5278 apostolica:

494 5284 755 5343 Ecclesia:
784 5290 924 5347 dicta
952 5304 1207 5368 gestaque
1230 5299 1456 5371 insignia
1490 5308 1546 5356 et
1571 5302 1883 5356 admiranda
1908 5302 2090 5355 excel-

481 5379 717 5436 lentium
747 5383 949 5454 aliquot
979 5385 1069 5441 Dei
1101 5391 1398 5447 amicorum
1430 5393 1712 5463 utriusque
1750 5406 1912 5446 sexus
1943 5406 2091 5444 como

479 5474 812 5546 plectentes,
843 5488 1062 5535 auctore
1094 5482 1156 5537 D.
1183 5482 1512 5555 Hieronymo
1543 5486 1759 5555 partim,
1790 5482 2090 5551 partimque

478 5568 608 5621 aliis
646 5578 807 5639 atque
850 5572 998 5639 aliis,
1037 5591 1175 5645 quos
1218 5592 1372 5632 versa
1412 5578 1616 5646 pagella
1664 5588 1827 5629 nosse
1867 5578 2084 5642 p0teris.

475 5658 720 5729 Accepta
751 5669 806 5716 et
832 5663 1123 5732 approbata
1165 5667 1231 5721 ab
1264 5665 1504 5719 Ecclesia
1532 5664 1797 5719 catholica
1829 5673 1953 5718 ante
1986 5678 2084 5751 an-

474 5764 587 5802 nvs
623 5750 741 5818 plus
775 5753 922 5807 mille
944 5754 1350 5825 quinquaginta.

558 5844 641 5899 Ab
670 5844 858 5899 eodem
898 5846 1104 5903 editorc
1135 5849 1522 5921 proﬁciscitur,
1563 5849 1650 5920 qui
1682 5864 1869 5906 novam
1903 5857 2078 5906 tamen

2202 4758 2330 4817 puta
2365 4748 2479 4802 haec
2516 4750 2725 4814 versio,
2754 4764 2783 4803 a
2816 4746 3033 4803 Palladii
3065 4747 3298 4802 Historia
3337 4746 3598 4805 Lansiaca
3644 4755 3802 4823 plane

2201 4841 2409 4894 diversa
2458 4840 2560 4894 sub
2600 4841 2911 4908 Hieronymi
2959 4841 3192 4894 nomine.
3227 4839 3409 4895 Talem
3454 4843 3507 4895 in
3542 4843 3798 4901 Biblioth.

2201 4930 2535 4985 Coisliniana
2561 4946 2621 4984 se
2646 4929 3065 4998 deprehendisse
3093 4932 3300 4984 notavit
3326 4932 3796 5005 Montel‘alconius,

2201 5038 2253 5091 p.
2288 5021 2427 5088 198,
2485 5021 2585 5075 sub
2633 5020 2787 5076 titulo
2840 5018 3085 5075 Historiae
3136 5022 3501 5079 monachorum
3541 5028 3799 5101 zEgypti,

2201 5112 2354 5183 cujus
2398 5127 2584 5167 verum
2643 5121 2914 5166 auctorem
2965 5111 3059 5167 ilie
3106 5114 3320 5182 quidem
3375 5116 3687 5187 ignorabat,
3742 5132 3797 5176 ut

2199 5213 2325 5261 ante
2389 5220 2509 5259 eum
2548 5205 2701 5260 Joan.
2762 5203 3055 5271 Meursius,
3110 5207 3196 5277 qui
3256 5207 3311 5261 in
3362 5209 3678 5277 praefatione
3730 5214 3795 5268 ad

2203 5296 2418 5351 Palladii
2450 5296 2737 5349 Historiam
2766 5295 3103 5366 Lausi-team,
3136 5312 3290 5368 quam
3320 5314 3494 5369 grmce
3520 5305 3789 5373 vulgavit,

2200 5402 2363 5457 penes
2399 5402 2457 5441 se
2487 5386 2680 5442 librum
2723 5404 2843 5444 esse
2873 5390 3040 5459 inquit
3072 5391 3134 5444 de
3172 5391 3296 5446 Vitis
3322 5390 3539 5447 Patrum
3568 5396 3793 5469 nggpti

2195 5494 2223 5532 a
2269 5488 2452 5533 nostro
2494 5480 2632 5536 haud
2682 5482 2843 5537 dubie
2904 5497 3234 5552 nequaquam
3303 5485 3599 5542 diversum.
3651 5492 3787 5556 Qu'd

2191 5572 2333 5638 quod
2355 5570 2655 5631 Cotelerius
2676 5576 2810 5631 adeo
2840 5576 2892 5630 in
2913 5575 3153 5630 Monum.
3176 5592 3364 5647 grtec.,
3393 5588 3432 5631 t.
3463 5578 3551 5646 lll,
3578 5598 3632 5649 p.
3664 5584 3787 5647 171,

2190 5664 2558 5732 prazl‘atiouem
2601 5679 2655 5723 et
2687 5676 2891 5738 partem
2919 5666 3081 5736 hujus
3122 5670 3383 5724 versionis
3409 5685 3475 5725 ex
3511 5673 3787 5729 codicibus

2188 5756 2511 5814 Colbcrtinis
2546 5771 2601 5817 et
2640 5761 2830 5832 regiis,
2873 5774 3008 5829 quos
3048 5759 3226 5814 laudat
3276 5776 3329 5831 p.
3361 5760 3496 5828 564,
3531 5764 3780 5828 ediderit.

2189 5850 2274 5906 ubi
2314 5852 2364 5908 in
2402 5854 2522 5911 cod.
2552 5855 2866 5912 Colbertino
2906 5851 3042 5910 1215
3068 5852 3241 5909 Ruﬁni
3273 5854 3565 5912 Historiam
3595 5858 3785 5915 Grtrce
