4094 6344
251 331 318 387 53
1756 323 2061 383 norma.
3525 358 3597 415 ε,
3706 330 3711 337 ‘

250 444 519 511 scriptam
564 453 635 501 et
668 445 987 518 llieronymi
1019 444 1191 515 presb.
1219 429 1472 498 Dalmata:
1509 452 1703 498 nomen
1740 458 1884 543 prae:
1908 445 1960 503 Α
2058 447 2267 519 Belgica
2296 448 2386 519 ΙΙΙ,
2419 452 2581 522 1511,
2606 454 2813 528 Legdaa,
2843 462 2983 531 apud
3009 464 3165 521 Joan.
3191 468 3490 540 Seversoen,
3518 471 3594 543 1'0,

253 533 552 602 ferentem,
586 549 729 606 post
753 538 974 593 Palladii
1000 536 1304 591 Lausiacam
1334 542 1548 590 exstare
1578 534 1885 589 annotavit?

257 626 596 698 Fragmenta
637 631 818 685 etiam
853 628 1005 699 hujus
1032 628 1296 684 versionis
1325 643 1390 683 ex
1418 627 1802 683 codd.Venetis
1833 637 1889 683 et

258 718 604 787 Augustanis
634 720 982 792 Rosweydus
1007 721 1279 790 accepisse
1299 732 1359 775 se
1381 718 1571 775 scribit
1597 718 1802 789 proleg.
1829 718 1882 785 4,

263 808 374 879 §8,
408 825 463 879 p.
495 808 603 865 23.

334 916 451 973 Nec
481 916 695 973 Graece
722 918 899 973 solum
933 930 1084 973 versa
1125 923 1240 983 est,
1283 916 1380 973 sed
1423 916 1475 970 in
1512 916 1789 987 Syriacam
1829 925 1884 970 et

268 1012 564 1069 Arabicam
624 1013 877 1083 linguam
919 1014 1079 1069 etiam
1132 1012 1437 1077 transfusa,
1486 1021 1545 1067 ut
1585 1009 1889 1067 Fontanino

273 1107 543 1164 Maronita
577 1107 817 1178 quidam
855 1106 1125 1162 narrabat.
1166 1105 1627 1180 Frequentissime
1658 1105 1891 1174 denique

273 1198 473 1269 linguis
498 1198 911 1254 recentioribus
940 1197 1084 1267 loqui
1114 1196 1293 1262 docta,
1325 1210 1552 1267 quarum
1578 1195 1887 1251 versionum

275 1291 678 1362 antiquissimae
734 1298 863 1346 sunt
905 1289 1135 1356 Italiam,
1195 1289 1443 1359 plurimae
1487 1288 1737 1355 Gallicas,
1791 1300 1887 1344 nec

281 1384 535 1453 Belgicte,
567 1383 917 1439 Germanica:
942 1392 996 1438 et
1019 1382 1251 1452 Anglican
1280 1382 1494 1438 desunt.

364 1495 551 1550 Italica
574 1494 616 1560 l,
636 1494 804 1550 1476.
830 1495 1070 1558 Veneriis,
1085 1495 1225 1567 apud
1243 1497 1472 1550 AntIton.
1492 1495 1886 1563 Bartholomaei,

290 1584 356 1649 Γ,
388 1585 447 1639 in
489 1584 663 1640 libros
684 1600 736 1639 vt
776 1583 1055 1650 distincta,
1088 1600 1318 1675 quorum
1343 1585 1549 1653 primus
1577 1584 1890 1657 Hieronymi

298 1690 496 1731 nomen
533 1691 727 1746 gerens
756 1690 827 1731 ex
847 1676 1072 1733 diversis
1100 1679 1443 1749 auctoribus,
1476 1679 1571 1735 sed
1599 1678 1888 1735 maximam

294 1777 503 1836 partem
532 1765 757 1837 Ruﬁno,
780 1776 1011 1825 constat.

360 1880 550 1938 Italica
608 1881 652 1938 ll
685 1924 704 1951 ,
769 1882 929 1940 1589.
995 1883 1226 1940 Venetiis
1254 1926 1272 1954 ,
1328 1885 1468 1957 apud
1527 1884 1727 1942 Gnrros
1785 1887 1889 1957 (in

289 1975 622 2046 typograph.
672 1975 763 2030 dei
787 1973 1040 2047 Guerre),
1084 1976 1248 2046 ln-i',
1290 1992 1412 2034 cum
1447 1978 1631 2050 ﬁguris
1661 1995 1725 2037 ex
1754 1996 1890 2037 nova

287 2066 747 2137 interpretatione
779 2066 932 2123 Joan.
965 2068 1131 2124 Marci
1161 2068 1477 2127 Verdizotti.
1524 2101 1596 2111 —
1622 2071 1731 2128 Has
1760 2073 1892 2127 duas
1925 2078 1936 2085 ‘

286 2168 693 2214 commemorat
743 2158 1120 2230 Rosweydus;
1172 2160 1267 2216 sed
1329 2161 1487 2231 longe
1531 2162 1710 2231 plures
1754 2163 1889 2218 intra

285 2264 592 2319 paucorum
626 2264 894 2305 annorum
935 2251 1169 2320 spatium
1216 2253 1413 2307 sarculo
1442 2268 1510 2307 xv
1536 2252 1685 2308 Italia
1718 2253 1889 2319 vidit,

290 2357 525 2410 quarum
595 2350 724 2397 octo
791 2358 926 2397 unus
979 2342 1251 2399 Francisci
1301 2342 1425 2398 Car.
1479 2344 1632 2400 Alter
1677 2346 1891 2402 libellus

293 2432 685 2505 (Bibliograpit.
713 2433 1059 2489 Nachrichten
1094 2435 1269 2504 Wien,
1294 2437 1453 2503 1779,
1478 2437 1639 2508 in-8°)
1666 2437 1888 2508 profert,

292 2542 496 2596 nempe
527 2527 583 2580 1°
614 2528 778 2594 1475,
826 2530 876 2582 in
916 2529 1116 2584 l'inetia
1139 2572 1153 2596 ,
1189 2531 1449 2598 impresse
1480 2532 1545 2587 da
1574 2532 1651 2585 Μ.
1687 2533 1893 2588 Gabriel

291 2619 346 2672 di
400 2619 592 2673 Pietro
652 2621 721 2673 da
772 2619 814 2673 Τ
820 2622 1025 2688 rivisio,
1100 2623 1166 2689 1°,
1219 2623 1400 2678 nitidis
1448 2624 1891 2694 cltaracteribus,

292 2712 564 2767 columnis
609 2714 805 2768 sectis:
851 2713 909 2767 2'
959 2713 1119 2781 1477,
1167 2716 1218 2768 in
1265 2714 1521 2782 Vitenza,
1573 2732 1665 2785 per
1712 2717 1889 2774 Herm.

295 2800 697 2867 Licchtenstein,
724 2802 790 2869 1";
821 2802 877 2856 5°
908 2804 1062 2872 1479,
1089 2803 1141 2858 itt
1173 2803 1401 2869 Vinetia,
1435 2821 1529 2874 per
1561 2804 1638 2859 Μ.
1670 2806 1892 2861 Nicolao

298 2894 658 2967 Girandengo,
694 2896 759 2961 l";
790 2896 845 2948 4⁸³
872 2896 1036 2966 1485,
1069 2901 1119 2953 in
1160 2899 1414 2967 Venezia,
1443 2916 1536 2971 per
1567 2900 1894 2958 Bernardino

294 2987 347 3040 di
394 2986 532 3041 Pino
586 2987 655 3041 da
703 2987 899 3054 Coma,
951 2988 1016 3057 1°;
1045 2989 1101 3042 5"
1128 2992 1296 3057 1490,
1348 2992 1399 3045 in
1442 2991 1672 3059 Milano,
1723 2996 1891 3065 pergli

295 3078 518 3133 discreti
582 3079 875 3149 Compagni
927 3080 1197 3136 Leonardo
1245 3081 1439 3139 Pachel
1488 3092 1542 3140 et
1610 3084 1893 3141 Huldsrico

300 3169 709 3235 Scinzenzeller,
744 3170 811 3236 l',
844 3171 1033 3226 litteris
1050 3172 1294 3228 Golhicis
1320 3175 1664 3242 minusculis,
1690 3177 1893 3248 absque
1923 3205 1971 3267 α
2004 3214 2054 3268 in

298 3262 624 3332 signaturis;
674 3261 729 3317 6°
774 3262 949 3332 1495,
998 3265 1048 3320 in
1090 3265 1333 3338 Vinegia,
1393 3283 1484 3337 per
1533 3268 1892 3337 Gioanne,f°;

302 3354 360 3407 7⁸
414 3353 599 3421 1499,
649 3356 702 3409 1η
759 3355 992 3422 Milano,
1038 3373 1134 3428 per
1182 3358 1260 3414 M.
1297 3359 1422 3415 Uld.
1474 3359 1781 3433 Scinzenz.,
1827 3364 1895 3429 l0;

306 3444 363 3500 8⁸
390 3443 553 3512 1499,
587 3446 640 3501 in
677 3445 920 3516 Vmezia,
954 3463 1048 3519 per
1076 3448 1367 3523 Cristof..di
1398 3450 1590 3519 Pensa,
1622 3453 1684 3507 l°.

380 3559 588 3615 Gallica
638 3561 693 3627 1,
742 3560 916 3626 1486,
947 3562 1221 3636 Lugduni,
1279 3564 1525 3622 laudatur
1568 3567 1621 3622 in
1664 3567 1899 3624 editione

307 3652 530 3723 Anglice
554 3668 677 3708 mox
705 3654 1039 3711 adducenda.

377 3765 587 3821 Gallica
615 3767 680 3835 11,
714 3768 875 3837 1494,
903 3768 1143 3837 Parisiis,
1166 3787 1254 3841 ap.
1273 3771 1436 3827 Joan.
1469 3771 1661 3842 Dupré.
1689 3775 1755 3839 l“,
1776 3787 1896 3830 cum

308 3863 531 3933 ﬁguris,
588 3863 884 3931 interprete
939 3878 1227 3936 anonymo.
1288 3866 1365 3921 Ex
1413 3867 1652 3921 secunda
1710 3867 1899 3921 Latina

308 3969 627 4024 expressum
658 3965 840 4010 monet
869 3955 1221 4027 Rosweydus.

381 4045 591 4101 Gallica
622 4047 691 4103 Ill
714 4090 728 4115 ,
782 4047 1026 4115 Parisiis,
1055 4050 1258 4120 absque
1288 4049 1486 4106 indicio
1512 4051 1637 4106 anni
1664 4059 1720 4106 et
1748 4058 1900 4123 typo-

315 4142 527 4213 graphi,
571 4142 714 4197 iri-4°
760 4157 881 4198 cum
939 4142 1144 4213 ﬁguris.
1196 4143 1329 4200 Cum
1372 4146 1712 4215 prtecedente
1742 4148 1900 4217 plane

311 4234 602 4289 convenire
625 4249 690 4290 ac
721 4234 856 4291 forte
879 4250 941 4291 ea
965 4237 1200 4307 priorem
1221 4252 1342 4294 esse
1372 4238 1706 4311 Rosweydus
1728 4245 1899 4295 notat.

382 4325 587 4383 Gallica
607 4326 696 4393 IV,
714 4326 877 4398 1605,
894 4326 1133 4395 Parisiis,
1152 4333 1294 4402 apud
1310 4329 1576 4387 Guillelm.
1592 4332 1898 4394 CItaudiere.

274 4419 455 4476 ill-4°
506 4437 633 4477 cum
678 4421 893 4492 ﬁguris,
946 4424 1241 4490 interprete
1280 4440 1567 4498 anonymo.
1614 4427 1693 4482 Ex
1741 4429 1900 4483 tertia

316 4510 499 4589 Latina
527 4527 843 4582 expressam
883 4515 1002 4571 vnlt
1040 4516 1389 4590 Rosweydus.
1443 4520 1687 4586 Quatuor
1736 4518 1902 4573 libros

1990 540 2235 608 sequitur
2255 542 2489 612 priores.

2066 630 2399 702 Germanica,
2431 639 2544 693 sine
2574 644 2701 695 anni
2728 652 2773 696 et
2792 644 2893 698 loci
2913 647 3128 716 indicio,
3164 650 3210 704 [ο
3235 666 3357 708 cum
3387 655 3572 724 ﬁguris
3594 697 3607 710 .

1990 720 2264 781 Convenit
2318 726 2435 783 fere
2483 745 2603 785 eum
2640 733 2851 804 Belgica
2882 738 3140 796 editione.
3172 743 3356 800 Ruﬁni
3389 720 3521 801 Vitae
3573 765 3600 801 a

1991 817 2126 873 folio
2153 821 2223 874 85
2253 821 2473 878 circiter
2504 825 2569 878 ad
2606 826 2702 879 161
2749 831 3134 889 extenduntur.

2064 910 2489 981 Anglica,1493,
2538 914 3014 977 Westmonasterici
3056 928 3199 996 apud
3244 928 3487 1002 Wynkyn
3541 934 3602 986 de

1997 999 2212 1069 Worde,
2238 1002 2303 1069 l",
2329 1004 2624 1074 interprete
2653 1010 2920 1068 Guilelmo
2940 1013 3172 1086 Capton,
3205 1020 3271 1075 ad
3300 999 3601 1081 editionem

1992 1091 2251 1151 Gallicam
2276 1096 2629 1168 Lugdunens.
2668 1102 2808 1161 1486
2830 1108 3078 1165 confecta
3108 1122 3209 1170 est.

2063 1274 2299 1369 Godices.
2343 1277 2429 1334 Ex
2477 1280 2725 1352 pluribus
2778 1289 2962 1344 harum
2994 1290 3237 1350 Vitarum
3277 1300 3595 1369 codicibus,

1993 1367 2080 1435 qui
2114 1368 2419 1440 Rosweydo
2448 1381 2647 1441 praesto
2676 1374 2928 1447 fuerunt,
2958 1380 3134 1437 Ruﬁni
3192 1386 3389 1445 librum
3430 1367 3591 1447 exiti?

1992 1462 2236 1519 hebant:

2064 1556 2171 1611 Ms.
2206 1557 2269 1613 S.
2298 1559 2537 1616 Floriam'
2559 1603 2576 1630 ,
2609 1563 2654 1619 Γ
2688 1565 2744 1620 in
2770 1568 3077 1627 membrana
3115 1582 3239 1630 ante
3266 1589 3439 1634 annos
3478 1578 3584 1633 800

1991 1648 2243 1718 scriptus.

2071 1741 2180 1799 Ms.
2216 1743 2653 1816 Ingolstadieusis
2680 1752 2888 1825 collegii
2916 1755 3043 1815 Soc.
3071 1757 3228 1830 Iesu,
3264 1761 3311 1817 Ιυ
3338 1762 3390 1817 in
3418 1778 3585 1821 mem-

1921 1822 1967 1883 B
1995 1834 2161 1891 brana
2189 1837 2422 1909 scriptus
2448 1842 2605 1898 valde
2636 1822 2906 1904 vetustus.

2068 1927 2174 1984 Ms.
2206 1933 2607 1992 Andomarensis
2642 1953 2708 1995 ex
2730 1942 2961 1998 ecclesia
3009 1944 3291 2015 collegiate
3317 1947 3373 2003 8.
3404 1948 3587 2005 Audo-

1996 2020 2154 2088 mari,
2183 2030 2429 2080 vetustus
2453 2037 2507 2081 et
2552 2031 2781 2088 maxime
2813 2033 3098 2104 perfectus.
3138 2037 3356 2095 Librum
3402 2039 3580 2096 Ruﬁni

1996 2115 2095 2167 sub
2119 2115 2287 2185 ipsius
2312 2118 2529 2174 nomine
2558 2121 2794 2178 exhibet.
3572 2134 3577 2139 ’

2070 2209 2174 2261 Ms.
2191 2208 2572 2281 Afﬂigeniemis
2592 2230 2655 2269 ex
2674 2217 2883 2272 abbatia
2900 2217 2958 2274 S.
2978 2219 3118 2275 Petri
3158 2224 3296 2294 apud
3340 2216 3580 2281 Alostum

1997 2296 2060 2364 1⁸,
2092 2301 2403 2357 membrana
2436 2302 2591 2359 bona:
2620 2316 2779 2363 notae.

2074 2390 2177 2447 Ms.
2212 2393 2571 2451 Crisbiniensis
2598 2413 2664 2454 ex
2699 2402 3023 2457 monasterio
3051 2403 3167 2458 0rd.
3198 2405 3256 2461 S.
3282 2407 3410 2461 Ben.
3442 2410 3582 2478 apud

2000 2482 2361 2554 Valentianas,
2382 2487 2424 2542 Ρ
2444 2490 2492 2542 in
2519 2491 2828 2548 membrana
2855 2495 3087 2564 scriptus
3112 2511 3141 2549 a
3161 2505 3367 2553 vetusta
3395 2516 3579 2556 manu.

2070 2576 2173 2631 Ms.
2201 2578 2585 2649 Aquicinclimts
2616 2600 2681 2639 ex
2706 2586 2953 2642 cmnobio
2983 2587 3100 2643 ord.
3128 2588 3184 2645 S.
3212 2590 3413 2647 Bened.
3441 2595 3580 2665 apud

1998 2666 2231 2723 Duacum
2251 2711 2263 2733 ,
2297 2671 2339 2725 [θ
2366 2673 2417 2725 in
2446 2674 2780 2731 membrana.
3098 2682 3099 2685 “

2071 2759 2174 2814 Ms.
2211 2760 2482 2817 Ltrtiettsis
2512 2768 2684 2829 maior
2708 2782 2771 2823 ex
2798 2772 3126 2828 monasterio
3155 2772 3210 2829 S.
3260 2774 3458 2831 Bened.
3487 2778 3587 2831 sub

1998 2853 2292 2920 patrocinio
2347 2854 2406 2910 S.
2472 2855 2779 2924 Latnberti,
2840 2860 2885 2914 1"
2946 2863 2997 2917 in
3056 2865 3386 2920 membrana.
3429 2867 3589 2922 Liber

1997 2944 2265 2998 secundus
2315 2946 2401 3002 hic
2445 2947 2824 3007 Posthumiano
2862 2956 3149 3011 ascribitur
3187 2970 3240 3013 et
3287 2959 3484 3016 dicitur
3521 2962 3587 3017 ad

1999 3032 2308 3105 Phydosum
2336 3037 2553 3093 missus.

2072 3123 2174 3179 Ms.
2208 3125 2477 3183 Lwtiensis
2515 3132 2718 3199 minor,
2751 3134 2877 3190 olim
2906 3135 2964 3193 8.
3000 3137 3274 3196 Michaelis
3322 3141 3376 3197 in
3406 3141 3586 3210 Sarto,

2060 3214 2149 3267 -4⁸
2176 3216 2228 3270 in
2259 3220 2590 3275 membrana.

2075 3305 2179 3359 Ms.
2234 3307 2395 3363 Bome
2421 3309 2548 3380 Spei
2588 3327 2652 3367 ex
2682 3313 2894 3370 abbatia
2927 3317 3169 3386 ejusdem
3201 3323 3431 3378 nominis
3465 3326 3584 3381 0rd.

2003 3400 2406 3459 Praemonstrat.
2466 3405 2606 3474 apud
2642 3406 2918 3462 Binchium
2961 3410 3256 3469 Hannonize
3292 3415 3587 3485 oppidum,

2004 3492 2142 3549 ἰηο4⁰
2168 3494 2277 3549 obl.
2309 3496 2361 3549 in
2413 3498 2723 3553 membrana
2755 3501 3067 3558 charactere
3103 3504 3243 3561 bono
3287 3516 3342 3563 et
3380 3519 3588 3567 vetere.

2005 3585 2320 3657 Fragmenta
2368 3597 2569 3645 tantum
2595 3607 2659 3646 ex
2692 3591 2919 3651 diversis
2956 3595 3104 3651 libris
3138 3606 3193 3652 et
3235 3598 3427 3657 Ruﬁno
3456 3618 3589 3657 cutt-

2004 3677 2156 3733 tinet.

2076 3768 2180 3824 Ms.
2233 3770 2575 3842 Horatianus,
2638 3773 2681 3827 i‘
2707 3774 2758 3829 in
2790 3776 3097 3834 membrana
3124 3823 3139 3848 ,
3176 3797 3281 3837 non
3311 3784 3465 3839 valde
3492 3801 3589 3846 ve-

2004 3872 2176 3919 tustus
2205 3867 2441 3935 quidem,
2488 3869 2582 3923 sed
2607 3869 2831 3939 plurima
2858 3874 3160 3931 continens.
3196 3876 3371 3934 Ruﬁni
3396 3881 3591 3939 librum

2007 3956 2390 4013 Postbumiano
2438 3970 2496 4015 nt
2550 3959 2831 4019 Lentiensis
2877 3964 3047 4034 major
3088 3970 3328 4026 ascribit.
3378 3977 3423 4027 A
3465 3973 3593 4029 liliis

1959 4092 1968 4098 .
2009 4045 2074 4100 D.
2098 4047 2286 4103 Moreti
2321 4062 2602 4120 acceperat
2629 4053 2983 4127 Rosweydus.

2077 4140 2181 4194 Ms.
2213 4142 2273 4197 S.
2298 4141 2485 4198 Jacobi
2516 4145 2567 4199 in
2596 4146 2794 4213 Insula,
2830 4151 2914 4203 ubi
2947 4159 3030 4205 est
3076 4149 3287 4207 abbatia
3324 4155 3497 4210 ortlin.
3530 4155 3590 4213 S.

2007 4233 2207 4290 Bened.
2240 4236 2448 4300 [.eodii,
2481 4238 2523 4291 Γ
2556 4238 2609 4293 in
2642 4243 2954 4296 membrana
2986 4259 3075 4296 an.
3107 4243 3242 4297 1312
3272 4248 3519 4315 scriptus.

2081 4328 2154 4383 Ex
2210 4330 2395 4384 eadem
2435 4330 2648 4385 ablatia
2689 4332 2919 4389 habebat
2965 4334 3204 4390 libellum
3255 4337 3596 4400 chartaceum

2007 4418 2172 4484 ἱππ-8⁸,
2202 4421 2254 4474 in
2281 4436 2388 4489 quo
2419 4420 2536 4475 Vita
2558 4423 2615 4476 8.
2646 4422 2907 4492 Onupbrii
2936 4434 3051 4479 erat
3078 4428 3279 4483 recenti
3304 4442 3484 4485 manu.

2081 4509 2188 4567 Ms.
2220 4509 2637 4567 Camberonensis
2661 4527 2727 4570 ex
2751 4513 2961 4571 abbatia
2986 4513 3044 4573 S.
3072 4515 3250 4574 Mariae
3275 4518 3342 4576 de
3365 4519 3598 4578 Gambe-

316 4584 521 4662 tantum
546 4609 1027 4674 continet,omi~so
1050 4584 1506 4682 totoquintolihro
1522 4620 1578 4667 et
1591 4609 1898 4667 Paschasio.
1937 4585 1987 4647 Ῐ)
2012 4615 2144 4656 Γοῐιθ
2174 4601 2295 4657 Ordo
2324 4603 2385 4660 5-
2432 4603 2691 4661 Βοΐηεηάί
2719 4607 2859 4673 amid
2891 4608 3089 4664 Album
3112 4652 3128 4676 ν
3170 4610 3222 4667 in
3254 4615 3598 4684 membrana.

384 4698 593 4756 Gallica
622 4700 688 4767 V,
748 4700 918 4768 1606,
968 4701 1226 4769 Parisiis,
1265 4720 1353 4777 ap.
1387 4702 1531 4759 Guil.
1559 4705 1624 4761 de
1654 4705 1707 4761 la
1737 4703 1902 4771 Nave,

317 4789 484 4859 iit-8°,
521 4792 822 4868 interprete
862 4792 1064 4851 Jacobo
1094 4794 1355 4852 Gaultier.
1391 4792 1643 4851 Continet
1674 4800 1903 4868 primum

319 4890 367 4937 ct
407 4884 709 4939 secundum
762 4863 951 4941 lﬁirum
1009 4886 1298 4958 Rosweydi
1342 4887 1677 4944 collectionis
1707 4905 1774 4945 ex
1814 4890 1902 4944 ed.

317 4977 547 5031 secunda
584 4976 792 5031 Latina.

383 5068 590 5125 Gallica
617 5069 709 5136 Vl,
742 5068 902 5134 1657,
940 5069 1156 5125 Parisiis
1180 5113 1194 5136 ,
1221 5072 1364 5139 apud
1399 5071 1613 5127 Petrum
1646 5072 1867 5127 Potitum
1888 5114 1902 5139 ,

318 5161 489 5228 in-lt",
521 5161 753 5228 interpr.
778 5160 1017 5216 Arnoldo
1048 5161 1283 5217 Andillio
1309 5166 1437 5217 torni
1485 5180 1519 5218 n
1547 5164 1636 5217 ed.
1670 5167 1725 5221 4.

383 5251 593 5307 Gallica
623 5251 749 5316 Vll,
792 5250 983 5307 Fosseo
1010 5254 1331 5325 interprete,
1362 5256 1609 5311 laudatur
1656 5274 1687 5315 a
1741 5258 1907 5316 Tille-

312 5348 519 5402 montio
551 5347 605 5400 in
645 5345 761 5401 Vita
790 5346 846 5402 S.
877 5348 1166 5417 Apollonii,
1198 5357 1236 5402 t.
1272 5364 1333 5415 x,
1364 5363 1419 5418 p.
1452 5352 1543 5406 56.

382 5438 602 5510 Belgica
632 5436 678 5502 l,
712 5435 849 5491 1490
872 5437 1126 5507 (Zwollte)
1159 5455 1251 5507 ap.
1297 5439 1509 5496 Petrum
1547 5458 1641 5496 van
1677 5446 1752 5499 0s
1775 5484 1790 5509 ,
1843 5447 1908 5500 i".

313 5528 536 5582 Constat
587 5525 764 5580 tribus
817 5526 1053 5595 partibus
1097 5529 1250 5584 varie
1302 5529 1576 5598 dispositis
1602 5544 1657 5588 et
1702 5534 1907 5591 mixtis.

316 5621 492 5675 Rulini
519 5618 720 5674 librum
751 5625 916 5672 totum
944 5620 1199 5674 continet.

383 5712 600 5781 Belgica
632 5707 697 5772 ll,
752 5708 905 5776 1498,
936 5709 1165 5779 Delphis,
1204 5715 1347 5780 apud
1380 5713 1664 5773 Henrirum
1721 5716 1909 5785 Ekert,

315 5821 408 5857 run
445 5799 763 5867 Hombreclt,
791 5799 856 5868 Ιο,
886 5801 1043 5870 priori
1075 5801 1291 5860 similis.

2013 4692 2054 4748 l°
2081 4694 2386 4751 recentiore
2419 4711 2600 4751 manu.
2632 4697 2793 4756 Liber
2835 4699 3010 4756 Ruﬁni
3043 4704 3141 4757 sub
3172 4703 3275 4760 hoc
3322 4706 3475 4762 titulo
3505 4721 3601 4764 ve-

2012 4786 2090 4840 nit
2121 4804 2135 4840 :
2163 4788 2425 4858 Incipiunt
2443 4801 2587 4844 actus
2619 4791 2727 4847 SS.
2775 4791 2992 4847 Patrum
3020 4812 3054 4849 a
3095 4794 3462 4853 Postltumiano
3492 4817 3604 4855 mo-

2012 4881 2174 4934 nacho
2198 4884 2322 4936 editi
2343 4894 2392 4936 et
2414 4885 2483 4936 ad
2513 4883 2765 4940 Fidosum
2795 4889 2956 4942 missi.

2086 4973 2189 5028 Ms.
2222 4974 2703 5032 Claromarescanus
2732 4995 2800 5034 ex
2833 4980 3043 5036 abbatia
3092 4982 3147 5037 S.
3181 4984 3359 5039 Malia:
3390 4986 3457 5041 de
3487 4984 3607 5040 Cla-

2015 5080 2325 5122 romaresco
2343 5068 2495 5136 juxta
2519 5070 2909 5138 Audomarum,
2935 5073 3054 5127 0rd.
3078 5071 3133 5128 S.
3171 5076 3449 5142 Bernartli,
3476 5074 3520 5128 1"
3553 5079 3605 5132 in

2017 5160 2329 5215 membrana
2373 5162 2685 5217 charactere
2731 5162 2909 5231 bono,
2954 5166 3046 5220 sed
3076 5182 3182 5220 non
3228 5170 3380 5225 Valde
3410 5170 3605 5224 veteri.

2020 5252 2176 5309 Liber
2200 5253 2377 5308 Ruﬁni
2409 5254 2539 5308 nulli
2571 5258 2777 5310 auctori
2810 5259 3097 5329 inscriptus
3123 5272 3225 5316 est.

2093 5345 2196 5400 Ms.
2247 5347 2308 5400 S.
2338 5345 2523 5399 Mariae
2548 5346 2771 5401 Bibraclt
2816 5350 2867 5402 in
2902 5349 3185 5405 Germania
3208 5394 3223 5419 ,
3275 5353 3321 5406 [ο
3350 5353 3404 5407 in
3434 5367 3608 5406 mem-

2023 5437 2208 5501 brana,
2234 5438 2542 5493 charactere
2566 5448 2835 5507 utcunque
2865 5451 3091 5495 vetusto.

2086 5530 2196 5585 Ms.
2230 5531 2287 5585 S.
2324 5530 2468 5585 Petri
2500 5532 2550 5585 in
2582 5531 2833 5600 Munster,
2870 5533 2911 5586 Γ
2943 5536 2992 5587 in
3034 5535 3339 5589 membrana
3361 5576 3377 5601 ,
3409 5548 3603 5588 recen-

2024 5623 2157 5679 tiore
2210 5624 2523 5679 charactere
2577 5625 2822 5696 quaedam
2875 5634 3075 5680 tantum
3120 5641 3187 5680 ex
3239 5627 3375 5684 libro
3424 5627 3603 5685 Rttlini

2022 5720 2276 5777 continet.

2099 5812 2200 5867 Ms.
2228 5813 2288 5869 S.
2324 5812 2558 5883 Srpulcri
2586 5813 2756 5884 Major
2781 5826 2843 5867 ex
2884 5809 3207 5865 monasterio
3229 5810 3289 5868 S.
3320 5810 3561 5881 Sepulcri
3584 5853 3602 5879 ,
