4094 6344
562 328 631 386 55
1564 333 1859 392 RUFINUS
1901 325 2384 398 AQUILEIENSIS
2423 326 2849 385 PRESBYTER.
3773 341 3836 395 5f;

560 448 703 518 quod
734 445 1012 504 Cameraci
1040 460 1123 505 es,
1147 450 1269 505 om.
1294 450 1349 506 ε,
1378 451 1603 516 Βρηεάη
1638 450 1678 503 ιο
1709 450 2026 505 οιιειιωεεηε
2067 461 2153 501 τε-
2178 444 2229 502 Α
2256 450 2442 495 auctor
2490 442 2681 497 saltem
2712 442 2943 497 Jacobus
2975 442 3146 497 Faber
3176 443 3528 513 Slapttlensis.
3572 446 3835 507 Caeterum

564 542 807 597 centiore
843 557 1023 596 manu.
1064 542 1244 598 Ruﬁni
1284 543 1418 597 liber
1444 542 1687 597 Palladio
1715 541 1964 597 tribuitur
1987 549 2041 597 et
2080 541 2147 595 ab

569 634 896 707 Hieronymo
921 634 1105 693 Grzece
1134 652 1322 693 versus
1348 637 1560 693 dicitur.

634 724 737 780 Ms.
769 728 829 783 S.
859 728 1095 799 Sepulcri
1114 728 1308 794 Maior,
1337 728 1477 783 ἰπὶ-4⁸
1511 730 1563 783 in
1605 732 1952 797 membrana,
1982 744 2144 785 manu

559 819 783 873 recenti.
819 819 1034 874 Librum
1068 822 1242 876 Ruﬁni
1268 822 1594 893 Hieronymo
1626 823 1828 878 tribuit.

628 909 732 963 Ms.
819 910 1272 965 Cartltusianorum
1332 914 1515 967 Mariae
1578 913 1647 969 de
1715 914 1894 969 Gratia
1980 930 2143 986 prope

559 1001 855 1069 Bruxellas,
886 1004 931 1057 Γ
954 1004 1004 1057 in
1033 1006 1343 1060 membrana
1366 1007 1594 1075 scriptus
1624 1020 1714 1061 an.
1746 1005 1904 1060 1460.

634 1093 739 1146 Ms.
764 1094 1215 1148 Rummundanus
1258 1110 1325 1150 ex
1380 1096 1607 1167 collegio
1635 1112 1748 1152 soe.
1780 1098 1906 1154 Jesu
1955 1098 2142 1154 Rurae-

552 1188 799 1253 mundae,
828 1186 871 1240 i"
902 1189 949 1239 in
980 1188 1291 1243 membrana
1316 1231 1331 1257 ,
1364 1204 1429 1245 ex
1466 1190 1552 1245 ed.
1582 1192 1752 1261 prima
1794 1192 2005 1247 videtur
2039 1209 2143 1249 ex-

551 1279 802 1349 scriptus.

625 1369 727 1423 Ms.
755 1371 965 1426 Sionius
1015 1371 1328 1429 monasterii
1367 1374 1736 1445 religiosorum
1766 1375 1831 1431 de
1855 1376 1986 1433 Sion
2014 1376 2132 1432 0rd.

550 1458 605 1515 S.
668 1462 953 1531 Augustini
991 1462 1268 1533 Cortraci,
1312 1464 1356 1519 Γ
1397 1467 1712 1522 chartaceus
1760 1468 1992 1539 scriptus
2044 1486 2132 1524 an.

546 1551 718 1619 1169,
751 1553 893 1608 baud
922 1554 1081 1611 dubie
1110 1556 1177 1611 ad
1205 1557 1293 1613 ed.
1324 1558 1572 1628 primam.

545 1664 630 1719 Ill.
672 1664 853 1720 Basilii
884 1665 1065 1738 Magni
1100 1667 1307 1740 Regula
1336 1685 1433 1726 seu
1462 1669 1709 1727 Instituta
1738 1675 2130 1731 monachorum.

616 1776 741 1831 llaec
771 1777 949 1833 Ruiini
978 1781 1181 1845 versio,
1210 1790 1268 1836 ut
1308 1783 1376 1839 ab
1405 1784 1523 1853 ipso
1551 1785 1680 1841 olim
1729 1786 1783 1842 in
1822 1787 1971 1842 Italia
2004 1788 2123 1842 vul-

541 1875 658 1936 gata
689 1878 829 1934 erat,
862 1870 1035 1926 sancti
1064 1872 1342 1930 Benedicti
1393 1891 1509 1933 aevo
1540 1877 1697 1948 vulgo
1722 1878 1923 1948 Regula
1950 1881 2123 1935 sancti

543 1958 727 2015 Basilii
757 1962 1030 2033 audiebat,
1062 1974 1223 2036 atque
1248 1976 1373 2023 tunc
1402 1969 1659 2039 temporis
1688 1982 1740 2025 et
1770 1969 1823 2024 in
1849 1972 2125 2041 sequenti-

541 2049 640 2104 bus
671 2052 886 2108 saaculis
907 2054 1175 2125 frequenti
1208 2058 1440 2115 lectione
1468 2074 1563 2130 per
1588 2062 1915 2117 monasteria
1944 2076 2127 2117 versa-

539 2140 717 2196 batur.
743 2143 813 2199 At
837 2147 1227 2203 recentioribus
1257 2164 1287 2203 a
1319 2150 1676 2222 typograpbia
1725 2152 1941 2207 inventa
1983 2160 2123 2207 tem-

539 2235 764 2303 poribus
792 2251 898 2293 non
926 2240 1216 2299 admodum
1244 2246 1384 2314 typis
1414 2245 1751 2315 frequentata
1776 2254 1878 2301 est.
1910 2245 2125 2302 Primus

538 2342 657 2384 eam
687 2330 923 2401 vulgavit
947 2333 1185 2392 Joannes
1213 2336 1536 2393 Franciscus
1582 2338 1867 2396 Brixianus
1888 2382 1902 2407 ,
1937 2355 2123 2396 mona-

536 2421 672 2477 cbus
700 2426 1131 2495 congregationis
1157 2438 1361 2485 sanctae
1389 2429 1639 2497 Iustinae,
1671 2446 1815 2487 anno

610 2512 771 2569 1500.
807 2515 1058 2585 Venetiis,
1081 2520 1224 2589 apud
1252 2519 1445 2576 Lucam
1466 2521 1745 2578 Antonium
1772 2523 2007 2596 Juntam,
2041 2527 2123 2582 in-

536 2604 618 2671 4",
653 2606 707 2663 in
737 2607 876 2665 libro
910 2613 993 2666 cui
1045 2612 1267 2670 titulus:
1299 2616 1532 2682 Quatuor
1562 2618 1785 2688 primunt
1825 2620 2123 2686 approbata:

541 2697 801 2770 religiosis
812 2702 1093 2775 quibusque
1106 2706 1303 2761 vivendi
1326 2708 1583 2778 formulae.
1612 2710 1737 2767 Hac
1755 2709 1920 2767 editio
1935 2720 2119 2782 postea

536 2801 795 2846 renovata
827 2802 910 2849 est
941 2810 1085 2851 anno

606 2882 766 2939 1519.
793 2883 1040 2957 Parisiis,
1063 2890 1205 2961 apud
1224 2889 1383 2948 Joan.
1414 2893 1575 2963 Petit,
1606 2894 1771 2961 εει-ιο,
1799 2895 1887 2950 ubi
1913 2904 2113 2963 tamen,

533 2984 590 3030 ut
619 2975 953 3036 Fontaninus
982 2981 1270 3053 observat,
1318 2985 1407 3056 qui
1451 2988 1505 3041 in
1544 2987 1819 3043 codicibus
1854 3004 1981 3045 mss.
2035 2999 2118 3046 est

539 3063 773 3134 Urseius,
805 3069 1065 3127 mendose
1091 3073 1396 3144 appellatur
1428 3075 1711 3147 Ursarius,
1740 3080 1968 3136 fortasse
2008 3080 2114 3136 Ur-

531 3154 702 3210 sacius
743 3156 1024 3215 dicendus.
1072 3161 1365 3218 Monachus
1408 3163 1697 3222 Brixianus
1745 3168 2019 3224 adnotavit
2062 3169 2115 3223 in

531 3244 638 3301 ﬁne
665 3246 805 3303 hanc
831 3251 1073 3320 regulam
1098 3251 1150 3307 in
1179 3268 1276 3310 suo
1305 3254 1457 3312 fonte
1478 3258 1617 3329 apud
1650 3258 1867 3316 Graecos
1889 3262 2117 3332 amplio-

530 3355 642 3395 rem
674 3342 809 3397 etin
856 3344 1046 3401 ordine
1100 3350 1486 3407 accuratiorem
1536 3351 1749 3418 haberi,
1789 3369 2019 3425 eamque
2057 3371 2118 3412 se

528 3445 642 3482 cum
672 3432 790 3486 aliis
831 3436 1062 3505 ejusdem
1104 3435 1287 3492 Basilii
1327 3441 1541 3497 diversis
1582 3444 1882 3499 tractatibus
1924 3445 2117 3514 Ruﬁno

529 3522 825 3593 interprete
852 3528 1161 3596 propediem
1195 3528 1399 3587 Latinis
1446 3532 1771 3591 donaturum
1794 3545 1844 3593 τι.
1873 3538 1955 3592 Ad
1998 3552 2115 3591 ma-

530 3629 631 3668 nus
664 3625 879 3671 nostras
905 3628 989 3673 est
1026 3620 1195 3678 editio
1235 3639 1458 3695 operum
1489 3625 1669 3680 Basilii
1720 3627 1898 3697 Magni
1929 3628 2115 3682 Latina

528 3721 598 3761 ex
628 3707 1160 3778 interpretationibus
1198 3715 1355 3773 Joan.
1403 3718 1763 3789 Argyropuli,
1789 3717 1939 3789 {Gem
1978 3718 2115 3773 Tra-

528 3800 765 3865 pezuntii
798 3809 853 3855 et
880 3802 1168 3873 Raphaelis
1198 3805 1568 3875 Volaterrani,
1599 3824 1740 3864 anno

598 3888 761 3945 1525.
804 3890 1045 3961 Parisiis,
1092 3896 1234 3966 apud
1274 3896 1402 3952 Jad.
1449 3896 1587 3951 Bad.
1635 3897 1874 3961 Ascens.,
1905 3896 2111 3962 in-fol.,

527 3992 737 4051 parata,
768 3984 821 4039 in
849 4002 953 4057 qua
981 3988 1183 4059 Regula
1227 3990 1294 4047 de
1325 3991 1668 4047 institutione
1720 3991 2111 4048 monachorum

522 4075 720 4133 Ruﬁno
752 4079 1042 4151 interprete
1068 4097 1098 4137 a
1129 4082 1257 4138 folio
1286 4083 1383 4136 156
1414 4098 1585 4155 usque
1615 4084 1666 4139 in
1700 4085 1861 4140 linem
1889 4084 2107 4158 legitur.

522 4168 638 4225 Fol.
678 4170 780 4225 155
823 4182 1073 4228 extremo
1103 4174 1344 4242 prtefatio
1386 4173 1567 4229 Ruﬁni
1610 4175 1663 4229 in
1713 4189 1848 4244 opus
1895 4176 2065 4246 ipsum
2091 4220 2107 4247 ,

523 4269 663 4334 quod
701 4271 968 4339 capitibus
998 4280 1215 4326 centum
1246 4278 1479 4337 constat,
1516 4270 1731 4339 legitur.
1765 4272 1819 4327 ln
1850 4273 1954 4329 line
1978 4290 2112 4345 pra--

520 4360 764 4416 cedentis
811 4362 1055 4431 opusculi
1105 4362 1511 4433 subscriptum:
1556 4362 1711 4416 Finis
1762 4363 1990 4432 Operam
2036 4366 2106 4421 ι).

517 4448 701 4503 Basilii
734 4451 804 4504 Μ.
838 4468 930 4521 per
960 4452 1023 4506 R.
1062 4453 1472 4509 Volaterranum
1498 4456 1880 4511 traductorum.
1917 4458 2108 4528 Sequi-

515 4550 600 4592 tur
631 4541 833 4611 Regula
873 4553 925 4597 et
974 4545 1214 4613 quwdam
1246 4546 1349 4600 alia
1392 4561 1485 4617 per
1532 4548 1782 4603 Ruﬁnum
1818 4552 2101 4606 translata.
2132 4577 2187 4638 Ι)

521 4630 755 4695 Quorum
786 4633 978 4686 similia
1010 4634 1113 4702 fere
1142 4636 1195 4688 in
1226 4638 1572 4706 superioribus
1598 4639 1854 4696 habentur
1881 4659 2103 4713 apuscu-

515 4723 601 4774 lis.
630 4723 682 4778 ld
716 4740 821 4793 quo
846 4724 914 4777 sit
937 4724 1274 4781 referendum
1308 4745 1413 4785 non
1438 4733 1616 4800 video,
1640 4749 1761 4789 cum
1781 4734 1834 4789 in
1859 4736 1978 4804 ipso
2004 4736 2105 4790 hoc

512 4822 775 4885 opusculo
809 4831 977 4875 totum
1003 4822 1249 4878 volumen
1274 4825 1502 4894 desinit;
1532 4828 1634 4884 nisi
1664 4829 1800 4886 forte
1822 4846 1886 4885 ex
1916 4830 2102 4885 ultima

511 4911 906 4981 subscriptione
931 4914 1171 4972 divinare
1221 4919 1420 4990 aliquid
1459 4924 1660 4978 audeas
1684 4964 1700 4991 ,
1729 4939 1850 4994 qua:
1895 4924 1974 4979 sic
2010 4938 2104 4977 so-

515 5010 607 5055 nat
637 5020 651 5057 :
680 5004 956 5074 Explicin
981 5016 1101 5061 sunt
1141 5007 1497 5068 lnstitutiones
1527 5015 1891 5069 monachorum
1936 5014 2101 5066 sancti

511 5091 697 5149 Basilii
726 5095 783 5149 Μ
791 5136 805 5151 .
837 5098 1166 5156 Caesariensis
1194 5104 1437 5173 episcopi.
1462 5105 1575 5161 Sub
1605 5107 1763 5175 cujus
1788 5104 1970 5174 regula
2004 5104 2102 5156 mi-

512 5186 668 5242 litant
696 5206 882 5246 omnes
916 5198 1163 5250 monachi
1197 5199 1501 5254 Orientales
1528 5210 1581 5255 et
1608 5202 1661 5253 in
1689 5198 1817 5254 Asia
1850 5197 2020 5251 ferme
2047 5203 2103 5249 et

509 5278 716 5335 Grzccia
748 5290 802 5336 et
845 5283 970 5337 olim
1022 5288 1183 5341 etiam
1216 5289 1540 5355 Carmelitae,
1591 5298 1648 5344 ut
1692 5299 1745 5343 et
1787 5301 1959 5350 nunc,
1994 5300 2097 5339 non

505 5390 637 5429 sane
670 5377 853 5430 multis
882 5380 1121 5433 mutatis.
1162 5379 1396 5451 Epistola
1442 5382 1509 5434 ad
1540 5380 1605 5433 B.
1648 5377 1954 5447 Gregorium
1987 5375 2102 5428 Na-

503 5470 802 5525 zianzenum
847 5476 988 5541 prius
1033 5476 1164 5528 inter
1215 5478 1467 5529 translata
1514 5476 1575 5528 ab
1628 5476 1693 5528 li.
1752 5472 2094 5525 Vola'errano

502 5564 671 5631 posita
700 5576 874 5621 est.—
905 5567 976 5619 Ita
1007 5583 1134 5621 vero
1167 5577 1221 5621 et
1251 5566 1391 5621 hanc
1422 5568 1717 5621 Rufiniana:
1746 5565 2093 5619 translatione

500 5652 685 5708 deberi
727 5655 1125 5709 existimaverit
1172 5664 1386 5721 oportet
1427 5656 1603 5709 editor
1651 5654 1730 5708 vel
1762 5652 2090 5707 edendorum

575 5796 599 5822 κ
642 5789 874 5842 Fontan.
910 5789 1000 5841 tib.
1036 5804 1087 5851 ι’,
1114 5802 1231 5855 cap.
1269 5790 1319 5849 1,
1350 5803 1405 5855 p.
1435 5788 1559 5840 94:7.

2253 533 2339 588 hic
2375 549 2587 604 quoque
2638 536 2881 589 Ursarius
2920 551 3017 608 pro
3064 535 3309 592 Ursacius
3355 540 3686 611 exscriptum
3730 554 3832 601 est.

2250 627 2499 695 Repetita
2525 638 2631 694 est,
2664 629 2709 682 si
2741 630 2866 698 quid
2907 630 3109 699 judico,
3146 635 3259 685 haec
3288 632 3472 699 editio,
3506 650 3648 690 anno

2324 718 2478 776 1ἒς51.
2510 719 2755 788 Colonia’,
2782 723 2918 791 apud
2948 720 3282 792 Eucharium,
3312 724 3374 792 l°,
3398 740 3557 795 quam
3582 726 3834 785 Fontania

2250 813 2581 867 nuslaudau

2320 902 2476 958 1575.
2521 901 2766 967 Coloniw,
2795 907 2936 972 apud
2977 904 3256 959 Geruinum
3295 907 3591 977 Calenium,
3629 912 3694 967 Γ.
3728 914 3830 967 Ea-

2246 994 2365 1049 dem
2398 995 2621 1065 Regula,
2648 997 2877 1051 accessit
2902 996 3108 1068 Regula
3138 1002 3312 1055 sancti
3340 1002 3638 1075 Benedicti,
3672 1006 3831 1062 Com-

2252 1084 2518 1139 mentario
2545 1086 2827 1159 illustratur:
2860 1103 2953 1157 per
2982 1088 3246 1147 Joannem
3276 1095 3605 1153 cardinalem
3637 1114 3665 1152 a
3697 1100 3830 1154 Tur-

2243 1186 2562 1239 recremata,
2596 1192 2649 1244 p.
2683 1178 2810 1233 557.

2321 1266 2452 1322 Vera
2483 1282 2544 1322 ac
2571 1283 2826 1337 germana
2860 1284 2969 1339 prte
2998 1274 3206 1328 caeteris
3243 1272 3419 1330 Ruﬁni
3463 1278 3825 1349 interpretatio

2246 1358 2507 1425 creditur,
2533 1375 2651 1430 quae
2682 1361 2929 1416 laudatur
2956 1363 3007 1418 in
3032 1365 3341 1422 Concordia
3374 1371 3646 1427 Benedicti
3674 1376 3827 1429 Ania-

2241 1448 2440 1513 nrnsis,
2475 1450 2628 1518 cujus
2673 1450 2845 1505 codici
2892 1452 3225 1523 Regularum
3272 1473 3517 1515 seorsum
3551 1462 3821 1519 inseritur.

2239 1536 2373 1593 llinc
2394 1539 2458 1593 ad
2486 1543 2828 1596 membranas
2852 1541 3222 1611 Colonienses,
3246 1548 3378 1604 olim
3400 1566 3462 1604 ex
3495 1555 3825 1623 autographa

2242 1631 2410 1683 sancti
2445 1630 2664 1685 Maiiani
2699 1632 3037 1691 Trevlrensis
3069 1639 3389 1710 descriptas,
3425 1644 3511 1698 ubi
3544 1645 3823 1703 Ruliniana

2237 1719 2435 1792 Regula
2461 1724 2634 1791 primo
2665 1725 2782 1781 loco
2810 1728 3106 1798 legebatur,
3131 1734 3198 1789 ad
3226 1738 3481 1792 amussim
3512 1754 3821 1809 expressam

2159 1824 2205 1883 Β
2232 1815 2505 1884 evulgavit
2536 1817 2708 1873 Lucas
2740 1820 3047 1878 Holstenius
3068 1842 3211 1881 anno

2306 1906 2466 1963 1661.
2507 1909 2709 1977 Romae,
2742 1928 2833 1982 ap.
2879 1913 3101 1970 Vitalem
3157 1916 3523 1989 Mascardum,
3559 1921 3734 1992 in-40,
3767 1927 3820 1982 in

2230 1994 2468 2052 editione
2497 1999 2703 2057 codicis
2734 2000 3055 2071 Regularum
3109 2022 3242 2077 quas
3283 2010 3380 2066 SS.
3422 1999 3611 2069 Patres
3636 2030 3820 2070 mona-

2230 2086 2346 2144 chis
2397 2097 2451 2144 et
2505 2092 2802 2163 virginibus
2868 2100 3364 2159 sanctimonialibus
3413 2110 3812 2178 praescripsere.

2228 2177 2464 2235 Collecta
2494 2183 2624 2238 olim
2653 2199 2684 2240 a
2725 2197 2913 2243 sancto
2946 2190 3239 2249 Benedicto
3268 2195 3564 2254 Anianensi
3600 2177 3815 2269 abbate,

2229 2280 2379 2340 parte
2412 2273 2600 2342 prima.

2300 2362 2377 2416 Ex
2427 2365 2750 2423 membranis
2790 2368 3199 2431 Coloniensibus
3235 2378 3600 2449 descripserat
3652 2393 3706 2439 et
3743 2386 3810 2440 ad

2230 2451 2424 2510 Lucam
2453 2456 2792 2515 Holstenium
2824 2463 3077 2520 editionis
3102 2481 3262 2523 causa
3290 2471 3512 2525 miserat
3556 2487 3645 2528 an.
3675 2472 3815 2530 1615

2225 2544 2423 2602 Fabius
2476 2548 2689 2607 Cbisius
2732 2552 3099 2614 Neritinorum
3165 2568 3291 2616 tunc
3337 2564 3622 2633 episcopus
3670 2567 3814 2622 sedis

2226 2639 2535 2706 apostolica:
2581 2642 2723 2713 apud
2777 2644 2940 2701 Ubios
2978 2648 3401 2718 Apocrisiarius,
3442 2664 3630 2723 postea
3670 2669 3814 2712 sum-

2226 2748 2345 2788 mus
2376 2736 2615 2803 pontifex
2646 2739 2940 2795 Alexandri
2973 2740 3064 2797 Vll
3095 2744 3332 2800 nomine.
3363 2744 3480 2801 Mox

2296 2824 2547 2893 Parisiis,
2595 2847 2681 2900 ap.
2720 2830 3035 2887 Ludovicum
3082 2832 3347 2905 Billaine,
3396 2837 3562 2894 ῑη-ιο.
3612 2842 3810 2899 Eadem

2226 2915 2390 2972 editio
2421 2920 2647 2988 repetita
2678 2930 2761 2976 est
2790 2932 2845 2977 et
2870 2939 3042 2994 nuper
3061 2925 3347 2983 admodum
3376 2944 3517 2984 anno

2297 3007 2456 3062 1759.
2480 3010 2725 3081 Augustas
2758 3012 3164 3084 Vindelicorum,
3191 3030 3397 3090 sumpti
3416 3021 3607 3094 lgnaIii
3625 3024 3812 3078 Adami

2223 3107 2269 3153 et
2310 3098 2501 3154 Franc.
2533 3102 2655 3157 Ant.
2696 3101 2876 3173 Veith,
2909 3107 2967 3175 ῐο,
3023 3124 3145 3164 cum
3180 3110 3368 3167 eodem
3412 3114 3597 3170 codice
3632 3132 3665 3171 a
3704 3116 3811 3171 Ma-

2145 3201 2194 3266 c
2225 3196 2375 3252 riano
2399 3199 2624 3256 Brockie
2646 3203 2831 3260 multis
2855 3209 3251 3266 accessionibus
3267 3222 3444 3277 aucto,
3472 3216 3809 3286 ampliﬁcato

2220 3300 2275 3346 et
2304 3290 2356 3345 in
2387 3307 2479 3347 sex
2507 3301 2681 3351 tomos
2711 3297 2904 3356 diviso.
2939 3300 3108 3359 Tomo
3142 3302 3178 3371 Ι,
3212 3313 3364 3375 parte
3390 3308 3585 3377 prima,
3615 3324 3671 3380 p.
3705 3310 3800 3365 67-

2221 3384 2347 3449 108,
2381 3387 2495 3443 haec
2526 3389 2707 3445 Basilii
2739 3391 2942 3464 Regula
2989 3411 3176 3453 recusa
3203 3411 3306 3456 est.
3820 3392 3825 3395 ⁷

2290 3474 2562 3532 Praeterea
2605 3480 2675 3536 de
2717 3483 2947 3552 quodam
2979 3487 3207 3544 consilio
3246 3489 3469 3545 edenda:
3499 3490 3658 3561 hujus
3704 3492 3809 3550 Re-

2216 3564 2356 3635 gula:
2388 3566 2691 3627 Ruﬁniana:
2713 3589 2817 3629 una
2848 3590 2969 3631 cum
3000 3578 3119 3633 aliis
3140 3578 3383 3649 ejusdem
3407 3582 3681 3652 operibus,
3709 3584 3809 3640 ini-

2220 3656 2295 3711 tio
2331 3660 2513 3715 smculi
2552 3677 2660 3716 xvn
2708 3664 2892 3722 nescio
2941 3668 3134 3737 quibus
3180 3671 3488 3727 auctoribus
3522 3686 3806 3746 suscepto,

2221 3750 2316 3803 sed
2348 3751 2492 3821 quod
2522 3754 2727 3810 exitum
2752 3772 2860 3813 non
2889 3758 3096 3825 habuit,
3128 3760 3458 3819 Fontaninus
3486 3765 3540 3820 in
3568 3767 3804 3823 medium

2219 3843 2425 3912 profert
2454 3847 2617 3903 verba
2653 3854 2931 3921 sequentia
2978 3856 3306 3925 prmiatiunis
3337 3860 3389 3911 in
3426 3860 3601 3929 Opera
3633 3866 3803 3919 sancti

2220 3938 2403 3995 Basilii
2450 3941 2543 3997 Gr.
2587 3944 2703 3999 Lat.
2739 3945 2959 4002 Parisiis
3007 3949 3148 4019 apud
3197 3950 3361 4006 Micb.
3402 3952 3664 4009 Sonnium
3712 3971 3800 4012 an.

2220 4029 2358 4088 1617
2393 4034 2605 4092 in-folio
2634 4038 2892 4108 impressa
2921 4059 2934 4094 :
2964 4059 2982 4093 ι
3021 4042 3209 4097 Exstat
3251 4044 3410 4098 etiam
3442 4047 3798 4102 ast-eticorum

2216 4121 2472 4181 librorum
2503 4129 2739 4198 epitome
2765 4132 2849 4186 vel
2879 4141 3027 4187 certe
3049 4133 3348 4202 regularum
3377 4134 3545 4189 fusius
3575 4139 3797 4206 exposi-

2215 4224 2411 4284 tarum,
2440 4234 2597 4289 quam
2640 4221 2926 4278 Latinitate
2957 4224 3177 4278 donavit
3222 4224 3446 4280 Ruﬁnus
3480 4229 3799 4296 Aquileien-

2214 4309 2308 4373 sis,
2340 4327 2403 4367 ac
2435 4313 2628 4369 librum
2660 4315 2728 4369 de
2760 4315 3018 4370 lnstitntis
3054 4315 3439 4370 monachorum
3475 4322 3799 4388 appellavit,

2217 4418 2388 4473 eaque
2417 4404 2654 4462 Coloniae
2682 4420 2784 4461 una
2813 4421 2932 4461 cum
2964 4394 3177 4461 cmteris
3205 4408 3381 4462 Ruﬁni
3413 4413 3639 4467 seorsim
3673 4418 3802 4471 ede-

2216 4504 2321 4561 tur,
2356 4500 2649 4565 prmsertim
2683 4512 2802 4552 cum
2835 4498 3075 4553 ordinem
3105 4497 3429 4568 Regularum
3462 4516 3567 4557 non
3618 4519 3801 4564 servet

2212 4602 2369 4656 quem
2400 4589 2580 4642 Basilii
2616 4589 2789 4658 Opera
2834 4605 2946 4658 pne
2976 4605 3035 4645 se
3082 4589 3280 4646 ferunt.
3319 4611 3337 4644 ι
3376 4592 3515 4648 Idem
3547 4596 3802 4657 observat

2215 4678 2536 4734 Frontonem
2571 4680 2821 4733 Ducaeum
2871 4681 3093 4748 ibidem,
3130 4691 3275 4737 tumo
3301 4683 3360 4748 ll,
3395 4699 3445 4751 p.
3478 4684 3573 4752 28,
3599 4691 3706 4743 col.
3738 4691 3794 4757 ἓ,

2213 4771 2265 4823 in
2297 4771 2435 4823 notis
2465 4772 2528 4823 ad
2560 4772 2807 4841 Regulam
2837 4776 3001 4842 fusius
3048 4775 3362 4845 disputatum
3389 4778 3797 4838 emendationes

2212 4857 2416 4909 Latina:
2471 4859 2734 4912 versionis
2764 4860 2938 4914 Rufini
2970 4879 3038 4915 ex
3083 4844 3301 4919 dnobus
3340 4883 3471 4921 mss.
3520 4871 3804 4926 codicibus

2217 4946 2467 5000 Puteanis
2518 4948 2829 5001 inseruisse.
2882 4951 3049 5004 Porro
3096 4954 3256 5008 aliam
3307 4957 3488 5012 Basilii
3537 4959 3801 5031 Regulam

2211 5054 2350 5103 esse,
2384 5052 2541 5105 quam
2576 5038 2804 5107 Prosper
2829 5040 3132 5097 Stellartius
3186 5045 3242 5099 in
3285 5048 3426 5103 libro
3465 5053 3551 5106 cui
3585 5055 3798 5121 titulus,

2212 5132 2546 5186 Fundamina
2578 5145 2624 5187 et
2654 5136 2843 5204 regula:
2872 5139 3099 5191 omnium
3126 5142 3390 5211 ordinum,
3442 5146 3592 5202 edito
3632 5148 3800 5204 Duai

2209 5240 2298 5293 per
2327 5223 2707 5280 Balthassarem
2738 5227 3016 5293 Bellcrum,
3047 5244 3139 5284 an.
3187 5234 3344 5302 16%“,
3382 5238 3544 5302 ίη4ο,
3576 5253 3631 5307 p.
3672 5240 3796 5307 158,

2209 5314 2403 5367 attulit.
2434 5315 2668 5385 Denique
2695 5319 2795 5373 bos
2820 5320 3036 5389 insuper
3056 5332 3108 5375 et
3140 5323 3315 5380 obiter
3338 5329 3548 5397 quidem
3575 5330 3795 5386 codices

2210 5406 2539 5461 Fontaninus
2563 5408 2832 5466 laudavit:
2864 5414 2921 5466 l°
2949 5430 3109 5467 unum
3133 5429 3496 5482 pervetustum
3520 5426 3795 5478 membra-

2206 5513 2426 5551 naceum
2462 5498 2799 5557 bibliotheca:
2846 5506 3059 5561 Sancta:
3083 5505 3272 5564 Crucis
3308 5512 3357 5565 in
3410 5513 3745 5571 Hierusalem
3774 5534 3789 5583 ;

2202 5586 2267 5638 9.0
2299 5586 2529 5641 alterum
2580 5596 3003 5651 vetustissimum
3051 5597 3391 5658 bibliothecm
3434 5603 3618 5660 Sancti
3656 5606 3790 5661 Ger-

2204 5679 2342 5732 mani
2397 5695 2424 5731 a
2476 5678 2667 5749 l’ratis,
2719 5688 2769 5741 in
2802 5704 2906 5758 quo
2938 5691 2990 5744 in
3022 5689 3284 5747 ducentas
3332 5696 3786 5766 interrogatimws
