4094 6344
229 276 293 332 37
1750 262 2027 323 NOTITIA
2042 310 2053 322 .
2702 332 2703 339 κ
3491 295 3560 349 53

234 393 582 465 totidemque
610 397 1005 466 re5p0usiones
1034 394 1222 450 iisdem
1244 393 1515 463 subjectas
1536 390 1741 459 Regula
1767 390 1849 441 di-
1884 390 1932 444 A
1960 390 2004 440 si
2038 390 2178 445 bene
2205 395 2425 449 memini
2448 438 2461 461 ,
2491 407 2879 455 commemorat
2920 401 3284 474 Fontaninus,
3325 410 3415 480 qui
3446 412 3557 471 Ru-

236 486 344 541 visa
377 488 475 542 sit.

239 600 317 653 iV.
364 598 565 657 Basilii
598 601 789 671 Magni
816 602 1039 657 humilia:
1063 610 1255 671 septem
1282 618 1314 654 a
1348 600 1543 669 Ruﬁno
1570 614 1853 653 convenre.

307 692 436 746 Haec
463 708 578 747 non
617 696 727 749 nisi
760 712 787 749 a
838 695 1049 749 Juliann
1095 694 1361 749 Garncrio
1403 694 1454 747 in
1485 693 1573 748 ed.
1605 694 1851 761 Operum

245 786 415 840 sancti
454 787 651 842 Basilii
672 831 687 853 ,
720 788 948 842 Parisiis
982 786 1136 853 I722,
1166 798 1310 841 tomo
1342 787 1404 851 ll,
1433 801 1487 855 p.
1516 785 1643 851 715,
1672 800 1737 839 ex
1768 800 1860 838 co-

243 876 449 931 dicibus
479 877 664 946 Regio
692 888 751 934 et
789 878 1097 933 Colberliuo
1144 878 1302 933 editae
1333 888 1480 932 sunt.
1525 878 1761 932 Easdem
1804 877 1856 931 in

244 968 429 1023 codice
459 968 828 1025 bibliothecae
858 970 1126 1024 Vaticana:
1162 970 1441 1037 Urbinate,
1472 984 1523 1022 n.
1556 969 1647 1033 67,
1682 983 1856 1023 mem-

249 1060 521 1116 branaceo
554 1062 927 1131 deprehendit
958 1062 1291 1118 Fontaninus
1322 1064 1440 1117 loco
1464 1061 1706 1128 laudato,
1736 1076 1857 1131 cap.

250 1150 296 1216 8,
330 1160 365 1205 t.
402 1151 444 1213 l,
483 1168 536 1219 p.
574 1151 709 1207 999.

314 1242 370 1295 lu
400 1243 770 1299 Benedictina
800 1243 1034 1312 Operum
1085 1245 1255 1299 sancti
1287 1244 1575 1314 Augustini
1608 1244 1859 1300 editione

252 1344 360 1401 post
395 1333 617 1388 initium
647 1335 780 1388 tomi
816 1335 882 1389 IV
912 1344 1087 1390 exstat
1114 1337 1277 1389 sancti
1307 1334 1496 1389 Basilii
1524 1338 1763 1408 prwfatio
1790 1337 1860 1390 nd

254 1422 695 1481 Commentarium
722 1429 778 1481 in
808 1426 1043 1483 Psalmos
1074 1428 1203 1483 olim
1231 1440 1422 1484 sancto
1445 1432 1744 1500 Augustino
1776 1440 1855 1484 at-

261 1517 485 1582 tributa,
515 1534 680 1587 quam
710 1518 967 1574 editionis
989 1519 1135 1575 illius
1163 1530 1414 1575 auctort-s
1443 1523 1724 1591 interpreti
1752 1523 1859 1579 Ru-

265 1608 366 1664 ﬁno
391 1614 783 1677 transcribunt,
810 1613 957 1683 quod
1008 1613 1135 1669 item
1170 1613 1225 1667 in
1271 1614 1462 1669 codice
1513 1616 1857 1672 bibliothecas

268 1700 532 1758 Thuaneat
560 1710 601 1758 t.
657 1703 730 1772 ll,
780 1719 835 1773 p.
883 1703 1013 1773 456,
1045 1704 1159 1759 ﬁeri
1209 1703 1546 1762 Fontan'nus
1584 1708 1856 1764 observat.

263 1796 385 1852 Haec
410 1806 496 1853 est
522 1800 771 1869 prazfatio
798 1800 1024 1855 homiliae
1046 1799 1227 1870 prima:
1253 1801 1420 1853 sancti
1448 1798 1666 1865 Basilii,
1690 1816 1719 1854 a
1744 1799 1859 1854 Ru-

258 1887 365 1942 tino
418 1888 613 1945 Latine
680 1892 986 1956 translata;
1051 1906 1211 1962 quam
1278 1890 1480 1961 pariter
1539 1893 1907 1951 Thomasius.

262 1978 477 2049 utrique
501 1978 774 2037 Psalterio
792 1980 1045 2038 editionis
1077 1982 1104 2035 1
1129 1992 1185 2037 et
1211 1982 1266 2048 2,
1301 1997 1357 2052 p.
1389 1983 1449 2038 11
1479 1992 1533 2039 et
1560 1982 1630 2039 43
1653 1998 1860 2054 praepo-

268 2072 399 2126 suit.
428 2071 668 2129 Fontan.

271 2183 334 2238 ν.
379 2185 653 2257 Pantpltili
682 2187 937 2261 Apologia
953 2206 1048 2261 pro
1073 2188 1291 2263 Origene
1313 2207 1347 2244 a
1377 2191 1568 2261 Ruﬁno
1589 2209 1856 2250 conversa.

338 2298 419 2353 Ex
443 2313 541 2354 sex
576 2299 736 2356 libris
769 2301 960 2373 quibus
991 2306 1106 2360 tunc
1136 2305 1394 2376 Apologia
1428 2308 1740 2376 constabat,
1772 2325 1859 2365 so.

265 2391 347 2447 lus
375 2394 582 2462 primus
631 2407 664 2451 a
716 2393 912 2450 Ruﬁno
952 2394 1143 2452 Latine
1164 2398 1403 2455 redditus
1434 2408 1535 2456 est.
1578 2401 1859 2475 Reliquos,

268 2497 495 2553 quorum
524 2494 762 2556 quatuor
796 2486 866 2541 ab
907 2486 1142 2544 Eusebio
1168 2498 1221 2543 et
1250 2489 1533 2559 Pamphilo
1561 2493 1860 2561 conjunctis

269 2579 483 2649 studiis,
515 2574 706 2635 sex’tus
736 2582 803 2637 ab
835 2582 1067 2638 Eusebio
1093 2585 1210 2639 solo
1233 2585 1514 2655 compositi
1546 2594 1718 2653 crant,
1756 2603 1861 2644 non

266 2673 464 2743 attigit.
506 2672 635 2729 Fuit
663 2672 781 2729 haec
812 2688 879 2729 ex
922 2672 1102 2729 causis
1130 2690 1231 2730 una
1252 2716 1268 2742 ,
1294 2691 1428 2746 quas
1448 2692 1568 2732 cum
1596 2677 1716 2732 aliis
1754 2692 1861 2733 non

267 2769 605 2837 gravioribus
635 2769 703 2824 ad
734 2768 1100 2840 derogandum
1124 2784 1249 2827 vero
1276 2772 1481 2827 auctori
1510 2772 1705 2827 librum
1736 2772 1861 2828 llie-

266 2876 524 2932 ronymus
553 2860 902 2932 excogitavit,
929 2871 985 2917 et
1006 2860 1345 2918 Fontaninus
1366 2877 1553 2920 severa
1585 2864 1736 2921 lance
1759 2880 1863 2921 ex-

267 2953 474 3023 pendit,
506 2953 629 3008 Lib.
663 2971 717 3020 v,
756 2968 874 3024 cap.
909 2952 965 3020 5,
996 2952 1085 3019 lll,
1131 2969 1186 3023 p.
1224 2953 1333 3010 254
1363 2970 1481 3026 sqq.
1514 2954 1754 3014 lnsertus
1781 2967 1864 3013 est

272 3045 355 3100 hic
386 3044 524 3100 liber
548 3059 655 3100 una
680 3059 802 3100 cum
846 3044 1019 3101 Ruﬁni
1055 3044 1314 3117 Apologia
1345 3046 1396 3101 in
1428 3048 1591 3104 rariis
1618 3049 1863 3121 Origenis

1964 481 2131 547 ﬁnum
2185 484 2518 557 interpretem
2577 491 2894 560 simpliciter
2942 497 3229 566 ascriptum
3287 499 3555 568 habuerit,

1964 571 2208 628 codicem
2262 577 2604 635 ltomiliarum
2654 583 2708 637 in
2757 582 3054 640 Leviticum
3104 589 3442 649 bibliothecae
3495 598 3551 652 S.

1967 660 2193 718 Antonii
2224 665 2463 723 Vcnetiis
2489 720 2504 736 ,
2536 672 2632 726 sed
2664 688 2783 741 quae
2814 674 3067 733 incendio
3096 679 3315 738 interim
3343 687 3558 742 absum-

1966 759 2055 819 pta
2090 764 2194 811 est.
2252 757 2307 811 lu
2350 760 2584 817 editione
2622 763 2772 819 [ἶυωί
2810 764 3042 823 ιιοιῐιῐίἰςε
3075 770 3125 824 in
3151 772 3390 843 Gcnesin,
3419 777 3560 833 Exo-

1965 843 2111 909 dum,
2163 845 2467 917 chiticum,
2513 846 2796 923 Numeros,
2843 859 3026 925 Josue,
3067 863 3385 939 etludices,
3418 881 3563 928 tomo

1965 934 2006 988 ll
2040 936 2249 1033 (nl-755),
2272 958 2333 1033 7p.
2369 943 2439 997 52
2480 961 2648 1015 usque
2688 950 2755 1003 ad
2794 951 2922 1017 489,
2959 954 3010 1008 in
3048 954 3316 1026 Psalmos,
3351 934 3504 1033 ibid.,
3538 984 3565 1020 a

1966 1041 2019 1095 p.
2052 1027 2311 1087 654-700.
2351 1033 2500 1089 Libri
2538 1038 2712 1093 decent
2759 1044 2813 1097 in
2858 1044 3013 1101 Pauli
3067 1050 3164 1121 Ep.
3199 1056 3265 1109 ad
3308 1027 3573 1117 Romanos

1967 1129 2113 1173 tomo
2158 1122 2225 1177 IV
2282 1124 2472 1197 (1759)
2524 1145 2649 1200 pgg.
2695 1131 2942 1192 458-689
2994 1140 3259 1210 leguntur.
3305 1148 3575 1210 l’raaterea

1966 1213 2271 1314 peculiares
2301 1219 2565 1287 quasdam
2593 1237 2884 1282 occurrunt
2909 1231 3175 1292 editiones
3195 1278 3210 1303 ,
3254 1244 3574 1314 quasjuxta

1968 1304 2330 1363 Fontaninum
2364 1324 2718 1371 enumeratas
2741 1319 3010 1378 dabimus.

2039 1396 2382 1469 Conjuncdm
2436 1405 2675 1479 Origenis
2721 1412 2981 1471 llomilias
3021 1420 3074 1473 in
3122 1422 3381 1493 Genesin,
3428 1431 3572 1487 Exo-

1966 1491 2089 1545 dum
2110 1535 2125 1556 ,
2150 1492 2433 1551 Leviticum
2454 1537 2470 1563 ,
2506 1500 2767 1559 Numeros
2786 1546 2803 1573 ,
2850 1506 2978 1563 Jesu
3010 1510 3154 1568 Nave
3176 1526 3229 1570 et
3259 1491 3451 1577 librum
3469 1525 3573 1579 Ju-

1966 1582 2168 1650 dicum,
2218 1585 2343 1641 divo
2375 1587 2697 1661 Hieronymo
2732 1597 3038 1670 interprete,
3092 1609 3295 1672 primus
3326 1616 3572 1672 omnium

1969 1672 2136 1727 edidit
2174 1675 2396 1747 /Egidio
2431 1679 2741 1738 Viterbiensi
2771 1687 3064 1745 divinorum
3092 1696 3361 1754 verborum
3389 1714 3568 1762 orato~

1895 1768 1938 1827 Β
1964 1762 2010 1815 ri
2055 1764 2347 1833 excellenti,
2391 1770 2594 1825 ordinis
2640 1772 3024 1849 Eremitarum,
3075 1796 3261 1852 postea
3309 1792 3367 1846 S.
3409 1793 3474 1847 R.
3504 1798 3567 1853 E.

1965 1854 2224 1954 cardinal}
2253 1899 2268 1923 ,
2317 1872 2688 1954 nuncupatas,
2737 1868 2905 1924 Aldus
2935 1871 3202 1932 Manutius
3226 1923 3241 1947 ,
3300 1881 3564 1954 Venetiis,

1965 1943 2145 2011 1503,
2192 1946 2264 2003 [ο.
2314 1949 2550 2008 Editioui
2589 1969 2809 2025 operam
2853 1976 3006 2018 suam
3050 1943 3424 2030 commodavit
3447 1943 3564 2035 mo:

1964 2037 2169 2095 nachus
2189 2041 2277 2111 qui
2310 2057 2506 2099 nomen
2538 2060 2694 2102 suum
2726 2050 2781 2104 in
2810 2053 3125 2121 praefatione
3160 2064 3400 2134 reticuit,
3425 2073 3563 2127 mul-

1966 2136 2077 2183 tum
2125 2146 2187 2187 se
2218 2132 2418 2189 debere
2457 2138 2731 2205 professus
2759 2142 2930 2199 sodali
2961 2160 3060 2204 suo
3099 2151 3149 2205 in
3174 2132 3425 2216 cmnobio
3450 2163 3557 2217 Pa-

1964 2221 2146 2276 tavino
2175 2222 2389 2280 Sanctae
2415 2225 2663 2297 Iustinae,
2703 2232 3031 2307 Hieronymo
3078 2254 3110 2295 a
3156 2242 3427 2316 Valentis,
3460 2252 3552 2307 lli-

1963 2326 2153 2413 spano.
2189 2314 2503 2388 Quanquam
2527 2330 2707 2378 autem
2731 2326 2967 2384 universi
2994 2335 3176 2401 operis
3200 2314 3553 2413 interpretem

1964 2404 2348 2480 Hieronymum
2382 2410 2534 2480 facit,
2565 2415 2816 2473 nimirum
2847 2422 2988 2491 quod
3022 2424 3075 2479 in
3113 2404 3391 2489 codicibus
3417 2452 3549 2494 mss.

1965 2496 2106 2595 unde
2133 2497 2261 2553 illud
2280 2500 2441 2595 eruit,
2467 2518 2563 2573 pro
2592 2504 2788 2564 Ruﬁno
2813 2510 2882 2567 ab
2910 2511 3145 2573 librariis
3179 2518 3553 2595 Hieronymum

1965 2587 2228 2689 scriptum
2258 2593 2574 2662 reperisset,
2607 2606 2665 2652 ut
2693 2598 2811 2670 ejus
2836 2604 3053 2663 nomine
3078 2610 3327 2670 volumen
3359 2587 3551 2689 accep-

1964 2676 2072 2733 tius
2095 2680 2382 2752 evaderet,
2428 2687 2708 2759 prologum
2739 2700 2948 2762 tamen,
2998 2713 3156 2768 quem
3191 2702 3242 2759 in
3277 2676 3553 2767 codicibus

1966 2783 2277 2842 repererat,
2310 2783 2563 2848 tanquam
2585 2780 2819 2839 alienum
2849 2801 2912 2843 ac
2946 2787 3271 2864 Hieronymo
3299 2796 3439 2857 haud
3467 2805 3552 2858 di-

1962 2877 2127 2962 gnum
2183 2869 2547 2937 praetermisit.
2623 2871 2787 2928 Haud
2839 2879 3043 2947 quidem
3086 2883 3315 2943 dubitare
3354 2908 3440 2962 se,
3469 2894 3552 2951 in-

1964 2956 2099 3025 quit,
2132 2964 2237 3011 tam
2263 2969 2522 3017 auctorem
2544 2980 2697 3033 quant
2735 2968 3060 3037 interpretem
3089 2976 3277 3048 absque
3304 2956 3549 3050 prooemio

1964 3063 2093 3119 opus
2120 3049 2361 3117 edidisse,
2390 3068 2566 3109 verum
2587 3059 2895 3129 scriptorum
2933 3064 3135 3121 incuria
3172 3069 3244 3122 ad
3266 3049 3360 3127 nos
3393 3076 3545 3130 mini-

267 3145 323 3192 et
349 3135 664 3208 Hieronymi
696 3135 1051 3203 editionibus,
1087 3138 1252 3193 veluti
1292 3138 1605 3212 Hieronymi
1648 3140 1858 3196 Martia-
1885 3155 1933 3217 ο
1965 3154 2044 3191 me
2088 3142 2395 3209 pervenisse.
2477 3144 2686 3202 Recusa
2755 3158 2839 3205 est
2884 3151 3001 3209 haec
3056 3157 3226 3213 editio
3274 3160 3469 3219 iterum
3514 3183 3546 3222 a

270 3242 407 3296 mea,
444 3237 589 3283 tomo
621 3229 685 3296 V,
730 3244 784 3297 p.
830 3228 1093 3296 219-249,
1134 3230 1382 3301 Origenis
1408 3230 1589 3299 Romi,
1623 3242 1767 3287 tomo
1790 3233 1854 3287 IV

271 3320 415 3375 inter
456 3319 631 3388 Opera
675 3319 743 3376 ad
773 3320 1057 3392 Origenem
1088 3322 1382 3391 spectantia
1414 3322 1588 3391 primo
1627 3322 1767 3388 loco,
1793 3324 1857 3378 ad

271 3425 365 3468 sex
396 3412 612 3468 codices
642 3426 802 3479 mss.,
830 3428 869 3468 t.
900 3412 1285 3470 Corbeiensem
1312 3422 1422 3468 tum
1451 3413 1509 3469 S.
1547 3412 1795 3470 Germani
1828 3431 1860 3470 ιι

273 3501 450 3559 Pratis
473 3503 845 3570 nonismculi;
888 3504 945 3559 2.
976 3504 1224 3577 Regium,
1280 3502 1441 3575 1641,
1495 3506 1634 3561 tertii
1665 3507 1860 3564 decimi

272 3595 496 3661 smculi;
536 3595 591 3649 5.
632 3593 1024 3662 Sorbonicum;
1067 3594 1124 3654 4.
1166 3594 1228 3653 S.
1275 3596 1540 3666 Bhemigii
1589 3597 1860 3655 Rhettten-

274 3688 378 3754 sis;
422 3688 477 3742 5.
507 3688 567 3744 S.
599 3688 814 3753 Vitoni;
857 3684 912 3743 6.
945 3687 1005 3744 S.
1049 3688 1101 3744 in
1136 3689 1372 3759 periculo
1401 3690 1594 3755 maris,
1630 3704 1729 3745 nec
1754 3708 1859 3745 nru

274 3791 370 3832 eos
403 3775 739 3859 adquorum
789 3776 947 3832 ﬁdem
996 3777 1119 3832 libri
1161 3778 1226 3833 de
1267 3777 1547 3851 Principiis
1592 3780 1860 3836 emendati

276 3878 463 3937 erant,
511 3868 741 3924 collatus
772 3868 1077 3941 pravisque
1116 3869 1271 3926 docta
1311 3878 1365 3927 et
1398 3871 1574 3940 ampla
1606 3870 1863 3927 Admoni-

275 3962 435 4017 done.

280 4052 365 4107 γι.
412 4054 651 4125 Origrnis
692 4053 811 4108 libri
855 4064 1077 4123 quatuor
1106 4058 1169 4110 de
1208 4054 1488 4128 Principiis
1516 4068 1565 4113 et
1596 4058 1859 4114 Homiliaa.

348 4167 711 4236 Reperiuntur
761 4166 876 4222 haec
928 4171 1182 4237 upuscula
1225 4186 1288 4224 ex
1324 4170 1502 4225 Rufini
1548 4172 1864 4243 interpreta-

277 4262 416 4319 tione
458 4266 513 4318 in
550 4261 803 4317 omnibus
838 4263 1083 4333 Origenis
1118 4264 1352 4334 Operum
1379 4264 1721 4321 editionibus.
1779 4266 1865 4321 Li-

278 4360 492 4414 brorum
538 4360 603 4413 de
640 4358 923 4427 Principiis
964 4359 1133 4428 prima
1181 4360 1345 4415 editio
1386 4361 1595 4415 videtur
1635 4375 1754 4416 esse
1802 4376 1863 4425 ea

277 4467 391 4520 qua:
437 4467 559 4506 cum
599 4452 756 4505 variis
806 4450 1045 4522 Origenis
1092 4453 1327 4523 operibus
1371 4454 1549 4507 studio
1577 4453 1865 4508 Constantii

1968 3227 2300 3285 Bernardino
2325 3232 2565 3301 Benalio,
2596 3235 2857 3307 Venetiis,
2892 3241 3050 3310 l5l2,
3093 3249 3269 3304 ln-lol.

2036 3320 2300 3379 Homilias
2328 3324 2383 3379 in
2404 3324 2685 3383 Leviticum
2715 3330 2769 3386 in
2809 3332 2972 3391 libros
3012 3338 3283 3397 sexdecim
3310 3343 3553 3416 digestas
3582 3318 3585 3319 ν

1966 3414 2148 3511 Ruﬁni
2177 3415 2398 3511 nomine
2435 3432 2501 3473 ex
2537 3420 2729 3511 codice
2757 3422 3070 3485 Corbeiensi
3103 3433 3330 3501 primum
3363 3414 3549 3511 vulga-

1962 3506 2041 3560 vit
2065 3504 2298 3600 Jodoeus
2325 3506 2667 3600 (ilielttoveus,
2696 3509 2920 3570 Lutetia:
2941 3518 3083 3589 typis
3104 3519 3411 3600 Wolfgangi
3437 3504 3551 3588 Ho-

1966 3598 2119 3668 pytii,
2154 3596 2314 3667 1514,
2346 3597 2411 3656 Ρ.
2442 3601 2730 3672 Perperam
2758 3604 2963 3677 Cyrillo
2990 3610 3297 3673 tribuuntur
3318 3596 3372 3675 in
3404 3621 3551 3681 Lati-

1966 3693 2048 3748 nis
2074 3693 2247 3751 Patris
2277 3696 2394 3767 ejus
2426 3697 2749 3754 editionibus
2772 3738 2790 3765 ,
2820 3716 2887 3757 ex
2912 3705 3108 3774 quibus
3144 3708 3277 3766 duas
3308 3728 3421 3783 pro:
3441 3732 3550 3774 caa—

1968 3787 2098 3843 teris
2139 3789 2374 3858 appellat
2413 3789 2749 3847 Fontaninus
2774 3835 2789 3859 ,
2835 3795 3193 3855 Colonieusem
3229 3821 3320 3874 per
3354 3806 3551 3867 Melrlt.

1969 3880 2321 3936 Novesianum
2349 3884 2511 3949 1516,
2542 3886 2702 3942 tomis
2732 3888 2941 3945 duobus
2975 3892 3229 3964 in-t‘olio,
3262 3913 3548 3959 accurante

1974 3972 2126 4028 Petro
2154 3972 2385 4042 Canisio,
2418 3975 2633 4045 factam,
2666 3980 2720 4034 in
2745 3995 2851 4049 quo
2880 3991 3023 4039 torno
3045 3984 3086 4051 l,
3114 4002 3166 4056 p.
3198 3990 3290 4059 41,
3320 4003 3551 4060 exstant;

1968 4075 2022 4122 et
2066 4065 2416 4123 Parisiensem
2458 4070 2596 4140 apud
2642 4070 2804 4127 Mich.
2853 4074 3143 4145 Sonm'um,
3176 4096 3266 4137 an.
3301 4084 3461 4159 1575,
3487 4090 3559 4159 t",

1970 4158 2056 4213 ubi
2082 4174 2133 4229 p.
2165 4161 2232 4216 66
2259 4165 2618 4230 reperiuntur.

2044 4250 2397 4307 Ilomiliarum
2444 4257 2495 4309 in
2545 4256 2804 4314 Numeros
2841 4263 3118 4331 prologus,
3145 4266 3233 4333 qui
3258 4266 3397 4323 sicut
3425 4272 3556 4328 reli-

1972 4359 2195 4413 quarum
2241 4346 2402 4399 etiam
2448 4347 2791 4415 praefationes
2840 4351 2891 4403 in
2937 4353 3264 4411 editionibus
3297 4362 3437 4430 typis
3464 4364 3556 4419 de-

1974 4434 2189 4503 scriptis
2219 4446 2270 4488 et
2300 4435 2573 4492 codicibus
2601 4437 2953 4509 desideratur,
2982 4457 3224 4502 seorsum
3255 4448 3307 4504 itt
3334 4453 3557 4521 quibus-

282 4544 546 4598 llierotltei
593 4544 834 4599 canonici
884 4545 1143 4613 regularis
1180 4546 1358 4599 Sancti
1400 4545 1693 4600 Salvatoris
1724 4545 1860 4599 facta

1972 4525 2091 4578 dam
2142 4526 2419 4581 codicibus
2462 4530 2751 4597 reperitur,
2805 4547 3030 4602 quorum
3081 4540 3388 4610 complures
3413 4550 3554 4615 apud

278 4645 359 4690 est
390 4635 621 4689 Veneriis
669 4635 809 4706 apud
860 4635 1111 4690 Lazarum
1153 4636 1437 4700 Soardutn,
1490 4637 1651 4703 1514,
1681 4638 1860 4692 iit-fol.

280 4728 411 4783 Hinc
467 4731 519 4783 in
584 4728 930 4782 Erasmianas
978 4730 1210 4785 transiit.
1272 4730 1328 4783 In
1376 4732 1663 4784 novissima
1720 4731 1865 4785 llua'i

278 4832 621 4876 exstattomo
675 4819 762 4874 IV.
817 4822 967 4887 Quod
1019 4823 1275 4877 Homilias
1306 4824 1520 4888 attinet,
1559 4826 1638 4877 Ita:
1668 4825 1865 4893 pariter

281 4916 328 4966 iu
353 4914 607 4968 omnibus
637 4914 870 4983 Operum
901 4913 1350 4985 descriptionibus
1371 4931 1491 4971 cum
1525 4916 1725 4971 Latinis
1754 4927 1865 4971 tum

282 5006 465 5063 Grmce
507 5022 573 5062 ac
605 5005 796 5060 Latine
836 5007 992 5061 editis
1024 5017 1284 5077 prostant.
1316 5007 1393 5062 Ne
1420 5009 1536 5078 quis
1564 5019 1740 5063 autem
1772 5010 1869 5063 mi~

281 5110 424 5152 retur
452 5101 495 5152 si
542 5098 873 5151 intellexerit
916 5097 967 5151 in
999 5098 1390 5173 antiquioribus
1418 5114 1522 5153 non
1550 5098 1743 5154 Rulitto
1773 5101 1866 5154 sed

285 5189 615 5260 Hieronymo
646 5203 831 5241 earum
867 5188 1360 5257 interpretationem
1394 5190 1589 5255 tribui,
1623 5193 1673 5244 in
1698 5192 1870 5245 omni-

285 5280 381 5335 bus
410 5281 692 5336 codicibus
722 5294 852 5334 mss.
898 5280 1035 5334 idem
1069 5280 1182 5334 ﬁeri
1223 5282 1424 5349 discat;
1459 5281 1511 5335 in
1543 5283 1737 5352 quibus
1785 5284 1868 5338 in-

285 5388 444 5442 super
478 5372 688 5441 prologi
734 5371 1049 5441 plerumque
1083 5371 1324 5425 omnium
1370 5373 1627 5427 librorum
1662 5374 1872 5428 invidias

285 5463 545 5516 evitandae
589 5461 764 5532 gratia
806 5462 999 5515 resecti
1045 5472 1209 5527 sunt,
1243 5476 1309 5515 ne
1348 5458 1595 5532 Origenis
1633 5479 1873 5517 errorum

288 5564 471 5620 metu,
523 5567 756 5625 quorum
802 5553 1108 5621 suspicione
1153 5551 1376 5610 Ruﬁnus
1402 5554 1768 5621 premebatur,
1802 5557 1879 5610 lc-

288 5658 463 5705 ctores
492 5648 562 5703 ab
604 5644 836 5701 emendo
873 5646 1295 5710 deterrerentur,
1330 5656 1387 5700 ut
1412 5646 1667 5703 Erasmus
1714 5648 1882 5705 libere

294 5741 343 5795 in
366 5754 594 5798 censura
618 5738 852 5793 homiliis
885 5737 935 5792 in
973 5738 1201 5794 Genesin
1233 5738 1414 5795 addita
1442 5737 1624 5794 edixit.
1680 5739 1883 5808 Unum,

1974 4616 2329 4672 Fontaniuum
2378 4618 2470 4672 lib.
2517 4635 2570 4686 ν,
2613 4635 2734 4690 cap.
2776 4622 2835 4689 7,
2870 4641 2920 4694 p.
2950 4626 3055 4684 S86
3077 4643 3183 4700 sq.,
3217 4647 3559 4694 enumeratos

1972 4711 2169 4767 videas.
2214 4709 2400 4765 Editus
2448 4720 2624 4766 autem
2676 4724 2759 4769 cst
2805 4731 2870 4770 ex
2922 4719 3109 4775 codice
3160 4722 3443 4793 Bigotiano
3488 4731 3557 4785 ab
3601 4721 3604 4724 ’

1975 4805 2204 4861 Henrico
2232 4804 2443 4859 Valesio
2471 4805 2521 4858 in
2544 4806 2683 4861 notis
2705 4808 2767 4860 ad
2796 4808 3078 4867 Historiam
3109 4814 3325 4873 Eusebii
3357 4820 3449 4875 lib.
3485 4840 3560 4893 vr,

1972 4913 2091 4967 cap.
2141 4895 2231 4961 '58,
2276 4906 2329 4951 ct
2379 4896 2621 4965 pluribus
2644 4899 2850 4955 collatis
2876 4903 3033 4957 l'etro
3065 4904 3257 4964 Franc.
3293 4910 3563 4970 Chillletio

1978 4994 2029 5047 in
2064 4991 2287 5047 Paulino
2329 4991 2635 5059 illustrato,
2684 5003 2836 5062 parte
2878 5010 2944 5059 ll,
2972 5011 3090 5067 cap.
3137 4999 3227 5069 25,
3259 5005 3350 5073 qui
3384 5016 3566 5064 tamen

1978 5102 2082 5141 non
2114 5086 2370 5151 Ursacio,
2401 5086 2493 5140 sed
2538 5086 2745 5141 Donato
2788 5088 3078 5158 inscripsit.
3144 5092 3219 5149 De
3248 5110 3352 5165 quo
3381 5113 3571 5156 errore

1978 5183 2200 5251 ejusque
2232 5194 2515 5235 ocrasmne
2546 5187 2797 5234 accurate
2822 5178 3173 5239 Fontaninus.

2050 5273 2103 5327 Η
2111 5274 2404 5327 omiliarum
2432 5273 2485 5327 in
2517 5272 2713 5327 librum
2743 5270 2906 5327 Josue
2945 5275 3186 5332 codicem
3219 5292 3321 5333 ms.
3369 5295 3566 5335 suono-

1981 5367 2112 5420 tavit
2156 5363 2489 5419 Fontaninus
2540 5380 2605 5418 ex
2654 5364 2981 5419 bibliotheca
3003 5383 3106 5422 ms.
3133 5367 3351 5423 Antonii
3384 5371 3567 5440 Augu-

1980 5458 2107 5514 stini
2151 5458 2293 5513 edita
2340 5456 2631 5510 Tarracone
2673 5456 2809 5527 apud
2855 5455 3161 5528 Philippum
3212 5458 3350 5527 May,
3403 5462 3568 5529 1587,

1984 5550 2144 5616 ἰπὶ-4⁸³,
2176 5550 2301 5608 cod.
2333 5546 2423 5612 48,
2462 5547 2563 5601 hoc
2602 5546 2892 5601 lemmate:
2941 5546 3177 5617 Origcnis
3200 5551 3569 5619 Alexandrini,

1996 5645 2083 5716 qui
2122 5654 2167 5698 et
2218 5641 2554 5700 Adamantius
2581 5680 2595 5704 ,
2636 5639 2690 5691 in
2731 5639 2918 5691 librum
2961 5635 3121 5691 Iosue
3172 5638 3419 5698 Ilomiliw
3460 5662 3569 5701 xw.

1990 5740 2146 5794 Beato
2174 5739 2491 5804 Hieronymo
2521 5733 2791 5800 interprete
2812 5769 2827 5797 ,
2856 5729 2934 5785 vel
2965 5730 3152 5798 (iu/ina
3172 5771 3188 5799 ,
3229 5735 3295 5788 ad
3328 5734 3561 5792 Cltroma
