4094 6344
535 308 603 363 '59
1531 306 1832 368 RUFINUS
1870 306 2006 375 Α’ου
2020 300 2349 362 ILEIENSIS
2387 304 2811 364 PRESBYTER.
3744 309 3811 365 40

534 428 682 481 tium.
735 424 901 481 Liber
938 425 993 480 in
1044 422 1352 479 membrana
1396 437 1658 479 annorum
1709 422 1815 476 530
1845 430 1899 479 et
1943 422 2106 486 ultra,
2144 420 2187 473 A
2220 416 2310 470 bus
2335 456 2351 483 ,
2400 433 2465 471 ex
2494 419 2715 473 editione
2736 417 2956 473 Joannis
2988 417 3180 474 Straub
3209 428 3255 472 et
3298 416 3556 474 Desiderii
3581 417 3810 479 Erasmi.

541 519 710 575 forma
740 520 1005 599 quadrati.

607 614 872 671 Homitias
900 632 955 673 xx
976 618 1029 673 in
1061 618 1277 673 Iudices
1305 631 1336 673 a
1369 614 1563 669 Ruﬁno
1599 613 1882 667 translatas
1923 618 1975 665 et
2002 622 2122 663 cum

538 707 761 777 prologo
807 709 873 764 ad
924 711 1293 782 Apronianum
1342 708 1573 764 directas
1604 714 1725 776 post
1766 702 1972 758 Μαι-1ῖηί
2006 700 2123 771 pri-

538 812 679 853 mam
730 800 1021 857 editionem
1056 803 1313 857 Latinam
1369 799 1603 868 Operum
1646 796 1891 866 Origenis
1918 794 2121 863 (Paris.

538 891 703 963 1512)
728 894 961 966 vulgavit
982 894 1322 951 Constantius
1348 892 1673 948 Hierotheus
1692 902 1813 944 cum
1842 887 1963 942 aliis
1986 884 2125 939 Ada-

538 986 724 1041 mantii
747 988 1014 1057 Operibus
1042 988 1094 1043 in
1122 988 1327 1043 Novum
1358 986 1804 1049 Testamentum,
1849 980 2122 1051 praemissa

2302 509 2539 579 Denique
2558 511 2630 564 'de
2656 510 2929 565 codicibus
2960 509 3138 563 Ruﬁni
3169 510 3513 581 Cregnrianis
3542 527 3673 567 mss.
3708 514 3814 568 sin—

2232 603 2460 673 gulatim
2492 603 2676 673 paucis
2705 604 2815 675 egit
2840 603 3172 659 Funtaninus
3194 644 3208 669 ,
3239 620 3362 675 qua:
3389 615 3643 674 repetere
3675 606 3812 662 haud

2229 696 2509 765 pmniteat.

2309 785 2550 839 Vaticani
2578 786 2791 842 codices
2815 827 2831 853 ,
2861 802 2916 841 n.
2956 785 3100 841 4259
3126 796 3181 843 et
3206 786 3367 854 5259,
3402 786 3661 845 exhibent
3684 804 3814 860 opu-

2225 878 2432 935 sculum
2455 879 2753 935 secundum
2781 878 2849 935 de
2875 878 3061 933 Natali
3087 880 3316 935 Domini.

2302 968 2525 1026 Urbinas
2555 969 2623 1024 ’12
2670 971 3064 1041 Apoloycticum
3109 988 3211 1027 una
3251 986 3372 1026 cum
3403 972 3625 1042 prologo
3655 980 3816 1029 crete-

535 1075 793 1148 Apologia
822 1077 1007 1135 Jacobi
1034 1078 1238 1134 Merlini
1266 1093 1365 1149 pro
1398 1076 1662 1148 Origene,
1713 1073 1958 1140 Venetiis,
1982 1071 2123 1143 apud
2228 1061 2409 1132 risque
2447 1062 2721 1133 οΡυεειιιίε
2762 1062 3211 1132 comprehendit:
3264 1077 3372 1119 ηοη
3407 1071 3589 1121 tamen
3619 1064 3687 1121 de
3718 1063 3815 1119 Νί-

538 1165 794 1222 Lazarum
825 1168 1111 1236 Soardutn,
1144 1168 1308 1236 1516,
1337 1167 1408 1223 f°.
1439 1168 1742 1223 Occurrunt
1771 1164 1842 1219 ibi
1873 1172 1992 1233 post
2020 1163 2119 1217 bo-

534 1257 709 1314 milias
741 1262 793 1315 in
821 1261 1020 1317 Lucam
1051 1261 1145 1317 fol.
1176 1260 1263 1327 87,
1298 1270 1616 1330 exstautque
1655 1259 1816 1313 etiam
1850 1257 1900 1311 in
1930 1255 2116 1311 codice

534 1364 637 1406 ms.
693 1352 949 1409 Vaticano
974 1396 989 1421 ,
1042 1353 1298 1409 Urbinate
1327 1351 1430 1418 65,
1464 1350 1559 1407 fol.
1589 1349 1679 1416 54,
1713 1365 1767 1419 ρ.
1797 1346 1852 1401 2.
1886 1346 2114 1402 Fontan.

604 1439 866 1496 Homilias
908 1443 962 1498 in
1006 1440 1222 1497 Cantica
1263 1442 1580 1497 canticorum
1623 1441 1819 1494 incerto
1858 1437 2121 1508 interpreti

535 1535 800 1605 ascriptas
844 1534 1079 1591 Joannes
1123 1534 1465 1590 Martianmus
1496 1532 1728 1603 coniecit
1758 1532 1813 1585 in
1840 1537 2046 1586 tomum
2074 1527 2118 1584 γ

532 1625 769 1696 Operam
818 1626 1168 1698 Hieronymi,
1218 1642 1272 1697 p.
1329 1625 1454 1682 603.
1497 1626 1552 1681 In
1580 1623 1897 1696 quibusdam
1922 1620 2122 1677 codici-

534 1718 633 1773 bus
674 1716 1000 1788 Hieronymo
1045 1727 1100 1773 et
1146 1717 1432 1773 Ambrosio
1458 1715 1783 1773 tribuuntur.
1824 1713 1934 1769 Nec
1952 1710 2118 1767 Eras-

2222 1169 2366 1209 ctena
2394 1151 2530 1208 Fide
2557 1154 2716 1222 deque
2738 1154 2968 1211 Arionis.

2297 1244 2580 1302 Palatinus
2605 1245 2675 1303 66
2716 1248 3127 1319 Apologeticum
3169 1262 3385 1318 quoque
3410 1263 3533 1303 cum
3566 1248 3808 1322 prolego.

2228 1337 2328 1394 Hic
2354 1338 2569 1397 libellus
2588 1352 2835 1397 servatur
2857 1342 3019 1398 etiam
3043 1342 3095 1395 in
3125 1341 3255 1397 bibl.
3274 1341 3332 1397 S.
3363 1340 3553 1397 Crucis
3581 1343 3635 1397 in
3669 1344 3813 1414 Agro
3850 1406 3871 1415 ν

2227 1428 2550 1488 Sessoriano
2580 1441 2702 1503 post
2727 1433 2971 1505 regulam
3002 1432 3326 1504 pastoralem
3367 1431 3536 1489 sancti
3568 1431 3810 1506 Gregorii

2223 1523 2346 1577 cod.
2382 1522 2509 1594 109,
2530 1533 2584 1580 et
2610 1532 2760 1580 extat
2780 1524 2835 1580 in
2863 1523 2997 1582 bibl.
3030 1524 3313 1581 Bodleiana
3332 1524 3471 1582 inter
3495 1539 3628 1582 mss.
3653 1526 3811 1583 Joan.

2224 1614 2469 1685 Seldeni,
2500 1632 2555 1673 n.
2588 1615 2754 1676 5425.

2294 1706 2470 1764 Codex
2506 1708 2839 1765 Noraiccnsis
2864 1753 2879 1777 ,
2910 1726 2968 1766 η.
2993 1710 3156 1778 9553,
3187 1722 3383 1772 castora
3426 1714 3688 1783 opuscula
3713 1717 3811 1774 sub

534 1824 654 1866 mus
682 1824 866 1866 verum
895 1818 1169 1865 auctorem
1201 1809 1446 1880 agnovit;
1495 1808 1591 1864 sed
1622 1806 1975 1863 Cassiodorus
2000 1802 2118 1857 Div.
2151 1802 2201 1864 B
2225 1803 2444 1875 prologo
2469 1803 2537 1860 ad
2563 1804 2918 1875 Apronianum
2936 1807 3332 1877 complectitur.

533 1898 684 1955 Lect.
716 1915 837 1970 cap.
872 1900 928 1968 5,
980 1900 1231 1956 Ruﬁnutn
1276 1900 1403 1956 facit
1452 1900 1825 1970 interpretem,
1860 1909 1914 1953 et
1944 1898 2122 1952 ﬁrmat
2164 1939 2179 1953 .

530 1991 698 2047 codex
728 1990 870 2046 Petri
904 1991 1097 2047 Pithmi
1122 2032 1137 2057 ,
1170 1992 1247 2047 sic
1276 1991 1565 2060 inscriptus
1598 2008 1610 2043 :
1652 1988 1843 2061 Incipit
1868 1997 2119 2042 tractatus

534 2083 771 2155 Origenis
795 2084 847 2138 in
877 2082 1089 2139 Cantica
1118 2085 1435 2138 canticorum
1465 2099 1496 2137 a
1535 2082 1729 2153 Ruﬁno
1755 2082 2039 2137 translatus
2066 2082 2118 2135 in

529 2177 791 2232 Latinum.

598 2268 967 2329 Commentarii
1010 2268 1066 2323 in
1124 2266 1293 2340 Epist.
1345 2265 1504 2322 Pauli
1552 2268 1621 2321 ad
1665 2266 1945 2322 Romanos.
2013 2268 2120 2323 llos

533 2359 869 2429 Theophilus
920 2359 1241 2414 Salodiauus
1286 2358 1493 2413 ordinis
1524 2357 1776 2413 Fratrum
1807 2357 2117 2413 Observan-

533 2454 665 2507 tium
689 2491 707 2519 ,
755 2452 823 2507 de
861 2467 969 2523 quo
998 2454 1050 2506 in
1098 2452 1453 2522 scriptoribus
1504 2451 1765 2507 Minorum
1797 2452 1921 2508 silet
1948 2451 2118 2507 Lucas

535 2542 889 2613 Waddingus,
924 2544 976 2598 in
1008 2542 1255 2599 Fesulani
1286 2542 1604 2598 monasterii
1634 2541 1964 2599 bibliotheca
1994 2542 2119 2598 Hie-

533 2634 744 2705 ronymi
798 2635 1110 2705 interpretis
1140 2633 1358 2689 nomine
1401 2648 1433 2689 a
1461 2648 1521 2690 se
1548 2644 1792 2705 repertos
1821 2636 1961 2689 foras
1987 2635 2121 2689 emi-

529 2725 601 2781 sit
633 2724 883 2794 Venetiis,
916 2726 1055 2795 apud
1084 2726 1347 2782 Simonem
1371 2725 1434 2781 de
1463 2724 1654 2796 Luere,
1692 2725 1852 2797 1506,
1879 2726 1950 2795 ῐθ,
1984 2743 2119 2781 ηυηο

533 2820 853 2889 cupavitque
894 2821 1201 2877 Alexandro
1246 2821 1490 2878 Portensi
1536 2821 1781 2878 Vicetino
1805 2861 1823 2888 ,
1853 2820 2119 2893 equestris

531 2912 649 2964 ord.
683 2911 819 2965 viro.
874 2910 1104 2967 Reeudit
1153 2922 1335 2983 postea
1378 2912 1519 2969 idem
1572 2927 1706 2984 opus
1756 2912 2118 2969 Bernardinus

534 3004 808 3071 Benalius,
837 3003 997 3071 1512,
1029 3005 1097 3071 f°,
1148 3005 1491 3077 Operumque
1537 3004 1979 3076 Origenianorum
2008 3004 2119 3059 col-

534 3098 749 3154 lectioni
775 3112 888 3154 sute
917 3099 1111 3155 deinde
1134 3099 1357 3155 inseruit
1388 3101 1665 3156 Erasmus.
1691 3099 1977 3170 Prologum
2010 3097 2119 3154 Ru-

2294 1892 2475 1950 Codea:
2530 1894 2849 1952 Baluzianus
2910 1896 3193 1956 Ruﬁniana
3252 1901 3573 1959 Nazianzeni
3636 1904 3809 1974 Opera

2221 1987 2587 2055 complectens
2634 1987 2776 2060 (Cat.
2826 1988 2967 2045 Bibl.
3008 1990 3190 2047 Baluz.
3222 2002 3260 2048 t.
3290 1994 3387 2064 ΙΙΙ,
3418 2011 3470 2066 p.
3496 1996 3590 2067 24)
3621 1998 3675 2054 in
3706 1998 3810 2055 Re-

2223 2076 2365 2144 giam
2393 2078 2604 2135 transit.

2294 2164 2536 2222 Codicem
2566 2170 2783 2242 Regium
2810 2214 2824 2238 ,
2872 2188 2928 2227 n.
2959 2172 3087 2240 '5l3,
3116 2174 3167 2229 in
3198 2189 3305 2245 quo
3326 2176 3531 2248 aliquot
3559 2178 3806 2250 Gregorii

2221 2257 2495 2314 orationes
2545 2275 2612 2316 ex
2658 2262 2908 2320 versione
2954 2264 3131 2321 Ruﬁni
3174 2277 3431 2336 exstent,
3465 2270 3713 2328 Labbeus
3753 2274 3804 2328 in

2222 2347 2364 2405 Bibl.
2387 2351 2520 2407 min.
2550 2354 2729 2426 suppl.
2754 2370 2808 2425 p.
2830 2355 2937 2411 274
2968 2357 3166 2413 laudat.

2696 2445 2832 2501 VIII.
2872 2446 3011 2503 Sixti
3030 2448 3329 2506 Sententiae.

2295 2531 2660 2590 Enchiridium
2690 2538 2851 2593 etiam
2900 2540 2984 2595 vel
3022 2542 3259 2596 Annulus
3302 2543 3688 2603 inscribuntur.
3733 2550 3809 2605 De

2220 2635 2440 2682 auctore
2466 2626 2687 2685 Sixtina:
2719 2629 2877 2700 hujus
2908 2630 3304 2689 Sententiarum
3338 2636 3673 2694 collectionis
3695 2641 3806 2709 jam

2220 2715 2290 2769 ab
2323 2717 2437 2787 ipsa
2469 2717 2648 2773 Ruﬁni
2672 2729 2832 2775 :etate
2870 2722 3152 2777 contrariis
3180 2724 3519 2793 Opinionibus
3542 2726 3808 2797 discepta-

2223 2816 2334 2862 tum
2365 2809 2490 2875 luit,
2529 2812 2651 2865 aliis
2680 2811 2956 2867 ethnicum
2992 2814 3114 2869 aliis
3139 2815 3503 2873 Christianum
3528 2822 3808 2877 censenti-

2222 2897 2343 2953 bus.
2386 2899 2625 2957 Fuerunt
2653 2904 2742 2972 qui
2779 2904 2845 2957 ad
2890 2903 3131 2959 Sextium
3159 2905 3535 2977 philosOpbum
3570 2911 3807 2969 Stoicum

2221 3004 2251 3044 a
2277 2991 2485 3049 Seneca
2516 2994 2808 3060 laudatum;
2837 2994 2950 3061 alii,
2983 2996 3074 3065 qui
3094 2996 3161 3052 ad
3184 2997 3593 3069 Pythagoricum
3627 3004 3809 3059 nescio

2221 3098 2379 3152 quem
2432 3086 2729 3153 referrent;
2780 3086 2869 3141 alii
2921 3100 3110 3143 rursus
3149 3088 3355 3145 Sixtum
3400 3090 3444 3145 ll
3497 3087 3817 3160 pontiﬁcem

533 3189 625 3245 ﬁni
648 3190 713 3243 ad
745 3190 1069 3255 Heraclium,
1110 3190 1492 3263 Hieronymum
1528 3200 1801 3248 auctorem
1828 3191 2117 3247 arbitratus

2226 3175 2384 3232 Rom.
2407 3185 2463 3231 et
2487 3188 2777 3250 martyrem
2804 3188 3075 3236 auctorem
3108 3180 3225 3250 ejus
3252 3180 3514 3239 fecerunt.
3569 3185 3807 3245 Plurima

530 3278 766 3335 Joannes
815 3279 1155 3335 Martianaeus
1202 3278 1430 3337 inseruit
1480 3282 1724 3352 epistolis
1773 3282 1842 3338 ab
1886 3297 1947 3338 se
1977 3298 2118 3338 novo

531 3373 722 3428 ordine
769 3372 989 3444 digestis
1037 3383 1182 3429 torno
1228 3373 1317 3439 IV,
1359 3390 1413 3430 n.
1466 3376 1591 3445 107,
1632 3391 1684 3445 p.
1733 3375 1859 3432 808.
1891 3374 2119 3432 Codices

539 3481 671 3522 mss.
702 3468 961 3537 quosdam
991 3468 1168 3523 obiter
1198 3480 1345 3525 notat
1376 3468 1727 3538 Fontaninus,
1763 3488 1815 3543 p.
1846 3472 1976 3528 297.

542 3600 652 3656 νη.
712 3600 945 3674 Gregorii
996 3602 1312 3660 Nazianzeni
1362 3610 1608 3677 opuscula
1656 3610 1828 3665 decem
1858 3626 1889 3662 a
1923 3609 2119 3678 Ruﬁno

1065 3694 1340 3754 Latinitate
1368 3698 1580 3756 donata.

605 3825 728 3896 Ipse
753 3826 976 3883 Ruﬁnus
1024 3828 1076 3884 in
1124 3830 1353 3888 Historia
1401 3835 1763 3890 ecclesiastica
1794 3834 1954 3888 denas
1985 3830 2119 3886 Gre-

538 3920 674 3991 gorii
705 3923 1054 3979 oratiunculas
1097 3940 1126 3978 a
1174 3940 1233 3980 se
1282 3941 1569 3982 conversas
1600 3926 1826 3981 nutavit.
1871 3924 1977 3979 llas
2008 3923 2118 3992 pri-

541 4028 660 4068 mus
697 4013 929 4071 Joannes
976 4017 1253 4089 Adelphus
1300 4020 1565 4090 Mulingus
1607 4020 1710 4075 luci
1737 4018 1883 4073 dedit
1916 4018 2121 4086 Argen-

534 4105 685 4172 tinm,
716 4106 875 4174 1508,
911 4110 1011 4166 hoc
1033 4112 1224 4166 titulo:
1265 4111 1333 4166 Ili
1375 4123 1494 4167 sunt
1544 4114 1594 4164 in
1638 4114 1732 4165 hoc
1758 4109 1931 4164 codice
1959 4109 2120 4162 libelli

531 4211 564 4250 ι
587 4196 824 4269 Gregorii
864 4199 1207 4259 Nazianzeni.
1229 4233 1298 4244 —
1329 4205 1408 4259 Ad
1448 4204 1647 4257 calcem
1674 4220 1687 4254 :
1741 4200 1966 4268 Explicit
1995 4200 2122 4253 liber

530 4288 594 4344 Β.
621 4288 855 4361 Gregorii
905 4293 1253 4365 Nazianzeni,
1287 4294 1568 4350 translatus
1603 4310 1633 4346 a
1653 4292 1877 4363 quodam
1903 4290 2116 4361 Rufino,

476 4428 484 4436 .
527 4379 805 4450 impressus
849 4385 1144 4455 Argentinw
1190 4404 1283 4458 par
1325 4387 1583 4441 Joannem
1616 4382 1958 4449 Knoblouch,
1983 4399 2120 4437 anno

528 4488 718 4542 ιωνιιι,
752 4475 920 4532 ἱη-4ο.
961 4478 1148 4533 Editor
1191 4479 1384 4534 librum
1428 4477 1574 4532 dicat
1620 4474 1850 4546 Geargio
1894 4475 2117 4540 Bohem,

2224 3268 2489 3326 editorum
2514 3285 2659 3341 pars,
2684 3280 2741 3325 ut
2765 3272 2898 3326 alios
2927 3273 3238 3328 innumeros
3260 3275 3552 3344 scriptores
3577 3289 3807 3347 taceam,

2224 3364 2276 3418 in
2308 3365 2409 3419 hac
2453 3366 2753 3435 quaestione
2782 3377 3036 3437 occupata
3070 3367 3186 3430 fuit,
3227 3383 3325 3423 nec
3349 3379 3527 3425 tamen
3560 3374 3808 3442 multum,

2224 3456 2267 3509 si
2294 3455 2421 3525 quid
2463 3456 2650 3522 video,
2680 3456 2922 3526 profecit.
2969 3457 3099 3511 Erat
3139 3456 3356 3525 quidem
3387 3464 3646 3517 saeculum
3679 3464 3810 3521 illud

2224 3556 2345 3616 post
2374 3546 2643 3603 Christum
2676 3556 2856 3602 natum
2885 3548 3178 3603 secundum
3205 3554 3622 3624 gnomographis
3651 3557 3810 3626 hujus

2222 3638 2440 3708 generis
2474 3638 2673 3694 fertile.
2715 3638 3090 3694 Potuitautem
3117 3640 3250 3696 liber
3283 3645 3435 3700 varie
3468 3650 3809 3714 postmodum

2223 3748 2253 3787 a
2290 3734 2580 3802 gentilibus
2603 3746 2657 3790 et
2677 3733 3001 3791 Christianis
3029 3737 3364 3807 interpolari.
3394 3741 3460 3796 Et
3489 3758 3621 3799 sane
3648 3761 3677 3799 a
3707 3744 3811 3800 Ru-

2226 3826 2333 3880 fino
2363 3825 2653 3882 admodum
2698 3829 3045 3898 interpolatus
3091 3842 3256 3888 estet
3285 3835 3624 3894 immutatus.
3670 3838 3809 3909 Quid

2224 3916 2403 3971 obstat
2452 3918 2617 3987 igitur
2661 3921 2948 3988 quominus
2997 3922 3392 3995 Hieronymus,
3440 3928 3527 3983 cui
3557 3928 3713 3997 alias,
3742 3932 3811 3986 ob

2225 4008 2474 4065 invidiam
2523 4026 2627 4082 qua
2692 4012 2745 4067 in
2795 4013 3042 4071 Ruﬁnum
3105 4020 3567 4089 commovebatur,
3622 4040 3812 4095 parum

2225 4100 2473 4170 equidem
2522 4103 2801 4161 tribuerim
2826 4149 2841 4175 ,
2875 4124 3001 4164 vera
3041 4109 3270 4180 dixerit,
3312 4114 3583 4171 ethnicum
3617 4119 3812 4187 prima—

2224 4192 2363 4247 rium
2393 4193 2601 4251 scilicet
2630 4206 2907 4255 auctorem
2935 4204 3214 4258 statuens?
3263 4204 3397 4270 Quid
3440 4209 3583 4275 quod
3615 4209 3814 4266 Galeus

2224 4282 2595 4343 observaverit
2668 4288 3074 4347 Ruﬁnianarum
3139 4294 3530 4351 sententiarum
3598 4299 3816 4358 codices

2224 4376 2362 4433 adeo
2391 4378 2531 4435 inter
2560 4396 2619 4438 se
2641 4381 3077 4454 discrepare,‘ut
3114 4386 3281 4443 ferme
3308 4397 3519 4445 constet
3543 4390 3680 4447 duas
3703 4393 3814 4465 Χῖ.

2224 4470 2293 4527 sti
2316 4470 2579 4528 editiones
2608 4476 2905 4545 antiquitus
2926 4479 3226 4548 prodiisse?
3247 4480 3397 4536 Alios
3424 4482 3570 4537 enim
3601 4486 3815 4542 codices

529 4566 871 4639 Moguntina,
899 4579 959 4627 et
984 4570 1181 4626 Joanni
1210 4569 1491 4639 Flamingo
1510 4608 1527 4633 ,
1574 4568 1992 4638 Boppardiensis
2022 4568 2123 4623 Ec-
2151 4564 2203 4625 D
2230 4566 2448 4636 plures,
2498 4567 2633 4624 alios
2662 4571 2943 4641 pauciores
2982 4573 3277 4629 sententias
3306 4575 3812 4645 comprehendere;

527 4658 815 4718 clesiaram
848 4661 1176 4733 presbyteris
1200 4700 1216 4726 ,
1260 4663 1452 4729 quibus
1480 4660 1649 4729 palam
1682 4660 1806 4715 facit
1837 4676 1897 4716 se
1923 4661 2114 4717 Joanui

527 4749 821 4809 Francisco
880 4753 1035 4820 Pico,
1084 4752 1395 4806 Miranduhe
1446 4752 1668 4818 comiti,
1720 4754 2115 4811 necessitudine

521 4846 805 4915 junctum,
851 4861 1016 4916 seque
1062 4847 1259 4913 scripta
1304 4845 1478 4898 Ruﬁni
1530 4846 1585 4901 in
1632 4846 1804 4902 lucem
1852 4849 2011 4913 ferre,
2046 4865 2114 4903 ne

527 4941 748 4995 tandem
798 4946 1041 5010 pereant.
1102 4936 1422 4991 Prodierunt
1468 4938 1663 4994 deinde
1706 4954 1827 4995 cum
1861 4940 1977 4996 aliis
2009 4941 2114 4996 Na-

523 5032 767 5087 zianzeni
793 5030 1043 5099 operibus
1074 5042 1140 5082 ex
1183 5029 1622 5100 interpretatione
1663 5031 1806 5086 Petri
1836 5032 2110 5088 Mosellani

524 5131 578 5177 et
604 5120 851 5175 Bilibaldi
878 5119 1287 5185 Pirekheimeri,
1313 5121 1526 5190 Lipsim,
1561 5123 1720 5189 1522,
1756 5124 1930 5191 ἰιι-8υ,
1968 5125 2113 5181 Fon-

531 5222 644 5266 tan.
684 5210 858 5265 Aliam
908 5212 1203 5266 editionem
1249 5228 1278 5267 a
1326 5214 1573 5271 Fabricio
1597 5220 1758 5272 etiam
1788 5220 2115 5289 praetermis-

530 5315 645 5354 sam
713 5309 1015 5355 memorant
1074 5302 1462 5361 recentissimae
1511 5306 1828 5364 Nazianzeni
1879 5311 2112 5377 Operutn

532 5391 787 5446 editionis
832 5393 1141 5449 conditores
1165 5439 1180 5461 ,
1232 5400 1478 5454 monachi
1508 5400 1837 5457 Benedimini
1873 5403 2116 5475 (Parisiis

536 5479 695 5546 l7'i8,
731 5488 769 5535 t.
804 5480 866 5552 l),
905 5484 975 5538 ita
1017 5486 1327 5557 inscriptam
1358 5509 1370 5545 :
1403 5490 1637 5562 Gregorii
1673 5494 1993 5548 Nazianzeni
2027 5512 2117 5551 co-

530 5579 822 5637 gnomento
858 5571 1105 5645 Theologi
1146 5580 1400 5635 ora!ioncs
1432 5598 1670 5653 xxxvm,
1708 5595 1974 5652 tractatus,
2011 5604 2121 5641 ser-

536 5678 731 5725 mones,
760 5674 807 5717 et
839 5667 993 5724 libros
1013 5670 1207 5743 aliquot
1244 5673 1454 5741 Latine,
1492 5676 1748 5734 Bilibaldo
1773 5677 2119 5733 Pirckheimc-

533 5765 613 5813 ro,
648 5750 839 5816 Ruﬁno
875 5760 1187 5831 presbytero,
1218 5774 1261 5818 et
1308 5764 1458 5821 Petro
1494 5766 1779 5824 Mosellano
1818 5769 2120 5839 interpreti-

2225 4657 2355 4714 alibi
2386 4659 2552 4715 multa
2579 4663 2776 4733 repeti,
2810 4663 3075 4720 interdum
3104 4666 3347 4721 ordinem
3374 4666 3682 4735 immutari;
3713 4671 3815 4725 alia

2223 4768 2438 4822 quoque
2479 4755 2804 4825 exemplaria
2854 4770 2960 4811 non
3012 4770 3116 4811 uno
3146 4763 3332 4811 tenore
3370 4758 3689 4827 procedere,
3724 4763 3818 4818 sed

2222 4845 2355 4898 duas
2404 4854 2584 4913 partes
2626 4848 2997 4910 constituere,
3047 4848 3189 4916 quod
3243 4848 3512 4917 posterius
3551 4852 3719 4908 etiam
3757 4857 3824 4910 ah

2225 4940 2557 5010 Hieronymo
2587 4950 2832 4997 notatum
2866 4940 3194 4994 Fontaninus
3220 4942 3622 5002 animadvertit.
3654 4947 3824 5003 Deni-

2225 5046 2330 5100 que
2362 5030 2560 5086 Galeus
2591 5032 2791 5086 nullum
2819 5044 2879 5085 se
2904 5027 3140 5084 codicem
3175 5040 3390 5087 nactum
3422 5032 3688 5102 afﬁrmat,
3737 5040 3821 5094 cui

2226 5139 2291 5180 ex
2337 5134 2585 5179 accurata
2629 5123 3006 5195 praedictorum
3056 5122 3344 5180 collatione
3387 5141 3491 5180 non
3521 5128 3699 5199 aliqua
3736 5146 3823 5186 ac-

2225 5217 2401 5273 cessio
2446 5215 2559 5271 ﬁeri
2607 5225 2806 5288 posset.
2865 5214 3041 5269 Prima
3091 5213 3255 5269 editio
3298 5214 3399 5270 ten
3442 5216 3824 5288 Sympltoriani

2226 5308 2519 5377 Champerii
2544 5349 2559 5375 ,
2607 5325 2697 5363 an.
2753 5306 2909 5360 1507.
2957 5306 3009 5359 In
3047 5305 3393 5375 sequentibus
3419 5346 3434 5372 ,
3468 5322 3696 5375 quarum
3731 5311 3819 5366 hic

2226 5403 2460 5456 indicem
2510 5402 2837 5465 statuimus,
2901 5399 3141 5454 eminent
3182 5397 3447 5454 editiones
3499 5399 3818 5472 llittesemii,

2227 5492 2375 5547 ϐαιεὶ
2397 5502 2448 5547 et
2480 5491 2650 5547 Siberi
2677 5508 2794 5563 quas
2817 5502 2895 5546 est
2922 5492 3233 5545 novissima.

2298 5583 2459 5639 1507.
2502 5582 2783 5653 Lugduni,
2835 5583 2975 5651 apud
3021 5583 3211 5635 Jannot
3258 5582 3321 5633 de
3368 5580 3610 5651 Campis,
3644 5585 3815 5643 ῑη-ιυ,

2230 5676 2374 5733 Sixti
2415 5677 2661 5732 Anuulus
2709 5690 2831 5731 cum
2895 5674 3112 5743 prologo
3158 5672 3223 5725 ad
3271 5673 3643 5741 Apronianum
3695 5693 3816 5732 cum

2231 5767 2609 5839 Symphoriani
2658 5766 2961 5836 Champerii
3014 5764 3152 5819 libro
3194 5762 3258 5815 de
3291 5763 3635 5835 Quadruplici
3669 5765 3794 5822 Vita
