4094 6344
195 306 257 364 ιι

1728 291 2023 347 Νρτιτιλ.
2555 259 2564 264 ’
3369 333 3379 339 ρ
3449 294 3518 349 te

199 426 438 482 Miratur
493 417 694 476 editor
736 417 791 475 in
825 412 1136 488 prmiatioue
1161 411 1225 467 ad
1262 409 1612 466 Philtbertum
1657 410 1822 463 Nntn-
1855 412 1900 469 Α
1930 410 2098 464 ridion
2145 417 2203 466 ut
2242 409 2604 467 Christianum
2647 425 2774 467 saec.
2826 425 2882 468 ιιι
2929 421 3331 470 monumentum
3369 412 3522 484 juxta

198 518 398 576 rellum
428 557 443 580 ,
501 513 722 569 librum
775 509 1038 567 eximium
1067 524 1098 560 a
1145 506 1347 560 nemine
1382 503 1649 558 Gallorum
1679 513 1824 568 ante,

204 607 350 679 quod
377 605 579 670 sciret,
617 603 972 669 impressum.

275 696 379 751 1'51
399 697 451 750 ι.
495 694 912 762 ἶνὶιιεπῡενθιιν,
941 691 994 743 in
1019 687 1217 758 ofﬁcina
1247 683 1620 757 Grunenbergi,
1649 682 1828 740 iit-4°.

209 791 392 852 Idem,
429 802 563 844 cum
599 784 929 857 Pythagora:
964 781 1142 834 aureis
1172 777 1520 833 carminibus.

282 881 449 938 1516.
492 879 751 943 Basilete,
783 876 924 946 apud
946 873 1105 928 Joan.
1131 869 1471 939 Frobenium,
1509 870 1681 937 ἰη-ιο,
1705 884 1828 925 cum

213 976 445 1030 aliorum
479 970 819 1043 quihusdam
865 966 1082 1036 scriptis
1109 965 1213 1021 hoc
1253 963 1447 1019 titulo:
1483 961 1672 1017 Λῖηείε
1700 961 1833 1016 Pla-

223 1068 380 1123 tonici
412 1064 712 1121 Christiani
745 1063 809 1116 de
836 1059 1216 1114 immortalitate
1241 1057 1424 1110 animus
1463 1057 1622 1125 deque
1649 1071 1835 1123 corpo-

220 1177 336 1214 rum
375 1155 774 1212 resurrectione
812 1152 1093 1222 Dialogus,
1126 1150 1213 1217 qui
1242 1149 1624 1221 Theophrasius
1649 1149 1836 1201 inscri-

230 1258 384 1323 bitur,
412 1254 696 1310 Ambrosio
725 1249 1116 1308 Camaldulensi
1141 1251 1429 1320 interprete.

201 1403 237 1424 ,
304 1349 662 1418 Athenagoras
692 1342 1018 1398 Atheniensis
1040 1341 1104 1396 de
1135 1341 1562 1408 Resurrectione,
1593 1340 1836 1396 Marsi‘lio

239 1438 424 1494 Ficino
453 1441 756 1506 interprete.

318 1531 472 1602 Χεμιί
521 1529 861 1602 Pythagorici
906 1527 1223 1593 Sententiae,
1292 1525 1488 1596 Ruﬁno
1539 1528 1834 1598 interprete.

254 1622 547 1679 Rhenanus
572 1623 626 1676 in
653 1620 878 1691 epistola
908 1620 973 1675 ad
1003 1621 1223 1676 Paulum
1257 1617 1504 1672 Volzium
1528 1657 1542 1682 ,
1589 1619 1837 1672 abbatem

262 1717 545 1788 Hugonicae
588 1717 751 1771 curiae
798 1714 852 1769 itt
896 1713 1048 1768 Valle
1093 1709 1402 1780 Vogesina,
1451 1707 1615 1777 inque
1644 1709 1836 1771 altera,

1932 501 2171 557 codicem
2220 501 2361 559 beati
2408 503 2654 559 thenani
2707 504 2838 573 edit,
2893 505 3357 563 observationibus
3403 507 3527 562 illu-

1933 601 2090 659 strat,
2120 594 2378 649 adversus
2417 597 2586 652 sancti
2615 596 2947 669 Hieronymi,
2974 599 3196 668 Gelasii,
3229 599 3271 654 ι.
3303 597 3375 654 Μ.
3401 599 3539 654 Bra-

1934 685 2317 752 sichellensis,
2377 696 2507 752 etc.,
2557 702 2813 745 censuras
2859 690 3138 758 vindicat,
3195 691 3540 764 concilioque

1933 774 2180 833 Romano
2209 778 2310 833 sub
2334 779 2586 848 auspiciis
2618 779 2891 836 Benedicti
2923 782 3063 837 XIII.
3094 783 3155 838 Ρ.
3191 784 3258 839 R.
3285 783 3352 840 Α.
3387 785 3454 840 R.
3479 786 3541 841 S.

1936 886 2186 926 noccxxv
2211 883 2527 940 convocato,
2554 873 2620 928 ad
2644 876 3028 932 restituendam
3055 877 3180 933 libri
3210 879 3410 935 tamam
3441 880 3538 937 otI'.

1936 963 2096 1020 ollert
2126 964 2375 1024 Urbanus
2397 966 2736 1023 Codolredus
2763 967 2986 1024 Siherus
3009 968 3147 1040 prof.
3180 970 3331 1042 Lips.

2010 1056 2162 1125 Quod
2189 1059 2234 1114 si
2266 1057 2441 1114 editor
2462 1058 2658 1114 l'amam
2692 1059 2811 1115 libri
2837 1063 3074 1130 reparari
3102 1077 3263 1133 posse
3294 1065 3542 1134 putabat,

1939 1146 2360 1204 demonstrando
2412 1159 2685 1207 auctorem
2741 1151 2842 1206 nisi
2900 1152 3250 1223 primarium,
3311 1156 3544 1226 potioris

1943 1247 2122 1294 tamen
2178 1239 2347 1307 partis
2391 1240 2560 1296 luisse
2601 1241 3001 1310 Christianum,
3067 1246 3203 1302 nihil
3253 1248 3547 1320 reliquisse

1941 1331 2273 1397 censebitur,
2313 1333 2456 1404 quod
2493 1334 2561 1388 ad
2601 1332 2741 1390 hanc
2774 1334 2854 1391 illi
2894 1335 3122 1407 gloriam
3162 1340 3545 1400 vindicandam

1944 1432 2191 1493 spectare
2245 1426 2432 1494 possit.
2492 1425 2628 1481 'I‘am
2677 1427 2835 1485 docte
2879 1431 3024 1486 enim
3071 1447 3233 1503 quam
3280 1439 3551 1507 sagaciter

1945 1514 2125 1570 fontes
2153 1517 2530 1588 plerarumque
2569 1522 2958 1579 sententiarum
2995 1526 3048 1581 in
3087 1528 3259 1584 sacris
3285 1540 3377 1587 aut
3405 1535 3547 1590 auti-

1945 1610 2330 1681 qm'ssimorum
2362 1613 2790 1673 Christianorum
2821 1620 3042 1688 scriptis
3067 1621 3372 1695 indagavit,
3401 1639 3454 1687 et
3481 1647 3551 1689 ex

1951 1703 2018 1759 iis
2047 1706 2226 1774 potius
2254 1722 2413 1778 quam
2457 1724 2527 1764 ex
2567 1719 2810 1767 veterum
2841 1714 3149 1773 Graecorum
3179 1719 3423 1780 doctrina
3453 1727 3552 1782 de-

254 1823 358 1878 qua
399 1807 648 1878 prmi-amr
693 1807 750 1862 in
798 1804 1024 1876 Xystum
1047 1844 1063 1871 ,
1113 1801 1190 1857 ait
1235 1799 1394 1870 hujus
1423 1799 1739 1864 sententias,
1773 1800 1838 1853 ad
1873 1788 1918 1848 Β
1946 1797 2200 1853 rivandas
2229 1815 2351 1856 esse
2383 1803 2648 1868 probavit.
2678 1804 2776 1862 Sin
2805 1806 2859 1862 in
2889 1822 2956 1864 eo
2982 1811 3248 1868 contineri
3279 1814 3401 1870 libri
3431 1819 3548 1872 exi-

248 1902 508 1972 antiquum
537 1901 808 1972 exemplar
829 1940 844 1966 ,
878 1897 1018 1969 quod
1067 1896 1209 1966 apud
1255 1893 1436 1948 Dicam
1476 1889 1658 1948 Fidem
1690 1893 1838 1948 Sele-

247 1997 399 2050 stadii
441 1995 724 2051 esstiterit
752 2038 768 2062 ,
819 1992 888 2047 ab
925 2006 986 2048 se
1027 1989 1352 2059 recognitas.
1413 1985 1649 2056 Utraque
1679 1986 1840 2040 editio

249 2097 305 2143 ut
333 2087 476 2143 inter
511 2101 570 2143 se
618 2086 991 2151 conferantur,
1040 2091 1192 2150 optat
1223 2078 1592 2144 Fontaninus,
1627 2092 1679 2148 p.
1708 2077 1838 2134 304.

242 2181 522 2248 Discrepat
545 2177 820 2244 imprimis
853 2174 1026 2244 quoad
1057 2173 1359 2244 prologum.

310 2271 478 2328 I5l8.
523 2269 768 2336 Loranii,
803 2267 966 2324 iri-4°.
1002 2267 1241 2323 Eaedem.
1270 2263 1428 2320 Fant.

310 2363 477 2420 1520.
525 2362 777 2432 Basileaz,
825 2361 994 2417 ἰη-ιο.
1028 2361 1179 2416 Haud
1213 2359 1372 2416 dubie
1402 2356 1650 2428 repetitio
1692 2356 1842 2415 Rbe-

240 2457 510 2512 naniauzn.

311 2548 477 2604 1522.
523 2547 761 2603 Colonia:
787 2545 1028 2619 Agripp.,
1057 2544 1228 2602 ili-4‘".
1263 2543 1504 2602 Eaedem.

314 2640 477 2695 I5“.
526 2638 777 2707 Parisiis,
814 2640 980 2694 ili—4°.
1016 2637 1254 2693 Etedem.

313 2731 479 2788 1532.
533 2730 800 2796 Venetiis,
847 2731 914 2782 ad
948 2731 1150 2802 signum
1198 2729 1344 2799 Spei,
1395 2726 1567 2782 ἰπὶ-12.
1601 2726 1841 2782 Eaedem.

243 2824 372 2883 Sine
404 2825 656 2896 prologo,
711 2824 806 2879 fol.
847 2821 965 2890 1‘22,
1017 2833 1136 2889 post
1181 2821 1415 2877 indicem
1466 2822 1629 2877 libelli
1657 2821 1734 2876 sic
1766 2822 1846 2876 in-

242 2921 425 2990 scripti
459 2937 471 2972 :
509 2917 665 2973 Dicta
696 2917 923 2989 pretiosa
951 2917 1054 2970 sive
1084 2915 1183 2969 loci
1209 2931 1501 2969 communes
1522 2931 1586 2969 ea:
1612 2917 1845 2969 omnibus

245 3013 350 3082 fere
381 3010 685 3066 doctoribus
727 3009 816 3079 qui
847 3009 900 3062 in
931 3007 1091 3062 sacris
1133 3007 1314 3061 litteris
1362 3006 1711 3078 scripserunt,
1754 3023 1844 3078 per

244 3105 589 3177 Defensorem
624 3103 920 3175 theologum
944 3101 1331 3155 vetustissimum
1354 3100 1598 3170 excerpti.

1946 1890 2314 1947 stimationem
2337 1894 2572 1959 censuit,
2594 1903 2654 1950 ut
2681 1913 2711 1952 a
2737 1896 2891 1954 Sixto
2922 1898 2963 1954 Il
2996 1901 3245 1970 pontiﬁce
3272 1906 3546 1975 profectus

1945 1990 2260 2050 putaretur,
2295 1985 2521 2040 nimium
2551 1988 2814 2056 probasse
2849 1992 3018 2063 magis
3053 2009 3212 2064 quam
3243 2012 3430 2054 verum
3462 2002 3544 2055 vi-

1944 2068 2177 2126 debitur.
2209 2072 2476 2129 Caeterum
2521 2075 2656 2132 ordo
2695 2087 2750 2134 et
2787 2078 3077 2153 descriptio
3105 2090 3541 2146 commodissima

1944 2171 2031 2218 est
2073 2172 2129 2218 et
2167 2167 2388 2222 omnino
2436 2167 2503 2223 ad
2543 2169 2768 2239 gratiam
2815 2171 3077 2232 lectorum
3127 2183 3539 2248 promerendam

1944 2257 2245 2328 aptissima.

2427 2353 2522 2409 IX.
2567 2354 2778 2428 Evagrii
2806 2363 3077 2428 apuscula.

2013 2443 2245 2500 Constat
2271 2460 2338 2501 ex
2371 2447 2684 2521 Hieronymi
2721 2451 2813 2522 (ad
2843 2450 3272 2526 Ctesiphontem)
3300 2461 3536 2517 testimo-

1947 2534 2072 2603 nio,
2110 2537 2360 2593 Ruﬁnum
2401 2541 2606 2611 aliquot
2634 2542 2844 2616 Evagrii
2876 2547 3133 2614 opuscula
3160 2549 3348 2610 Latine
3374 2552 3544 2610 inter-

1947 2637 2212 2698 pretatum
2256 2645 2410 2697 esse,
2446 2644 2501 2688 et
2535 2633 2754 2691 disertis
2795 2637 2973 2695 verbis
3002 2643 3372 2699 sententiarum
3400 2649 3542 2704 illius

1946 2722 2250 2778 versionem
2301 2724 2351 2778 ei
2399 2725 2587 2781 tribuit
2624 2725 2932 2786 Gennadius
2981 2747 3100 2802 cap.
3137 2735 3223 2791 I7.
3277 2736 3381 2793 Sed
3420 2755 3540 2796 cum

1947 2828 2056 2868 non
2095 2829 2232 2870 unus
2262 2815 2475 2886 Evagrii
2514 2817 2648 2874 liber
2677 2819 2778 2875 hac
2819 2822 3170 2893 inscriptione
3206 2827 3333 2885 olim
3365 2841 3542 2886 exsto.

1947 2916 2058 2972 ret,
2092 2921 2188 2974 per
2227 2921 2287 2963 se
2323 2908 2538 2979 quidem
2577 2910 2714 2966 haud
2753 2912 2911 2970 facile
2949 2915 3126 2972 dirimi
3155 2929 3336 2989 posset
3368 2925 3543 2994 qualis

1947 2998 2037 3053 ille
2077 2998 2212 3054 liber
2242 2998 2435 3066 fuerit,
2474 3002 2574 3057 nisi
2625 3003 2763 3059 alter
2805 3005 3046 3076 ejusdem
3087 3008 3349 3068 Gennadii
3394 3015 3543 3070 locus

1948 3089 2343 3160 quodammodo
2388 3093 2672 3150 subvenite
2718 3095 2839 3152 huic
2877 3097 3196 3158 dubitationi
3243 3103 3539 3163 videretur.

318 3172 482 3256 l5“.
529 3199 767 3254 Colonia
786 3172 818 3266 ,⁷
842 3195 982 3267 apud
1010 3193 1304 3249 Maternum
1333 3191 1641 3258 Chalinum,
1673 3190 1838 3245 in-80.
1874 3172 1919 3236 C
1952 3183 2000 3238 Is
2021 3184 2161 3238 enim
2184 3199 2301 3254 cap.
2322 3183 2380 3238 II
2409 3185 2622 3254 Evagrii
2642 3187 2836 3256 scripta
2864 3205 3151 3247 recensens
3171 3198 3544 3269 quinquaginta

242 3291 548 3348 Sententiae
594 3287 732 3344 S‘mi
775 3296 870 3342 aut
904 3286 1055 3358 XySti
1086 3301 1204 3355 qua:
1227 3299 1368 3339 verte
1404 3284 1678 3353 sapientia:
1707 3299 1844 3354 prte-

245 3383 424 3452 ceptis
456 3380 672 3437 referta:
704 3389 832 3434 sunt
865 3387 921 3434 et
965 3376 1031 3432 ad
1059 3379 1331 3432 caelestem
1358 3375 1696 3440 disciplinam
1729 3374 1846 3428 ani-

248 3490 372 3531 tnos
400 3474 718 3537 informant,
750 3469 1009 3526 Ludovici
1034 3468 1324 3524 Ilillesemii
1357 3467 1652 3522 Andernaci
1689 3467 1845 3522 docta

245 3573 637 3642 explanatione
693 3569 992 3624 illustrattn.
1069 3565 1198 3621 Sine
1247 3564 1490 3634 prologo.
1527 3593 1597 3605 —-
1644 3562 1846 3616 I’rmtcr

245 3661 708 3716 commentarium
738 3655 1031 3727 legentium
1050 3653 1412 3710 commoditati
1435 3654 1696 3708 sui-currit
1725 3669 1848 3708 sen-

250 3755 552 3808 tentiarum
605 3750 957 3806 distinctione
1006 3763 1102 3818 per
1133 3761 1385 3802 numeros
1417 3748 1468 3800 itt
1504 3746 1737 3815 margine
1766 3747 1848 3800 in-

247 3845 448 3901 dicata.
487 3844 699 3898 Dicavit
730 3840 995 3910 Gregorio
1025 3837 1162 3904 XIII,
1199 3853 1410 3892 summo
1441 3836 1700 3905 pontiﬁci.

321 3936 487 3992 1575.
533 3933 794 3999 Parisiis,
849 3948 938 4000 ap.
991 3928 1152 3983 Mich.
1200 3928 1476 3985 Sonnium.
1522 3926 1734 3981 Ezedem
1780 3942 1846 3981 ex

249 4026 560 4084 Ilillesemii
608 4025 868 4089 editione,
913 4021 1005 4076 sed
1048 4023 1188 4075 notis
1229 4019 1444 4074 omissis
1479 4019 1534 4072 in
1564 4016 1698 4071 Bibl.
1723 4016 1843 4072 Pl’.

249 4119 446 4191 Bign.,
482 4127 523 4174 t.
554 4117 658 4182 Ill,
707 4131 761 4186 p.
795 4112 920 4168 962.
969 4112 1046 4166 Ad
1082 4111 1322 4166 eamdem
1357 4110 1516 4165 etiam
1547 4111 1597 4163 in
1629 4109 1847 4177 reliquis

251 4213 394 4266 Bibl.
430 4209 537 4264 PP.
572 4207 901 4264 editiouibus
931 4203 1087 4271 I589,
1122 4203 1280 4266 1609,
1316 4199 1472 4265 1621,
1501 4199 1658 4266 1654,
1688 4200 1843 4265 lli/ll,

250 4303 470 4375 (1654).
497 4313 646 4357 tomo
671 4300 757 4365 VI,
780 4299 1091 4355 Coloniensi
1116 4295 1275 4361 1618,
1309 4306 1346 4349 ι.
1377 4293 1440 4350 III
1469 4305 1520 4349 el
1543 4295 1678 4349 Bibl.
1707 4294 1844 4347 Max.

253 4396 431 4467 Lugd.
469 4396 628 4457 1677,
664 4403 703 4446 t.
726 4391 790 4446 IIl
822 4391 1106 4461 descriptzc
1132 4399 1275 4454 sunt,
1304 4389 1356 4443 in
1381 4386 1575 4458 quibus
1596 4387 1846 4443 omnibus

253 4490 487 4557 prologo
515 4491 724 4539 carent.

1951 3273 2336 3330 Sententiarum
2361 3274 2546 3328 librant
2570 3289 2977 3346 commemorat,
3007 3297 3166 3352 quem
3197 3300 3316 3353 ego,
3345 3286 3538 3357 inquit,

1948 3366 2197 3422 Latinum
2232 3370 2434 3438 primus
2465 3367 2588 3423 feci.
2622 3367 2763 3423 Nam
2789 3372 3121 3440 superiorem
3157 3374 3284 3428 olim
3314 3380 3542 3434 transla-

1951 3470 2078 3529 tum,
2110 3460 2230 3528 quia
2266 3461 2499 3514 vitiatum
2535 3469 2579 3515 et
2612 3479 2702 3532 per
2731 3473 2928 3534 tempus
2955 3469 3227 3536 confusum
3257 3470 3390 3536 vidi,
3421 3489 3542 3540 par-

1950 3554 2037 3608 tim
2075 3554 2549 3622 reinterpretando,
2586 3556 2772 3620 partim
2802 3557 3123 3613 emendando
3160 3564 3386 3616 auctoris
3415 3566 3543 3618 veri-

1949 3649 2044 3702 tati
2082 3649 2299 3703 restitui.
2348 3648 2509 3704 Liber
2543 3651 2781 3721 superior
2825 3666 2918 3706 seu
2961 3656 3255 3723 prtecedens
3295 3668 3376 3714 est
3408 3660 3543 3714 liber

1948 3752 2148 3796 centum
2175 3742 2577 3798 Sententiarum.
2607 3744 2772 3814 Ilujus
2798 3761 2925 3816 ergo
2949 3749 3210 3805 versionis
3232 3751 3358 3807 olim
3388 3753 3542 3810 laetae

1949 3844 2001 3889 et
2030 3849 2059 3888 a
2087 3833 2362 3889 Gennadio
2387 3835 2682 3890 emendata:
2709 3844 2981 3894 auctorem
3007 3840 3170 3896 alium
3200 3857 3262 3898 ac
3286 3841 3538 3899 Ruﬁnum

1950 3928 2217 3982 neminem
2250 3926 2439 3993 fuisse,
2465 3927 2796 3984 Fontaniuus
2825 3933 3116 3999 contendit,
3149 3934 3242 3990 lib.
3261 3952 3315 4000 v,
3339 3952 3459 4008 cap.
3483 3938 3538 4000 9,

1951 4019 2059 4089 μ.
2103 4021 2271 4088 Quam
2313 4031 2481 4091 recte,
2534 4021 2778 4091 judicent
2826 4022 2934 4078 alii.
2983 4025 3148 4082 Nobis
3197 4029 3412 4098 quidem
3459 4031 3543 4086 Inc

1952 4112 2234 4167 Fontanini
2264 4113 2598 4183 suspiciones
2627 4129 2732 4168 non
2766 4123 2926 4170 tanta}
2957 4116 3226 4186 videntur,
3254 4129 3312 4173 ut
3337 4119 3540 4190 absque

1949 4205 2112 4261 dubio
2154 4207 2296 4262 inter
2326 4205 2606 4260 Ruﬁniana
2648 4206 2789 4262 hunc
2819 4206 3029 4278 Evagrii
3079 4208 3294 4275 librum,
3343 4213 3538 4268 nedum

1949 4300 2177 4355 alterum
2220 4309 2274 4355 οἱ
2315 4302 2526 4354 tertium
2565 4314 2684 4353 cum
2721 4315 2787 4355 ΕΟ
2819 4301 3159 4356 referendum
3201 4317 3539 4360 censeamus.
3592 4298 3594 4300 Ι

1951 4393 2080 4447 Nam
2111 4391 2250 4460 quod
2292 4392 2396 4456 ait,
2428 4390 2762 4446 Genuadium
2803 4405 2924 4459 cap.
2954 4392 3012 4448 Η
3051 4393 3293 4462 quadam
3327 4395 3540 4467 Evagrii

1952 4483 2206 4551 opuscula
2240 4498 2268 4535 a
2298 4497 2388 4549 se,
2421 4482 2667 4553 quaedam
2703 4482 2772 4536 ab
2803 4483 2931 4549 alio,
2958 4500 3116 4554 quem
3140 4486 3388 4545 Ruﬁnum
3418 4506 3542 4549 esse

335 4553 494 4630 totis.
541 4571 882 4636 Ηειηιειαάὲἱ,
912 4587 999 4639 ap.
1024 4567 1142 4624 Jac.
1166 4569 1383 4622 Lucium
1405 4610 1418 4633 ,
1450 4565 1851 4624 ἱηοηιϐηθῐηω
1880 4553 1930 4613 Ῑ)
1959 4578 2086 4642 vult,
2118 4576 2377 4631 translata
2411 4590 2551 4640 esse,
2583 4577 2823 4633 scribere
2853 4587 2906 4634 et
2937 4553 2987 4633 in
3023 4583 3372 4649 posteriorem
3405 4589 3546 4644 clas-

253 4672 380 4725 sive
410 4670 694 4723 sententiae
721 4666 788 4720 de
819 4665 1077 4729 moribus,
1111 4680 1214 4718 non
1249 4665 1422 4717 minus
1446 4663 1671 4718 erudita:
1693 4678 1850 4732 quam

252 4765 396 4833 pim,
427 4762 581 4833 Xyin
619 4757 953 4827 pltiloSOphi,
997 4757 1268 4812 Laurentii
1309 4755 1485 4809 Pisani
1516 4765 1569 4810 et
1591 4753 1854 4810 Thalassii

256 4855 533 4923 episcopi,
564 4867 706 4905 nunc
735 4850 961 4920 primum
991 4850 1217 4904 scorsim
1246 4848 1402 4904 editae
1438 4847 1612 4904 studio
1632 4847 1855 4905 Joannis

259 4960 289 4999 a
322 4945 547 5008 Fuchte,
568 4944 689 4998 sine
717 4941 938 5014 prologo
966 4956 1196 5012 quoque.

340 5040 499 5093 l670.
541 5035 916 5106 Cantabrigiw,
952 5052 1036 5106 ap.
1068 5033 1225 5089 Joan.
1257 5033 1462 5106 Hegea,
1511 5033 1675 5090 iri-8°.
1710 5035 1857 5090 Sexti

260 5127 595 5200 Pythagorei
637 5127 916 5180 sententiae
955 5140 985 5179 e
1009 5124 1198 5180 Grmco
1240 5126 1291 5178 in
1319 5126 1562 5180 Latinum
1602 5141 1631 5180 a
1662 5127 1856 5182 Ruﬁno

261 5235 461 5287 versae,
517 5228 573 5274 et
627 5217 797 5288 Xysto
827 5215 1083 5270 Romanzr
1127 5217 1377 5271 Ecclesia:
1425 5219 1675 5289 epiSCOpo
1725 5219 1857 5274 falso

269 5314 540 5366 attributa:
571 5325 693 5365 cum
723 5307 1007 5377 Opusculis
1039 5308 1409 5379 mythologicis
1438 5310 1656 5365 Thema:
1688 5309 1855 5380 Galei,

272 5406 427 5459 ωτι.

340 5498 567 5552 'I‘extum
601 5494 900 5562 desumpsit
924 5491 1120 5550 Galeus
1141 5510 1202 5550 ex
1228 5494 1362 5550 Bibl.
1389 5495 1514 5560 PP.,
1553 5495 1859 5551 Rhenania-

275 5604 389 5645 nam
408 5588 547 5643 haud
569 5587 674 5642 sibi
695 5586 859 5641 visam
877 5587 1066 5640 lassus.
1083 5587 1214 5641 llinc
1232 5589 1390 5641 etiam
1415 5587 1661 5657 prologus
1684 5587 1852 5643 deest.

343 5686 502 5740 I725.
548 5681 774 5751 Lipsiw,
813 5681 864 5733 in
901 5681 1044 5750 ofﬁc.
1077 5680 1530 5746 Weidmnnniann,
1581 5680 1750 5737 ἱη-ιίο.
1795 5682 1853 5737 S.

276 5769 402 5833 Sitti
435 5779 474 5832 II
510 5773 814 5847 pltilO'SOphi
840 5775 1024 5842 pomiti
1063 5774 1107 5828 is
1135 5775 1284 5831 Rom.
1311 5784 1365 5831 et
1394 5777 1640 5846 mar'yris
1669 5775 1856 5829 Enrhi-

601 5895 876 5954 I’nnor..
929 5891 1104 5952 XXI.

1956 4681 2068 4722 sem
2100 4675 2208 4722 tres
2241 4668 2361 4722 illos
2385 4667 2594 4722 libellos
2624 4666 2903 4738 rt-jecisse,
2936 4670 3124 4728 falsum
3147 4682 3250 4729 est.
3275 4674 3384 4731 Nec
3414 4677 3541 4734 Ilie-

1956 4775 2233 4832 ronymus,
2258 4758 2351 4813 Itos
2382 4760 2566 4826 libros,
2591 4759 2684 4815 sed
2712 4761 2892 4834 hujus,
2921 4763 3127 4837 Evagrii
3153 4765 3320 4822 libros
3347 4769 3545 4840 aliquot

1957 4868 1988 4907 a
2021 4852 2211 4907 Ruﬁno
2246 4866 2536 4906 conversos
2565 4851 2632 4905 ab
2660 4852 3089 4910 Occidentalibus
3121 4855 3381 4927 lectitari,
3415 4864 3546 4916 serio

1959 4945 2058 5000 bit.
2089 4943 2300 5000 Interea
2325 4945 2495 4999 dictos
2525 4955 2636 4999 tres
2665 4943 2874 5012 Evagrii
2899 4946 3082 5013 libros,
3109 4953 3198 5018 qui
3229 4949 3541 5018 jamdudum

1957 5036 2180 5106 periisse
2201 5036 2574 5097 credebantur,
2605 5033 2660 5090 in
2689 5036 2982 5104 appendice
3004 5038 3204 5094 codicis
3218 5039 3541 5112 Regularum

1957 5129 2127 5185 sancti
2151 5127 2420 5183 Benedicti
2448 5126 2653 5182 abbatis
2674 5127 3023 5194 Anianensis,
3049 5145 3206 5199 quem
3234 5131 3545 5196 IIolstenius

1959 5222 2299 5293 publicijuris
2318 5221 2442 5275 fecit
2463 5235 2524 5274 ex
2549 5219 2872 5276 membranis
2888 5220 3313 5282 Floriacensibus
3327 5224 3546 5298 Reginae

1960 5315 2272 5380 Succorum,
2310 5328 2445 5367 nunc
2473 5311 2744 5366 Vaticanis
2775 5312 3021 5382 vulgatos
3049 5328 3190 5380 esse,
3215 5314 3547 5374 Fontaninus

1965 5409 2219 5464 ostendit.
2261 5407 2439 5461 Monet
2478 5413 2654 5459 autem
2706 5407 2909 5472 priores
2957 5406 3063 5459 duo
3110 5406 3311 5476 absque
3357 5408 3548 5462 distin-

1965 5500 2145 5554 ctione
2189 5496 2572 5553 sententiarum
2614 5494 2684 5548 oh
2718 5492 3119 5549 similitudinem
3165 5495 3217 5549 in
3255 5511 3419 5550 unum
3454 5511 3549 5552 co-

1966 5593 2165 5648 aluisse
2193 5590 2401 5658 utrique
2434 5603 2534 5642 una
2555 5629 2569 5651 ,
2597 5602 2754 5657 quam
2787 5586 3097 5655 SUIIjICIIIIlIS
3128 5585 3417 5657 epigraplte
3445 5590 3546 5644 int-

1966 5686 2169 5756 posita,
2203 5683 2306 5738 hoc
2336 5690 2489 5752 pacto
2530 5689 2708 5733 tamen
2741 5675 3022 5731 dividenda
3058 5691 3074 5729 :
3121 5676 3179 5730 I°
3203 5676 3415 5753 Evagrii
3436 5698 3548 5735 mo-

1967 5780 2114 5834 ηατιεῑ
2139 5777 2433 5833 δρηίεηιὲαι.
2464 5772 2528 5825 2°
2555 5772 2632 5827 Ad
2655 5787 2738 5825 eos
2765 5771 2848 5838 qui
2882 5770 2932 5823 in
2965 5771 3200 5826 ctrneltiis
3240 5784 3287 5827 et
3314 5775 3545 5830 ,τεηοάοο

3222 5887 3262 5923 ς)
