4094 6344
534 347 602 403 is
688 330 693 333 ‘
1511 343 1813 404 RUFINUS
1852 341 2325 413 AQUll.ElENSlS
2367 335 2804 398 russnvrsn.
3744 336 3815 391 st

532 468 660 523 εῐιὶἱδ
689 466 937 521 habitant.
976 466 1215 534 Quorum
1245 465 1448 535 primus
1475 475 1673 521 centum
1699 464 1974 521 Sententiis
2007 481 2128 523 eun-
2156 468 2203 525 Α
2236 461 2493 516 ximiliani
2524 460 2592 525 ll,
2634 461 2973 529 imperatoris
3015 472 3044 512 a
3084 455 3253 514 sacris
3301 454 3675 523 conclauibus,
3724 456 3816 525 qui

533 570 682 614 stans
730 558 1023 615 absolvitur
1073 573 1193 629 pag.
1219 558 1288 614 55
1332 557 1420 613 ed.
1448 554 1643 623 Paris.,
1672 558 1853 613 verbis
1885 576 1897 611 :
1933 559 2119 615 Suavis
2226 556 2478 611 universa
2501 570 2621 625 quae
2647 554 2748 610 sub
2774 551 2994 608 nomine
3020 549 3315 607 Clementis
3338 549 3565 605 Romani
3593 548 3818 603 circum-

533 658 605 704 est
646 651 782 719 mel,
823 662 871 706 et
899 651 1064 705 dulcis
1109 655 1277 721 favus.
1327 651 1557 707 Scientia
1596 664 1764 709 autem
1806 652 1901 706 Dei
1922 652 2121 707 dulcior
2225 646 2489 711 feruntur,
2521 660 2629 702 uno
2679 644 2952 700 volumine
3011 644 3324 714 complexus
3385 639 3819 713 prafationibus,

535 743 801 798 ambobus.
838 743 986 799 Alter
1023 742 1303 799 inchoatur
1338 744 1516 799 verbis
1550 761 1562 795 :
1608 743 1765 808 Audi,
1799 758 1829 797 ο
1856 746 2119 808 monacho,

535 851 792 889 sermones
821 832 996 890 Patris
1029 837 1123 890 tui.
1154 837 1325 906 Atque
1361 834 1444 891 his
1474 836 1712 893 succedit
1742 836 1953 893 tertium
1983 851 2122 906 opu-

536 927 776 995 sculum,
808 928 1088 983 Sententia:
1114 928 1184 981 ad
1216 930 1455 1001 virgines.
1487 928 1605 985 Jam
1640 943 1768 986 vero
1797 927 1945 983 addit
1976 944 2115 985 suum

539 1033 758 1088 mopere
797 1020 1088 1088 optandum
1122 1034 1242 1075 esse
1274 1028 1329 1074 ut
1369 1017 1562 1088 singuli
1604 1017 1829 1073 seorsim
1856 1018 2123 1088 dispositi,

539 1118 591 1164 et
639 1108 919 1164 sententiis
966 1123 1063 1178 per
1112 1122 1363 1164 numeros
1408 1107 1475 1162 ad
1512 1122 1660 1163 oram
1696 1107 1964 1164 distinctis
2002 1124 2129 1165 cum

540 1201 750 1258 cmtcris
780 1201 955 1258 ltnlini
982 1202 1276 1273 Operibus,
1322 1209 1429 1257 tam
1467 1202 1659 1257 alienis
1692 1217 1854 1274 quam
1895 1201 2127 1274 propriis

542 1294 596 1347 in
652 1310 812 1350 ttllllm
870 1309 1067 1365 corpus
1126 1292 1356 1349 redactis
1408 1292 1653 1347 ollicinas
1711 1293 2128 1365 typographicas

542 1385 789 1441 subeant.

922 1476 989 1530 Χ.
1035 1475 1420 1549 Recoynitiones
1451 1471 1745 1531 Clementis.

616 1586 787 1642 Variis
819 1587 903 1642 bic
936 1587 1071 1641 liber
1104 1587 1160 1641 in
1188 1586 1419 1643 diversis
1454 1587 1733 1644 codicibus
1771 1603 1904 1646 mss.
1936 1589 2130 1661 gaudet

542 1678 1002 1747 inscriptionibus,
1035 1677 1173 1734 unde
1207 1678 1369 1733 etiam
1409 1677 1464 1736 in
1502 1679 1780 1750 impressis
1807 1681 2015 1737 diversa
2045 1681 2130 1737 in-

2222 737 2573 809 argumentis,
2601 738 2747 794 notis
2774 747 2828 795 et
2859 737 3077 794 monitis
3101 738 3357 793 instrueta
3390 736 3654 806 vulgavit.
3689 737 3817 789 Pru-

2225 830 2325 885 diit
2355 844 2492 899 opus

2300 940 2461 997 1569.
2511 941 2742 997 Colonia:
2805 941 3147 1013 Agrippinae,
3213 920 3353 1013 apud
3391 937 3551 997 Ioan.
3631 939 3819 996 Brelt-

2226 1049 2491 1099 mannum,
2522 1033 2661 1101 in-l",
2691 1033 2794 1089 hoc
2822 1034 3014 1087 titulo:
3070 1028 3435 1099 Clementina,
3469 1033 3573 1089 hoc
3608 1042 3710 1099 est,
3757 1034 3817 1088 Β.

2225 1124 2520 1183 Clementis
2573 1125 2800 1182 Romani
2829 1127 3029 1198 Opera,
3058 1142 3179 1196 qum
3213 1126 3427 1196 quidem
3456 1127 3511 1183 in
3561 1126 3706 1182 hunc
3734 1142 3823 1182 us-

2226 1230 2330 1285 que
2356 1216 2498 1274 diem
2515 1232 2542 1271 a
2565 1217 2726 1274 variis
2746 1218 3057 1275 auctoribus
3078 1219 3326 1285 collecta,
3344 1232 3610 1275 conversa
3633 1234 3825 1273 emen-

2227 1308 2457 1379 dataque
2487 1310 2653 1367 latine
2681 1319 2916 1378 exstant,
2946 1310 3150 1378 omnia,
3177 1327 3295 1366 cum
3341 1326 3473 1367 nova
3518 1312 3825 1383 prafatione

2228 1401 2292 1453 de
2315 1401 2445 1455 veris
2473 1401 2725 1473 falsisque
2747 1400 2810 1457 Β.
2842 1401 3115 1458 Clementis
3158 1404 3392 1471 scriptis,
3447 1384 3875 1473 postremaque-

2226 1492 2543 1548 eorumdem
2576 1493 2720 1547 lideli
2750 1494 3128 1550 emendatione
3157 1508 3221 1548 ac
3260 1494 3508 1565 diligenti
3539 1509 3726 1564 argum
3766 1511 3823 1546 n-

2226 1593 2404 1641 torum
2432 1585 2843 1658 difﬁciliumque
2872 1587 3116 1643 locorum
3145 1587 3530 1659 explanatione
3562 1588 3627 1645 D.
3665 1588 3829 1643 Lam-

2228 1677 2369 1734 berti
2419 1676 2634 1733 Gruteri
2686 1678 2954 1735 Veriradii
3011 1679 3079 1735 ad
3132 1680 3195 1734 Ι).
3247 1678 3520 1735 Danielem
3579 1680 3822 1747 archiep.

541 1774 751 1828 terdum
795 1773 1029 1827 nomina.
1086 1771 1248 1826 Audit
1282 1772 1443 1842 igitur
1476 1786 1598 1827 mox
1625 1773 2015 1845 llecognitiones
2043 1775 2125 1830 vel
2158 1837 2201 1845 _
2230 1770 2396 1842 Μαι,
2423 1779 2531 1827 etc.
2562 1770 2712 1828 Hanc
2739 1772 3032 1829 editionem
3064 1772 3337 1828 nonnullis
3365 1772 3589 1828 resectis
3630 1773 3826 1828 deinde

542 1863 843 1935 Recognitio
871 1860 1164 1929 Clementis,
1190 1837 1328 1920 mox'
1341 1863 1613 1920 Clementis
1643 1837 1861 1922 Romani
1902 1866 2127 1922 ltinera-
2158 1837 2207 1898 Β
2233 1837 2617 1934 expresserunt
2673 1863 2911 1920 editores
2951 1865 3300 1920 Bibliotheca:
3352 1864 3458 1921 PP.
3503 1864 3677 1936 Lugd.
3709 1865 3821 1936 (np.

542 1957 675 2009 rium
722 1955 791 2009 ad
829 1954 1080 2009 Iacobum
1126 1959 1338 2025 fratrem
1371 1956 1613 2022 Domini;
1665 1956 1749 2013 νει
1794 1956 2132 2015 Itinerarium

546 2046 610 2103 S.
633 2047 904 2101 Clementis
929 2048 992 2102 de
1022 2048 1171 2118 {actis
1205 2056 1251 2100 et
1276 2048 1425 2102 dictis
1450 2047 1515 2104 Β.
1543 2047 1685 2105 Petri
1709 2052 1966 2123 apostoli;
2003 2051 2130 2107 item

544 2138 672 2193 Acta
710 2136 854 2192 Petri
892 2134 1142 2206 apostoli,
1182 2135 1465 2205 Circuitus,
1510 2138 1764 2196 Periodsts
1802 2138 1978 2205 Petri,
2024 2140 2135 2195 Cle-

545 2232 727 2287 mentis
753 2230 1109 2296 Itinerurium;
1145 2231 1398 2299 llistOria,
1429 2232 1682 2287 Chronica
1714 2232 1889 2299 Gesta,
1921 2234 2130 2303 simpli-

546 2324 680 2380 citer
711 2324 974 2393 denique,
1022 2324 1173 2380 Liber
1217 2326 1302 2381 vel
1344 2324 1487 2381 Libri
1515 2325 1819 2393 Clementis;
1848 2326 2134 2396 aliquoties

546 2418 707 2472 etiam
742 2416 1049 2472 inscribi'ur
1074 2434 1088 2472 :
1118 2417 1191 2473 De
1220 2433 1338 2474 sera
1365 2419 1717 2491 disputatione
1741 2416 1887 2473 Petri
1913 2420 2136 2491 apostoli

547 2517 722 2561 contra
767 2506 1044 2577 falsitatem
1076 2507 1304 2565 Simonis
1335 2508 1513 2583 Magi,
1562 2509 1645 2566 vel
1670 2507 1750 2566 De
1787 2509 2139 2581 disputatione

548 2597 690 2654 Petri
728 2615 844 2652 cum
872 2599 1082 2655 Simone
1103 2599 1281 2675 Mago.

619 2692 857 2758 Primus,
889 2693 980 2763 qui
1010 2693 1151 2764 typis
1177 2691 1591 2750 describendum
1621 2692 1775 2750 daret
1801 2694 2008 2751 exstitit
2035 2694 2136 2751 Ia-

548 2785 699 2839 cobus
722 2783 891 2839 Faber
912 2784 1257 2855 Stapulensis,
1288 2799 1431 2841 anno
1802 2854 1805 2859 μ

621 2875 779 2933 1501.
825 2873 1072 2943 Parisiis,
1115 2892 1180 2931 ea:
1209 2877 1421 2949 ofﬁcina
1456 2875 1832 2946 Bellovisiana,
1881 2879 2141 2950 impensis

548 2967 705 3025 Ioan.
739 2967 925 3036 Parvi,
959 2968 1125 3024 in-l‘ol.
1150 2971 1307 3037 min.,
1339 2970 1392 3025 in
1424 2969 1561 3026 libro
1583 2971 1670 3026 cui
1704 2970 1892 3027 titulus
1924 2989 1938 3026 :
1970 2972 2141 3029 Para-

550 3060 691 3114 disus
739 3056 1063 3126 Heraclidis,
1106 3056 1341 3130 Epistola
1379 3057 1677 3127 Clementis,
1727 3062 2142 3134 Recogniu'ones

552 3149 700 3209 Petri
756 3149 1015 3219 apostoli,
1066 3145 1506 3214 Complementum
1558 3151 1789 3221 epistola:
1835 3152 2137 3224 Clementis,

2232 1955 2557 2021 Anissonios,
2595 1954 2787 2026 1677),
2822 1962 2970 2011 tomo
3000 1955 3066 2024 ll,
3090 1971 3142 2025 p.
3168 1953 3295 2011 376.

2306 2046 2562 2104 Omnium
2611 2045 2846 2119 denique
2886 2046 3144 2103 hactenus
3183 2047 3520 2103 laudatorum
3559 2046 3825 2103 editorum

2234 2138 2551 2194 industriam
2591 2146 2647 2194 et
2692 2138 3029 2209 diligentiam
3075 2138 3205 2195 vicit
3240 2138 3400 2197 .loan.
3422 2140 3576 2204 Bapt.
3608 2138 3825 2194 Cotele-

2233 2234 2348 2288 rius
2376 2233 2427 2288 in
2454 2232 2879 2289 celebratissima
2907 2233 3224 2290 collectione
3246 2231 3464 2287 Patrum
3510 2234 3819 2304 apostolico-

2235 2341 2369 2393 rum,
2405 2340 2522 2394 qua:
2552 2326 2783 2393 primum

2310 2414 2467 2471 1672.
2496 2413 2736 2479 Parisiis,
2768 2431 2856 2484 ap.
2877 2413 3037 2471 Ioan.
3065 2418 3112 2471 le
3133 2414 3291 2485 Petit,
3318 2415 3382 2485 Γ,
3406 2415 3598 2472 deinde
3623 2418 3831 2473 auctior

2239 2505 2516 2576 aliquanto
2542 2515 2597 2561 et
2629 2505 2979 2562 commodiori
3012 2506 3220 2575 bahitu,
3249 2506 3409 2572 1698,
3435 2509 3827 2574 Amstelodami,

2238 2596 2342 2653 sub
2382 2598 2601 2653 nomine
2654 2598 2970 2670 Antaei-piae,
3020 2597 3455 2670 IIuguetanorum
3499 2602 3831 2670 sumptibus;

2240 2688 2397 2743 tertia
2413 2686 2643 2759 denique
2656 2687 2794 2756 vice,
2814 2687 2971 2756 1724,
2990 2690 3360 2746 Amstelodami
3368 2737 3382 2759 ,
3399 2708 3491 2760 ap.
3504 2692 3666 2747 Ioan.
3690 2693 3832 2749 Wal-

2237 2787 2375 2834 sten.
2432 2780 2648 2851 prodiit.
2700 2780 3232 2838 Amstelodamenses
3293 2782 3559 2838 editiones
3620 2785 3834 2840 curavit

2242 2868 2399 2926 Joan.
2418 2868 2779 2940 Clericus,qui
2798 2868 3058 2928 Cotelerii
3086 2871 3370 2942 epistolam
3391 2875 3835 2945 nuncupatoriam

2240 2967 2298 3016 et
2350 2959 2723 3031 prmlationem
2771 2960 2826 3017 in
2855 2977 2959 3032 qua
3024 2964 3167 3019 ratio
3211 2979 3439 3034 operum
3494 2967 3832 3036 explicatur,

2243 3051 2491 3107 consulto
2517 3051 2721 3109 omisit.
2755 3052 2972 3110 Titulus
2997 3067 3027 3109 a
3058 3050 3330 3111 Cotelerio
3351 3055 3585 3127 scriptus
3608 3065 3694 3112 est
3732 3058 3832 3111 hoc

2248 3143 2411 3199 modo
2440 3160 2452 3195 :

553 3238 789 3314 Epistola
818 3242 1065 3296 Anacleti.
1091 3240 1309 3298 Duobus
1329 3252 1383 3298 et
1414 3242 1598 3314 viginti
1627 3246 1782 3303 annis
1812 3256 1932 3318 post
1958 3256 2141 3305 secuta

2325 3233 2742 3307 liecognitionum
2803 3232 2867 3291 S.
2901 3232 3175 3291 Clementis
3213 3235 3283 3291 ad
3324 3232 3577 3291 Iacobum
3621 3240 3833 3309 fratrem

554 3336 636 3391 est
663 3334 906 3389 Sic/tardi
934 3333 1101 3389 editio

627 3422 785 3481 1526.
828 3422 1076 3493 Basilete,
1120 3442 1209 3497 per
1236 3424 1393 3481 Ioan.
1426 3425 1718 3496 Bebelium,
1758 3430 1828 3486 l'°.
1874 3430 1989 3489 Divi
2033 3432 2148 3489 Cle-

557 3516 754 3571 mentis
782 3515 1227 3586 Recognitionum
1266 3517 1386 3573 libri
1425 3519 1613 3575 decem
1653 3521 1719 3576 ad
1758 3521 2016 3579 Jacobum
2049 3523 2148 3580 fra-

556 3621 693 3666 trem
718 3608 959 3678 Domini,
989 3608 1182 3665 Rulino
1212 3609 1425 3668 Torano
1453 3611 1798 3684 Aquileiense
1830 3616 2148 3685 interprete,

556 3702 641 3757 cui
672 3701 902 3758 accessit
940 3718 1048 3759 non
1088 3704 1397 3773 pmnitenda
1441 3706 1790 3777 epistolarum
1835 3724 1961 3779 pars
2004 3720 2152 3765 vetu-

558 3794 917 3849 stissimorum
952 3796 1322 3866 episcOporum
1358 3796 1617 3854 hactenus
1652 3814 1759 3856 non
1791 3802 1929 3867 visa,
1962 3815 2149 3857 eorum

558 3889 647 3957 qui
677 3887 871 3943 abhinc
899 3889 1052 3944 annis
1072 3890 1208 3946 1300
1233 3891 1487 3948 Romana:
1512 3893 1767 3950 Ecclesia:
1796 3892 2148 3965 praefuerunt.

620 3968 750 4036 Cum
766 3980 923 4035 Fabri
946 3980 1232 4037 editionem
1250 3982 1545 4040 Sicbardus
1564 3983 1882 4055 ignorasset,
1901 3993 2153 4057 tanquam

558 4084 695 4138 epos
726 4086 922 4126 novum
954 4080 1010 4126 et
1038 4071 1106 4127 ab
1141 4072 1259 4143 ipso
1285 4073 1498 4129 demum
1532 4082 1744 4131 erutum
1775 4091 1841 4131 ex
1874 4076 2151 4134 codicibus

560 4160 810 4229 duobus,
843 4161 1131 4218 Basileensi
1182 4172 1237 4219 et
1261 4164 1715 4235 Schonaugiensi,
1748 4165 1915 4222 edidit
1949 4176 2004 4223 et
2034 4170 2156 4225 Ber-

561 4254 733 4310 nardo
754 4254 929 4310 Clesio
945 4255 1261 4310 Tridentino
1283 4256 1558 4326 episcopo,
1585 4267 1637 4312 et
1661 4267 1843 4326 postea
1870 4260 2152 4329 cardinali,

562 4346 908 4416 nuncupavit.
986 4346 1099 4401 Duo
1147 4347 1200 4401 in
1247 4345 1342 4402 illo
1395 4349 1743 4416 reprehendit
1782 4351 2147 4425 Fontaninus;

567 4435 831 4505 primum,
860 4437 999 4507 quod
1031 4436 1445 4508 Recognitiones
1484 4440 1553 4496 ab
1593 4441 1825 4500 Eusebio
1863 4447 2155 4515 suppilntas

2248 3327 2459 3384 Domini
2486 3328 2603 3383 libri
2631 3328 2803 3383 decem
2827 3344 2860 3383 a
2883 3328 3075 3397 Ruﬁno
3102 3327 3326 3398 Torano,
3355 3329 3671 3396 Aquileicnse
3696 3347 3837 3401 pres-

2250 3418 2424 3488 bytero
2447 3434 2475 3472 e
2499 3414 2681 3472 Grceco
2707 3418 2761 3472 in
2800 3416 3048 3474 Latinum
3076 3420 3207 3474 versi
3232 3461 3249 3487 ,
3278 3436 3393 3474 cum
3421 3421 3649 3489 ejusdem
3673 3421 3835 3474 inter-

2249 3510 2408 3582 pretis
2430 3510 2736 3581 praefatione
2760 3511 2831 3565 ad
2854 3510 3201 3568 Gaudentium
3229 3515 3547 3585 episcopum.

2320 3600 2619 3659 Cotelerius
2642 3610 2812 3659 totum
2840 3618 2974 3675 opus
3002 3606 3069 3661 ad
3098 3620 3195 3662 sex
3225 3608 3471 3678 egregios
3499 3607 3716 3664 codices
3746 3623 3835 3665 ac-

2251 3694 2593 3749 curatissime
2622 3693 2822 3766 exegit,
2851 3696 3119 3753 variantes
3160 3698 3416 3755 lectiones
3462 3702 3708 3767 attexuit,
3742 3716 3837 3755 no-

2254 3783 2429 3855 tisque
2453 3784 2719 3853 brevibus,
2743 3787 2838 3842 sed
2860 3788 3014 3844 bona:
3034 3790 3220 3861 frugis,
3244 3789 3577 3847 Clementem
3595 3792 3680 3848 ubi
3704 3807 3838 3865 opus

2254 3875 2373 3941 luit,
2404 3876 2601 3946 passim
2632 3877 2934 3946 illustravit,
2961 3879 3113 3936 libris
3141 3881 3193 3935 in
3222 3882 3396 3949 capita
3422 3892 3545 3954 post
3566 3881 3831 3947 Fabrum,

2254 3983 2554 4038 quanquam
2585 3968 2794 4025 diversa
2827 3974 3052 4040 ratione,
3081 3973 3374 4031 distinctis.

2327 4056 2539 4114 Codices
2591 4074 2720 4117 mss.
2751 4061 2946 4132 quibus
2980 4077 3105 4119 usus
3130 4073 3212 4121 est
3248 4063 3302 4119 in
3330 4062 3646 4134 praefatione
3684 4063 3843 4135 hujus

2258 4148 2518 4207 editionis
2538 4163 2953 4211 enumerantur:

2332 4265 2384 4319 1.
2418 4264 2769 4333 Sorbonicus;
2794 4266 2853 4322 2.
2883 4267 3175 4335 Thuanus;
3214 4268 3270 4325 3.
3320 4268 3549 4341 Regius;
3589 4269 3647 4325 ι.
3701 4267 3843 4325 Petri

2258 4356 2548 4414 Candelerii
2569 4375 2589 4424 ;
2612 4358 2666 4414 5.
2696 4359 3086 4417 Carmelitarsnn
3108 4359 3555 4417 Excalceatorum.

2330 4448 2675 4505 Colbeitinum
2698 4452 2857 4507 alium
2891 4455 3111 4509 Nurrius
3142 4454 3192 4508 in
3221 4454 3352 4508 diss.
3384 4454 3453 4509 de
3480 4454 3562 4509 his
3606 4454 3758 4508 libris
3786 4469 3838 4523 p.

566 4524 876 4594 tradiderit;
924 4528 1151 4582 alterum
1189 4544 1218 4583 a
1254 4531 1443 4587 Vossio
1484 4542 1538 4588 et
1572 4533 1790 4589 Bartbio
1830 4552 2044 4608 quoque
2083 4554 2155 4593 rc-
2257 4543 2364 4600 224
2390 4544 2629 4600 adducit.
2667 4545 2969 4600 Palatinum
2997 4561 3210 4617 quoque
3235 4556 3601 4616 pervetustum
3625 4556 3843 4601 servant

565 4619 909 4687 prehensum,
936 4621 1075 4690 quod
1100 4619 1301 4678 Gelasii
1331 4635 1386 4679 et
1412 4628 1749 4697 septuaginta
1779 4631 2151 4702 episcoporum
2184 4617 2232 4679 ο
2258 4637 2431 4694 Plutei
2460 4636 2727 4693 Vaticani.
2754 4637 3108 4706 Fontaninus,
3143 4653 3199 4709 p.
3224 4638 3350 4694 559.

566 4711 636 4765 de
659 4708 936 4767 Clemente
958 4712 1214 4780 judicium
1261 4716 1661 4785 reprehendere
1691 4736 1797 4775 non
1832 4724 1902 4778 sit
1933 4728 2153 4787 veritus.

565 4796 772 4872 Nempe
815 4803 1021 4858 Decreti
1064 4805 1332 4860 Gelasiani
1384 4810 1651 4880 vulgatam
1704 4812 1989 4872 lectionem
2031 4836 2153 4877 eum

567 4894 854 4961 fefellisse,
902 4895 1149 4966 buncque
1177 4896 1489 4954 oﬂ‘ensionis
1520 4901 1749 4971 lapidem
1781 4909 2070 4976 genuinum
2103 4922 2158 4969 et

569 4987 997 5043 vetustissimum
1051 4988 1320 5044 Gelasium
1386 5008 1414 5044 a
1466 5007 1525 5049 se
1581 4995 1780 5052 editum
1852 5002 2155 5058 sustulisse.

569 5080 652 5134 Ab
691 5081 790 5135 bac
828 5080 1023 5136 deinde
1063 5082 1295 5152 reliquas
1335 5084 1601 5143 editiones
1634 5087 1850 5148 ﬂuxisse
1884 5093 2154 5163 observat,

570 5174 731 5228 veluti

640 5263 799 5321 1547.
842 5264 1099 5335 Colonias,
1118 5281 1181 5319 ca:
1206 5265 1297 5336 οῙῙ.
1332 5266 1522 5325 Melch.
1552 5270 1848 5341 Novesiani,
1876 5273 2040 5343 iit-8',
2064 5292 2155 5333 eo-

569 5356 688 5411 dem
722 5355 901 5423 titulo,
936 5367 989 5411 et

642 5445 800 5503 1508.
842 5446 1081 5509 Parisiis.
1112 5467 1197 5518 ap.
1249 5452 1551 5510 Audoenum
1590 5457 1834 5528 Parvum,
1886 5461 2020 5517 alias
2058 5481 2145 5529 ap.

570 5536 732 5593 Miclt.
761 5537 1013 5594 Sonnium
1035 5555 1080 5593 et
1102 5540 1302 5597 Sebast.
1331 5543 1626 5617 Niveliium,
1655 5550 1804 5618 iit-8“,
1831 5568 1948 5622 qua:
1962 5553 2149 5608 eadem

570 5640 673 5696 est,
707 5634 799 5687 sed
831 5643 1034 5689 mutato
1066 5636 1239 5691 titulo.
1265 5637 1541 5695 Neminem
1570 5653 1747 5697 autem
1775 5645 1826 5700 in
1854 5644 2152 5704 Ruﬁnianis

572 5724 861 5779 Clementis
881 5726 1350 5798 llecugnitionibus
1382 5735 1640 5803 majorem
1670 5751 1888 5805 operam
1911 5740 2154 5805 positisse

574 5816 905 5876 Fontaninus
925 5834 1133 5889 censet,
1166 5840 1324 5895 quam
1358 5816 1699 5884 Lambertum
1728 5829 2013 5887 Gruterum
2047 5831 2156 5888 llla-

2332 4726 2448 4781 Duo
2497 4724 2716 4796 insuper
2755 4726 3052 4796 adjicienda
3106 4736 3255 4794 sunt,
3310 4725 3379 4782 de
3428 4726 3623 4796 quibus
3662 4728 3846 4783 itidem

2261 4815 2592 4871 Fontaninus
2616 4815 2737 4871 loco
2765 4830 2864 4871 suo
2905 4814 3180 4871 disertius.
3224 4816 3429 4881 Primo,
3476 4832 3544 4872 ne
3576 4816 3697 4887 quis
3742 4819 3844 4873 sibi

2261 4911 2462 4980 imponi
2495 4911 2636 4965 sinat
2664 4910 2935 4965 volumine
2963 4910 3065 4966 hoc
3094 4910 3247 4964 titulo
3278 4910 3577 4979 impresso:
3611 4911 3843 4967 Clemen-

2260 5004 2325 5058 tis
2369 5002 2587 5057 llomani
2616 5002 2837 5074 episcopi
2867 5002 2931 5056 de
2958 5001 3106 5056 rebus
3134 5004 3310 5073 gestis,
3347 5004 3844 5073 peregrinationibis

2260 5105 2415 5166 atque
2442 5094 2771 5149 concionilms
2799 5094 2860 5149 S.
2894 5093 3061 5161 Petri,
3091 5093 3325 5165 Epitome
3346 5098 3413 5151 ad
3439 5094 3693 5151 Iacobum
3719 5097 3844 5151 Ilie-

2259 5187 2679 5255 t‘osolymilanum
2717 5186 3031 5255 episcOpum.
3067 5185 3305 5255 Parisiis,
3348 5188 3485 5260 apud
3516 5188 3845 5245 Hadrianum

2259 5278 2576 5346 Turnebum,
2612 5278 2767 5343 1553,
2799 5277 2952 5335 in-L".

2331 5370 2515 5439 Neque
2567 5370 2710 5425 enim
2764 5371 3155 5441 Recognitiones
3197 5373 3461 5439 continet,
3506 5375 3602 5431 sed
3652 5392 3841 5446 puram

2263 5459 2534 5531 Epitomen
2558 5476 2663 5514 non
2692 5476 2756 5517 ex
2781 5462 2910 5517 solis
2940 5471 3117 5518 tamen
3148 5462 3598 5537 Recognitionibus
3625 5484 3658 5520 a
3693 5468 3843 5535 Ruﬁ-

2260 5573 2326 5611 no
2352 5557 2529 5622 editis,
2563 5554 2656 5611 sed
2688 5558 2847 5611 etiam
2877 5571 2943 5611 ex
2974 5557 3219 5613 llomiliis
3239 5567 3296 5614 et
3316 5558 3547 5629 Epistola
3574 5559 3847 5616 Clementis

2261 5652 2330 5705 ad
2357 5649 2633 5713 Iacobum,
2663 5665 2760 5703 nec
2785 5666 2888 5703 non
2916 5654 3163 5719 martyrio
3192 5651 3432 5719 ejusdem
3466 5662 3520 5707 et
3552 5657 3845 5709 narratione

2264 5743 2528 5813 Ephraami
2552 5741 2775 5812 epist-api
2796 5739 3099 5795 Chersonesi
3111 5740 3419 5813 conﬂatam,
3446 5754 3503 5797 ut
3523 5744 3723 5801 dudum
3746 5746 3845 5801 Cn-

2266 5832 2482 5891 telerius
2510 5831 2759 5900 ostendit,
2784 5831 2872 5902 qui
2903 5832 2968 5888 ad
2992 5839 3198 5903 septem
3229 5846 3359 5892 mss.
3405 5835 3619 5895 codices
3651 5838 3845 5912 Regios
