4094 6344
554 353 622 408 57
2014 350 2403 421 PREFATIO.
3774 360 3848 423 t3

557 470 642 540 qui
671 477 727 525 et
754 468 953 524 studio.
991 471 1065 525 Ac
1095 484 1226 527 sane
1263 471 1351 529 ille
1372 470 1586 545 jamdiu
1614 472 1740 528 olim
1770 473 2033 546 Aquili-jus
2061 475 2187 532 dum
2223 468 2453 545 viveret,
2480 477 2711 535 eundem
2737 491 2896 549 quem
2928 477 3276 551 Episcopum,
3311 478 3497 535 habuit
3519 478 3766 536 columen
3790 490 3843 536 et

560 569 725 619 dt'eus
752 579 905 618 suum
932 582 945 631 ;
980 580 1102 619 nam
1134 576 1278 622 stare
1301 568 1469 639 gradu
1500 570 1757 627 adversus
1784 586 2035 641 magnum
2062 572 2467 645 Hieronymum,
2497 573 2794 631 Cbromatii
2819 575 3143 633 sanctissimi
3165 576 3318 647 juxta
3351 589 3414 631 ac
3449 574 3841 646 sapientissimi

553 657 828 714 Antistitis
857 659 1036 713 favore
1074 674 1136 714 ac
1164 661 1411 729 praesidio
1443 663 1630 729 fretus,
1668 664 1823 720 facile
1852 665 2025 736 potuit
2051 682 2065 719 :
2090 681 2197 734 quo
2234 665 2397 721 etiam
2432 665 2779 723 conciliatore
2812 668 3015 739 optimo
3052 681 3199 734 usus,
3232 666 3402 721 litavit
3427 667 3567 735 paci,
3592 674 3650 722 et
3679 668 3843 721 meri-

557 751 627 803 tis
664 749 960 816 =nsignibns
994 757 1197 817 partam
1227 750 1295 805 de
1320 766 1379 807 se
1405 751 1578 823 deque
1603 769 1700 809 sua
1728 754 1861 811 Fide
1902 757 2208 824 opinionem
2237 755 2558 813 Christianas
2585 759 2881 829 posteritati
2909 758 3148 815 tradidit.
3180 758 3332 814 Nunc
3357 759 3468 812 Tua
3495 759 3714 814 demum
3741 772 3844 829 ope

555 842 904 909 reviviscens,
924 842 1245 914 Episcopum
1267 843 1343 898 Te
1363 860 1518 899 suum
1549 857 1757 915 spectat
1779 847 2106 903 avidissimis
2131 848 2321 913 oculis,
2343 848 2570 903 alterum
2610 849 3001 912 Chromatium,
3027 849 3254 904 eandem
3279 860 3335 903 et
3358 849 3615 906 Ecclesiae
3638 847 3840 903 Cathe-

554 936 708 991 dram
740 938 1095 1005 obtinentem,
1123 947 1176 993 et
1205 939 1461 994 virtutum
1486 941 1772 997 instantem
1802 942 1967 1010 viam,
1997 952 2054 996 ut
2080 943 2209 998 nihil
2254 942 2362 1014 jam
2394 942 2534 1013 quod
2562 944 2611 999 in
2641 944 2734 1000 illo
2771 959 3116 1015 summopere
3150 943 3446 1001 demiratus
3472 954 3588 1012 est,
3626 959 3691 1001 ac
3734 945 3836 1000 sibi

554 1031 728 1084 sensit
771 1031 1058 1100 propitium
1082 1032 1174 1098 ,in
1202 1032 1279 1088 Te
1326 1032 1619 1089 desideret.
1654 1034 1944 1092 Desideret
1964 1036 2183 1091 autem?
2211 1036 2322 1091 lmo
2349 1050 2480 1091 vero
2504 1044 2683 1092 actum
2728 1037 2901 1093 multo
2941 1038 3254 1109 praeclarius
3280 1051 3423 1095 nunc
3447 1052 3631 1095 secum
3669 1047 3841 1109 putet,

552 1138 714 1188 quum
749 1125 974 1194 egregiis
998 1140 1093 1196 per
1124 1126 1199 1181 Te
1236 1135 1421 1181 auctas
1466 1127 1815 1184 incrementis
1846 1128 2107 1185 Pietatem
2138 1141 2201 1183 ac
2227 1127 2539 1194 Scientiam,
2571 1145 2691 1201 qua:
2724 1129 2832 1185 duo
2860 1144 2989 1186 vere
3017 1129 3176 1201 digna
3202 1139 3329 1186 sunt
3352 1130 3528 1186 stud
3559 1144 3838 1187 sacrorum

553 1216 820 1286 Principe,
850 1218 899 1270 in
922 1217 1161 1273 Ecclesia
1192 1218 1303 1274 Tua
1332 1219 1509 1273 vident
1534 1237 1545 1272 :
1574 1236 1690 1289 qum
1722 1228 1797 1274 tot
1824 1218 1933 1289 jam
1962 1220 2275 1276 clarissimis
2302 1233 2486 1276 earum
2513 1221 2729 1276 laudum
2752 1236 2826 1276 ex
2839 1220 3031 1291 empiis
3058 1222 3197 1277 lucet
3220 1221 3457 1278 maxime
3477 1235 3541 1277 ac
3566 1221 3836 1290 splendet,

550 1324 604 1368 ut
628 1312 736 1382 jam
771 1329 874 1367 non
911 1329 1073 1367 unum
1102 1321 1262 1382 atque
1292 1312 1521 1367 alterum
1556 1327 1846 1368 occurrere
1872 1312 1972 1369 sibi
2007 1323 2219 1369 veteres
2247 1314 2473 1381 amicos,
2509 1312 2753 1368 Jovinum
2781 1322 2943 1383 atque
2972 1311 3281 1377 Eusebium,
3312 1310 3409 1367 sed
3448 1313 3833 1382 propemodum

550 1408 862 1459 innumeros
891 1412 1072 1474 putet;
1106 1402 1347 1472 hancque
1374 1403 1511 1459 adeo
1537 1402 1655 1457 'l‘ibi
1680 1445 1695 1471 ,
1730 1402 1845 1458 'l‘ua
1888 1411 2119 1473 partam,
2152 1402 2361 1473 Tuique
2389 1403 2573 1458 Patrui
2612 1404 2936 1458 immortalis
2963 1416 3150 1472 opera,
3184 1400 3497 1457 felicitatem
3529 1401 3833 1472 percelebri

549 1497 963 1565 llict‘onytniano
993 1493 1172 1564 elogio
1208 1494 1528 1563 gratuletur,
1578 1494 1931 1565 Aquilejenses
1972 1493 2154 1549 Clerici
2188 1499 2333 1563 quasi
2364 1495 2565 1550 Chorus
2607 1494 2885 1549 Beatorum
2920 1494 3173 1548 habentur
3212 1493 3306 1564 (In
3340 1492 3584 1549 Chronic.
3630 1496 3702 1549 ad
3742 1512 3833 1551 an.

547 1586 696 1656 578).
729 1585 818 1639 Sic
849 1584 987 1654 t'jlts,
1023 1601 1129 1654 quo
1159 1584 1212 1638 in
1243 1584 1319 1639 Te
1356 1584 1598 1640 adfectus
1627 1600 1747 1641 esse
1777 1586 1959 1653 debet,
1990 1587 2225 1641 animum
2254 1596 2416 1656 atque
2444 1587 2759 1657 obsequium
2807 1586 3106 1643 rectissime
3136 1586 3465 1658 interpretor
3491 1604 3506 1642 :
3532 1589 3602 1644 de
3629 1604 3714 1645 me
3738 1604 3833 1643 att-

546 1686 650 1729 tem
681 1673 805 1743 quid
838 1673 1052 1727 dicam?
1082 1674 1192 1744 Ego
1221 1674 1323 1729 sim
1354 1674 1632 1730 hominum
1666 1676 2078 1746 ingratissimus,
2110 1677 2190 1732 sin
2221 1677 2316 1742 Te,
2353 1691 2449 1745 per
2474 1692 2635 1748 quem
2689 1680 2924 1734 maxime
2968 1678 3022 1734 in
3056 1679 3157 1734 hac
3188 1695 3309 1735 mea
3354 1680 3667 1736 adornanda
3708 1681 3836 1735 Edi-

546 1764 693 1819 tione
720 1764 1060 1835 profecerim,
1097 1765 1275 1833 priore
1309 1767 1449 1829 loco,
1496 1776 1550 1821 ct
1580 1776 1777 1835 quanta
1821 1768 2052 1823 maxima
2096 1768 2463 1824 declaratione
2499 1782 2719 1839 possunt
2746 1769 2911 1825 officii
2955 1767 3266 1840 praedicem.
3298 1771 3477 1827 Desim
3513 1775 3677 1828 etiam
3722 1774 3836 1844 ipse

542 1858 704 1924 mihi,
739 1874 835 1913 nec
863 1861 994 1911 satis
1024 1857 1209 1912 videar
1242 1858 1569 1930 intelligere,
1600 1867 1834 1930 quantus
1865 1860 1993 1917 hinc
2022 1862 2398 1918 aestimationis
2428 1872 2720 1936 proventus
2760 1861 2977 1931 scriptis
3023 1875 3087 1917 ac
3132 1862 3336 1917 nomini
3368 1863 3543 1919 Rufini
3574 1864 3793 1919 accedat
3817 1905 3837 1928 ,

542 1967 701 2023 quem
735 1950 813 2003 Tu
847 1967 951 2006 non
984 1952 1159 2006 solun:
1196 1952 1448 2021 prtesidio
1480 1964 1641 2020 atque
1671 1966 1857 2007 amore
1879 1952 1994 2009 Tuo
2019 1954 2420 2024 complectaris,
2447 1955 2543 2011 sed
2571 1957 2753 2023 etiam,
2780 1970 2943 2025 quum
2974 1954 3041 2010 ad
3066 1954 3500 2026 ampliﬁcandam
3529 1957 3836 2028 Aquilejeu-

548 2045 623 2098 sis
656 2043 911 2100 Ecclesiae
939 2044 1253 2113 dignitatem
1285 2050 1340 2097 et
1360 2042 1621 2112 gloriam,
1648 2056 1830 2112 curas,
1853 2043 2151 2099 secundum
2183 2045 2375 2110 Deum,
2401 2059 2593 2101 omnes
2620 2046 2933 2112 contuleris,
2960 2044 3163 2115 optime
3189 2043 3266 2100 illi
3294 2060 3359 2103 ex
3394 2046 3499 2102 hoe
3527 2056 3683 2117 putes
3700 2062 3836 2103 con-

540 2135 790 2200 soluisse,
821 2136 967 2206 quod
1002 2145 1204 2207 partem
1231 2137 1350 2207 ejus
1375 2151 1495 2193 esse
1519 2135 1705 2218 gloria
1735 2137 1865 2192 nulli
1891 2138 2191 2192 secundum
2220 2154 2343 2194 eum
2374 2153 2621 2195 censeas.

570 2280 573 2283 .
613 2232 754 2287 Ecce
778 2231 888 2300 jam
921 2230 1101 2301 itaque
1129 2231 1279 2298 Tibi,
1312 2230 1677 2287 lllustrissime
1720 2247 1783 2286 ac
1825 2230 2293 2288 Heverendissime
2334 2232 2560 2299 Prtesul,
2592 2230 2847 2287 Rufinum
2865 2230 3073 2300 Tuum,
3102 2250 3210 2291 non
3258 2234 3583 2292 lineamenta
3613 2238 3829 2309 quidem

539 2333 700 2394 atque
727 2324 1004 2385 urticutos,
1038 2324 1211 2393 qualis
1237 2338 1268 2378 e
1299 2324 1563 2393 pictorum
1592 2324 1834 2393 prodiret
1882 2324 2151 2393 manibus,
2183 2323 2555 2394 eftingentem,
2587 2324 2681 2379 sed
2711 2324 2823 2379 suis
2852 2323 3158 2395 loquentem
3186 2325 3370 2382 verbis
3397 2341 3461 2382 ac
3493 2328 3697 2399 lingua,
3733 2332 3827 2385 de-

536 2433 638 2486 que
668 2418 827 2473 rebus
857 2418 1217 2484 diSputuntem
1247 2414 1444 2471 divinis
1466 2416 1914 2472 luculentissimc.
1943 2414 2074 2485 Ejus
2103 2415 2278 2487 Opera
2303 2422 2467 2469 tantm
2495 2424 2621 2470 sunt
2650 2414 2971 2471 eruditionis
2997 2425 3157 2486 atque
3181 2416 3465 2485 doctrina,
3498 2426 3556 2472 ut
3585 2418 3817 2476 aliorum

538 2506 778 2573 Patrum,
812 2525 943 2580 quos
975 2506 1187 2564 emeris
1219 2506 1374 2576 longe
1400 2505 1768 2562 nobilissimos
1795 2522 1858 2563 ea
1891 2505 2011 2562 tulit
2051 2517 2201 2577 tetas,
2236 2520 2490 2576 perquam
2522 2520 2657 2562 sane
2689 2507 2873 2576 paucis
2902 2506 3222 2561 concedant.
3253 2506 3393 2563 Sunt
3426 2520 3608 2564 autem
3636 2512 3830 2582 plera-

535 2616 641 2672 que
668 2602 844 2655 omnia
878 2600 963 2667 iis,
994 2615 1112 2670 qua:
1137 2598 1402 2655 maximus
1448 2597 1809 2653 Ecele.~iarum
1862 2599 2111 2671 Magister
2142 2599 2505 2671 llierouymus
2535 2597 2890 2663 elucubravit,
2923 2597 3208 2668 conjuncta
3240 2601 3629 2670 propemodum
3664 2616 3829 2677 atque

546 2699 767 2769 illigata,
796 2698 875 2753 vel
908 2696 1160 2752 materiei
1188 2711 1307 2765 quae
1330 2694 1437 2750 illis
1469 2694 1676 2763 subest,
1706 2696 1791 2751 vel
1822 2694 2243 2766 disputationum
2271 2708 2335 2749 ex
2370 2702 2597 2763 utraque
2628 2703 2801 2762 parte,
2828 2700 3075 2763 respectu
3100 2708 3116 2746 :
3139 2708 3259 2763 quae
3288 2694 3516 2752 invicem
3544 2697 3829 2755 dissociari

544 2791 635 2846 vix
670 2798 912 2861 possunt,
946 2797 1039 2843 aut
1066 2804 1134 2843 ne
1178 2789 1264 2843 vix
1299 2790 1539 2860 quidem.
1578 2789 1698 2843 Alia
1729 2796 1788 2843 ut
1819 2801 2006 2858 parum
2057 2788 2122 2842 ad
2155 2786 2543 2858 Hieronymum
2565 2793 2830 2858 spectent,
2860 2785 2979 2855 ejus
3009 2794 3189 2841 tamen
3211 2790 3476 2858 propositi
3507 2800 3635 2847 sunt
3662 2804 3826 2862 atque

535 2884 774 2954 ingenii,
809 2892 865 2937 ut
889 2882 1143 2953 cupidum
1176 2881 1496 2938 eruditionis
1527 2882 1796 2937 hominem
1824 2880 1892 2934 ab
1920 2879 2024 2935 illis
2053 2883 2311 2935 continuo
2338 2879 2404 2933 ad
2452 2891 2513 2933 se
2554 2878 2808 2941 invitent,
2840 2883 2895 2932 et
2935 2877 3197 2933 alliciant.
3229 2878 3338 2935 Sed
3374 2880 3519 2936 enim
3562 2884 3732 2953 prima
3767 2897 3825 2941 et

536 2987 647 3033 tota
672 2978 797 3033 hinc
829 2977 957 3033 mali
991 2977 1159 3046 labes,
1191 2992 1262 3032 ex
1294 2992 1400 3048 quo
1430 2977 1547 3045 plus
1576 2984 1755 3031 tamen
1789 2974 1989 3044 aliquid
2025 2974 2180 3042 pretii
2219 2973 2323 3028 illis
2351 2971 2718 3027 accedendum
2751 2968 3056 3026 videbatur.
3092 2970 3319 3036 Auctor,
3352 2987 3516 3043 quum
3546 2972 3746 3032 favoris
3772 2978 3822 3031 in

536 3070 844 3142 Origenem,
877 3070 1019 3141 quod
1054 3070 1253 3125 nemini
1298 3078 1632 3139 compettum
1668 3085 1774 3124 non
1806 3078 1908 3137 est,
1939 3069 2246 3139 suspicione
2278 3069 2568 3135 laboraret,
2602 3069 2698 3124 abs
2745 3068 3093 3141 Hieronymo,
3122 3070 3208 3124 cui
3241 3069 3368 3126 olim
3414 3084 3623 3125 summa
3656 3072 3829 3126 fuerat

532 3163 788 3221 amicitia:
822 3162 1147 3219 necessitate
1177 3162 1519 3231 conjunctus,
1550 3161 1692 3217 bono
1713 3161 1928 3233 quidem
1955 3160 2107 3215 Fidei
2140 3158 2374 3231 purioris
2406 3160 2606 3226 studio,
2639 3160 2841 3215 acriter
2872 3169 3049 3215 tamen
3080 3171 3312 3228 notatus,
3352 3176 3581 3231 purgare
3602 3175 3661 3217 se
3684 3162 3826 3232 apud

535 3274 673 3329 quos
704 3262 842 3316 tnale
872 3276 932 3317 ea
970 3260 1036 3314 de
1067 3273 1255 3315 caussa
1287 3259 1520 3324 audiret,
1554 3268 1607 3315 et
1641 3273 1823 3314 secum
1854 3258 1946 3313 illo
1987 3258 2040 3311 in
2070 3272 2290 3312 arenam
2326 3254 2661 3311 descendere
2689 3264 2909 3310 coactus
2934 3263 3037 3312 est.
3072 3256 3269 3329 Impar,
3302 3264 3361 3311 ut
3400 3256 3534 3312 nihil
3571 3257 3826 3313 dissimu—

532 3350 660 3417 lem,
695 3367 1017 3422 congressus
1050 3351 1264 3406 Achilli.
1298 3351 1402 3408 Sed
1431 3361 1486 3410 et
1514 3353 1752 3420 aliunde,
1785 3364 1842 3407 ut
1870 3367 1996 3408 vere
2021 3351 2166 3423 quod
2194 3365 2281 3406 res
2305 3362 2386 3405 est
2413 3349 2611 3415 dicam,
2642 3362 2832 3404 caussa
2864 3350 3111 3419 exstitit,
3142 3365 3239 3405 cur
3267 3349 3464 3406 Noster
3504 3350 3686 3422 paullo
3717 3352 3823 3406 ini-

533 3446 721 3513 quiore
752 3445 871 3500 loco
900 3445 971 3499 sit
1001 3445 1236 3501 habitus.
1286 3446 1489 3515 Nempe
1538 3446 1608 3501 ita
1649 3455 2020 3516 comparatum
2055 3455 2139 3499 est
2186 3459 2215 3497 a
2265 3442 2465 3498 Natura
2498 3445 2551 3499 in
2585 3442 2888 3509 hominum,
2921 3445 3308 3516 cujuscumque
3335 3445 3441 3500 illa:
3471 3448 3686 3517 generis
3715 3446 3823 3501 sint

531 3538 1009 3607 disputationibus,
1042 3548 1098 3593 ut
1126 3542 1216 3610 qui
1245 3555 1431 3595 caussa
1467 3541 1629 3604 cadit,
1655 3542 1774 3612 ejus
1797 3555 1849 3597 et
1874 3540 2072 3611 ingenii
2105 3539 2287 3602 fictus,
2317 3549 2372 3593 et
2410 3538 2596 3595 laudes
2620 3542 2863 3597 nonnihil
2893 3540 3202 3595 detrimenti
3240 3538 3488 3609 accipere
3514 3539 3818 3596 videantur.

533 3632 683 3687 Hanc
716 3647 825 3702 pra:
855 3632 1068 3687 caeteris
1110 3633 1397 3704 Presbyter
1430 3635 1787 3704 Aquileiensis
1818 3634 2092 3689 fortunam
2141 3631 2305 3686 subit.
2358 3628 2489 3701 Ejus
2536 3634 2867 3688 monimenta
2897 3632 3093 3702 ingenii
3140 3648 3245 3688 non
3292 3632 3518 3702 pertnde
3547 3633 3822 3687 studiosos

533 3727 663 3781 olim
693 3735 843 3780 nacta
871 3736 1013 3791 sunt,
1053 3742 1115 3782 ac
1162 3726 1390 3783 fuissent
1416 3730 1482 3784 de
1509 3729 1575 3783 iis
1606 3729 1819 3784 merita.
1848 3727 2105 3796 Sequiorc
2137 3739 2253 3780 avo
2285 3740 2400 3795 qum
2432 3725 2486 3779 in
2512 3725 2630 3780 dies
2659 3727 2851 3799 magis,
2882 3739 2933 3783 et
2951 3727 3076 3797 jure
3101 3728 3340 3797 quidem,
3374 3727 3603 3783 invaluit
3637 3729 3825 3785 Hiero-

534 3821 773 3893 nytniani
809 3821 1039 3875 nominis
1068 3823 1232 3893 gloria
1277 3824 1534 3893 quasdam
1587 3824 1691 3879 illis
1721 3802 1877 3894 quasi
1911 3821 2160 3877 tenebras
2203 3819 2411 3875 offudit.
2456 3819 2633 3877 Unum
2684 3822 2786 3878 hoc
2817 3823 3050 3892 scilicet,
3077 3822 3220 3892 quod
3263 3823 3332 3876 ab
3362 3822 3577 3878 infenso
3603 3824 3657 3878 itt
3691 3825 3824 3880 San-

533 3916 832 3970 ctissintnm
866 3915 1145 3970 Ductorem
1184 3927 1406 3985 parente
1437 3917 1607 3971 videri
1656 3926 1907 3988 poterant
1941 3916 2275 3984 elucubrata,
2305 3917 2435 3971 satis
2463 3932 2672 3973 caussa:
2698 3928 2838 3984 erat,
2868 3927 2926 3973 ttt
2973 3916 3131 3973 avide
3161 3919 3341 3973 minus
3366 3921 3823 3994 exquirerentur.

609 4011 742 4064 Ilinc
770 4010 969 4064 sensim
1012 4010 1182 4065 ferme
1210 4010 1551 4068 obsolescere
1593 4012 1791 4068 eximia
1839 4010 2201 4082 Aquilejensis
2242 4011 2553 4085 Presbyteri
2591 4012 2813 4082 scripta,
2845 4016 3020 4083 deque
3049 4009 3297 4067 manibus
3328 4011 3590 4067 lectorum
3625 4029 3820 4083 prope-

537 4104 753 4159 modum
783 4104 959 4157 excuti
993 4120 1003 4155 :
1031 4119 1150 4174 qum
1173 4119 1240 4159 ne
1272 4103 1660 4160 interciderent
1686 4114 1885 4168 tamen,
1911 4117 2100 4158 eorum
2128 4103 2313 4159 relicta
2342 4114 2469 4160 sunt
2496 4119 2662 4171 curae,
2687 4106 2776 4177 qui
2806 4104 3103 4160 Librariant
3135 4114 3305 4161 artem
3330 4102 3741 4173 profitebantur,
3767 4114 3824 4161 et

541 4195 900 4252 Bibliothecas
927 4197 1287 4254 instruebant.
1318 4197 1382 4252 ili
1409 4206 1590 4253 autem
1622 4211 1764 4251 novo
1810 4197 1902 4252 illa
1946 4195 2310 4262 incommodo,
2340 4212 2410 4253 ne
2431 4199 2558 4267 qttid
2603 4199 2768 4255 lucris
2812 4196 2925 4255 suis
2951 4198 3258 4263 decederet,
3291 4196 3657 4252 cumularunt.
3686 4197 3818 4253 Nam

533 4305 655 4359 qua:
676 4289 809 4344 nulli
838 4288 1051 4359 quidem
1079 4304 1321 4345 censura:
1346 4289 1577 4345 obnoxia
1606 4288 1947 4353 videbantur,
1974 4287 2228 4343 nimirum
2270 4304 2445 4359 neque
2498 4291 2841 4361 Origenianis
2874 4290 3215 4361 dogmatibus
3244 4292 3443 4355 favere,
3477 4302 3653 4360 neque
3699 4292 3822 4345 Ilie-

536 4384 867 4455 runymianis
899 4384 1183 4450 institutis,
1214 4394 1265 4441 et
1297 4384 1484 4455 gloria:
1512 4384 1711 4454 opponi
1739 4425 1755 4451 ,
1783 4394 2045 4453 erantque
2074 4383 2176 4439 alia
2204 4399 2271 4439 ex
2302 4394 2470 4453 parte,
2504 4396 2558 4442 ut
2583 4388 2741 4442 avide
2770 4387 3095 4457 legerentur,
3129 4396 3290 4457 atque
3318 4393 3580 4440 aeternum
3612 4384 3823 4441 obtine-

532 4485 676 4541 rent,
710 4475 866 4545 longe
917 4476 1255 4546 dignissima,
1286 4476 1351 4530 ad
1384 4477 1760 4531 declinandam
1803 4476 1985 4531 nescio
2015 4491 2173 4546 quam
2220 4475 2487 4533 llttfittiztni
2537 4479 2770 4535 nontit.is
2817 4490 2996 4535 notam
3028 4481 3168 4549 apud
3199 4478 3559 4535 studiosorum
3593 4481 3781 4552 vulgus
3804 4520 3821 4546 ,

531 4571 654 4625 aliis
682 4570 989 4624 nominibus
1020 4569 1430 4637 inscripserunt.
1468 4569 1534 4623 Et
1564 4570 1717 4636 primi
1746 4569 1962 4640 quidem
1994 4568 2238 4625 subsellii
2274 4573 2623 4641 Auctoribus,
2655 4574 2930 4646 Cypriane
2963 4581 3085 4645 puta
3126 4581 3181 4627 et
3210 4573 3532 4641 Augustino,
3558 4574 3686 4643 quin
3721 4573 3818 4645 ipsi

534 4666 696 4719 etirm
729 4664 1079 4735 Hieronymo,
1113 4662 1157 4717 si
1192 4663 1416 4729 Superis
1446 4662 1647 4731 placet,
1698 4664 2092 4719 adtribuerunt.
2127 4664 2346 4720 Factum
2396 4669 2650 4734 proinde,
2678 4682 2736 4725 ut
2778 4684 2944 4740 quum
2975 4669 3080 4724 alia
3111 4667 3284 4723 ferme
3327 4668 3487 4724 situm
3518 4670 3773 4725 ducerent
3802 4711 3819 4736 ,

528 4758 630 4813 alia
681 4772 785 4812 non
819 4754 1030 4819 Rufini,
1059 4754 1153 4809 sed
1184 4768 1412 4822 quorum
1448 4755 1662 4808 nomina
1698 4754 2072 4822 praeferebant,
2103 4759 2298 4828 passim
2326 4758 2696 4818 crederentur.
2730 4762 2904 4818 Etiam
2935 4763 3003 4817 ab
3034 4763 3247 4817 inventa
3273 4768 3388 4817 arte
3416 4760 3821 4833 Typographica

530 4856 597 4908 ad
634 4854 747 4907 hate
784 4868 951 4921 usque
983 4862 1244 4921 tempora,
1277 4860 1333 4905 ut
1364 4851 1563 4905 fuerint
1605 4852 1858 4923 pleraque
1886 4856 2070 4908 omnia
2102 4855 2327 4923 sparsim
2360 4858 2635 4925 variisque
2687 4859 2739 4914 in
2769 4857 2944 4927 libris,
2976 4868 3137 4926 atque
3166 4856 3285 4911 aliis
3315 4855 3608 4912 identidem
3658 4857 3823 4912 titulis

527 4950 582 5003 in
621 4949 798 5001 lucem
828 4946 991 5007 edita,
1022 4946 1165 4999 nulla
1199 4960 1431 5012 unquam
1458 4944 1791 5001 Collectione
1824 4948 2052 5017 integra,
2083 4950 2223 5018 quod
2256 4949 2487 5005 aliorum
2517 4952 2686 5008 ferme
2715 4952 2956 5008 omnium
2986 4948 3251 5020 Operibus
3283 4952 3579 5007 Auctorutn
3622 4965 3821 5007 usuve-

524 5041 623 5101 nit,
649 5037 700 5090 in
728 5052 892 5091 unum
917 5035 1077 5089 veluti
1100 5050 1298 5104 corpus
1322 5036 1537 5091 redacta
1571 5048 1717 5092 sunt.
1747 5040 1964 5095 Molitus
1989 5041 2037 5095 id
2066 5043 2282 5113 quidem
2306 5052 2388 5097 est
2416 5046 2571 5113 olim,
2593 5047 2708 5103 sive
2736 5058 2860 5102 ante
2882 5061 3053 5102 annos
3085 5045 3255 5102 ferme
3284 5052 3501 5101 centum
3531 5055 3589 5102 et
3608 5059 3822 5115 septua-

521 5134 672 5201 ginta
704 5132 789 5184 vir
816 5134 951 5185 bene
982 5130 1046 5184 de
1077 5130 1249 5185 literis
1277 5131 1453 5201 deque
1488 5131 1862 5191 Ecclesiastica
1890 5139 2196 5194 eruditione
2224 5138 2451 5195 meritus
2482 5141 2719 5197 Renattts
2749 5141 3071 5196 Laurentius
3107 5138 3180 5195 De
3212 5138 3258 5192 la
3292 5139 3481 5204 Barre,
3519 5137 3608 5208 qtti
3643 5137 3821 5207 Ruﬁni

525 5222 718 5292 Opera,
748 5227 806 5271 ut
835 5219 994 5273 habet
1020 5218 1078 5272 in
1111 5220 1284 5275 fronte
1320 5221 1474 5287 libri,
1504 5240 1617 5292 qua
1645 5236 1843 5282 exstant
1870 5231 2058 5297 partim
2084 5232 2298 5286 antehac
2324 5249 2585 5302 nunquam
2610 5235 2662 5287 in
2690 5235 2854 5288 lucem
2883 5234 3040 5294 edita.
3068 5232 3258 5303 Partim
3297 5246 3460 5299 nuper
3502 5246 3600 5302 ope
3624 5231 3819 5285 doctis-

522 5316 771 5368 simorum
801 5312 1027 5363 virorum
1049 5313 1322 5366 emendafa
1350 5323 1399 5368 et
1427 5317 1705 5387 castigata,
1731 5333 1778 5371 et
1805 5322 1857 5374 in
1886 5320 2018 5376 duos
2042 5322 2226 5378 Tomos
2254 5324 2419 5377 divisa
2448 5325 2761 5395 complexus
2790 5333 2893 5379 est.
2917 5322 3242 5391 Complexns
3265 5330 3347 5376 est
3375 5328 3558 5374 autem
3590 5337 3696 5377 uno
3721 5337 3821 5377 nec

525 5418 739 5474 magna:
770 5404 923 5456 molis
951 5404 1246 5474 volumine,
1273 5407 1427 5477 cujus
1450 5408 1676 5464 alteram
1708 5422 1939 5480 partem,
1966 5416 2081 5470 sive
2103 5414 2333 5470 Tomum
2361 5416 2645 5471 manifeste
2673 5415 3013 5485 supposititio
3038 5413 3090 5469 itt
3123 5411 3314 5467 LXXV
3343 5410 3551 5481 priores
3578 5412 3822 5470 Psalmos

519 5494 920 5552 Commentario
956 5495 1210 5563 explevit,
1260 5513 1420 5565 quem
1450 5515 1516 5554 ex
1553 5502 1915 5572 vetustissimo,
1954 5516 2012 5561 ut
2042 5507 2154 5573 ait,
2190 5507 2545 5575 Manuacripto
2580 5505 2862 5574 exentplari
2902 5503 3234 5559 Bibliotheca:
3276 5501 3583 5557 Monastcrt'i
3622 5502 3822 5560 Insula:

521 5585 788 5647 Bai-batur,
816 5587 969 5653 juxta
1003 5585 1338 5658 Lugdunum,
1370 5594 1640 5649 Antonius
1670 5594 1738 5650 de
1767 5597 1974 5654 Alboue
1999 5599 2456 5667 Archiepiscopns
2488 5597 2882 5667 Lugdunensis,
2913 5607 2966 5652 et
2993 5596 3288 5651 Galliarum
3332 5595 3542 5651 Primas
3577 5612 3817 5653 eruerat.

524 5678 629 5733 Sed
662 5687 714 5731 et
742 5681 972 5746 priorem
1005 5680 1231 5739 Tomtnn
1265 5686 1476 5742 iufarsit
1519 5690 1708 5744 alienis
1740 5693 1790 5744 in
1821 5695 2036 5757 Useam,
2071 5694 2287 5748 Joclem
2335 5703 2389 5747 et
2433 5694 2692 5746 Amosum
2722 5689 3168 5756 Commentariis;
3200 5706 3335 5760 quos
3374 5693 3420 5747 si
3446 5692 3726 5766 excipias,
3761 5706 3820 5753 ut

518 5785 619 5840 par
651 5782 764 5829 est.
811 5789 1191 5843 germanorum
1234 5778 1411 5835 Rufini
1444 5781 1681 5851 Opertttn
1716 5785 1928 5840 nonnisi
1972 5786 2105 5841 duos
2144 5785 2335 5842 Libros
2370 5784 2437 5840 de
2470 5782 2935 5842 Medictionibus
2974 5782 3411 5840 Patriarcltarum
3436 5825 3453 5854 ,
3480 5786 3820 5860 totidequ
