4094 6344
271 351 327 409 ιθ
1680 366 1687 373 -
1715 328 1888 389 ΡῐὶιΕΙ

1927 325 2102 385 A'I‘lO.
3475 308 3544 367 50

276 462 644 522 Ecclesiasticae
675 458 956 527 Historiae,
984 463 1042 513 et
1067 450 1310 527 Symboli
1350 446 1743 520 expositionem
1773 443 2031 500 Collectie
2058 440 2149 497 illa
2190 435 2449 495 continuet.
2495 434 2572 490 De
2618 449 2703 490 nis
2746 446 2883 504 quos
2915 440 3102 488 contra
3153 430 3539 532 Hieronymum

275 556 470 626 scripsit,
508 553 661 608 nihil
684 521 970 622 quicquam
994 564 1010 602 :
1033 521 1366 603 de'llisteria
1391 554 1606 611 quoque
1633 538 1946 600 Eremitica,
1975 550 2098 606 qua
2127 533 2363 626 Operum
2386 529 2511 626 ejus
2530 528 2871 585 nobilissima
2901 541 3022 597 pars
3052 535 3135 582 est
3162 541 3173 578 :
3199 525 3267 580 de
3288 521 3548 624 Apologia

274 649 326 705 ad
348 621 730 710 Anastasiumi,
764 642 989 712 aliisque
1012 654 1080 696 eo
1104 635 1476 709 spectantibus
1510 630 1820 700 Opusculis,
1854 628 2009 683 nihil.
2041 628 2216 694 Atque
2244 623 2360 678 haec
2384 621 2603 693 quidem
2637 634 2703 676 ex
2733 634 2928 675 eorum
2956 634 3143 712 censu,
3170 631 3293 712 quae
3321 628 3418 712 nos
3444 621 3551 682 pri-

276 739 470 810 migenia
500 735 875 808 appellamus,
898 709 992 790 seu
1030 746 1153 803 qua:
1180 730 1252 786 de
1292 742 1392 783 suo
1431 726 1726 797 Presbyter
1760 720 2126 793 Aquileiensis
2168 715 2533 810 elucubravit.
2561 714 2696 810 Hum
2734 728 2858 785 qua:
2888 712 2942 769 in
2971 711 3235 810 latinum
3260 709 3552 810 dc.Gr:eco

275 802 907 900 "altumin—quamquam
934 832 989 882 et
1011 802 1236 880 numero
1267 822 1418 892 plura
1447 818 1740 875 admodum
1770 826 1919 883 sunt,
1951 824 2008 870 et
2046 812 2226 869 locum
2253 811 2398 867 inter
2423 808 2706 865 Ruﬁniana
2731 807 3080 878 expostulent
3109 804 3214 867 sibi
3242 802 3397 866 dari,
3432 813 3551 854 em-

277 928 378 982 nino
401 938 504 980 non
537 921 762 994 attigit,
789 929 845 976 et
874 932 942 975 ne
967 916 1133 974 verbo
1157 914 1375 986 quidem
1406 921 1564 969 tenus
1592 904 2062 966 commemoravit.

284 1073 287 1079 ι
334 1036 557 1092 Necesse
590 1041 718 1089 erat
750 1032 951 1103 itaque,
982 1038 1041 1083 ut
1068 1041 1283 1095 novam,
1312 1033 1475 1095 atque
1503 1019 1809 1077 absolutam
1834 1030 2029 1073 eorum
2055 1016 2297 1085 Operum
2314 1012 2705 1071 Collectienem
2753 1009 3199 1103 aggrederemur,
3224 1016 3332 1062 tam
3365 1003 3558 1103 Hiero-

279 1126 658 1199 nymianorum,
695 1134 757 1181 ut
792 1098 1129 1188 dicebamus,
1155 1126 1413 1188 reapectu
1438 1118 1585 1188 (qua:
1611 1112 1815 1169 dudum
1848 1109 2034 1165 omnia
2055 1107 2451 1175 recensuimus,
2474 1115 2635 1177 atque
2664 1105 2766 1163 hac
2795 1104 2958 1160 veluti
2978 1101 3238 1159 coronide
3262 1098 3555 1199 terminans

280 1193 367 1287 tur)
391 1231 552 1288 quam
586 1215 789 1286 ipsius,
821 1229 992 1284 eoque
1019 1211 1209 1284 magis,
1244 1207 1455 1274 Ruﬁni,
1478 1205 1636 1275 cujus
1666 1200 2110 1273 praeclarissima,
2142 1208 2307 1271 atque
2344 1213 2475 1255 auro
2503 1207 2691 1255 contra
2720 1206 2775 1253 et
2801 1199 3029 1268 gemmis
3057 1193 3375 1288 aestimanda
3407 1193 3557 1288 inge-

282 1286 697 1365 niiimenimenta
728 1301 896 1358 variis
926 1302 1080 1359 libris
1109 1302 1215 1357 huc
1242 1300 1475 1368 illucque
1505 1294 1775 1365 dispersa,
1807 1291 1953 1348 vitiis
1974 1305 2140 1348 omne
2180 1305 2351 1362 genus
2375 1290 2573 1356 obsita,
2602 1290 2725 1347 aliis
2754 1289 3021 1346 interdum
3053 1298 3109 1345 et
3137 1287 3444 1345 nominibus
3473 1286 3557 1340 iw

284 1398 469 1468 scripta,
495 1404 556 1452 et
584 1392 921 1451 Auctoribus
946 1391 1241 1460 adtributa,
1272 1387 1509 1459 denique
1533 1384 1665 1443 suis
1688 1383 1949 1440 mulctata
1981 1381 2227 1452 partibus
2259 1380 2493 1449 eximiis,
2522 1396 2589 1437 ex
2623 1382 2901 1437 hominum
2930 1381 3096 1437 ferme
3128 1381 3308 1434 animo
3338 1377 3563 1434 excide-

287 1489 787 1563 rant.’Ecquodnam
817 1500 948 1544 vero
976 1485 1106 1543 illud
1136 1485 1231 1551 sit,
1262 1481 1409 1555 quod
1430 1482 1488 1539 in
1524 1478 1629 1536 hac
1670 1475 1986 1534 adornanda
2035 1474 2319 1533 Provincia
2346 1475 2502 1533 nobis
2540 1475 2642 1547 ipsi
2673 1476 3076 1547 preposuimus,
3110 1472 3443 1531 enucleatius
3474 1472 3558 1526 di-

291 1583 489 1641 cendum
512 1591 620 1640 est.

357 1695 561 1751 initium
594 1691 826 1750 facimus
873 1708 904 1747 a
952 1690 1136 1746 Ruﬁni
1172 1688 1311 1755 Vita,
1333 1702 1495 1759 quam
1538 1686 1601 1743 V.
1642 1684 1727 1741 Cl.
1770 1681 2110 1741 Fontaninus
2154 1683 2455 1742 incredibili
2482 1682 2662 1740 studio
2700 1699 2796 1753 per
2835 1698 3011 1739 annos
3040 1685 3320 1757 plusquam
3366 1688 3553 1757 viginti

295 1789 580 1853 elaboravit,
612 1796 668 1842 et
699 1786 861 1843 nobis
891 1799 1015 1841 cum
1056 1783 1243 1839 Reme
1279 1778 1905 1850 ageremus,.maximam
1945 1786 2154 1847 partem
2184 1776 2333 1848 legit.
2362 1770 2441 1832 'Et
2474 1790 2607 1832 sane
2635 1777 2707 1832 ita
2737 1775 2807 1831 ad
2850 1775 3145 1846 perlectum
3185 1792 3414 1847 unguem
3442 1778 3556 1849 jam

291 1897 374 1941 tum
401 1881 752 1947 climaverat,
782 1888 841 1935 ut
881 1892 992 1948 quo
1021 1875 1200 1931 minus
1238 1872 1439 1943 publici
1478 1871 1617 1942 juris
1647 1870 1821 1935 ﬁeret,
1856 1867 1988 1923 nihil
2021 1868 2253 1925 deesset.
2289 1867 2396 1924 Sed
2423 1867 2547 1922 dum
2582 1868 2634 1923 in
2669 1876 2943 1937 posterum
2974 1867 3172 1933 dillert,
3210 1868 3319 1922 fato
3347 1867 3563 1925 inttctus
3639 1923 3642 1927 .

283 1986 365 2042 est,
395 1989 495 2030 nec
537 1974 633 2029 illa
668 1971 774 2027 nisi
819 1977 944 2042 post
973 1968 1180 2038 aliquot
1206 1965 1275 2021 ab
1298 1965 1416 2035 ejus
1448 1974 1623 2020 morte
1673 1976 1843 2018 annos
1874 1961 1927 2015 in
1971 1962 2147 2017 lucem
2180 1961 2379 2031 prodiit
2404 1960 2763 2025 elucubratio,
2793 1976 2914 2017 cum
2946 1960 3065 2016 aliis
3092 1963 3347 2019 breviore
3368 1965 3557 2019 adrue—

282 2067 385 2121 dum
411 2064 555 2137 style
580 2062 827 2120 exaratis
855 2061 1153 2117 Illustrium
1183 2057 1434 2114 Virorum
1466 2055 1624 2123 Vitis,
1648 2070 1768 2124 quae
1794 2053 2088 2108 Historiam
2119 2054 2402 2109 literarium
2432 2054 2946 2124 Aquilejememrsie
2974 2057 3116 2110 enim
3150 2059 3285 2113 Iihcr
3320 2059 3569 2115 inscribi-

283 2165 368 2222 tur,
391 2154 856 2224 compiectuntur.
889 2150 1033 2207 Nihil
1062 2164 1124 2205 ea
1148 2157 1231 2206 est
1256 2159 1403 2204 certe
1446 2147 1724 2216 proposito
1752 2153 1938 2199 nostro
1968 2156 2393 2200 consentaneum
2422 2145 2588 2214 magis
2611 2162 2637 2211 ;.
2658 2160 2780 2199 nam
2822 2148 2965 2215 quod
3000 2148 3235 2203 maxime
3278 2151 3557 2207 Editorem

277 2249 514 2314 decebat,
544 2242 912 2318 particulatim
960 2242 1266 2300 edisserere
1308 2240 1379 2296 de
1426 2238 1603 2293 Ruﬁni
1635 2237 1851 2306 scriptis
1875 2279 1890 2305 ,
1919 2251 2219 2308 eorumque
2246 2236 2477 2301 caussis,
2512 2235 2721 2291 fortuna
2745 2278 2763 2305 ,
2794 2235 3169 2306 Editionibus,
3192 2256 3449 2310 perquatn
3498 2242 3570 2298 ibi

276 2355 523 2402 accurate
558 2342 748 2398 omnia
781 2340 875 2397 Vir
894 2337 1299 2395 eruditissimus
1320 2342 1637 2407 persecutus
1660 2342 1762 2389 est.
1791 2332 1975 2403 Neque
2010 2347 2116 2387 non
2161 2342 2339 2387 tamen
2370 2342 2624 2403 punctum
2652 2331 2809 2391 nobis
2855 2334 3061 2389 nullum
3105 2336 3369 2407 reliquum
3403 2338 3570 2404 fecit;

275 2439 361 2492 sed
396 2436 606 2492 leviora
636 2440 788 2499 sunt,
821 2445 938 2502 qua:
962 2430 1079 2499 ejus
1100 2427 1433 2500 diligentiam
1463 2427 1715 2497 effugisse
1744 2424 2002 2480 videntur
2028 2440 2042 2478 :
2067 2432 2123 2479 et
2148 2428 2262 2480 suis
2297 2440 2398 2481 nos
2427 2426 2561 2483 locis
2590 2428 3091 2499 animadvertimus,
3121 2431 3202 2486 vel
3228 2433 3431 2488 notulis
3452 2436 3571 2503 qui-

278 2527 500 2584 busdam
533 2525 602 2582 ad
633 2526 759 2581 libri
789 2538 940 2581 eram
964 2521 1181 2578 Lectori
1208 2521 1280 2576 ob
1304 2519 1488 2577 oculos
1511 2520 1787 2591 ponimus.
1819 2520 2074 2577 Attamen
2102 2528 2159 2575 et
2196 2534 2424 2589 peccare
2454 2536 2578 2578 eum
2621 2522 2784 2579 etiam
2816 2523 3050 2592 alicubi,
3081 2526 3303 2582 minime
3335 2526 3571 2584 diflitcn-
3654 2518 3659 2524 ’

276 2619 397 2675 dum
424 2627 534 2675 est.
566 2617 849 2688 Ejusmodi
880 2630 980 2670 nos
1002 2615 1130 2681 duo,
1162 2628 1283 2684 qua:
1313 2613 1612 2685 praesertim
1641 2613 1706 2667 ad
1734 2623 1909 2668 rectas
1943 2622 2241 2683 temporum
2275 2614 2511 2671 rationes
2554 2624 2802 2686 spectant
2834 2618 2888 2673 in
2924 2618 3336 2691 llieronymiaoa
3358 2664 3371 2686 ,
3406 2636 3568 2692 quam

276 2725 442 2781 nuper
464 2708 875 2775 adernavimus,
912 2705 1027 2762 Vita
1055 2703 1331 2776 Capitibus
1354 2703 1552 2759 XXIX.
1576 2711 1632 2759 et
1656 2702 1871 2758 XXXII.
1900 2706 2251 2775 castigamus,
2278 2719 2400 2777 quas
2431 2705 2552 2763 heic
2583 2707 2775 2763 iterum
2802 2710 3059 2777 recitare,
3090 2712 3376 2767 molestum
3400 2723 3569 2768 esset.

275 2803 422 2859 Alias
453 2807 650 2871 peccat
671 2804 732 2855 et
758 2797 917 2869 paulo
940 2797 1181 2868 gravius,
1211 2795 1302 2852 ubi
1335 2804 1391 2852 et
1414 2795 1741 2866 Hieronyme
1765 2795 2150 2850 contumeliam
2196 2794 2346 2862 lacit,
2377 2811 2536 2867 quem
2575 2798 2653 2851 ait
2698 2792 2757 2853 Β.
2786 2798 2979 2855 Joanni
3018 2798 3405 2872 Chrysostomo
3435 2804 3574 2859 male

276 2898 537 2959 locutum,
572 2894 851 2949 haereseos
879 2904 1095 2962 quoque
1116 2889 1291 2944 dicam
1323 2886 1629 2957 scripsisse.
1660 2886 1741 2943 Ad
1770 2887 1927 2955 cujus
1959 2886 2264 2943 faciendam
2291 2888 2370 2943 rei
2406 2888 2593 2957 ﬁdem,
2619 2888 2894 2946 Norisium
2922 2898 3168 2947 nostrum
3209 2894 3425 2948 adducit
3449 2910 3573 2965 pro-

276 2990 539 3045 terentem
567 2988 768 3058 ipsam,
797 2993 855 3040 ut
875 2984 972 3051 ait,
996 2982 1308 3055 Hieronymi
1331 2980 1623 3053 Epistolam
1645 2982 1710 3036 ad
1730 2981 2090 3051 Theophilum
2109 2981 2200 3053 (ea
2221 2991 2304 3038 cst
2327 2981 2378 3038 in
2400 2981 2720 3039 recensione
2745 2990 2930 3039 nostra
2952 2982 3159 3055 CXIII.)
3185 3001 3289 3055 qua
3312 2986 3576 3041 Constan-

278 3082 701 3152 tinepolitanum
734 3077 1043 3135 Antistitem
1064 3092 1097 3133 e
1120 3076 1314 3133 throno
1337 3075 1604 3147 dejeetum
1634 3075 1854 3148 gaudet,
1884 3076 2114 3148 ejusque
2149 3076 2381 3132 miseriis
2405 3076 2664 3133 insultat:
2688 3076 2947 3134 Joannem
2976 3079 3064 3150 qui
3093 3078 3286 3132 dudum
3312 3078 3573 3134 Constan-

276 3175 687 3246 tinopolitanam
712 3172 844 3226 rexit
875 3168 1184 3239 Ecclesiam,
1213 3178 1321 3227 etc.
1350 3172 1531 3239 Quare
1554 3171 1624 3225 ita
1649 3173 1701 3224 in
1727 3185 1837 3226 rem
1860 3185 2011 3226 suam
2052 3181 2455 3243 argumentatur
2480 3191 2493 3227 :
2528 3173 2682 3229 Sicut
2706 3174 3089 3245 Hieronymum
3128 3176 3376 3244 perpauci
3405 3176 3576 3230 secuti

290 3277 443 3334 sunt,
475 3267 564 3321 ubi
595 3282 624 3318 a
651 3263 956 3334 Theophila
982 3262 1346 3320 Alexandrino
1368 3265 1647 3334 deceptus,
1670 3262 2113 3332 illrrysostomum
2144 3263 2319 3320 virum
2345 3265 2741 3321 sanctissimum
2767 3282 2863 3335 pro
2886 3267 3140 3321 haeretico
3169 3268 3431 3337 sugillavit
3454 3284 3472 3320 :
3498 3269 3573 3322 ita

305 3357 592 3425 perpaucis
616 3354 847 3412 suadere
875 3355 1066 3426 potuit,
1098 3353 1350 3409 Ruﬁnum
1382 3353 1654 3411 hrreseos
1676 3366 1801 3413 nota
1845 3355 2187 3412 inurendum.
2224 3355 2390 3426 Atqui
2419 3357 2640 3414 minime
2667 3357 2758 3413 illa
2782 3358 3091 3430 Hieronymi
3124 3368 3206 3412 est
3243 3358 3487 3427 Epistela
3508 3361 3577 3417 ad

298 3446 682 3521 Theophilum,
710 3447 809 3503 sed
838 3446 1002 3518 (quod
1026 3446 1195 3516 magis
1218 3445 1441 3520 mirere)
1469 3445 1753 3517 Tbeephili
1781 3447 2070 3517 ipsiusmet
2092 3446 2163 3503 ad
2196 3445 2605 3518 Hieronymum,
2635 3463 2795 3520 quam
2823 3447 3013 3505 Latine
3044 3448 3132 3504 hic
3154 3448 3371 3520 quidem
3398 3450 3581 3509 reddi-

290 3540 389 3608 dit,
418 3553 620 3598 etcum
647 3540 1044 3597 invectivarum
1086 3541 1227 3597 libro
1266 3540 1333 3594 ad
1374 3553 1497 3595 eum
1529 3542 1763 3609 remisit,
1788 3552 1852 3599 ut
1887 3542 2190 3599 versionem
2232 3542 2403 3611 ipsam
2448 3542 2826 3600 contumeliosi
2866 3543 2990 3599 libri
3028 3551 3336 3599 excusaret.
3382 3542 3439 3599 Id
3480 3560 3580 3602 nos

289 3634 448 3691 benis
474 3635 810 3706 argumentis
831 3649 928 3690 suo
949 3633 1069 3689 loco
1091 3633 1353 3689 evicitnus
1375 3633 1547 3690 Tento
1572 3633 1590 3688 l
1617 3634 2158 3706 Hierenymianorum
2186 3630 2444 3706 Operam,
2471 3634 2562 3690 ubi
2591 3644 2643 3690 et
2667 3635 3087 3705 subsequentem
3112 3634 3432 3705 Epistolam,
3461 3651 3568 3707 qua

289 3740 409 3781 cum
433 3726 522 3782 illa
554 3736 669 3781 erat
694 3734 851 3781 antea
875 3725 927 3779 in
951 3739 1116 3779 unum
1139 3723 1389 3789 conﬁata,
1414 3723 1774 3792 sejunximus,
1797 3737 1853 3782 et
1879 3741 1979 3782 suo
2004 3742 2276 3798 quamque
2303 3728 2523 3782 Aucteri
2549 3741 2810 3797 germane
2831 3727 3131 3785 reddimus.
3162 3730 3278 3785 Non
3306 3733 3482 3800 itaque
3503 3729 3574 3784 de

290 3831 388 3873 suo
411 3816 773 3888 Hieronymus
800 3816 852 3870 in
877 3814 936 3871 S.
966 3814 1412 3883 Chrysostomum
1456 3817 1698 3885 scripsit,
1730 3832 1904 3888 neque
1933 3833 1993 3874 se
2034 3819 2350 3889 iniquiorem
2379 3819 2663 3874 virtutibus
2693 3819 2809 3890 ejus
2842 3820 3106 3888 praebuit;
3141 3822 3275 3877 adeo
3299 3823 3442 3894 quod
3484 3836 3578 3877 ca-

294 3910 403 3976 pite
433 3907 504 3964 ab
527 3908 632 3967 isto
674 3909 1009 3965 Fontaninus
1039 3908 1295 3980 disputat,
1329 3908 1460 3966 falsa
1487 3909 1903 3969 ratiocinatione
1935 3912 2168 3979 laborat,
2198 3921 2255 3968 et
2275 3912 2407 3968 nihil
2432 3920 2533 3969 est.
2563 3912 2667 3969 Sed
2690 3923 2743 3969 et
2764 3913 2891 3970 alibi
2917 3914 3095 3969 fucum
3118 3916 3219 3969 sibi
3252 3914 3580 3985 ﬁeri‘passus

292 4011 376 4056 est
400 4001 469 4056 ab
498 4012 715 4073 recepta
738 4002 896 4073 vulgo
931 4002 1169 4059 lectione
1204 4002 1345 4071 apud
1371 4002 1651 4072 Ruﬁnum,
1681 4004 2031 4076 Apelogetice
2056 4004 2299 4062 secundo
2329 4019 2478 4059 num.
2514 4004 2602 4063 12.
2630 4020 2697 4061 ex
2733 4020 2836 4075 qua
2865 4006 3025 4061 solidi
3054 4006 3179 4061 anni
3206 4006 3312 4062 duo
3339 4005 3581 4076 ejusdem

296 4090 432 4148 Viue
459 4094 719 4164 pendent,
761 4094 954 4165 quibus
984 4096 1239 4167 ignoratis
1263 4135 1280 4163 ,
1307 4110 1492 4151 rerum
1520 4112 1733 4167 quoque
1759 4097 1876 4168 ejus
1908 4098 2157 4154 nonnihil
2187 4097 2432 4154 turbatur
2479 4097 2669 4154 series.
2698 4097 2873 4153 Habet
2907 4098 2980 4154 ita
3022 4113 3083 4154 se
3113 4114 3217 4155 res.
3249 4098 3475 4154 Ruﬁnus
3497 4098 3584 4169 ja-

295 4187 513 4241 etantiar
533 4186 881 4259 sugillaturus
910 4188 1318 4261 Hieronymum,
1340 4188 1433 4260 qui
1458 4204 1580 4245 cum
1602 4191 1750 4246 soles
1773 4191 1989 4262 triginta
2025 4190 2143 4248 dies
2165 4191 2510 4249 Alexandria
2533 4190 2743 4258 luisset,
2772 4189 3001 4261 Didyme
3025 4190 3363 4260 Praeceptore
3387 4190 3587 4260 sacpius

219 4314 229 4323 -
298 4281 582 4351 gloriatur,
612 4297 672 4340 se
699 4283 776 4339 ait
798 4284 924 4340 totis
949 4299 1043 4340 sex
1068 4287 1224 4343 annis
1256 4286 1327 4343 lbi
1351 4296 1767 4355 commoratum,
1791 4298 1839 4342 et
1865 4290 2054 4343 iterum
2088 4296 2202 4357 post
2229 4287 2555 4343 intervallum
2588 4286 2833 4355 aliquod,
2849 4285 2964 4339 aliis
2989 4284 3206 4339 duobus.
3243 4284 3591 4339 lta.Guarne‘

302 4375 504 4442 rianus,
532 4377 602 4431 de
631 4390 739 4447 quo
765 4384 975 4445 postea,
1006 4377 1188 4434 Codex
1218 4379 1318 4435 Ms.
1348 4382 1587 4452 praefert,
1613 4379 1680 4435 ad
1724 4394 1883 4449 quem
1911 4394 2011 4434 nos
2052 4377 2356 4433 Editiouem
2384 4385 2627 4432 nostram
2668 4376 2982 4445 exegimus:
3006 4375 3347 4432 ita.Attctore
3372 4378 3442 4432 ab
3470 4377 3591 4445 ipso

300 4468 584 4539 scripturn,
610 4467 1002 4538 legendumque
1030 4471 1252 4525 omnino
1279 4485 1421 4538 esse,
1462 4482 1610 4528 recta
1654 4471 1790 4525 ratio
1821 4469 2125 4540 persuadet.
2162 4466 2309 4521 Editi
2337 4475 2517 4522 autem
2549 4467 2617 4522 ad
2650 4466 2790 4522 hanc
2821 4481 2994 4536 usque
3018 4464 3164 4523 diem
3196 4467 3351 4531 libri,
3396 4468 3592 4539 quibus

303 4560 419 4630 ipse
451 4559 613 4616 ﬁdem
640 4558 906 4616 Fentanin
918 4576 979 4615 us
999 4560 1268 4630 adhibuit,
1300 4561 1601 4634 incongrue
1622 4577 1788 4618 sensu
1807 4577 1871 4617 ac
1894 4562 2031 4617 falso
2057 4561 2289 4627 habent,
2312 4570 2365 4615 .et
2394 4559 2579 4614 iterum
2604 4569 2716 4629 post
2744 4559 3092 4626 interuallum,
3122 4561 3318 4630 aliquot
3343 4560 3459 4614 aliis
3480 4560 3597 4614 die-

302 4652 396 4705 bus
419 4668 438 4706 :
464 4658 523 4705 ut
549 4664 655 4705 non
675 4648 786 4720 jam
814 4650 950 4707 duos
975 4666 1166 4719 annos,
1200 4653 1293 4707 sed
1332 4651 1536 4724 aliquot
1560 4653 1839 4709 dumtaxat
1865 4651 2005 4719 dies,
2034 4667 2156 4708 cum
2196 4653 2390 4707 iterum
2423 4650 2817 4709 Alexandriam
2836 4651 3074 4719 advenit,
3103 4651 3392 4724 Presbyter
3426 4651 3603 4722 Aqui-

306 4746 525 4816 It-jensis
554 4745 892 4800 demeritum
931 4744 1003 4801 ibi
1042 4761 1101 4802 se
1127 4748 1290 4800 dicat.
1320 4746 1427 4803 Sed
1475 4747 1585 4803 l'alli
1616 4749 1861 4819 vulgatos
1890 4748 2079 4813 libros,
2104 4756 2159 4802 et
2184 4748 2358 4803 doctis
2385 4746 2515 4803 viris
2537 4747 2632 4804 diu
2660 4748 2823 4804 nimis
2855 4750 3202 4818 imposuisse,
3239 4730 3591 4819 perspicuum

308 4838 575 4909 est..Quid
598 4838 744 4894 enim
769 4837 994 4894 Ruﬁnus
1015 4849 1240 4909 poneret
1263 4843 1312 4894 in
1336 4841 1510 4895 laudis
1533 4852 1740 4911 partem
1780 4842 1897 4897 dies
1930 4857 1989 4897 se
2009 4841 2214 4910 aliquot
2242 4840 2589 4901 Alexandria:
2636 4840 2964 4905 substitisse,
2985 4855 3107 4896 cum
3147 4842 3257 4911 jam
3299 4858 3393 4898 sex
3422 4856 3596 4896 annos

310 4936 406 4989 abs
427 4949 493 4990 se
520 4933 597 4989 ibi
638 4943 939 4990 transactes
976 4934 1254 5006 glorietur,
1283 4945 1338 4992 et
1374 4936 1564 4992 diebus
1603 4936 1857 4991 nimirum
1888 4937 2069 5008 paucis
2090 4975 2106 5002 ,
2132 4947 2274 5005 quos
2300 4940 2407 5006 egit
2450 4935 2520 4991 ibi
2557 4935 2939 5006 Hierenyrnus,
2967 4935 3168 4991 solidos
3193 4951 3367 4991 annos
3386 4934 3607 5003 Opponi'

308 5029 458 5099 velit,
486 5044 598 5085 non
621 5027 771 5085 dies?
793 5029 910 5099 Quo
949 5039 1126 5084 autem
1159 5030 1279 5085 aliis
1307 5028 1530 5095 referri,
1577 5030 1677 5083 nisi
1720 5029 1789 5084 ad
1831 5043 2003 5084 annos
2028 5030 2238 5099 potest?
2263 5028 2530 5100 siquidem
2559 5030 2701 5085 diem
2743 5040 2898 5086 antea
2940 5031 3153 5085 nullum
3167 5031 3508 5093 memorauit,
3534 5033 3593 5080 et

307 5132 619 5195 respectum
654 5124 843 5179 haberi
870 5138 934 5179 re
960 5125 1294 5193 prmnomine
1318 5123 1383 5178 ad
1423 5123 1669 5193 proxime
1709 5123 2011 5193 superiora,
2036 5136 2196 5177 nemo
2236 5137 2342 5176 non
2365 5124 2549 5178 sentit.
2577 5122 2711 5176 Aliis
2738 5122 2901 5191 igitur
2919 5123 3138 5188 duobus,
3162 5124 3373 5178 scilicet
3411 5121 3588 5185 annis,

310 5232 413 5271 laun
446 5217 652 5281 diebus,
681 5215 897 5285 scripsit
924 5233 935 5268 :
962 5230 1137 5285 neque
1158 5214 1301 5270 enim
1325 5215 1370 5267 si
1395 5214 1510 5269 dies
1535 5216 1718 5270 dicere
1744 5213 2020 5279 voluisset,
2046 5213 2346 5268 addidisset
2368 5214 2511 5279 aliis,
2539 5213 2634 5269 sed
2657 5214 2853 5294 aliquot
2877 5215 3210 5271 tantum..Ex
3235 5231 3345 5287 quo
3363 5214 3593 5268 alterum

318 5327 530 5384 quoque
563 5310 908 5367 manifestum
930 5320 1035 5378 est,
1068 5327 1171 5365 non
1201 5311 1398 5379 aliquot
1426 5311 1681 5380 scriptum
1708 5310 1775 5366 ab
1803 5325 1869 5366 eo
1896 5309 2109 5376 fuisse,
2130 5309 2225 5364 sed
2268 5309 2503 5382 aliquod,
2538 5318 2592 5364 et
2632 5309 2824 5365 reici-ri
2865 5310 2930 5364 ad
2973 5308 3296 5364 interuallum
3330 5304 3591 5369 voluisse,

323 5403 779 5471 quemadmodum
806 5403 965 5467 ratio,
987 5413 1038 5459 et
1081 5412 1222 5459 recta
1247 5404 1431 5457 itidem
1454 5403 1725 5460 Orationis
1747 5404 1919 5459 series
1940 5414 2333 5474 contextusque
2354 5402 2607 5460 ostendit.
2637 5402 2767 5459 Nam
2792 5406 3114 5459 intervallum
3140 5406 3336 5467 ἁπλῶς,
3370 5409 3427 5454 ut
3455 5413 3594 5467 prmo

314 5496 494 5556 ierunt
517 5498 721 5569 vulgati
752 5498 910 5568 libri,
947 5501 1064 5554 sine
1097 5500 1203 5554 ulla
1246 5500 1432 5568 quanti
1474 5502 1738 5569 temporis
1780 5500 2202 5572 signiﬁcatione,
2228 5499 2451 5554 stultum
2493 5498 2814 5563 estdicere;
2859 5511 2960 5551 nec
2999 5496 3189 5550 adduci
3225 5494 3344 5561 quis
3376 5490 3598 5559 poterit,

318 5605 371 5648 ut
401 5594 612 5660 credat,
638 5592 910 5648 incuriose
929 5592 1065 5647 adeo
1093 5591 1363 5657 Ruﬁnum,
1386 5606 1548 5663 atque
1572 5592 1676 5649 hoc
1713 5595 1949 5649 maxime
1986 5595 2113 5650 loco.
2126 5610 2216 5651 res
2250 5610 2375 5650 suas
2396 5600 2763 5657 enarrantem,
2795 5604 2855 5645 se
2880 5604 3061 5658 agere,
3088 5597 3306 5656 tamque
3342 5586 3606 5656 insipien-

316 5696 398 5743 ter
416 5687 485 5742 de
507 5698 569 5742 se
609 5681 873 5740 adversus
894 5682 1147 5738 tumulum
1169 5697 1325 5739 suum
1352 5684 1515 5756 loqui.
1547 5685 1865 5741 Eeentrario
1895 5686 2114 5752 videsis,
2138 5702 2299 5756 quam
2324 5687 2539 5743 sibimet
2562 5685 2700 5742 bene
2720 5692 2950 5745 constet,
2975 5696 3099 5735 vera
3127 5680 3340 5736 demum
3368 5682 3605 5738 lectione

314 5780 603 5839 “Codice
632 5777 897 5847 restituta,
933 5776 1263 5834 Alexandriae
1291 5794 1382 5834 se:
1411 5778 1561 5834 annis
1590 5789 1932 5836 commoratus
1970 5790 2180 5845 sum,“
2218 5781 2399 5836 iterum
2429 5789 2543 5848 post
2576 5776 2901 5851 intervallum
2945 5775 3176 5837 aliquod.
3211 5776 3330 5833 aliis
3377 5775 3616 5830 ἀναθείς.»
