  <div class='ocr_page' id='page_1' title='image "/cluster/home/n/w/nwhite01/storage/ocr_20150623/21/hvd.32044015471360/031.png"; bbox 0 0 4094 6344; ppageno 0'>
   <div class='ocr_carea' id='block_1_1' title="bbox 498 325 3781 385">
    <p class='ocr_par' dir='ltr' id='par_1_1' title="bbox 498 325 3781 385">
     <span class='ocr_line' id='line_1_1' title="bbox 498 325 3781 385; baseline -0.002 -1"><span class='ocrx_word' id='word_1_1' title='bbox 498 325 567 384; x_wconf 70' lang='lat' dir='ltr'><strong>Sf</strong></span> <span class='ocrx_word' id='word_1_2' title='bbox 1961 325 2347 384; x_wconf 63' lang='lat' dir='ltr'><strong>PR’EFATIO.</strong></span> <span class='ocrx_word' id='word_1_3' title='bbox 3713 329 3781 385; x_wconf 75' lang='lat'><strong>52</strong></span> 
     </span>
    </p>
   </div>
   <div class='ocr_carea' id='block_1_2' title="bbox 499 438 3774 512">
    <p class='ocr_par' dir='ltr' id='par_1_2' title="bbox 499 438 3774 512">
     <span class='ocr_line' id='line_1_2' title="bbox 499 438 3774 512; baseline 0 -12"><span class='ocrx_word' id='word_1_4' title='bbox 499 441 610 500; x_wconf 70' lang='lat' dir='ltr'><strong>Nec</strong></span> <span class='ocrx_word' id='word_1_5' title='bbox 636 440 870 509; x_wconf 84' lang='lat' dir='ltr'><strong>dubites,</strong></span> <span class='ocrx_word' id='word_1_6' title='bbox 903 456 1029 496; x_wconf 92' lang='lat' dir='ltr'><strong>num</strong></span> <span class='ocrx_word' id='word_1_7' title='bbox 1061 441 1130 496; x_wconf 77' lang='lat' dir='ltr'><strong>ita</strong></span> <span class='ocrx_word' id='word_1_8' title='bbox 1161 439 1390 510; x_wconf 81' lang='lat' dir='ltr'><strong>potuerit</strong></span> <span class='ocrx_word' id='word_1_9' title='bbox 1421 440 1566 494; x_wconf 86' lang='lat' dir='ltr'><strong>locus</strong></span> <span class='ocrx_word' id='word_1_10' title='bbox 1597 439 1667 494; x_wconf 86' lang='lat' dir='ltr'><strong>ab</strong></span> <span class='ocrx_word' id='word_1_11' title='bbox 1689 454 1755 496; x_wconf 92' lang='lat' dir='ltr'><strong>eo</strong></span> <span class='ocrx_word' id='word_1_12' title='bbox 1780 443 1870 512; x_wconf 88' lang='lat' dir='ltr'><strong>qui</strong></span> <span class='ocrx_word' id='word_1_13' title='bbox 1906 440 2161 498; x_wconf 89' lang='lat' dir='ltr'><strong>Codicem</strong></span> <span class='ocrx_word' id='word_1_14' title='bbox 2190 439 2501 510; x_wconf 85' lang='lat' dir='ltr'><strong>descripsit,</strong></span> <span class='ocrx_word' id='word_1_15' title='bbox 2540 439 2688 511; x_wconf 85' lang='lat' dir='ltr'><strong>reﬁgi</strong></span> <span class='ocrx_word' id='word_1_16' title='bbox 2717 457 2730 507; x_wconf 89' lang='lat'>;</span> <span class='ocrx_word' id='word_1_17' title='bbox 2761 440 2889 511; x_wconf 89' lang='lat' dir='ltr'><strong>quin</strong></span> <span class='ocrx_word' id='word_1_18' title='bbox 2921 438 3099 510; x_wconf 88' lang='lat' dir='ltr'><strong>potius</strong></span> <span class='ocrx_word' id='word_1_19' title='bbox 3127 453 3195 496; x_wconf 70' lang='lat' dir='ltr'><strong>ex</strong></span> <span class='ocrx_word' id='word_1_20' title='bbox 3222 454 3288 496; x_wconf 91' lang='lat' dir='ltr'><strong>eo</strong></span> <span class='ocrx_word' id='word_1_21' title='bbox 3316 441 3385 497; x_wconf 86' lang='lat' dir='ltr'><strong>de</strong></span> <span class='ocrx_word' id='word_1_22' title='bbox 3413 457 3668 512; x_wconf 88' lang='lat' dir='ltr'><strong>germana</strong></span> <span class='ocrx_word' id='word_1_23' title='bbox 3699 447 3774 502; x_wconf 89' lang='lat' dir='ltr'><strong>le-</strong></span> 
     </span>
    </p>
   </div>
   <div class='ocr_carea' id='block_1_3' title="bbox 501 534 3779 606">
    <p class='ocr_par' dir='ltr' id='par_1_3' title="bbox 501 534 3779 606">
     <span class='ocr_line' id='line_1_3' title="bbox 501 534 3779 606; baseline 0.001 -14"><span class='ocrx_word' id='word_1_24' title='bbox 501 535 682 592; x_wconf 89' lang='lat' dir='ltr'><strong>ctione</strong></span> <span class='ocrx_word' id='word_1_25' title='bbox 713 535 1010 591; x_wconf 85' lang='lat' dir='ltr'><strong>vetustiore</strong></span> <span class='ocrx_word' id='word_1_26' title='bbox 1037 549 1226 591; x_wconf 81' lang='lat' dir='ltr'><strong>sumas</strong></span> <span class='ocrx_word' id='word_1_27' title='bbox 1251 543 1624 604; x_wconf 76' lang='lat' dir='ltr'><strong>argumentum</strong></span> <span class='ocrx_word' id='word_1_28' title='bbox 1655 535 1842 592; x_wconf 85' lang='lat' dir='ltr'><strong>velim.</strong></span> <span class='ocrx_word' id='word_1_29' title='bbox 1871 535 2009 592; x_wconf 79' lang='lat' dir='ltr'><strong>Nam</strong></span> <span class='ocrx_word' id='word_1_30' title='bbox 2045 537 2116 591; x_wconf 89' lang='lat' dir='ltr'><strong>ita</strong></span> <span class='ocrx_word' id='word_1_31' title='bbox 2145 551 2206 591; x_wconf 89' lang='lat' dir='ltr'><strong>se</strong></span> <span class='ocrx_word' id='word_1_32' title='bbox 2236 536 2371 591; x_wconf 90' lang='lat' dir='ltr'><strong>liber</strong></span> <span class='ocrx_word' id='word_1_33' title='bbox 2399 534 2468 588; x_wconf 87' lang='lat' dir='ltr'><strong>ab</strong></span> <span class='ocrx_word' id='word_1_34' title='bbox 2499 535 2750 605; x_wconf 86' lang='lat' dir='ltr'><strong>imperito</strong></span> <span class='ocrx_word' id='word_1_35' title='bbox 2779 535 3101 606; x_wconf 83' lang='lat' dir='ltr'><strong>Autiquario</strong></span> <span class='ocrx_word' id='word_1_36' title='bbox 3129 543 3431 602; x_wconf 82' lang='lat' dir='ltr'><strong>exaratum,</strong></span> <span class='ocrx_word' id='word_1_37' title='bbox 3465 537 3594 592; x_wconf 81' lang='lat' dir='ltr'><strong>locis</strong></span> <span class='ocrx_word' id='word_1_38' title='bbox 3621 539 3779 594; x_wconf 83' lang='lat' dir='ltr'><strong>innu-</strong></span> 
     </span>
    </p>
   </div>
   <div class='ocr_carea' id='block_1_4' title="bbox 502 625 3781 703">
    <p class='ocr_par' dir='ltr' id='par_1_4' title="bbox 502 625 3781 703">
     <span class='ocr_line' id='line_1_4' title="bbox 502 625 3781 703; baseline 0.001 -17"><span class='ocrx_word' id='word_1_39' title='bbox 502 628 669 686; x_wconf 82' lang='lat' dir='ltr'><strong>meris</strong></span> <span class='ocrx_word' id='word_1_40' title='bbox 697 629 898 698; x_wconf 90' lang='lat' dir='ltr'><strong>prodit,</strong></span> <span class='ocrx_word' id='word_1_41' title='bbox 937 637 996 684; x_wconf 91' lang='lat' dir='ltr'><strong>ut</strong></span> <span class='ocrx_word' id='word_1_42' title='bbox 1020 641 1143 684; x_wconf 89' lang='lat' dir='ltr'><strong>cum</strong></span> <span class='ocrx_word' id='word_1_43' title='bbox 1174 628 1240 683; x_wconf 88' lang='lat' dir='ltr'><strong>ad</strong></span> <span class='ocrx_word' id='word_1_44' title='bbox 1279 642 1342 683; x_wconf 91' lang='lat' dir='ltr'><strong>ea</strong></span> <span class='ocrx_word' id='word_1_45' title='bbox 1379 625 1722 683; x_wconf 85' lang='lat' dir='ltr'><strong>reformanda</strong></span> <span class='ocrx_word' id='word_1_46' title='bbox 1752 629 1910 684; x_wconf 86' lang='lat' dir='ltr'><strong>verba</strong></span> <span class='ocrx_word' id='word_1_47' title='bbox 1933 670 1947 695; x_wconf 93' lang='lat'><strong>,</strong></span> <span class='ocrx_word' id='word_1_48' title='bbox 1979 629 2174 685; x_wconf 89' lang='lat' dir='ltr'><strong>summi</strong></span> <span class='ocrx_word' id='word_1_49' title='bbox 2204 627 2400 700; x_wconf 76' lang='lat' dir='ltr'><strong>ingenii</strong></span> <span class='ocrx_word' id='word_1_50' title='bbox 2431 627 2632 684; x_wconf 88' lang='lat' dir='ltr'><strong>Critice</strong></span> <span class='ocrx_word' id='word_1_51' title='bbox 2662 645 2797 696; x_wconf 85' lang='lat' dir='ltr'><strong>opus</strong></span> <span class='ocrx_word' id='word_1_52' title='bbox 2827 629 3053 694; x_wconf 90' lang='lat' dir='ltr'><strong>fuisset,</strong></span> <span class='ocrx_word' id='word_1_53' title='bbox 3087 628 3172 685; x_wconf 87' lang='lat' dir='ltr'><strong>hic</strong></span> <span class='ocrx_word' id='word_1_54' title='bbox 3209 643 3271 685; x_wconf 87' lang='lat' dir='ltr'><strong>se</strong></span> <span class='ocrx_word' id='word_1_55' title='bbox 3318 644 3573 700; x_wconf 85' lang='lat' dir='ltr'><strong>perquam</strong></span> <span class='ocrx_word' id='word_1_56' title='bbox 3605 632 3781 703; x_wconf 79' lang='lat' dir='ltr'><strong>exigui</strong></span> 
     </span>
    </p>
   </div>
   <div class='ocr_carea' id='block_1_5' title="bbox 497 721 3778 793">
    <p class='ocr_par' dir='ltr' id='par_1_5' title="bbox 497 721 3778 793">
     <span class='ocr_line' id='line_1_5' title="bbox 497 721 3778 793; baseline -0.002 -11"><span class='ocrx_word' id='word_1_57' title='bbox 497 722 757 790; x_wconf 77' lang='lat' dir='ltr'><strong>ostendit,</strong></span> <span class='ocrx_word' id='word_1_58' title='bbox 783 732 840 780; x_wconf 85' lang='lat' dir='ltr'><strong>et</strong></span> <span class='ocrx_word' id='word_1_59' title='bbox 866 724 917 779; x_wconf 93' lang='lat' dir='ltr'><strong>in</strong></span> <span class='ocrx_word' id='word_1_60' title='bbox 947 723 1029 778; x_wconf 88' lang='lat' dir='ltr'><strong>his</strong></span> <span class='ocrx_word' id='word_1_61' title='bbox 1059 723 1220 779; x_wconf 87' lang='lat' dir='ltr'><strong>etiam</strong></span> <span class='ocrx_word' id='word_1_62' title='bbox 1237 737 1368 793; x_wconf 71' lang='lat' dir='ltr'><strong>quae</strong></span> <span class='ocrx_word' id='word_1_63' title='bbox 1399 736 1571 792; x_wconf 89' lang='lat' dir='ltr'><strong>neque</strong></span> <span class='ocrx_word' id='word_1_64' title='bbox 1594 721 1867 791; x_wconf 86' lang='lat' dir='ltr'><strong>descriptu</strong></span> <span class='ocrx_word' id='word_1_65' title='bbox 1899 731 2043 787; x_wconf 88' lang='lat' dir='ltr'><strong>sunt,</strong></span> <span class='ocrx_word' id='word_1_66' title='bbox 2075 737 2252 792; x_wconf 89' lang='lat' dir='ltr'><strong>neque</strong></span> <span class='ocrx_word' id='word_1_67' title='bbox 2285 722 2561 778; x_wconf 88' lang='lat' dir='ltr'><strong>intellectu</strong></span> <span class='ocrx_word' id='word_1_68' title='bbox 2593 721 2886 777; x_wconf 84' lang='lat' dir='ltr'><strong>admodum</strong></span> <span class='ocrx_word' id='word_1_69' title='bbox 2913 721 3175 786; x_wconf 88' lang='lat' dir='ltr'><strong>difﬁcilia,</strong></span> <span class='ocrx_word' id='word_1_70' title='bbox 3199 737 3416 778; x_wconf 89' lang='lat' dir='ltr'><strong>errores</strong></span> <span class='ocrx_word' id='word_1_71' title='bbox 3437 738 3583 792; x_wconf 68' lang='lat' dir='ltr'><strong>saepe</strong></span> <span class='ocrx_word' id='word_1_72' title='bbox 3613 725 3778 779; x_wconf 78' lang='lat' dir='ltr'><strong>libra-</strong></span> 
     </span>
    </p>
   </div>
   <div class='ocr_carea' id='block_1_6' title="bbox 498 813 3780 888">
    <p class='ocr_par' dir='ltr' id='par_1_6' title="bbox 498 813 3780 888">
     <span class='ocr_line' id='line_1_6' title="bbox 498 813 3780 888; baseline -0.001 -16"><span class='ocrx_word' id='word_1_73' title='bbox 498 819 612 872; x_wconf 87' lang='lat' dir='ltr'><strong>rios</strong></span> <span class='ocrx_word' id='word_1_74' title='bbox 643 825 806 882; x_wconf 86' lang='lat' dir='ltr'><strong>errat,</strong></span> <span class='ocrx_word' id='word_1_75' title='bbox 838 817 1077 888; x_wconf 85' lang='lat' dir='ltr'><strong>nihilque</strong></span> <span class='ocrx_word' id='word_1_76' title='bbox 1121 816 1263 871; x_wconf 87' lang='lat' dir='ltr'><strong>aliud</strong></span> <span class='ocrx_word' id='word_1_77' title='bbox 1286 855 1301 881; x_wconf 95' lang='lat'><strong>,</strong></span> <span class='ocrx_word' id='word_1_78' title='bbox 1328 830 1488 884; x_wconf 88' lang='lat' dir='ltr'><strong>quam</strong></span> <span class='ocrx_word' id='word_1_79' title='bbox 1517 813 1660 883; x_wconf 89' lang='lat' dir='ltr'><strong>quod</strong></span> <span class='ocrx_word' id='word_1_80' title='bbox 1687 815 1741 869; x_wconf 92' lang='lat' dir='ltr'><strong>in</strong></span> <span class='ocrx_word' id='word_1_81' title='bbox 1792 815 2068 883; x_wconf 88' lang='lat' dir='ltr'><strong>proposito</strong></span> <span class='ocrx_word' id='word_1_82' title='bbox 2097 815 2199 870; x_wconf 87' lang='lat' dir='ltr'><strong>sibi</strong></span> <span class='ocrx_word' id='word_1_83' title='bbox 2232 813 2529 881; x_wconf 78' lang='lat' dir='ltr'><strong>exemplari</strong></span> <span class='ocrx_word' id='word_1_84' title='bbox 2574 813 2814 882; x_wconf 88' lang='lat' dir='ltr'><strong>legebat,</strong></span> <span class='ocrx_word' id='word_1_85' title='bbox 2845 814 3068 868; x_wconf 90' lang='lat' dir='ltr'><strong>omnino</strong></span> <span class='ocrx_word' id='word_1_86' title='bbox 3107 813 3400 882; x_wconf 85' lang='lat' dir='ltr'><strong>rescripsit.</strong></span> <span class='ocrx_word' id='word_1_87' title='bbox 3437 813 3686 869; x_wconf 82' lang='lat' dir='ltr'><strong>Dicemus</strong></span> <span class='ocrx_word' id='word_1_88' title='bbox 3713 817 3780 873; x_wconf 84' lang='lat' dir='ltr'><strong>de</strong></span> 
     </span>
    </p>
   </div>
   <div class='ocr_carea' id='block_1_7' title="bbox 499 905 3780 979">
    <p class='ocr_par' dir='ltr' id='par_1_7' title="bbox 499 905 3780 979">
     <span class='ocr_line' id='line_1_7' title="bbox 499 905 3780 979; baseline -0 -14"><span class='ocrx_word' id='word_1_89' title='bbox 499 909 716 965; x_wconf 83' lang='lat' dir='ltr'><strong>Codicis</strong></span> <span class='ocrx_word' id='word_1_90' title='bbox 743 909 922 966; x_wconf 85' lang='lat' dir='ltr'><strong>indole</strong></span> <span class='ocrx_word' id='word_1_91' title='bbox 950 919 1108 979; x_wconf 91' lang='lat' dir='ltr'><strong>atque</strong></span> <span class='ocrx_word' id='word_1_92' title='bbox 1153 907 1474 963; x_wconf 79' lang='lat' dir='ltr'><strong>auctoritate</strong></span> <span class='ocrx_word' id='word_1_93' title='bbox 1505 906 1732 961; x_wconf 89' lang='lat' dir='ltr'><strong>inferius</strong></span> <span class='ocrx_word' id='word_1_94' title='bbox 1763 921 1861 960; x_wconf 90' lang='lat' dir='ltr'><strong>suo</strong></span> <span class='ocrx_word' id='word_1_95' title='bbox 1892 908 2013 960; x_wconf 91' lang='lat' dir='ltr'><strong>loco</strong></span> <span class='ocrx_word' id='word_1_96' title='bbox 2049 907 2317 976; x_wconf 84' lang='lat' dir='ltr'><strong>pluribus.</strong></span> <span class='ocrx_word' id='word_1_97' title='bbox 2355 906 2574 960; x_wconf 88' lang='lat' dir='ltr'><strong>Interim</strong></span> <span class='ocrx_word' id='word_1_98' title='bbox 2607 914 2759 960; x_wconf 89' lang='lat' dir='ltr'><strong>certo</strong></span> <span class='ocrx_word' id='word_1_99' title='bbox 2800 905 2999 961; x_wconf 87' lang='lat' dir='ltr'><strong>certius</strong></span> <span class='ocrx_word' id='word_1_100' title='bbox 3025 906 3119 971; x_wconf 84' lang='lat' dir='ltr'><strong>sit,</strong></span> <span class='ocrx_word' id='word_1_101' title='bbox 3148 920 3254 960; x_wconf 86' lang='lat' dir='ltr'><strong>non</strong></span> <span class='ocrx_word' id='word_1_102' title='bbox 3281 905 3436 960; x_wconf 85' lang='lat' dir='ltr'><strong>aliter</strong></span> <span class='ocrx_word' id='word_1_103' title='bbox 3459 907 3714 976; x_wconf 87' lang='lat' dir='ltr'><strong>scriptum</strong></span> <span class='ocrx_word' id='word_1_104' title='bbox 3751 925 3780 964; x_wconf 86' lang='lat' dir='ltr'><strong>a</strong></span> 
     </span>
    </p>
   </div>
   <div class='ocr_carea' id='block_1_8' title="bbox 499 996 3778 1068">
    <p class='ocr_par' dir='ltr' id='par_1_8' title="bbox 499 996 3778 1068">
     <span class='ocr_line' id='line_1_8' title="bbox 499 996 3778 1068; baseline 0 -14"><span class='ocrx_word' id='word_1_105' title='bbox 499 999 717 1064; x_wconf 81' lang='lat' dir='ltr'><strong>Ruﬁno,</strong></span> <span class='ocrx_word' id='word_1_106' title='bbox 748 1007 806 1054; x_wconf 89' lang='lat' dir='ltr'><strong>et</strong></span> <span class='ocrx_word' id='word_1_107' title='bbox 830 997 965 1054; x_wconf 82' lang='lat' dir='ltr'><strong>duos</strong></span> <span class='ocrx_word' id='word_1_108' title='bbox 1004 1013 1126 1053; x_wconf 91' lang='lat' dir='ltr'><strong>eum</strong></span> <span class='ocrx_word' id='word_1_109' title='bbox 1169 1012 1358 1054; x_wconf 78' lang='lat' dir='ltr'><strong>revera</strong></span> <span class='ocrx_word' id='word_1_110' title='bbox 1403 1010 1578 1051; x_wconf 83' lang='lat' dir='ltr'><strong>annos</strong></span> <span class='ocrx_word' id='word_1_111' title='bbox 1609 996 1966 1064; x_wconf 70' lang='lat' dir='ltr'><strong>Alexandriae,</strong></span> <span class='ocrx_word' id='word_1_112' title='bbox 1994 1012 2159 1067; x_wconf 91' lang='lat' dir='ltr'><strong>quum</strong></span> <span class='ocrx_word' id='word_1_113' title='bbox 2193 1013 2260 1053; x_wconf 86' lang='lat' dir='ltr'><strong>eo</strong></span> <span class='ocrx_word' id='word_1_114' title='bbox 2297 997 2525 1052; x_wconf 82' lang='lat' dir='ltr'><strong>advenit</strong></span> <span class='ocrx_word' id='word_1_115' title='bbox 2552 996 2812 1064; x_wconf 90' lang='lat' dir='ltr'><strong>secundo,</strong></span> <span class='ocrx_word' id='word_1_116' title='bbox 2843 996 3042 1066; x_wconf 86' lang='lat' dir='ltr'><strong>egisse.</strong></span> <span class='ocrx_word' id='word_1_117' title='bbox 3073 997 3148 1052; x_wconf 90' lang='lat' dir='ltr'><strong>De</strong></span> <span class='ocrx_word' id='word_1_118' title='bbox 3181 999 3354 1065; x_wconf 78' lang='lat' dir='ltr'><strong>primo</strong></span> <span class='ocrx_word' id='word_1_119' title='bbox 3379 997 3496 1066; x_wconf 93' lang='lat' dir='ltr'><strong>ejus</strong></span> <span class='ocrx_word' id='word_1_120' title='bbox 3527 998 3778 1068; x_wconf 77' lang='lat' dir='ltr'><strong>incolatu,</strong></span> 
     </span>
    </p>
   </div>
   <div class='ocr_carea' id='block_1_9' title="bbox 498 1086 3781 1158">
    <p class='ocr_par' dir='ltr' id='par_1_9' title="bbox 498 1086 3781 1158">
     <span class='ocr_line' id='line_1_9' title="bbox 498 1086 3781 1158; baseline 0 -13"><span class='ocrx_word' id='word_1_121' title='bbox 498 1088 643 1158; x_wconf 89' lang='lat' dir='ltr'><strong>quod</strong></span> <span class='ocrx_word' id='word_1_122' title='bbox 674 1089 742 1145; x_wconf 91' lang='lat' dir='ltr'><strong>ab</strong></span> <span class='ocrx_word' id='word_1_123' title='bbox 768 1104 909 1145; x_wconf 89' lang='lat' dir='ltr'><strong>anno</strong></span> <span class='ocrx_word' id='word_1_124' title='bbox 935 1090 1059 1145; x_wconf 70' lang='lat'><strong>572.</strong></span> <span class='ocrx_word' id='word_1_125' title='bbox 1092 1090 1160 1144; x_wconf 90' lang='lat' dir='ltr'><strong>ad</strong></span> <span class='ocrx_word' id='word_1_126' title='bbox 1206 1089 1328 1144; x_wconf 76' lang='lat'><strong>577.</strong></span> <span class='ocrx_word' id='word_1_127' title='bbox 1371 1088 1672 1143; x_wconf 86' lang='lat' dir='ltr'><strong>censendus</strong></span> <span class='ocrx_word' id='word_1_128' title='bbox 1700 1089 1791 1154; x_wconf 88' lang='lat' dir='ltr'><strong>sit,</strong></span> <span class='ocrx_word' id='word_1_129' title='bbox 1824 1088 1999 1142; x_wconf 81' lang='lat' dir='ltr'><strong>nullus</strong></span> <span class='ocrx_word' id='word_1_130' title='bbox 2027 1103 2164 1142; x_wconf 86' lang='lat' dir='ltr'><strong>unus</strong></span> <span class='ocrx_word' id='word_1_131' title='bbox 2201 1088 2427 1144; x_wconf 79' lang='lat' dir='ltr'><strong>dubitat.</strong></span> <span class='ocrx_word' id='word_1_132' title='bbox 2463 1087 2614 1142; x_wconf 83' lang='lat' dir='ltr'><strong>Alter</strong></span> <span class='ocrx_word' id='word_1_133' title='bbox 2644 1086 2731 1141; x_wconf 92' lang='lat' dir='ltr'><strong>bic</strong></span> <span class='ocrx_word' id='word_1_134' title='bbox 2762 1086 2968 1156; x_wconf 86' lang='lat' dir='ltr'><strong>itaque,</strong></span> <span class='ocrx_word' id='word_1_135' title='bbox 3001 1087 3093 1157; x_wconf 90' lang='lat' dir='ltr'><strong>qui</strong></span> <span class='ocrx_word' id='word_1_136' title='bbox 3121 1096 3179 1142; x_wconf 86' lang='lat' dir='ltr'><strong>et</strong></span> <span class='ocrx_word' id='word_1_137' title='bbox 3218 1087 3436 1143; x_wconf 84' lang='lat' dir='ltr'><strong>biennio</strong></span> <span class='ocrx_word' id='word_1_138' title='bbox 3465 1099 3699 1156; x_wconf 89' lang='lat' dir='ltr'><strong>constat,</strong></span> <span class='ocrx_word' id='word_1_139' title='bbox 3728 1102 3781 1147; x_wconf 84' lang='lat' dir='ltr'><strong>et</strong></span> 
     </span>
    </p>
   </div>
   <div class='ocr_carea' id='block_1_10' title="bbox 497 1178 3784 1253">
    <p class='ocr_par' dir='ltr' id='par_1_10' title="bbox 497 1178 3784 1253">
     <span class='ocr_line' id='line_1_10' title="bbox 497 1178 3784 1253; baseline 0.001 -21"><span class='ocrx_word' id='word_1_140' title='bbox 497 1191 623 1252; x_wconf 81' lang='lat' dir='ltr'><strong>post</strong></span> <span class='ocrx_word' id='word_1_141' title='bbox 652 1182 863 1253; x_wconf 85' lang='lat' dir='ltr'><strong>aliquod</strong></span> <span class='ocrx_word' id='word_1_142' title='bbox 889 1181 957 1236; x_wconf 91' lang='lat' dir='ltr'><strong>ab</strong></span> <span class='ocrx_word' id='word_1_143' title='bbox 987 1183 1079 1236; x_wconf 90' lang='lat' dir='ltr'><strong>illo</strong></span> <span class='ocrx_word' id='word_1_144' title='bbox 1103 1182 1446 1244; x_wconf 84' lang='lat' dir='ltr'><strong>intervallum,</strong></span> <span class='ocrx_word' id='word_1_145' title='bbox 1484 1182 1640 1235; x_wconf 90' lang='lat' dir='ltr'><strong>unius</strong></span> <span class='ocrx_word' id='word_1_146' title='bbox 1685 1189 1808 1249; x_wconf 90' lang='lat' dir='ltr'><strong>puta</strong></span> <span class='ocrx_word' id='word_1_147' title='bbox 1843 1180 2132 1235; x_wconf 80' lang='lat' dir='ltr'><strong>alteriusve</strong></span> <span class='ocrx_word' id='word_1_148' title='bbox 2178 1182 2339 1246; x_wconf 90' lang='lat' dir='ltr'><strong>anni,</strong></span> <span class='ocrx_word' id='word_1_149' title='bbox 2372 1179 2618 1247; x_wconf 89' lang='lat' dir='ltr'><strong>contigit,</strong></span> <span class='ocrx_word' id='word_1_150' title='bbox 2654 1178 3017 1234; x_wconf 90' lang='lat' dir='ltr'><strong>conferendus</strong></span> <span class='ocrx_word' id='word_1_151' title='bbox 3062 1178 3275 1233; x_wconf 84' lang='lat' dir='ltr'><strong>videtur</strong></span> <span class='ocrx_word' id='word_1_152' title='bbox 3309 1180 3364 1233; x_wconf 91' lang='lat' dir='ltr'><strong>in</strong></span> <span class='ocrx_word' id='word_1_153' title='bbox 3397 1180 3521 1235; x_wconf 75' lang='grc'>580.</span> <span class='ocrx_word' id='word_1_154' title='bbox 3557 1192 3612 1237; x_wconf 88' lang='lat' dir='ltr'><strong>et</strong></span> <span class='ocrx_word' id='word_1_155' title='bbox 3643 1183 3784 1238; x_wconf 81' lang='lat' dir='ltr'><strong>inse-</strong></span> 
     </span>
    </p>
   </div>
   <div class='ocr_carea' id='block_1_11' title="bbox 499 1269 3783 1343">
    <p class='ocr_par' dir='ltr' id='par_1_11' title="bbox 499 1269 3783 1343">
     <span class='ocr_line' id='line_1_11' title="bbox 499 1269 3783 1343; baseline 0.002 -17"><span class='ocrx_word' id='word_1_156' title='bbox 499 1281 775 1343; x_wconf 91' lang='lat' dir='ltr'><strong>quentem,</strong></span> <span class='ocrx_word' id='word_1_157' title='bbox 805 1283 898 1328; x_wconf 88' lang='lat' dir='ltr'><strong>aut</strong></span> <span class='ocrx_word' id='word_1_158' title='bbox 932 1275 1109 1329; x_wconf 90' lang='lat' dir='ltr'><strong>serius</strong></span> <span class='ocrx_word' id='word_1_159' title='bbox 1132 1272 1312 1342; x_wconf 86' lang='lat' dir='ltr'><strong>paullo</strong></span> <span class='ocrx_word' id='word_1_160' title='bbox 1341 1272 1384 1325; x_wconf 90' lang='lat' dir='ltr'><strong>si</strong></span> <span class='ocrx_word' id='word_1_161' title='bbox 1413 1271 1581 1337; x_wconf 90' lang='lat' dir='ltr'><strong>lubet,</strong></span> <span class='ocrx_word' id='word_1_162' title='bbox 1619 1281 1781 1340; x_wconf 91' lang='lat' dir='ltr'><strong>atque</strong></span> <span class='ocrx_word' id='word_1_163' title='bbox 1813 1270 1940 1324; x_wconf 91' lang='lat' dir='ltr'><strong>illud</strong></span> <span class='ocrx_word' id='word_1_164' title='bbox 1971 1271 2222 1342; x_wconf 89' lang='lat' dir='ltr'><strong>quodque</strong></span> <span class='ocrx_word' id='word_1_165' title='bbox 2252 1270 2432 1339; x_wconf 81' lang='lat' dir='ltr'><strong>paullo</strong></span> <span class='ocrx_word' id='word_1_166' title='bbox 2459 1269 2633 1324; x_wconf 88' lang='lat' dir='ltr'><strong>serius</strong></span> <span class='ocrx_word' id='word_1_167' title='bbox 2663 1269 3006 1324; x_wconf 84' lang='lat' dir='ltr'><strong>intervallum</strong></span> <span class='ocrx_word' id='word_1_168' title='bbox 3042 1279 3232 1338; x_wconf 91' lang='lat' dir='ltr'><strong>putare</strong></span> <span class='ocrx_word' id='word_1_169' title='bbox 3257 1272 3434 1338; x_wconf 84' lang='lat' dir='ltr'><strong>malis.</strong></span> <span class='ocrx_word' id='word_1_170' title='bbox 3467 1272 3628 1328; x_wconf 89' lang='lat' dir='ltr'><strong>Certe</strong></span> <span class='ocrx_word' id='word_1_171' title='bbox 3659 1287 3783 1332; x_wconf 85' lang='lat' dir='ltr'><strong>ante</strong></span> 
     </span>
    </p>
   </div>
   <div class='ocr_carea' id='block_1_12' title="bbox 499 1359 3778 1437">
    <p class='ocr_par' dir='ltr' id='par_1_12' title="bbox 499 1359 3778 1437">
     <span class='ocr_line' id='line_1_12' title="bbox 499 1359 3778 1437; baseline 0.002 -22"><span class='ocrx_word' id='word_1_172' title='bbox 499 1360 625 1420; x_wconf 77' lang='lat'><strong>385.</strong></span> <span class='ocrx_word' id='word_1_173' title='bbox 653 1377 760 1431; x_wconf 92' lang='lat' dir='ltr'><strong>quo</strong></span> <span class='ocrx_word' id='word_1_174' title='bbox 789 1377 950 1425; x_wconf 89' lang='lat' dir='ltr'><strong>anno,</strong></span> <span class='ocrx_word' id='word_1_175' title='bbox 984 1362 1072 1417; x_wconf 89' lang='lat' dir='ltr'><strong>die</strong></span> <span class='ocrx_word' id='word_1_176' title='bbox 1098 1363 1192 1416; x_wconf 72' lang='lat'><strong>20.</strong></span> <span class='ocrx_word' id='word_1_177' title='bbox 1223 1359 1350 1416; x_wconf 84' lang='lat' dir='ltr'><strong>Julii</strong></span> <span class='ocrx_word' id='word_1_178' title='bbox 1376 1359 1706 1429; x_wconf 89' lang='lat' dir='ltr'><strong>The0philus</strong></span> <span class='ocrx_word' id='word_1_179' title='bbox 1737 1361 1855 1428; x_wconf 83' lang='lat' dir='ltr'><strong>ejus</strong></span> <span class='ocrx_word' id='word_1_180' title='bbox 1885 1360 2211 1416; x_wconf 89' lang='lat' dir='ltr'><strong>Cathedram</strong></span> <span class='ocrx_word' id='word_1_181' title='bbox 2245 1360 2503 1416; x_wconf 75' lang='lat' dir='ltr'><strong>Ecclesia:</strong></span> <span class='ocrx_word' id='word_1_182' title='bbox 2540 1360 2843 1427; x_wconf 89' lang='lat' dir='ltr'><strong>inscendit;</strong></span> <span class='ocrx_word' id='word_1_183' title='bbox 2869 1360 3132 1416; x_wconf 88' lang='lat' dir='ltr'><strong>discimus</strong></span> <span class='ocrx_word' id='word_1_184' title='bbox 3159 1363 3302 1416; x_wconf 89' lang='lat' dir='ltr'><strong>enim</strong></span> <span class='ocrx_word' id='word_1_185' title='bbox 3336 1363 3402 1418; x_wconf 89' lang='lat' dir='ltr'><strong>ab</strong></span> <span class='ocrx_word' id='word_1_186' title='bbox 3445 1364 3778 1437; x_wconf 76' lang='lat' dir='ltr'><strong>Hieronymo</strong></span> 
     </span>
    </p>
   </div>
   <div class='ocr_carea' id='block_1_13' title="bbox 406 1443 3770 1530">
    <p class='ocr_par' dir='ltr' id='par_1_13' title="bbox 406 1443 3770 1530">
     <span class='ocr_line' id='line_1_13' title="bbox 406 1443 3770 1530; baseline 0.001 -20"><span class='ocrx_word' id='word_1_187' title='bbox 406 1443 434 1470; x_wconf 57' lang='grc'><em>³</em></span> <span class='ocrx_word' id='word_1_188' title='bbox 500 1456 773 1526; x_wconf 60' lang='lat' dir='ltr'><strong>Apologia;</strong></span> <span class='ocrx_word' id='word_1_189' title='bbox 801 1457 897 1511; x_wconf 86' lang='lat' dir='ltr'><strong>lib.</strong></span> <span class='ocrx_word' id='word_1_190' title='bbox 927 1455 1014 1509; x_wconf 94' lang='lat' dir='ltr'><strong>Ill.</strong></span> <span class='ocrx_word' id='word_1_191' title='bbox 1043 1455 1293 1509; x_wconf 84' lang='lat' dir='ltr'><strong>Ruﬁnum</strong></span> <span class='ocrx_word' id='word_1_192' title='bbox 1324 1463 1593 1525; x_wconf 76' lang='lat' dir='ltr'><strong>postqum</strong></span> <span class='ocrx_word' id='word_1_193' title='bbox 1623 1453 1938 1524; x_wconf 69' lang='lat' dir='ltr'><strong>Tamphilus</strong></span> <span class='ocrx_word' id='word_1_194' title='bbox 1971 1454 2262 1525; x_wconf 79' lang='lat' dir='ltr'><strong>Episwpus</strong></span> <span class='ocrx_word' id='word_1_195' title='bbox 2293 1457 2461 1526; x_wconf 76' lang='lat' dir='ltr'><strong>factus</strong></span> <span class='ocrx_word' id='word_1_196' title='bbox 2487 1467 2583 1520; x_wconf 82' lang='lat' dir='ltr'><strong>est,</strong></span> <span class='ocrx_word' id='word_1_197' title='bbox 2609 1453 2942 1508; x_wconf 71' lang='lat' dir='ltr'><strong>Alexandria:</strong></span> <span class='ocrx_word' id='word_1_198' title='bbox 2987 1471 3089 1508; x_wconf 88' lang='lat' dir='ltr'><strong>non</strong></span> <span class='ocrx_word' id='word_1_199' title='bbox 3119 1457 3298 1526; x_wconf 77' lang='lat' dir='ltr'><strong>fuisse.</strong></span> <span class='ocrx_word' id='word_1_200' title='bbox 3330 1456 3412 1512; x_wconf 83' lang='lat' dir='ltr'><strong>Ad</strong></span> <span class='ocrx_word' id='word_1_201' title='bbox 3443 1457 3585 1514; x_wconf 88' lang='lat' dir='ltr'><strong>hunc</strong></span> <span class='ocrx_word' id='word_1_202' title='bbox 3616 1460 3770 1530; x_wconf 77' lang='lat' dir='ltr'><strong>igitu.</strong></span> 
     </span>
    </p>
   </div>
   <div class='ocr_carea' id='block_1_14' title="bbox 503 1543 3080 1615">
    <p class='ocr_par' dir='ltr' id='par_1_14' title="bbox 503 1543 3080 1615">
     <span class='ocr_line' id='line_1_14' title="bbox 503 1543 3080 1615; baseline -0.002 -14"><span class='ocrx_word' id='word_1_203' title='bbox 503 1547 723 1601; x_wconf 80' lang='lat' dir='ltr'><strong>modum</strong></span> <span class='ocrx_word' id='word_1_204' title='bbox 753 1547 839 1600; x_wconf 88' lang='lat' dir='ltr'><strong>illa</strong></span> <span class='ocrx_word' id='word_1_205' title='bbox 869 1557 951 1602; x_wconf 90' lang='lat' dir='ltr'><strong>est</strong></span> <span class='ocrx_word' id='word_1_206' title='bbox 981 1546 1118 1615; x_wconf 89' lang='lat' dir='ltr'><strong>apud</strong></span> <span class='ocrx_word' id='word_1_207' title='bbox 1152 1547 1506 1602; x_wconf 85' lang='lat' dir='ltr'><strong>Fontaninum</strong></span> <span class='ocrx_word' id='word_1_208' title='bbox 1536 1543 1805 1599; x_wconf 85' lang='lat' dir='ltr'><strong>Ruﬁniani</strong></span> <span class='ocrx_word' id='word_1_209' title='bbox 1840 1545 2101 1599; x_wconf 88' lang='lat' dir='ltr'><strong>incolatus</strong></span> <span class='ocrx_word' id='word_1_210' title='bbox 2127 1544 2300 1600; x_wconf 91' lang='lat' dir='ltr'><strong>altero</strong></span> <span class='ocrx_word' id='word_1_211' title='bbox 2330 1544 2545 1598; x_wconf 90' lang='lat' dir='ltr'><strong>biennio</strong></span> <span class='ocrx_word' id='word_1_212' title='bbox 2575 1543 2762 1598; x_wconf 85' lang='lat' dir='ltr'><strong>lacuna</strong></span> <span class='ocrx_word' id='word_1_213' title='bbox 2796 1544 3080 1612; x_wconf 83' lang='lat' dir='ltr'><strong>explenda.</strong></span> 
     </span>
    </p>
   </div>
   <div class='ocr_carea' id='block_1_15' title="bbox 573 1635 3784 1710">
    <p class='ocr_par' dir='ltr' id='par_1_15' title="bbox 573 1635 3784 1710">
     <span class='ocr_line' id='line_1_15' title="bbox 573 1635 3784 1710; baseline 0 -17"><span class='ocrx_word' id='word_1_214' title='bbox 573 1636 684 1693; x_wconf 90' lang='lat' dir='ltr'><strong>Sed</strong></span> <span class='ocrx_word' id='word_1_215' title='bbox 716 1637 836 1691; x_wconf 87' lang='lat' dir='ltr'><strong>aliis</strong></span> <span class='ocrx_word' id='word_1_216' title='bbox 862 1637 950 1707; x_wconf 83' lang='lat' dir='ltr'><strong>qui</strong></span> <span class='ocrx_word' id='word_1_217' title='bbox 985 1637 1156 1692; x_wconf 80' lang='lat' dir='ltr'><strong>Vitam</strong></span> <span class='ocrx_word' id='word_1_218' title='bbox 1191 1637 1325 1694; x_wconf 90' lang='lat' dir='ltr'><strong>hanc</strong></span> <span class='ocrx_word' id='word_1_219' title='bbox 1355 1637 1579 1692; x_wconf 87' lang='lat' dir='ltr'><strong>eandem</strong></span> <span class='ocrx_word' id='word_1_220' title='bbox 1611 1635 1969 1705; x_wconf 85' lang='lat' dir='ltr'><strong>Aquilejensis</strong></span> <span class='ocrx_word' id='word_1_221' title='bbox 2001 1635 2328 1706; x_wconf 80' lang='lat' dir='ltr'><strong>Presbyteri,</strong></span> <span class='ocrx_word' id='word_1_222' title='bbox 2351 1637 2464 1691; x_wconf 88' lang='lat' dir='ltr'><strong>sive</strong></span> <span class='ocrx_word' id='word_1_223' title='bbox 2492 1649 2559 1689; x_wconf 80' lang='lat' dir='ltr'><strong>ex</strong></span> <span class='ocrx_word' id='word_1_224' title='bbox 2601 1635 2828 1704; x_wconf 82' lang='lat' dir='ltr'><strong>integro,</strong></span> <span class='ocrx_word' id='word_1_225' title='bbox 2856 1636 2968 1690; x_wconf 85' lang='lat' dir='ltr'><strong>sive</strong></span> <span class='ocrx_word' id='word_1_226' title='bbox 2998 1651 3062 1690; x_wconf 79' lang='lat' dir='ltr'><strong>ex</strong></span> <span class='ocrx_word' id='word_1_227' title='bbox 3097 1645 3246 1704; x_wconf 91' lang='lat' dir='ltr'><strong>parte</strong></span> <span class='ocrx_word' id='word_1_228' title='bbox 3297 1638 3467 1694; x_wconf 88' lang='lat' dir='ltr'><strong>literis</strong></span> <span class='ocrx_word' id='word_1_229' title='bbox 3506 1641 3784 1710; x_wconf 82' lang='lat' dir='ltr'><strong>consigna-</strong></span> 
     </span>
    </p>
   </div>
   <div class='ocr_carea' id='block_1_16' title="bbox 500 1724 3784 1802">
    <p class='ocr_par' dir='ltr' id='par_1_16' title="bbox 500 1724 3784 1802">
     <span class='ocr_line' id='line_1_16' title="bbox 500 1724 3784 1802; baseline -0 -17"><span class='ocrx_word' id='word_1_230' title='bbox 500 1737 650 1793; x_wconf 86' lang='lat' dir='ltr'><strong>runt,</strong></span> <span class='ocrx_word' id='word_1_231' title='bbox 682 1726 791 1782; x_wconf 90' lang='lat' dir='ltr'><strong>falli</strong></span> <span class='ocrx_word' id='word_1_232' title='bbox 818 1737 871 1783; x_wconf 91' lang='lat' dir='ltr'><strong>et</strong></span> <span class='ocrx_word' id='word_1_233' title='bbox 907 1728 1096 1784; x_wconf 80' lang='lat' dir='ltr'><strong>fallere</strong></span> <span class='ocrx_word' id='word_1_234' title='bbox 1135 1729 1332 1797; x_wconf 61' lang='lat' dir='ltr'><strong>saepius</strong></span> <span class='ocrx_word' id='word_1_235' title='bbox 1383 1728 1552 1782; x_wconf 85' lang='lat' dir='ltr'><strong>multo</strong></span> <span class='ocrx_word' id='word_1_236' title='bbox 1597 1726 1837 1796; x_wconf 88' lang='lat' dir='ltr'><strong>contigit.</strong></span> <span class='ocrx_word' id='word_1_237' title='bbox 1870 1725 2138 1780; x_wconf 74' lang='lat' dir='ltr'><strong>Prtetereo</strong></span> <span class='ocrx_word' id='word_1_238' title='bbox 2173 1740 2334 1794; x_wconf 88' lang='lat' dir='ltr'><strong>quam</strong></span> <span class='ocrx_word' id='word_1_239' title='bbox 2386 1736 2511 1779; x_wconf 88' lang='lat' dir='ltr'><strong>ante</strong></span> <span class='ocrx_word' id='word_1_240' title='bbox 2558 1738 2730 1780; x_wconf 90' lang='lat' dir='ltr'><strong>annos</strong></span> <span class='ocrx_word' id='word_1_241' title='bbox 2778 1724 2947 1779; x_wconf 83' lang='lat' dir='ltr'><strong>ferme</strong></span> <span class='ocrx_word' id='word_1_242' title='bbox 2997 1726 3210 1796; x_wconf 81' lang='lat' dir='ltr'><strong>triginta</strong></span> <span class='ocrx_word' id='word_1_243' title='bbox 3241 1729 3420 1782; x_wconf 83' lang='lat' dir='ltr'><strong>Abbas</strong></span> <span class='ocrx_word' id='word_1_244' title='bbox 3457 1728 3784 1802; x_wconf 87' lang='lat' dir='ltr'><strong>Trappensis</strong></span> 
     </span>
    </p>
   </div>
   <div class='ocr_carea' id='block_1_17' title="bbox 507 1817 3777 1894">
    <p class='ocr_par' dir='ltr' id='par_1_17' title="bbox 507 1817 3777 1894">
     <span class='ocr_line' id='line_1_17' title="bbox 507 1817 3777 1894; baseline 0.002 -20"><span class='ocrx_word' id='word_1_245' title='bbox 507 1820 710 1875; x_wconf 81' lang='lat' dir='ltr'><strong>Gallica</strong></span> <span class='ocrx_word' id='word_1_246' title='bbox 753 1820 928 1891; x_wconf 79' lang='lat' dir='ltr'><strong>lingua</strong></span> <span class='ocrx_word' id='word_1_247' title='bbox 967 1821 1176 1876; x_wconf 90' lang='lat' dir='ltr'><strong>duobus</strong></span> <span class='ocrx_word' id='word_1_248' title='bbox 1202 1820 1408 1891; x_wconf 80' lang='lat' dir='ltr'><strong>exiguis</strong></span> <span class='ocrx_word' id='word_1_249' title='bbox 1435 1819 1619 1875; x_wconf 84' lang='lat' dir='ltr'><strong>Tomis</strong></span> <span class='ocrx_word' id='word_1_250' title='bbox 1643 1818 2052 1888; x_wconf 67' lang='lat' dir='ltr'><strong>commehendit</strong></span> <span class='ocrx_word' id='word_1_251' title='bbox 2078 1833 2093 1868; x_wconf 88' lang='lat'><strong>:</strong></span> <span class='ocrx_word' id='word_1_252' title='bbox 2123 1833 2243 1873; x_wconf 92' lang='lat' dir='ltr'><strong>cum</strong></span> <span class='ocrx_word' id='word_1_253' title='bbox 2286 1819 2427 1873; x_wconf 91' lang='lat' dir='ltr'><strong>enim</strong></span> <span class='ocrx_word' id='word_1_254' title='bbox 2452 1817 2702 1872; x_wconf 89' lang='lat' dir='ltr'><strong>incolumi</strong></span> <span class='ocrx_word' id='word_1_255' title='bbox 2724 1819 2900 1873; x_wconf 88' lang='lat' dir='ltr'><strong>adhuc</strong></span> <span class='ocrx_word' id='word_1_256' title='bbox 2943 1818 3264 1886; x_wconf 83' lang='lat' dir='ltr'><strong>Fontaninn,</strong></span> <span class='ocrx_word' id='word_1_257' title='bbox 3289 1822 3572 1893; x_wconf 86' lang='lat' dir='ltr'><strong>eidemque</strong></span> <span class='ocrx_word' id='word_1_258' title='bbox 3619 1824 3777 1894; x_wconf 89' lang='lat' dir='ltr'><strong>Operi</strong></span> 
     </span>
    </p>
   </div>
   <div class='ocr_carea' id='block_1_18' title="bbox 504 1909 3774 1982">
    <p class='ocr_par' dir='ltr' id='par_1_18' title="bbox 504 1909 3774 1982">
     <span class='ocr_line' id='line_1_18' title="bbox 504 1909 3774 1982; baseline 0.002 -16"><span class='ocrx_word' id='word_1_259' title='bbox 504 1911 820 1981; x_wconf 73' lang='lat' dir='ltr'><strong>jamdudum</strong></span> <span class='ocrx_word' id='word_1_260' title='bbox 843 1914 1208 1980; x_wconf 88' lang='lat' dir='ltr'><strong>incumbente,</strong></span> <span class='ocrx_word' id='word_1_261' title='bbox 1242 1913 1452 1982; x_wconf 86' lang='lat' dir='ltr'><strong>vulgata</strong></span> <span class='ocrx_word' id='word_1_262' title='bbox 1493 1912 1584 1980; x_wconf 89' lang='lat' dir='ltr'><strong>sit,</strong></span> <span class='ocrx_word' id='word_1_263' title='bbox 1612 1920 1665 1966; x_wconf 88' lang='lat' dir='ltr'><strong>et</strong></span> <span class='ocrx_word' id='word_1_264' title='bbox 1703 1927 1799 1982; x_wconf 92' lang='lat' dir='ltr'><strong>pro</strong></span> <span class='ocrx_word' id='word_1_265' title='bbox 1831 1911 1919 1965; x_wconf 90' lang='lat' dir='ltr'><strong>illa</strong></span> <span class='ocrx_word' id='word_1_266' title='bbox 1948 1926 2051 1981; x_wconf 90' lang='lat' dir='ltr'><strong>qua</strong></span> <span class='ocrx_word' id='word_1_267' title='bbox 2081 1911 2220 1980; x_wconf 92' lang='lat' dir='ltr'><strong>apud</strong></span> <span class='ocrx_word' id='word_1_268' title='bbox 2252 1911 2435 1979; x_wconf 82' lang='lat' dir='ltr'><strong>vulgus</strong></span> <span class='ocrx_word' id='word_1_269' title='bbox 2467 1909 2712 1964; x_wconf 90' lang='lat' dir='ltr'><strong>Italorum</strong></span> <span class='ocrx_word' id='word_1_270' title='bbox 2741 1919 2959 1966; x_wconf 90' lang='lat' dir='ltr'><strong>utuntur</strong></span> <span class='ocrx_word' id='word_1_271' title='bbox 2993 1911 3184 1967; x_wconf 88' lang='lat' dir='ltr'><strong>Gallici</strong></span> <span class='ocrx_word' id='word_1_272' title='bbox 3217 1913 3338 1968; x_wconf 90' lang='lat' dir='ltr'><strong>libri</strong></span> <span class='ocrx_word' id='word_1_273' title='bbox 3369 1915 3511 1970; x_wconf 87' lang='lat' dir='ltr'><strong>docti</strong></span> <span class='ocrx_word' id='word_1_274' title='bbox 3543 1917 3774 1972; x_wconf 76' lang='lat' dir='ltr'><strong>indomi-</strong></span> 
     </span>
    </p>
   </div>
   <div class='ocr_carea' id='block_1_19' title="bbox 505 2001 3776 2073">
    <p class='ocr_par' dir='ltr' id='par_1_19' title="bbox 505 2001 3776 2073">
     <span class='ocr_line' id='line_1_19' title="bbox 505 2001 3776 2073; baseline 0.001 -16"><span class='ocrx_word' id='word_1_275' title='bbox 505 2019 612 2073; x_wconf 93' lang='lat' dir='ltr'><strong>que</strong></span> <span class='ocrx_word' id='word_1_276' title='bbox 642 2003 879 2069; x_wconf 89' lang='lat' dir='ltr'><strong>fortuna,</strong></span> <span class='ocrx_word' id='word_1_277' title='bbox 903 2005 1130 2060; x_wconf 87' lang='lat' dir='ltr'><strong>lectores</strong></span> <span class='ocrx_word' id='word_1_278' title='bbox 1159 2005 1442 2068; x_wconf 87' lang='lat' dir='ltr'><strong>invenerit,</strong></span> <span class='ocrx_word' id='word_1_279' title='bbox 1470 2017 1738 2072; x_wconf 86' lang='lat' dir='ltr'><strong>nunquam</strong></span> <span class='ocrx_word' id='word_1_280' title='bbox 1770 2003 1838 2056; x_wconf 93' lang='lat' dir='ltr'><strong>ab</strong></span> <span class='ocrx_word' id='word_1_281' title='bbox 1868 2017 1933 2056; x_wconf 89' lang='lat' dir='ltr'><strong>eo</strong></span> <span class='ocrx_word' id='word_1_282' title='bbox 1977 2009 2157 2054; x_wconf 88' lang='lat' dir='ltr'><strong>tamen</strong></span> <span class='ocrx_word' id='word_1_283' title='bbox 2189 2009 2300 2054; x_wconf 94' lang='lat' dir='ltr'><strong>toto</strong></span> <span class='ocrx_word' id='word_1_284' title='bbox 2334 2001 2733 2054; x_wconf 81' lang='lat' dir='ltr'><strong>Commentario</strong></span> <span class='ocrx_word' id='word_1_285' title='bbox 2763 2016 2862 2054; x_wconf 91' lang='lat' dir='ltr'><strong>suo</strong></span> <span class='ocrx_word' id='word_1_286' title='bbox 2890 2002 3081 2056; x_wconf 89' lang='lat' dir='ltr'><strong>saltem</strong></span> <span class='ocrx_word' id='word_1_287' title='bbox 3115 2001 3278 2057; x_wconf 89' lang='lat' dir='ltr'><strong>verbo</strong></span> <span class='ocrx_word' id='word_1_288' title='bbox 3307 2013 3463 2058; x_wconf 91' lang='lat' dir='ltr'><strong>tenus</strong></span> <span class='ocrx_word' id='word_1_289' title='bbox 3497 2005 3776 2073; x_wconf 83' lang='lat' dir='ltr'><strong>laudatur;</strong></span> 
     </span>
    </p>
   </div>
   <div class='ocr_carea' id='block_1_20' title="bbox 507 2093 3785 2165">
    <p class='ocr_par' dir='ltr' id='par_1_20' title="bbox 507 2093 3785 2165">
     <span class='ocr_line' id='line_1_20' title="bbox 507 2093 3785 2165; baseline 0.002 -16"><span class='ocrx_word' id='word_1_290' title='bbox 507 2097 650 2164; x_wconf 86' lang='lat' dir='ltr'><strong>quod</strong></span> <span class='ocrx_word' id='word_1_291' title='bbox 699 2096 895 2153; x_wconf 86' lang='lat' dir='ltr'><strong>indicio</strong></span> <span class='ocrx_word' id='word_1_292' title='bbox 924 2106 1033 2164; x_wconf 85' lang='lat' dir='ltr'><strong>est,</strong></span> <span class='ocrx_word' id='word_1_293' title='bbox 1054 2097 1266 2152; x_wconf 88' lang='lat' dir='ltr'><strong>doctum</strong></span> <span class='ocrx_word' id='word_1_294' title='bbox 1295 2096 1465 2151; x_wconf 86' lang='lat' dir='ltr'><strong>virum</strong></span> <span class='ocrx_word' id='word_1_295' title='bbox 1493 2109 1600 2149; x_wconf 91' lang='lat' dir='ltr'><strong>nou</strong></span> <span class='ocrx_word' id='word_1_296' title='bbox 1629 2095 1757 2149; x_wconf 83' lang='lat' dir='ltr'><strong>tanti</strong></span> <span class='ocrx_word' id='word_1_297' title='bbox 1788 2096 1929 2149; x_wconf 86' lang='lat' dir='ltr'><strong>illam</strong></span> <span class='ocrx_word' id='word_1_298' title='bbox 1961 2093 2277 2157; x_wconf 70' lang='lat' dir='ltr'><strong>aestimasse,</strong></span> <span class='ocrx_word' id='word_1_299' title='bbox 2332 2104 2386 2147; x_wconf 93' lang='lat' dir='ltr'><strong>ut</strong></span> <span class='ocrx_word' id='word_1_300' title='bbox 2431 2094 2686 2148; x_wconf 87' lang='lat' dir='ltr'><strong>memoria</strong></span> <span class='ocrx_word' id='word_1_301' title='bbox 2717 2093 3044 2165; x_wconf 76' lang='lat' dir='ltr'><strong>dignaretur.</strong></span> <span class='ocrx_word' id='word_1_302' title='bbox 3082 2095 3158 2151; x_wconf 84' lang='lat' dir='ltr'><strong>Re</strong></span> <span class='ocrx_word' id='word_1_303' title='bbox 3185 2097 3342 2151; x_wconf 87' lang='lat' dir='ltr'><strong>etiam</strong></span> <span class='ocrx_word' id='word_1_304' title='bbox 3375 2114 3498 2152; x_wconf 88' lang='lat' dir='ltr'><strong>vera</strong></span> <span class='ocrx_word' id='word_1_305' title='bbox 3531 2114 3628 2156; x_wconf 89' lang='lat' dir='ltr'><strong>nec</strong></span> <span class='ocrx_word' id='word_1_306' title='bbox 3673 2117 3785 2155; x_wconf 59' lang='lat' dir='ltr'><strong>me.</strong></span> 
     </span>
    </p>
   </div>
   <div class='ocr_carea' id='block_1_21' title="bbox 505 2183 3785 2260">
    <p class='ocr_par' dir='ltr' id='par_1_21' title="bbox 505 2183 3785 2260">
     <span class='ocr_line' id='line_1_21' title="bbox 505 2183 3785 2260; baseline 0 -16"><span class='ocrx_word' id='word_1_307' title='bbox 505 2188 616 2244; x_wconf 64' lang='lat' dir='ltr'><strong>lteri</strong></span> <span class='ocrx_word' id='word_1_308' title='bbox 646 2189 758 2242; x_wconf 88' lang='lat' dir='ltr'><strong>visa</strong></span> <span class='ocrx_word' id='word_1_309' title='bbox 789 2188 942 2244; x_wconf 90' lang='lat' dir='ltr'><strong>nobis</strong></span> <span class='ocrx_word' id='word_1_310' title='bbox 985 2197 1088 2255; x_wconf 88' lang='lat' dir='ltr'><strong>est,</strong></span> <span class='ocrx_word' id='word_1_311' title='bbox 1117 2197 1174 2243; x_wconf 93' lang='lat' dir='ltr'><strong>ut</strong></span> <span class='ocrx_word' id='word_1_312' title='bbox 1201 2188 1319 2258; x_wconf 90' lang='lat' dir='ltr'><strong>quis</strong></span> <span class='ocrx_word' id='word_1_313' title='bbox 1349 2189 1515 2242; x_wconf 89' lang='lat' dir='ltr'><strong>bonas</strong></span> <span class='ocrx_word' id='word_1_314' title='bbox 1542 2187 1703 2241; x_wconf 86' lang='lat' dir='ltr'><strong>horas</strong></span> <span class='ocrx_word' id='word_1_315' title='bbox 1732 2188 1784 2240; x_wconf 90' lang='lat' dir='ltr'><strong>in</strong></span> <span class='ocrx_word' id='word_1_316' title='bbox 1815 2185 1932 2254; x_wconf 86' lang='lat' dir='ltr'><strong>ejus</strong></span> <span class='ocrx_word' id='word_1_317' title='bbox 1955 2193 2045 2237; x_wconf 90' lang='lat' dir='ltr'><strong>aut</strong></span> <span class='ocrx_word' id='word_1_318' title='bbox 2077 2183 2307 2238; x_wconf 86' lang='lat' dir='ltr'><strong>lectione</strong></span> <span class='ocrx_word' id='word_1_319' title='bbox 2351 2192 2442 2237; x_wconf 90' lang='lat' dir='ltr'><strong>aut</strong></span> <span class='ocrx_word' id='word_1_320' title='bbox 2483 2183 2847 2239; x_wconf 86' lang='lat' dir='ltr'><strong>confutatione</strong></span> <span class='ocrx_word' id='word_1_321' title='bbox 2880 2184 3129 2240; x_wconf 87' lang='lat' dir='ltr'><strong>insumat.</strong></span> <span class='ocrx_word' id='word_1_322' title='bbox 3177 2187 3445 2243; x_wconf 65' lang='lat' dir='ltr'><strong>Prtelerco</strong></span> <span class='ocrx_word' id='word_1_323' title='bbox 3497 2191 3621 2244; x_wconf 89' lang='lat' dir='ltr'><strong>item</strong></span> <span class='ocrx_word' id='word_1_324' title='bbox 3669 2207 3785 2260; x_wconf 72' lang='lat' dir='ltr'><strong>qua:</strong></span> 
     </span>
    </p>
   </div>
   <div class='ocr_carea' id='block_1_22' title="bbox 501 2276 3786 2352">
    <p class='ocr_par' dir='ltr' id='par_1_22' title="bbox 501 2276 3786 2352">
     <span class='ocr_line' id='line_1_22' title="bbox 501 2276 3786 2352; baseline 0 -14"><span class='ocrx_word' id='word_1_325' title='bbox 501 2283 573 2340; x_wconf 77' lang='lat' dir='ltr'><strong>de</strong></span> <span class='ocrx_word' id='word_1_326' title='bbox 603 2281 796 2337; x_wconf 88' lang='lat' dir='ltr'><strong>Ruﬁno</strong></span> <span class='ocrx_word' id='word_1_327' title='bbox 833 2281 1007 2352; x_wconf 87' lang='lat' dir='ltr'><strong>deque</strong></span> <span class='ocrx_word' id='word_1_328' title='bbox 1042 2280 1162 2350; x_wconf 89' lang='lat' dir='ltr'><strong>ejus</strong></span> <span class='ocrx_word' id='word_1_329' title='bbox 1187 2280 1362 2335; x_wconf 88' lang='lat' dir='ltr'><strong>Libris</strong></span> <span class='ocrx_word' id='word_1_330' title='bbox 1404 2280 1541 2334; x_wconf 91' lang='lat' dir='ltr'><strong>haud</strong></span> <span class='ocrx_word' id='word_1_331' title='bbox 1571 2293 1736 2348; x_wconf 89' lang='lat' dir='ltr'><strong>pauca</strong></span> <span class='ocrx_word' id='word_1_332' title='bbox 1767 2279 1985 2332; x_wconf 84' lang='lat' dir='ltr'><strong>disserit</strong></span> <span class='ocrx_word' id='word_1_333' title='bbox 2014 2277 2077 2334; x_wconf 86' lang='lat' dir='ltr'><strong>V.</strong></span> <span class='ocrx_word' id='word_1_334' title='bbox 2107 2277 2190 2333; x_wconf 82' lang='lat' dir='ltr'><strong>Cl.</strong></span> <span class='ocrx_word' id='word_1_335' title='bbox 2227 2276 2536 2332; x_wconf 84' lang='lat' dir='ltr'><strong>Bcrnardus</strong></span> <span class='ocrx_word' id='word_1_336' title='bbox 2580 2278 2743 2332; x_wconf 82' lang='lat' dir='ltr'><strong>Maria</strong></span> <span class='ocrx_word' id='word_1_337' title='bbox 2785 2278 2852 2334; x_wconf 90' lang='lat' dir='ltr'><strong>de</strong></span> <span class='ocrx_word' id='word_1_338' title='bbox 2882 2279 3104 2344; x_wconf 86' lang='lat' dir='ltr'><strong>Rnbeis,</strong></span> <span class='ocrx_word' id='word_1_339' title='bbox 3130 2280 3218 2351; x_wconf 83' lang='lat' dir='ltr'><strong>qui</strong></span> <span class='ocrx_word' id='word_1_340' title='bbox 3246 2297 3417 2351; x_wconf 87' lang='lat' dir='ltr'><strong>nuper</strong></span> <span class='ocrx_word' id='word_1_341' title='bbox 3452 2282 3786 2338; x_wconf 79' lang='lat' dir='ltr'><strong>Mannmenta</strong></span> 
     </span>
    </p>
   </div>
   <div class='ocr_carea' id='block_1_23' title="bbox 505 2369 3785 2446">
    <p class='ocr_par' dir='ltr' id='par_1_23' title="bbox 505 2369 3785 2446">
     <span class='ocr_line' id='line_1_23' title="bbox 505 2369 3785 2446; baseline 0.001 -19"><span class='ocrx_word' id='word_1_342' title='bbox 505 2373 752 2428; x_wconf 75' lang='lat' dir='ltr'><strong>Ecclesia:</strong></span> <span class='ocrx_word' id='word_1_343' title='bbox 773 2373 1110 2443; x_wconf 82' lang='lat' dir='ltr'><strong>Aquilejertsis</strong></span> <span class='ocrx_word' id='word_1_344' title='bbox 1153 2371 1529 2425; x_wconf 83' lang='lat' dir='ltr'><strong>Commentario</strong></span> <span class='ocrx_word' id='word_1_345' title='bbox 1558 2369 2436 2440; x_wconf 78' lang='lat' dir='ltr'><strong>Historico-Chronologico-Critico</strong></span> <span class='ocrx_word' id='word_1_346' title='bbox 2462 2370 2772 2440; x_wconf 80' lang='lat' dir='ltr'><strong>complexus</strong></span> <span class='ocrx_word' id='word_1_347' title='bbox 2801 2379 2902 2427; x_wconf 90' lang='lat' dir='ltr'><strong>est.</strong></span> <span class='ocrx_word' id='word_1_348' title='bbox 2929 2371 3061 2428; x_wconf 89' lang='lat' dir='ltr'><strong>Cum</strong></span> <span class='ocrx_word' id='word_1_349' title='bbox 3094 2376 3234 2428; x_wconf 91' lang='lat' dir='ltr'><strong>enim</strong></span> <span class='ocrx_word' id='word_1_350' title='bbox 3269 2376 3446 2444; x_wconf 84' lang='lat' dir='ltr'><strong>paucis</strong></span> <span class='ocrx_word' id='word_1_351' title='bbox 3469 2378 3785 2446; x_wconf 78' lang='lat' dir='ltr'><strong>quibusdam</strong></span> 
     </span>
    </p>
   </div>
   <div class='ocr_carea' id='block_1_24' title="bbox 506 2459 3782 2530">
    <p class='ocr_par' dir='ltr' id='par_1_24' title="bbox 506 2459 3782 2530">
     <span class='ocr_line' id='line_1_24' title="bbox 506 2459 3782 2530; baseline 0.001 -10"><span class='ocrx_word' id='word_1_352' title='bbox 506 2464 644 2520; x_wconf 80' lang='lat' dir='ltr'><strong>locis</strong></span> <span class='ocrx_word' id='word_1_353' title='bbox 676 2479 704 2518; x_wconf 89' lang='lat' dir='ltr'><strong>a</strong></span> <span class='ocrx_word' id='word_1_354' title='bbox 734 2463 1036 2519; x_wconf 82' lang='lat' dir='ltr'><strong>Fontaninu</strong></span> <span class='ocrx_word' id='word_1_355' title='bbox 1067 2462 1370 2526; x_wconf 86' lang='lat' dir='ltr'><strong>dissentiat,</strong></span> <span class='ocrx_word' id='word_1_356' title='bbox 1406 2475 1722 2530; x_wconf 88' lang='lat' dir='ltr'><strong>quamquam</strong></span> <span class='ocrx_word' id='word_1_357' title='bbox 1753 2469 1805 2514; x_wconf 91' lang='lat' dir='ltr'><strong>et</strong></span> <span class='ocrx_word' id='word_1_358' title='bbox 1835 2459 1992 2514; x_wconf 90' lang='lat' dir='ltr'><strong>simul</strong></span> <span class='ocrx_word' id='word_1_359' title='bbox 2025 2477 2055 2515; x_wconf 88' lang='lat' dir='ltr'><strong>a</strong></span> <span class='ocrx_word' id='word_1_360' title='bbox 2088 2461 2312 2516; x_wconf 89' lang='lat' dir='ltr'><strong>veritate</strong></span> <span class='ocrx_word' id='word_1_361' title='bbox 2346 2462 2599 2516; x_wconf 81' lang='lat' dir='ltr'><strong>recedere</strong></span> <span class='ocrx_word' id='word_1_362' title='bbox 2641 2463 2884 2517; x_wconf 86' lang='lat' dir='ltr'><strong>videatur</strong></span> <span class='ocrx_word' id='word_1_363' title='bbox 2919 2481 2931 2515; x_wconf 93' lang='lat'><strong>:</strong></span> <span class='ocrx_word' id='word_1_364' title='bbox 2963 2465 3098 2520; x_wconf 86' lang='lat' dir='ltr'><strong>satis</strong></span> <span class='ocrx_word' id='word_1_365' title='bbox 3140 2465 3255 2520; x_wconf 74' lang='lat' dir='ltr'><strong>lucc</strong></span> <span class='ocrx_word' id='word_1_366' title='bbox 3290 2473 3468 2522; x_wconf 88' lang='lat' dir='ltr'><strong>tamen</strong></span> <span class='ocrx_word' id='word_1_367' title='bbox 3518 2467 3677 2523; x_wconf 88' lang='lat' dir='ltr'><strong>fuerit</strong></span> <span class='ocrx_word' id='word_1_368' title='bbox 3731 2472 3782 2524; x_wconf 91' lang='lat' dir='ltr'><strong>in</strong></span> 
     </span>
    </p>
   </div>
   <div class='ocr_carea' id='block_1_25' title="bbox 507 2553 3784 2630">
    <p class='ocr_par' dir='ltr' id='par_1_25' title="bbox 507 2553 3784 2630">
     <span class='ocr_line' id='line_1_25' title="bbox 507 2553 3784 2630; baseline 0.001 -16"><span class='ocrx_word' id='word_1_369' title='bbox 507 2555 956 2614; x_wconf 76' lang='lat' dir='ltr'><strong>Adnotationibus</strong></span> <span class='ocrx_word' id='word_1_370' title='bbox 1010 2555 1298 2621; x_wconf 89' lang='lat' dir='ltr'><strong>indicasse,</strong></span> <span class='ocrx_word' id='word_1_371' title='bbox 1333 2553 1570 2624; x_wconf 82' lang='lat' dir='ltr'><strong>nihilque</strong></span> <span class='ocrx_word' id='word_1_372' title='bbox 1613 2567 1748 2623; x_wconf 91' lang='lat' dir='ltr'><strong>opus</strong></span> <span class='ocrx_word' id='word_1_373' title='bbox 1794 2562 1876 2608; x_wconf 90' lang='lat' dir='ltr'><strong>est</strong></span> <span class='ocrx_word' id='word_1_374' title='bbox 1919 2554 2025 2610; x_wconf 89' lang='lat' dir='ltr'><strong>huc</strong></span> <span class='ocrx_word' id='word_1_375' title='bbox 2067 2554 2242 2610; x_wconf 92' lang='lat' dir='ltr'><strong>denuo</strong></span> <span class='ocrx_word' id='word_1_376' title='bbox 2284 2556 2538 2624; x_wconf 90' lang='lat' dir='ltr'><strong>proferri,</strong></span> <span class='ocrx_word' id='word_1_377' title='bbox 2573 2571 2693 2626; x_wconf 66' lang='lat' dir='ltr'><strong>quae</strong></span> <span class='ocrx_word' id='word_1_378' title='bbox 2747 2567 3028 2626; x_wconf 87' lang='lat' dir='ltr'><strong>utramque</strong></span> <span class='ocrx_word' id='word_1_379' title='bbox 3070 2560 3414 2630; x_wconf 87' lang='lat' dir='ltr'><strong>scriptionem</strong></span> <span class='ocrx_word' id='word_1_380' title='bbox 3443 2564 3784 2620; x_wconf 86' lang='lat' dir='ltr'><strong>contendenti</strong></span> 
     </span>
    </p>
   </div>
   <div class='ocr_carea' id='block_1_26' title="bbox 507 2644 3783 2726">
    <p class='ocr_par' dir='ltr' id='par_1_26' title="bbox 507 2644 3783 2726">
     <span class='ocr_line' id='line_1_26' title="bbox 507 2644 3783 2726; baseline 0.003 -25"><span class='ocrx_word' id='word_1_381' title='bbox 507 2644 686 2701; x_wconf 85' lang='lat' dir='ltr'><strong>fraudi</strong></span> <span class='ocrx_word' id='word_1_382' title='bbox 716 2659 836 2700; x_wconf 89' lang='lat' dir='ltr'><strong>esse</strong></span> <span class='ocrx_word' id='word_1_383' title='bbox 882 2656 1172 2713; x_wconf 86' lang='lat' dir='ltr'><strong>nequeunt.</strong></span> <span class='ocrx_word' id='word_1_384' title='bbox 1204 2645 1409 2700; x_wconf 66' lang='lat' dir='ltr'><strong>Caatera</strong></span> <span class='ocrx_word' id='word_1_385' title='bbox 1440 2653 1495 2699; x_wconf 91' lang='lat' dir='ltr'><strong>et</strong></span> <span class='ocrx_word' id='word_1_386' title='bbox 1525 2645 1687 2714; x_wconf 91' lang='lat' dir='ltr'><strong>probe</strong></span> <span class='ocrx_word' id='word_1_387' title='bbox 1716 2644 1916 2700; x_wconf 81' lang='lat' dir='ltr'><strong>Auctor</strong></span> <span class='ocrx_word' id='word_1_388' title='bbox 1942 2646 2342 2705; x_wconf 86' lang='lat' dir='ltr'><strong>Ecclesiasticas</strong></span> <span class='ocrx_word' id='word_1_389' title='bbox 2372 2649 2729 2717; x_wconf 81' lang='lat' dir='ltr'><strong>Antiquitates</strong></span> <span class='ocrx_word' id='word_1_390' title='bbox 2751 2652 3064 2721; x_wconf 87' lang='lat' dir='ltr'><strong>cumprimis</strong></span> <span class='ocrx_word' id='word_1_391' title='bbox 3096 2654 3269 2721; x_wconf 84' lang='lat' dir='ltr'><strong>novit,</strong></span> <span class='ocrx_word' id='word_1_392' title='bbox 3296 2663 3350 2709; x_wconf 87' lang='lat' dir='ltr'><strong>et</strong></span> <span class='ocrx_word' id='word_1_393' title='bbox 3371 2656 3630 2726; x_wconf 66' lang='lat' dir='ltr'><strong>praeclara</strong></span> <span class='ocrx_word' id='word_1_394' title='bbox 3664 2673 3783 2712; x_wconf 83' lang='lat' dir='ltr'><strong>eru-</strong></span> 
     </span>
    </p>
   </div>
   <div class='ocr_carea' id='block_1_27' title="bbox 508 2733 1790 2804">
    <p class='ocr_par' dir='ltr' id='par_1_27' title="bbox 508 2733 1790 2804">
     <span class='ocr_line' id='line_1_27' title="bbox 508 2733 1790 2804; baseline -0.002 -11"><span class='ocrx_word' id='word_1_395' title='bbox 508 2737 714 2792; x_wconf 89' lang='lat' dir='ltr'><strong>ditione</strong></span> <span class='ocrx_word' id='word_1_396' title='bbox 742 2749 805 2790; x_wconf 85' lang='lat' dir='ltr'><strong>ac</strong></span> <span class='ocrx_word' id='word_1_397' title='bbox 834 2735 1076 2790; x_wconf 83' lang='lat' dir='ltr'><strong>doctrina</strong></span> <span class='ocrx_word' id='word_1_398' title='bbox 1113 2733 1229 2804; x_wconf 82' lang='lat' dir='ltr'><strong>ejus</strong></span> <span class='ocrx_word' id='word_1_399' title='bbox 1256 2733 1483 2790; x_wconf 84' lang='lat' dir='ltr'><strong>refertus</strong></span> <span class='ocrx_word' id='word_1_400' title='bbox 1511 2747 1593 2791; x_wconf 91' lang='lat' dir='ltr'><strong>est</strong></span> <span class='ocrx_word' id='word_1_401' title='bbox 1633 2735 1790 2791; x_wconf 79' lang='lat' dir='ltr'><strong>liber.</strong></span> 
     </span>
    </p>
   </div>
   <div class='ocr_carea' id='block_1_28' title="bbox 488 2828 3776 2908">
    <p class='ocr_par' dir='ltr' id='par_1_28' title="bbox 488 2828 3776 2908">
     <span class='ocr_line' id='line_1_28' title="bbox 488 2828 3776 2908; baseline 0.002 -22"><span class='ocrx_word' id='word_1_402' title='bbox 488 2850 490 2852; x_wconf 91' lang='grc'><strong>·</strong></span> <span class='ocrx_word' id='word_1_403' title='bbox 572 2828 681 2886; x_wconf 87' lang='lat' dir='ltr'><strong>Sed</strong></span> <span class='ocrx_word' id='word_1_404' title='bbox 707 2829 844 2883; x_wconf 86' lang='lat' dir='ltr'><strong>alius</strong></span> <span class='ocrx_word' id='word_1_405' title='bbox 885 2836 987 2891; x_wconf 86' lang='lat' dir='ltr'><strong>est,</strong></span> <span class='ocrx_word' id='word_1_406' title='bbox 1025 2843 1186 2898; x_wconf 89' lang='lat' dir='ltr'><strong>quem</strong></span> <span class='ocrx_word' id='word_1_407' title='bbox 1221 2829 1495 2897; x_wconf 79' lang='lat' dir='ltr'><strong>praeterire</strong></span> <span class='ocrx_word' id='word_1_408' title='bbox 1539 2829 1760 2885; x_wconf 90' lang='lat' dir='ltr'><strong>omnino</strong></span> <span class='ocrx_word' id='word_1_409' title='bbox 1806 2845 1910 2886; x_wconf 91' lang='lat' dir='ltr'><strong>non</strong></span> <span class='ocrx_word' id='word_1_410' title='bbox 1962 2845 2267 2901; x_wconf 87' lang='lat' dir='ltr'><strong>possumus,</strong></span> <span class='ocrx_word' id='word_1_411' title='bbox 2300 2840 2357 2886; x_wconf 92' lang='lat' dir='ltr'><strong>ut</strong></span> <span class='ocrx_word' id='word_1_412' title='bbox 2401 2847 2467 2887; x_wconf 91' lang='lat' dir='ltr'><strong>ne</strong></span> <span class='ocrx_word' id='word_1_413' title='bbox 2497 2831 2697 2887; x_wconf 91' lang='lat' dir='ltr'><strong>diutius</strong></span> <span class='ocrx_word' id='word_1_414' title='bbox 2731 2832 2888 2902; x_wconf 80' lang='lat' dir='ltr'><strong>vulgo</strong></span> <span class='ocrx_word' id='word_1_415' title='bbox 2937 2834 3298 2891; x_wconf 88' lang='lat' dir='ltr'><strong>studiosorum</strong></span> <span class='ocrx_word' id='word_1_416' title='bbox 3344 2839 3520 2893; x_wconf 88' lang='lat' dir='ltr'><strong>fucum</strong></span> <span class='ocrx_word' id='word_1_417' title='bbox 3556 2839 3776 2908; x_wconf 86' lang='lat' dir='ltr'><strong>impune</strong></span> 
     </span>
    </p>
   </div>
   <div class='ocr_carea' id='block_1_29' title="bbox 507 2916 3780 2997">
    <p class='ocr_par' dir='ltr' id='par_1_29' title="bbox 507 2916 3780 2997">
     <span class='ocr_line' id='line_1_29' title="bbox 507 2916 3780 2997; baseline 0.004 -22"><span class='ocrx_word' id='word_1_418' title='bbox 507 2920 690 2976; x_wconf 84' lang='lat' dir='ltr'><strong>faciat.</strong></span> <span class='ocrx_word' id='word_1_419' title='bbox 715 2921 810 2976; x_wconf 78' lang='lat' dir='ltr'><strong>Est</strong></span> <span class='ocrx_word' id='word_1_420' title='bbox 836 2930 1014 2974; x_wconf 88' lang='lat' dir='ltr'><strong>autem</strong></span> <span class='ocrx_word' id='word_1_421' title='bbox 1047 2933 1077 2974; x_wconf 91' lang='lat' dir='ltr'><strong>e</strong></span> <span class='ocrx_word' id='word_1_422' title='bbox 1113 2919 1519 2974; x_wconf 87' lang='lat' dir='ltr'><strong>Carmelitarum</strong></span> <span class='ocrx_word' id='word_1_423' title='bbox 1559 2916 1760 2976; x_wconf 83' lang='lat' dir='ltr'><strong>familia</strong></span> <span class='ocrx_word' id='word_1_424' title='bbox 1791 2920 1978 2977; x_wconf 88' lang='lat' dir='ltr'><strong>Frater</strong></span> <span class='ocrx_word' id='word_1_425' title='bbox 2015 2941 2032 2974; x_wconf 73' lang='grc' dir='ltr'>ι</span> <span class='ocrx_word' id='word_1_426' title='bbox 2079 2923 2266 2978; x_wconf 83' lang='lat' dir='ltr'><strong>Petrus</strong></span> <span class='ocrx_word' id='word_1_427' title='bbox 2295 2923 2530 2978; x_wconf 86' lang='lat' dir='ltr'><strong>Thomas</strong></span> <span class='ocrx_word' id='word_1_428' title='bbox 2570 2923 2834 2992; x_wconf 71' lang='lat' dir='ltr'><strong>Cacriari,</strong></span> <span class='ocrx_word' id='word_1_429' title='bbox 2868 2935 2924 2978; x_wconf 90' lang='lat' dir='ltr'><strong>ut</strong></span> <span class='ocrx_word' id='word_1_430' title='bbox 2964 2941 3022 2981; x_wconf 89' lang='lat' dir='ltr'><strong>se</strong></span> <span class='ocrx_word' id='word_1_431' title='bbox 3065 2928 3180 2996; x_wconf 88' lang='lat' dir='ltr'><strong>ipse</strong></span> <span class='ocrx_word' id='word_1_432' title='bbox 3213 2930 3466 2997; x_wconf 86' lang='lat' dir='ltr'><strong>nominat,</strong></span> <span class='ocrx_word' id='word_1_433' title='bbox 3500 2931 3640 2987; x_wconf 88' lang='lat' dir='ltr'><strong>Cleri</strong></span> <span class='ocrx_word' id='word_1_434' title='bbox 3673 2933 3780 2986; x_wconf 80' lang='lat' dir='ltr'><strong>llo—</strong></span> 
     </span>
    </p>
   </div>
   <div class='ocr_carea' id='block_1_30' title="bbox 505 3011 3778 3090">
    <p class='ocr_par' dir='ltr' id='par_1_30' title="bbox 505 3011 3778 3090">
     <span class='ocr_line' id='line_1_30' title="bbox 505 3011 3778 3090; baseline 0.003 -22"><span class='ocrx_word' id='word_1_435' title='bbox 505 3015 652 3068; x_wconf 87' lang='lat' dir='ltr'><strong>mani</strong></span> <span class='ocrx_word' id='word_1_436' title='bbox 704 3013 1040 3068; x_wconf 76' lang='lat' dir='ltr'><strong>examinator</strong></span> <span class='ocrx_word' id='word_1_437' title='bbox 1065 3011 1428 3082; x_wconf 85' lang='lat' dir='ltr'><strong>Apostolicus,</strong></span> <span class='ocrx_word' id='word_1_438' title='bbox 1469 3021 1522 3066; x_wconf 92' lang='lat' dir='ltr'><strong>et</strong></span> <span class='ocrx_word' id='word_1_439' title='bbox 1571 3012 1621 3066; x_wconf 91' lang='lat' dir='ltr'><strong>in</strong></span> <span class='ocrx_word' id='word_1_440' title='bbox 1668 3012 1904 3083; x_wconf 88' lang='lat' dir='ltr'><strong>Collegio</strong></span> <span class='ocrx_word' id='word_1_441' title='bbox 1953 3012 2168 3069; x_wconf 85' lang='lat' dir='ltr'><strong>Urbano</strong></span> <span class='ocrx_word' id='word_1_442' title='bbox 2219 3014 2580 3083; x_wconf 77' lang='lat' dir='ltr'><strong>Propagandte</strong></span> <span class='ocrx_word' id='word_1_443' title='bbox 2627 3014 2776 3070; x_wconf 84' lang='lat' dir='ltr'><strong>Fidei</strong></span> <span class='ocrx_word' id='word_1_444' title='bbox 2825 3016 3017 3070; x_wconf 89' lang='lat' dir='ltr'><strong>Lector</strong></span> <span class='ocrx_word' id='word_1_445' title='bbox 3069 3018 3373 3090; x_wconf 76' lang='lat' dir='ltr'><strong>Theologia:</strong></span> <span class='ocrx_word' id='word_1_446' title='bbox 3405 3022 3710 3090; x_wconf 86' lang='lat' dir='ltr'><strong>primarius.</strong></span> <span class='ocrx_word' id='word_1_447' title='bbox 3757 3042 3778 3075; x_wconf 71' lang='grc' dir='ltr'>ι</span> 
     </span>
    </p>
   </div>
   <div class='ocr_carea' id='block_1_31' title="bbox 506 3101 3783 3171">
    <p class='ocr_par' dir='ltr' id='par_1_31' title="bbox 506 3101 3783 3171">
     <span class='ocr_line' id='line_1_31' title="bbox 506 3101 3783 3171; baseline 0.004 -13"><span class='ocrx_word' id='word_1_448' title='bbox 506 3101 740 3159; x_wconf 74' lang='lat' dir='ltr'><strong>Editioni</strong></span> <span class='ocrx_word' id='word_1_449' title='bbox 772 3116 904 3169; x_wconf 80' lang='lat' dir='ltr'><strong>suae,</strong></span> <span class='ocrx_word' id='word_1_450' title='bbox 937 3115 1096 3171; x_wconf 90' lang='lat' dir='ltr'><strong>quam</strong></span> <span class='ocrx_word' id='word_1_451' title='bbox 1138 3111 1262 3156; x_wconf 87' lang='lat' dir='ltr'><strong>ante</strong></span> <span class='ocrx_word' id='word_1_452' title='bbox 1291 3108 1400 3156; x_wconf 81' lang='lat' dir='ltr'><strong>tres</strong></span> <span class='ocrx_word' id='word_1_453' title='bbox 1435 3101 1600 3155; x_wconf 87' lang='lat' dir='ltr'><strong>ferme</strong></span> <span class='ocrx_word' id='word_1_454' title='bbox 1629 3116 1799 3157; x_wconf 87' lang='lat' dir='ltr'><strong>annos</strong></span> <span class='ocrx_word' id='word_1_455' title='bbox 1845 3104 2126 3159; x_wconf 88' lang='lat' dir='ltr'><strong>adornavit</strong></span> <span class='ocrx_word' id='word_1_456' title='bbox 2155 3105 2402 3160; x_wconf 61' lang='lat' dir='ltr'><strong>Historia:</strong></span> <span class='ocrx_word' id='word_1_457' title='bbox 2428 3106 2820 3162; x_wconf 78' lang='lat' dir='ltr'><strong>Ecclesiasticze</strong></span> <span class='ocrx_word' id='word_1_458' title='bbox 2862 3124 2930 3163; x_wconf 83' lang='lat' dir='ltr'><strong>ex</strong></span> <span class='ocrx_word' id='word_1_459' title='bbox 2975 3110 3257 3166; x_wconf 81' lang='lat' dir='ltr'><strong>Ruﬁniana</strong></span> <span class='ocrx_word' id='word_1_460' title='bbox 3290 3112 3669 3170; x_wconf 67' lang='lat' dir='ltr'><strong>Translatione</strong></span> <span class='ocrx_word' id='word_1_461' title='bbox 3719 3117 3783 3171; x_wconf 89' lang='lat' dir='ltr'><strong>dc</strong></span> 
     </span>
    </p>
   </div>
   <div class='ocr_carea' id='block_1_32' title="bbox 509 3192 3784 3280">
    <p class='ocr_par' dir='ltr' id='par_1_32' title="bbox 509 3192 3784 3280">
     <span class='ocr_line' id='line_1_32' title="bbox 509 3192 3784 3280; baseline 0.003 -30"><span class='ocrx_word' id='word_1_462' title='bbox 509 3192 708 3250; x_wconf 70' lang='lat' dir='ltr'><strong>Graecis</strong></span> <span class='ocrx_word' id='word_1_463' title='bbox 740 3193 978 3259; x_wconf 89' lang='lat' dir='ltr'><strong>Eusebii,</strong></span> <span class='ocrx_word' id='word_1_464' title='bbox 1010 3192 1205 3248; x_wconf 89' lang='lat' dir='ltr'><strong>additis</strong></span> <span class='ocrx_word' id='word_1_465' title='bbox 1257 3201 1313 3248; x_wconf 92' lang='lat' dir='ltr'><strong>et</strong></span> <span class='ocrx_word' id='word_1_466' title='bbox 1351 3193 1558 3249; x_wconf 88' lang='lat' dir='ltr'><strong>duobus</strong></span> <span class='ocrx_word' id='word_1_467' title='bbox 1601 3193 1779 3249; x_wconf 88' lang='lat' dir='ltr'><strong>Rufini</strong></span> <span class='ocrx_word' id='word_1_468' title='bbox 1818 3193 2095 3264; x_wconf 88' lang='lat' dir='ltr'><strong>ipsiusmet</strong></span> <span class='ocrx_word' id='word_1_469' title='bbox 2125 3195 2318 3262; x_wconf 89' lang='lat' dir='ltr'><strong>Libris,</strong></span> <span class='ocrx_word' id='word_1_470' title='bbox 2355 3196 2774 3251; x_wconf 81' lang='lat' dir='ltr'><strong>Dissertationem</strong></span> <span class='ocrx_word' id='word_1_471' title='bbox 2814 3201 3086 3255; x_wconf 78' lang='lat' dir='ltr'><strong>subtexuit</strong></span> <span class='ocrx_word' id='word_1_472' title='bbox 3116 3201 3451 3270; x_wconf 77' lang='lat' dir='ltr'><strong>llistoricain,</strong></span> <span class='ocrx_word' id='word_1_473' title='bbox 3486 3209 3538 3258; x_wconf 91' lang='lat' dir='ltr'><strong>in</strong></span> <span class='ocrx_word' id='word_1_474' title='bbox 3570 3223 3670 3276; x_wconf 87' lang='lat' dir='ltr'><strong>qua</strong></span> <span class='ocrx_word' id='word_1_475' title='bbox 3718 3209 3784 3280; x_wconf 75' lang='lat' dir='ltr'><strong>do</strong></span> 
     </span>
    </p>
   </div>
   <div class='ocr_carea' id='block_1_33' title="bbox 515 3287 3782 3377">
    <p class='ocr_par' dir='ltr' id='par_1_33' title="bbox 515 3287 3782 3377">
     <span class='ocr_line' id='line_1_33' title="bbox 515 3287 3782 3377; baseline 0.005 -33"><span class='ocrx_word' id='word_1_476' title='bbox 515 3289 632 3344; x_wconf 74' lang='lat' dir='ltr'><strong>Vita</strong></span> <span class='ocrx_word' id='word_1_477' title='bbox 677 3287 836 3358; x_wconf 84' lang='lat' dir='ltr'><strong>hujus</strong></span> <span class='ocrx_word' id='word_1_478' title='bbox 879 3296 934 3344; x_wconf 92' lang='lat' dir='ltr'><strong>et</strong></span> <span class='ocrx_word' id='word_1_479' title='bbox 960 3289 1086 3356; x_wconf 85' lang='lat' dir='ltr'><strong>ﬁde,</strong></span> <span class='ocrx_word' id='word_1_480' title='bbox 1117 3303 1215 3345; x_wconf 90' lang='lat' dir='ltr'><strong>nec</strong></span> <span class='ocrx_word' id='word_1_481' title='bbox 1242 3304 1346 3344; x_wconf 93' lang='lat' dir='ltr'><strong>non</strong></span> <span class='ocrx_word' id='word_1_482' title='bbox 1393 3290 1762 3345; x_wconf 86' lang='lat' dir='ltr'><strong>Translatione</strong></span> <span class='ocrx_word' id='word_1_483' title='bbox 1809 3292 1922 3361; x_wconf 88' lang='lat' dir='ltr'><strong>ipsa</strong></span> <span class='ocrx_word' id='word_1_484' title='bbox 1971 3293 2208 3362; x_wconf 91' lang='lat' dir='ltr'><strong>inquirit.</strong></span> <span class='ocrx_word' id='word_1_485' title='bbox 2239 3293 2305 3348; x_wconf 85' lang='lat' dir='ltr'><strong>Et</strong></span> <span class='ocrx_word' id='word_1_486' title='bbox 2351 3310 2465 3349; x_wconf 89' lang='lat' dir='ltr'><strong>rem</strong></span> <span class='ocrx_word' id='word_1_487' title='bbox 2497 3295 2709 3365; x_wconf 88' lang='lat' dir='ltr'><strong>quidem</strong></span> <span class='ocrx_word' id='word_1_488' title='bbox 2740 3296 2808 3352; x_wconf 90' lang='lat' dir='ltr'><strong>ab</strong></span> <span class='ocrx_word' id='word_1_489' title='bbox 2850 3313 2951 3353; x_wconf 86' lang='lat' dir='ltr'><strong>ovo</strong></span> <span class='ocrx_word' id='word_1_490' title='bbox 2977 3300 3276 3366; x_wconf 84' lang='lat' dir='ltr'><strong>exorditur,</strong></span> <span class='ocrx_word' id='word_1_491' title='bbox 3309 3304 3405 3358; x_wconf 90' lang='lat' dir='ltr'><strong>abs</strong></span> <span class='ocrx_word' id='word_1_492' title='bbox 3449 3304 3782 3377; x_wconf 84' lang='lat' dir='ltr'><strong>llierouymi,</strong></span> 
     </span>
    </p>
   </div>
   <div class='ocr_carea' id='block_1_34' title="bbox 504 3379 3777 3466">
    <p class='ocr_par' dir='ltr' id='par_1_34' title="bbox 504 3379 3777 3466">
     <span class='ocr_line' id='line_1_34' title="bbox 504 3379 3777 3466; baseline 0.004 -28"><span class='ocrx_word' id='word_1_493' title='bbox 504 3382 745 3452; x_wconf 77' lang='lat' dir='ltr'><strong>inquam,</strong></span> <span class='ocrx_word' id='word_1_494' title='bbox 777 3395 897 3435; x_wconf 89' lang='lat' dir='ltr'><strong>cum</strong></span> <span class='ocrx_word' id='word_1_495' title='bbox 926 3379 1120 3434; x_wconf 87' lang='lat' dir='ltr'><strong>Ruﬁno</strong></span> <span class='ocrx_word' id='word_1_496' title='bbox 1151 3381 1319 3450; x_wconf 89' lang='lat' dir='ltr'><strong>prima</strong></span> <span class='ocrx_word' id='word_1_497' title='bbox 1350 3381 1601 3445; x_wconf 84' lang='lat' dir='ltr'><strong>amicitia,</strong></span> <span class='ocrx_word' id='word_1_498' title='bbox 1633 3381 1825 3437; x_wconf 86' lang='lat' dir='ltr'><strong>seriem</strong></span> <span class='ocrx_word' id='word_1_499' title='bbox 1857 3381 2052 3438; x_wconf 89' lang='lat' dir='ltr'><strong>deinde</strong></span> <span class='ocrx_word' id='word_1_500' title='bbox 2080 3398 2292 3437; x_wconf 90' lang='lat' dir='ltr'><strong>omnem</strong></span> <span class='ocrx_word' id='word_1_501' title='bbox 2328 3384 2461 3438; x_wconf 71' lang='lat' dir='ltr'><strong>Vitas</strong></span> <span class='ocrx_word' id='word_1_502' title='bbox 2507 3385 2624 3453; x_wconf 90' lang='lat' dir='ltr'><strong>ejus</strong></span> <span class='ocrx_word' id='word_1_503' title='bbox 2674 3395 2726 3439; x_wconf 92' lang='lat' dir='ltr'><strong>et</strong></span> <span class='ocrx_word' id='word_1_504' title='bbox 2770 3401 3001 3451; x_wconf 91' lang='lat' dir='ltr'><strong>morum,</strong></span> <span class='ocrx_word' id='word_1_505' title='bbox 3034 3389 3447 3462; x_wconf 83' lang='lat' dir='ltr'><strong>studiorumque</strong></span> <span class='ocrx_word' id='word_1_506' title='bbox 3498 3398 3777 3466; x_wconf 79' lang='lat' dir='ltr'><strong>persequi-</strong></span> 
     </span>
    </p>
   </div>
   <div class='ocr_carea' id='block_1_35' title="bbox 504 3474 3783 3556">
    <p class='ocr_par' dir='ltr' id='par_1_35' title="bbox 504 3474 3783 3556">
     <span class='ocr_line' id='line_1_35' title="bbox 504 3474 3783 3556; baseline 0.004 -24"><span class='ocrx_word' id='word_1_507' title='bbox 504 3488 616 3532; x_wconf 74' lang='lat' dir='ltr'><strong>tur.</strong></span> <span class='ocrx_word' id='word_1_508' title='bbox 645 3475 754 3532; x_wconf 86' lang='lat' dir='ltr'><strong>Sed</strong></span> <span class='ocrx_word' id='word_1_509' title='bbox 786 3475 975 3531; x_wconf 91' lang='lat' dir='ltr'><strong>mirum</strong></span> <span class='ocrx_word' id='word_1_510' title='bbox 1005 3474 1168 3544; x_wconf 87' lang='lat' dir='ltr'><strong>dictu,</strong></span> <span class='ocrx_word' id='word_1_511' title='bbox 1195 3489 1351 3544; x_wconf 89' lang='lat' dir='ltr'><strong>quam</strong></span> <span class='ocrx_word' id='word_1_512' title='bbox 1385 3489 1527 3543; x_wconf 68' lang='lat' dir='ltr'><strong>saepe</strong></span> <span class='ocrx_word' id='word_1_513' title='bbox 1555 3476 1790 3544; x_wconf 88' lang='lat' dir='ltr'><strong>fallatur,</strong></span> <span class='ocrx_word' id='word_1_514' title='bbox 1817 3485 1979 3546; x_wconf 88' lang='lat' dir='ltr'><strong>atque</strong></span> <span class='ocrx_word' id='word_1_515' title='bbox 2018 3477 2070 3530; x_wconf 93' lang='lat' dir='ltr'><strong>in</strong></span> <span class='ocrx_word' id='word_1_516' title='bbox 2104 3477 2186 3530; x_wconf 91' lang='lat' dir='ltr'><strong>his</strong></span> <span class='ocrx_word' id='word_1_517' title='bbox 2216 3479 2378 3532; x_wconf 83' lang='lat' dir='ltr'><strong>etiam</strong></span> <span class='ocrx_word' id='word_1_518' title='bbox 2408 3492 2526 3546; x_wconf 65' lang='lat' dir='ltr'><strong>quae</strong></span> <span class='ocrx_word' id='word_1_519' title='bbox 2554 3478 2713 3532; x_wconf 91' lang='lat' dir='ltr'><strong>nullis</strong></span> <span class='ocrx_word' id='word_1_520' title='bbox 2744 3487 2868 3533; x_wconf 84' lang='lat' dir='ltr'><strong>sunt</strong></span> <span class='ocrx_word' id='word_1_521' title='bbox 2905 3481 3310 3538; x_wconf 84' lang='lat' dir='ltr'><strong>difﬁcultatibus</strong></span> <span class='ocrx_word' id='word_1_522' title='bbox 3341 3485 3619 3556; x_wconf 87' lang='lat' dir='ltr'><strong>impedita,</strong></span> <span class='ocrx_word' id='word_1_523' title='bbox 3644 3497 3783 3545; x_wconf 86' lang='lat' dir='ltr'><strong>erret</strong></span> 
     </span>
    </p>
   </div>
   <div class='ocr_carea' id='block_1_36' title="bbox 500 3568 3784 3646">
    <p class='ocr_par' dir='ltr' id='par_1_36' title="bbox 500 3568 3784 3646">
     <span class='ocr_line' id='line_1_36' title="bbox 500 3568 3784 3646; baseline 0.008 -26"><span class='ocrx_word' id='word_1_524' title='bbox 500 3569 856 3641; x_wconf 78' lang='lat' dir='ltr'><strong>desipiatque.</strong></span> <span class='ocrx_word' id='word_1_525' title='bbox 900 3568 1008 3625; x_wconf 80' lang='lat' dir='ltr'><strong>Nos</strong></span> <span class='ocrx_word' id='word_1_526' title='bbox 1047 3569 1251 3638; x_wconf 88' lang='lat' dir='ltr'><strong>aliquot</strong></span> <span class='ocrx_word' id='word_1_527' title='bbox 1296 3569 1386 3637; x_wconf 90' lang='lat' dir='ltr'><strong>qui</strong></span> <span class='ocrx_word' id='word_1_528' title='bbox 1429 3570 1600 3639; x_wconf 90' lang='lat' dir='ltr'><strong>primo</strong></span> <span class='ocrx_word' id='word_1_529' title='bbox 1632 3571 1684 3624; x_wconf 90' lang='lat' dir='ltr'><strong>in</strong></span> <span class='ocrx_word' id='word_1_530' title='bbox 1732 3571 1919 3624; x_wconf 91' lang='lat' dir='ltr'><strong>oculos</strong></span> <span class='ocrx_word' id='word_1_531' title='bbox 1960 3569 2207 3624; x_wconf 89' lang='lat' dir='ltr'><strong>lectando</strong></span> <span class='ocrx_word' id='word_1_532' title='bbox 2256 3571 2531 3624; x_wconf 85' lang='lat' dir='ltr'><strong>incurrunt</strong></span> <span class='ocrx_word' id='word_1_533' title='bbox 2580 3587 2793 3627; x_wconf 89' lang='lat' dir='ltr'><strong>errores</strong></span> <span class='ocrx_word' id='word_1_534' title='bbox 2823 3574 3334 3646; x_wconf 85' lang='lat' dir='ltr'><strong>animadvertemus,</strong></span> <span class='ocrx_word' id='word_1_535' title='bbox 3363 3593 3422 3637; x_wconf 88' lang='lat' dir='ltr'><strong>ut</strong></span> <span class='ocrx_word' id='word_1_536' title='bbox 3471 3599 3538 3640; x_wconf 90' lang='lat' dir='ltr'><strong>ne</strong></span> <span class='ocrx_word' id='word_1_537' title='bbox 3572 3593 3784 3645; x_wconf 88' lang='lat' dir='ltr'><strong>muneri</strong></span> 
     </span>
    </p>
   </div>
   <div class='ocr_carea' id='block_1_37' title="bbox 500 3659 3782 3732">
    <p class='ocr_par' dir='ltr' id='par_1_37' title="bbox 500 3659 3782 3732">
     <span class='ocr_line' id='line_1_37' title="bbox 500 3659 3782 3732; baseline 0.004 -13"><span class='ocrx_word' id='word_1_538' title='bbox 500 3673 714 3730; x_wconf 85' lang='lat' dir='ltr'><strong>nostro,</strong></span> <span class='ocrx_word' id='word_1_539' title='bbox 743 3678 804 3718; x_wconf 90' lang='lat' dir='ltr'><strong>ea</strong></span> <span class='ocrx_word' id='word_1_540' title='bbox 833 3677 951 3732; x_wconf 65' lang='lat' dir='ltr'><strong>quae</strong></span> <span class='ocrx_word' id='word_1_541' title='bbox 977 3662 1195 3732; x_wconf 90' lang='lat' dir='ltr'><strong>propius</strong></span> <span class='ocrx_word' id='word_1_542' title='bbox 1224 3661 1289 3716; x_wconf 89' lang='lat' dir='ltr'><strong>ad</strong></span> <span class='ocrx_word' id='word_1_543' title='bbox 1329 3661 1574 3716; x_wconf 88' lang='lat' dir='ltr'><strong>Ruﬁnum</strong></span> <span class='ocrx_word' id='word_1_544' title='bbox 1620 3662 1890 3731; x_wconf 84' lang='lat' dir='ltr'><strong>pertinent</strong></span> <span class='ocrx_word' id='word_1_545' title='bbox 1937 3659 2294 3728; x_wconf 82' lang='lat' dir='ltr'><strong>expendendi,</strong></span> <span class='ocrx_word' id='word_1_546' title='bbox 2320 3660 2506 3716; x_wconf 85' lang='lat' dir='ltr'><strong>deesse</strong></span> <span class='ocrx_word' id='word_1_547' title='bbox 2544 3663 2825 3718; x_wconf 87' lang='lat' dir='ltr'><strong>videamur</strong></span> <span class='ocrx_word' id='word_1_548' title='bbox 2853 3681 2867 3717; x_wconf 91' lang='lat'><strong>:</strong></span> <span class='ocrx_word' id='word_1_549' title='bbox 2898 3676 3094 3721; x_wconf 61' lang='lat' dir='ltr'><strong>caetera</strong></span> <span class='ocrx_word' id='word_1_550' title='bbox 3140 3670 3311 3724; x_wconf 91' lang='lat' dir='ltr'><strong>multo</strong></span> <span class='ocrx_word' id='word_1_551' title='bbox 3353 3673 3613 3730; x_wconf 90' lang='lat' dir='ltr'><strong>libentius</strong></span> <span class='ocrx_word' id='word_1_552' title='bbox 3647 3693 3782 3731; x_wconf 63' lang='lat' dir='ltr'><strong>conc</strong></span> 
     </span>
    </p>
   </div>
   <div class='ocr_carea' id='block_1_38' title="bbox 505 3750 3784 3830">
    <p class='ocr_par' dir='ltr' id='par_1_38' title="bbox 505 3750 3784 3830">
     <span class='ocr_line' id='line_1_38' title="bbox 505 3750 3784 3830; baseline 0.004 -20"><span class='ocrx_word' id='word_1_553' title='bbox 505 3754 782 3821; x_wconf 77' lang='lat' dir='ltr'><strong>donaturi,</strong></span> <span class='ocrx_word' id='word_1_554' title='bbox 836 3769 935 3810; x_wconf 88' lang='lat' dir='ltr'><strong>nec</strong></span> <span class='ocrx_word' id='word_1_555' title='bbox 978 3754 1170 3809; x_wconf 86' lang='lat' dir='ltr'><strong>facturi</strong></span> <span class='ocrx_word' id='word_1_556' title='bbox 1198 3752 1534 3823; x_wconf 89' lang='lat' dir='ltr'><strong>dispendium</strong></span> <span class='ocrx_word' id='word_1_557' title='bbox 1587 3753 1842 3823; x_wconf 88' lang='lat' dir='ltr'><strong>temporis</strong></span> <span class='ocrx_word' id='word_1_558' title='bbox 1892 3750 2235 3820; x_wconf 85' lang='lat' dir='ltr'><strong>dispellendis</strong></span> <span class='ocrx_word' id='word_1_559' title='bbox 2283 3766 2466 3806; x_wconf 88' lang='lat' dir='ltr'><strong>eorum</strong></span> <span class='ocrx_word' id='word_1_560' title='bbox 2517 3753 3042 3824; x_wconf 81' lang='lat' dir='ltr'><strong>ballucinationibus,</strong></span> <span class='ocrx_word' id='word_1_561' title='bbox 3076 3776 3209 3830; x_wconf 90' lang='lat' dir='ltr'><strong>quos</strong></span> <span class='ocrx_word' id='word_1_562' title='bbox 3255 3764 3509 3822; x_wconf 80' lang='lat' dir='ltr'><strong>dedoceri</strong></span> <span class='ocrx_word' id='word_1_563' title='bbox 3557 3769 3784 3824; x_wconf 86' lang='lat' dir='ltr'><strong>fortasse</strong></span> 
     </span>
    </p>
   </div>
   <div class='ocr_carea' id='block_1_39' title="bbox 500 3849 2117 3924">
    <p class='ocr_par' dir='ltr' id='par_1_39' title="bbox 500 3849 2094 3918">
     <span class='ocr_line' id='line_1_39' title="bbox 500 3849 2094 3918; baseline -0.002 -14"><span class='ocrx_word' id='word_1_564' title='bbox 500 3849 721 3918; x_wconf 86' lang='lat' dir='ltr'><strong>pudeat.</strong></span> <span class='ocrx_word' id='word_1_565' title='bbox 2087 3858 2094 3864; x_wconf 92' lang='grc'><strong>·</strong></span> 
     </span>
    </p>
   </div>
   <div class='ocr_carea' id='block_1_40' title="bbox 581 3935 3785 4010">
    <p class='ocr_par' dir='ltr' id='par_1_40' title="bbox 581 3935 3785 4010">
     <span class='ocr_line' id='line_1_40' title="bbox 581 3935 3785 4010; baseline 0.004 -17"><span class='ocrx_word' id='word_1_566' title='bbox 581 3956 602 3992; x_wconf 78' lang='lat' dir='ltr'><strong>t</strong></span> <span class='ocrx_word' id='word_1_567' title='bbox 651 3938 1031 4010; x_wconf 81' lang='lat' dir='ltr'><strong>Hieronymum</strong></span> <span class='ocrx_word' id='word_1_568' title='bbox 1059 3939 1131 3994; x_wconf 85' lang='lat' dir='ltr'><strong>ait</strong></span> <span class='ocrx_word' id='word_1_569' title='bbox 1161 3937 1291 4007; x_wconf 87' lang='lat' dir='ltr'><strong>Cap.</strong></span> <span class='ocrx_word' id='word_1_570' title='bbox 1328 3937 1389 3992; x_wconf 86' lang='lat' dir='ltr'><strong>ll.</strong></span> <span class='ocrx_word' id='word_1_571' title='bbox 1417 3946 1542 3992; x_wconf 89' lang='lat' dir='ltr'><strong>tunc</strong></span> <span class='ocrx_word' id='word_1_572' title='bbox 1579 3937 1632 3992; x_wconf 84' lang='lat' dir='ltr'><strong>in</strong></span> <span class='ocrx_word' id='word_1_573' title='bbox 1680 3935 2016 3998; x_wconf 85' lang='lat' dir='ltr'><strong>Dalmatiam,</strong></span> <span class='ocrx_word' id='word_1_574' title='bbox 2053 3936 2278 4004; x_wconf 89' lang='lat' dir='ltr'><strong>patrium</strong></span> <span class='ocrx_word' id='word_1_575' title='bbox 2309 3935 2502 4000; x_wconf 91' lang='lat' dir='ltr'><strong>solum,</strong></span> <span class='ocrx_word' id='word_1_576' title='bbox 2528 3936 2703 3992; x_wconf 83' lang='lat' dir='ltr'><strong>redire</strong></span> <span class='ocrx_word' id='word_1_577' title='bbox 2725 3940 3080 4009; x_wconf 88' lang='lat' dir='ltr'><strong>compulsum,</strong></span> <span class='ocrx_word' id='word_1_578' title='bbox 3114 3958 3233 3997; x_wconf 86' lang='lat' dir='ltr'><strong>cum</strong></span> <span class='ocrx_word' id='word_1_579' title='bbox 3266 3945 3330 3999; x_wconf 89' lang='lat' dir='ltr'><strong>ad</strong></span> <span class='ocrx_word' id='word_1_580' title='bbox 3371 3946 3624 4004; x_wconf 86' lang='lat' dir='ltr'><strong>Ruﬁnum</strong></span> <span class='ocrx_word' id='word_1_581' title='bbox 3653 3953 3785 4007; x_wconf 89' lang='lat' dir='ltr'><strong>scri-</strong></span> 
     </span>
    </p>
   </div>
   <div class='ocr_carea' id='block_1_41' title="bbox 501 4025 3786 4105">
    <p class='ocr_par' dir='ltr' id='par_1_41' title="bbox 501 4025 3786 4105">
     <span class='ocr_line' id='line_1_41' title="bbox 501 4025 3786 4105; baseline 0.001 -23"><span class='ocrx_word' id='word_1_582' title='bbox 501 4028 659 4101; x_wconf 67' lang='lat' dir='ltr'><strong>bens,</strong></span> <span class='ocrx_word' id='word_1_583' title='bbox 696 4027 993 4099; x_wconf 79' lang='lat' dir='ltr'><strong>Postquam,</strong></span> <span class='ocrx_word' id='word_1_584' title='bbox 1038 4029 1226 4100; x_wconf 84' lang='lat' dir='ltr'><strong>inquit,</strong></span> <span class='ocrx_word' id='word_1_585' title='bbox 1268 4045 1346 4083; x_wconf 85' lang='lat' dir='ltr'><strong>me</strong></span> <span class='ocrx_word' id='word_1_586' title='bbox 1386 4045 1418 4082; x_wconf 93' lang='lat' dir='ltr'><strong>a</strong></span> <span class='ocrx_word' id='word_1_587' title='bbox 1460 4038 1546 4081; x_wconf 87' lang='lat' dir='ltr'><strong>tuo</strong></span> <span class='ocrx_word' id='word_1_588' title='bbox 1590 4027 1747 4080; x_wconf 80' lang='lat' dir='ltr'><strong>latere</strong></span> <span class='ocrx_word' id='word_1_589' title='bbox 1792 4026 1986 4079; x_wconf 86' lang='lat' dir='ltr'><strong>subitus</strong></span> <span class='ocrx_word' id='word_1_590' title='bbox 2017 4025 2161 4080; x_wconf 84' lang='lat' dir='ltr'><strong>turbo</strong></span> <span class='ocrx_word' id='word_1_591' title='bbox 2211 4027 2479 4093; x_wconf 78' lang='lat' dir='ltr'><strong>con-vulsit,</strong></span> <span class='ocrx_word' id='word_1_592' title='bbox 2508 4035 2612 4082; x_wconf 91' lang='lat' dir='ltr'><strong>etc.</strong></span> <span class='ocrx_word' id='word_1_593' title='bbox 2645 4028 2857 4099; x_wconf 81' lang='lat' dir='ltr'><strong>(Epist.</strong></span> <span class='ocrx_word' id='word_1_594' title='bbox 2901 4030 3062 4102; x_wconf 88' lang='lat' dir='ltr'><strong><em>III).</em></strong></span> <span class='ocrx_word' id='word_1_595' title='bbox 3103 4051 3122 4086; x_wconf 73' lang='grc' dir='ltr'><strong><em>ι</em></strong></span> <span class='ocrx_word' id='word_1_596' title='bbox 3184 4036 3421 4105; x_wconf 70' lang='lat' dir='ltr'><strong>scilicet,</strong></span> <span class='ocrx_word' id='word_1_597' title='bbox 3467 4042 3646 4098; x_wconf 60' lang='lat' dir='ltr'><strong>redLe</strong></span> <span class='ocrx_word' id='word_1_598' title='bbox 3696 4047 3786 4100; x_wconf 65' lang='lat' dir='ltr'><strong>me</strong></span> 
     </span>
    </p>
   </div>
   <div class='ocr_carea' id='block_1_42' title="bbox 500 4117 3784 4207">
    <p class='ocr_par' dir='ltr' id='par_1_42' title="bbox 500 4117 3784 4207">
     <span class='ocr_line' id='line_1_42' title="bbox 500 4117 3784 4207; baseline 0.004 -28"><span class='ocrx_word' id='word_1_599' title='bbox 500 4125 711 4181; x_wconf 82' lang='lat' dir='ltr'><strong>dicetur</strong></span> <span class='ocrx_word' id='word_1_600' title='bbox 751 4124 802 4178; x_wconf 92' lang='lat' dir='ltr'><strong>in</strong></span> <span class='ocrx_word' id='word_1_601' title='bbox 830 4123 1055 4192; x_wconf 88' lang='lat' dir='ltr'><strong>patriam</strong></span> <span class='ocrx_word' id='word_1_602' title='bbox 1086 4123 1176 4194; x_wconf 93' lang='lat' dir='ltr'><strong>qui</strong></span> <span class='ocrx_word' id='word_1_603' title='bbox 1204 4137 1264 4177; x_wconf 88' lang='lat' dir='ltr'><strong>se</strong></span> <span class='ocrx_word' id='word_1_604' title='bbox 1303 4121 1427 4176; x_wconf 89' lang='lat' dir='ltr'><strong>inde</strong></span> <span class='ocrx_word' id='word_1_605' title='bbox 1467 4121 1543 4176; x_wconf 88' lang='lat' dir='ltr'><strong>ait</strong></span> <span class='ocrx_word' id='word_1_606' title='bbox 1579 4121 1912 4187; x_wconf 88' lang='lat' dir='ltr'><strong>compulsum</strong></span> <span class='ocrx_word' id='word_1_607' title='bbox 1952 4117 2268 4184; x_wconf 84' lang='lat' dir='ltr'><strong>abscedere,</strong></span> <span class='ocrx_word' id='word_1_608' title='bbox 2302 4117 2627 4186; x_wconf 81' lang='lat' dir='ltr'><strong>Parentibus,</strong></span> <span class='ocrx_word' id='word_1_609' title='bbox 2662 4121 2864 4190; x_wconf 84' lang='lat' dir='ltr'><strong>Sorori,</strong></span> <span class='ocrx_word' id='word_1_610' title='bbox 2904 4124 3147 4198; x_wconf 78' lang='lat' dir='ltr'><strong>Cagnatis</strong></span> <span class='ocrx_word' id='word_1_611' title='bbox 3191 4131 3305 4184; x_wconf 85' lang='lat' dir='ltr'><strong>vale</strong></span> <span class='ocrx_word' id='word_1_612' title='bbox 3348 4131 3543 4188; x_wconf 77' lang='lat' dir='ltr'><strong>dixisse</strong></span> <span class='ocrx_word' id='word_1_613' title='bbox 3586 4135 3784 4207; x_wconf 81' lang='lat' dir='ltr'><strong>(Epist.</strong></span> 
     </span>
    </p>
   </div>
   <div class='ocr_carea' id='block_1_43' title="bbox 500 4210 3780 4292">
    <p class='ocr_par' dir='ltr' id='par_1_43' title="bbox 500 4210 3780 4292">
     <span class='ocr_line' id='line_1_43' title="bbox 500 4210 3780 4292; baseline -0.001 -19"><span class='ocrx_word' id='word_1_614' title='bbox 500 4216 722 4288; x_wconf 81' lang='lat' dir='ltr'><strong>XXII).</strong></span> <span class='ocrx_word' id='word_1_615' title='bbox 751 4218 1068 4273; x_wconf 86' lang='lat' dir='ltr'><strong>Cautherius</strong></span> <span class='ocrx_word' id='word_1_616' title='bbox 1114 4217 1165 4271; x_wconf 93' lang='lat' dir='ltr'><strong>in</strong></span> <span class='ocrx_word' id='word_1_617' title='bbox 1198 4225 1373 4286; x_wconf 86' lang='lat' dir='ltr'><strong>porta.</strong></span> <span class='ocrx_word' id='word_1_618' title='bbox 1407 4215 1539 4269; x_wconf 79' lang='lat' dir='ltr'><strong>Vide</strong></span> <span class='ocrx_word' id='word_1_619' title='bbox 1582 4227 1680 4268; x_wconf 91' lang='lat' dir='ltr'><strong>nos</strong></span> <span class='ocrx_word' id='word_1_620' title='bbox 1705 4212 1839 4281; x_wconf 85' lang='lat' dir='ltr'><strong>Cap.</strong></span> <span class='ocrx_word' id='word_1_621' title='bbox 1869 4211 1901 4264; x_wconf 88' lang='lat'><strong>6</strong></span> <span class='ocrx_word' id='word_1_622' title='bbox 1938 4210 2072 4265; x_wconf 66' lang='lat' dir='ltr'><strong>Vitm</strong></span> <span class='ocrx_word' id='word_1_623' title='bbox 2116 4211 2582 4280; x_wconf 75' lang='lat' dir='ltr'><strong>Hieronymianzn;</strong></span> <span class='ocrx_word' id='word_1_624' title='bbox 2633 4229 2808 4283; x_wconf 90' lang='lat' dir='ltr'><strong>neque</strong></span> <span class='ocrx_word' id='word_1_625' title='bbox 2857 4218 3022 4287; x_wconf 90' lang='lat' dir='ltr'><strong>cnim,</strong></span> <span class='ocrx_word' id='word_1_626' title='bbox 3055 4221 3096 4273; x_wconf 91' lang='lat' dir='ltr'><strong>si</strong></span> <span class='ocrx_word' id='word_1_627' title='bbox 3131 4222 3312 4292; x_wconf 84' lang='lat' dir='ltr'><strong>plures</strong></span> <span class='ocrx_word' id='word_1_628' title='bbox 3358 4241 3464 4279; x_wconf 73' lang='lat' dir='ltr'><strong>una</strong></span> <span class='ocrx_word' id='word_1_629' title='bbox 3508 4232 3780 4284; x_wconf 63' lang='lat' dir='ltr'><strong>sententia</strong></span> 
     </span>
    </p>
   </div>
   <div class='ocr_carea' id='block_1_44' title="bbox 499 4303 3783 4392">
    <p class='ocr_par' dir='ltr' id='par_1_44' title="bbox 499 4303 3783 4392">
     <span class='ocr_line' id='line_1_44' title="bbox 499 4303 3783 4392; baseline 0.003 -30"><span class='ocrx_word' id='word_1_630' title='bbox 499 4326 714 4368; x_wconf 80' lang='lat' dir='ltr'><strong>errores</strong></span> <span class='ocrx_word' id='word_1_631' title='bbox 739 4312 1096 4377; x_wconf 86' lang='lat' dir='ltr'><strong>cumulantur,</strong></span> <span class='ocrx_word' id='word_1_632' title='bbox 1129 4310 1372 4378; x_wconf 77' lang='lat' dir='ltr'><strong>singulos</strong></span> <span class='ocrx_word' id='word_1_633' title='bbox 1400 4315 1587 4362; x_wconf 90' lang='lat' dir='ltr'><strong>notare</strong></span> <span class='ocrx_word' id='word_1_634' title='bbox 1613 4313 1699 4360; x_wconf 89' lang='lat' dir='ltr'><strong>est</strong></span> <span class='ocrx_word' id='word_1_635' title='bbox 1726 4306 1958 4359; x_wconf 88' lang='lat' dir='ltr'><strong>animus.</strong></span> <span class='ocrx_word' id='word_1_636' title='bbox 1986 4303 2218 4373; x_wconf 88' lang='lat' dir='ltr'><strong>Ineptias</strong></span> <span class='ocrx_word' id='word_1_637' title='bbox 2261 4318 2473 4373; x_wconf 91' lang='lat' dir='ltr'><strong>quoque</strong></span> <span class='ocrx_word' id='word_1_638' title='bbox 2505 4317 2790 4376; x_wconf 73' lang='lat' dir='ltr'><strong>prtetereo,</strong></span> <span class='ocrx_word' id='word_1_639' title='bbox 2820 4312 3010 4380; x_wconf 88' lang='lat' dir='ltr'><strong>quibus</strong></span> <span class='ocrx_word' id='word_1_640' title='bbox 3043 4312 3154 4368; x_wconf 78' lang='lat' dir='ltr'><strong>fere</strong></span> <span class='ocrx_word' id='word_1_641' title='bbox 3185 4325 3291 4371; x_wconf 91' lang='lat' dir='ltr'><strong>tota</strong></span> <span class='ocrx_word' id='word_1_642' title='bbox 3327 4317 3511 4389; x_wconf 84' lang='lat' dir='ltr'><strong>Capita</strong></span> <span class='ocrx_word' id='word_1_643' title='bbox 3556 4335 3783 4392; x_wconf 58' lang='lat' dir='ltr'><strong>quatuor</strong></span> 
     </span>
    </p>
   </div>
   <div class='ocr_carea' id='block_1_45' title="bbox 509 4398 3784 4489">
    <p class='ocr_par' dir='ltr' id='par_1_45' title="bbox 509 4398 3784 4489">
     <span class='ocr_line' id='line_1_45' title="bbox 509 4398 3784 4489; baseline 0.004 -28"><span class='ocrx_word' id='word_1_644' title='bbox 509 4407 843 4475; x_wconf 81' lang='lat' dir='ltr'><strong>insequentia</strong></span> <span class='ocrx_word' id='word_1_645' title='bbox 869 4415 1136 4460; x_wconf 88' lang='lat' dir='ltr'><strong>constant.</strong></span> <span class='ocrx_word' id='word_1_646' title='bbox 1170 4402 1357 4472; x_wconf 85' lang='lat' dir='ltr'><strong>Capite</strong></span> <span class='ocrx_word' id='word_1_647' title='bbox 1387 4400 1497 4455; x_wconf 78' lang='grc' dir='ltr'><strong>νη.</strong></span> <span class='ocrx_word' id='word_1_648' title='bbox 1541 4398 1817 4453; x_wconf 81' lang='lat' dir='ltr'><strong>Athanasii</strong></span> <span class='ocrx_word' id='word_1_649' title='bbox 1841 4407 2068 4453; x_wconf 90' lang='lat' dir='ltr'><strong>mortem</strong></span> <span class='ocrx_word' id='word_1_650' title='bbox 2103 4439 2117 4463; x_wconf 91' lang='lat'><strong>,</strong></span> <span class='ocrx_word' id='word_1_651' title='bbox 2148 4414 2213 4453; x_wconf 82' lang='lat' dir='ltr'><strong>ex</strong></span> <span class='ocrx_word' id='word_1_652' title='bbox 2248 4416 2348 4470; x_wconf 90' lang='lat' dir='ltr'><strong>qua</strong></span> <span class='ocrx_word' id='word_1_653' title='bbox 2390 4401 2640 4458; x_wconf 86' lang='lat' dir='ltr'><strong>chronica</strong></span> <span class='ocrx_word' id='word_1_654' title='bbox 2674 4417 2796 4459; x_wconf 91' lang='lat' dir='ltr'><strong>n0&#39;a</strong></span> <span class='ocrx_word' id='word_1_655' title='bbox 2839 4406 3132 4463; x_wconf 66' lang='lat' dir='ltr'><strong>Ruﬁniana:</strong></span> <span class='ocrx_word' id='word_1_656' title='bbox 3160 4415 3604 4482; x_wconf 81' lang='lat' dir='ltr'><strong>peregrinationis</strong></span> <span class='ocrx_word' id='word_1_657' title='bbox 3647 4436 3784 4489; x_wconf 66' lang='lat' dir='ltr'><strong>prac-</strong></span> 
     </span>
    </p>
   </div>
   <div class='ocr_carea' id='block_1_46' title="bbox 504 4492 3785 4579">
    <p class='ocr_par' dir='ltr' id='par_1_46' title="bbox 504 4492 3785 4579">
     <span class='ocr_line' id='line_1_46' title="bbox 504 4492 3785 4579; baseline 0.004 -27"><span class='ocrx_word' id='word_1_658' title='bbox 504 4499 676 4568; x_wconf 71' lang='lat' dir='ltr'><strong>cipuae</strong></span> <span class='ocrx_word' id='word_1_659' title='bbox 700 4499 934 4554; x_wconf 87' lang='lat' dir='ltr'><strong>rationes</strong></span> <span class='ocrx_word' id='word_1_660' title='bbox 960 4496 1213 4567; x_wconf 85' lang='lat' dir='ltr'><strong>pendent,</strong></span> <span class='ocrx_word' id='word_1_661' title='bbox 1244 4509 1386 4549; x_wconf 85' lang='lat' dir='ltr'><strong>anno</strong></span> <span class='ocrx_word' id='word_1_662' title='bbox 1427 4493 1705 4562; x_wconf 84' lang='lat' dir='ltr'><strong>consignut</strong></span> <span class='ocrx_word' id='word_1_663' title='bbox 1733 4493 1839 4548; x_wconf 72' lang='grc'><strong>’572</strong></span> <span class='ocrx_word' id='word_1_664' title='bbox 1880 4492 1966 4547; x_wconf 92' lang='lat' dir='ltr'><strong>die</strong></span> <span class='ocrx_word' id='word_1_665' title='bbox 2007 4493 2042 4545; x_wconf 77' lang='lat'><strong>2</strong></span> <span class='ocrx_word' id='word_1_666' title='bbox 2094 4493 2233 4558; x_wconf 81' lang='lat' dir='ltr'><strong>Maii,</strong></span> <span class='ocrx_word' id='word_1_667' title='bbox 2287 4503 2556 4566; x_wconf 87' lang='lat' dir='ltr'><strong>totamque</strong></span> <span class='ocrx_word' id='word_1_668' title='bbox 2598 4498 2732 4552; x_wconf 88' lang='lat' dir='ltr'><strong>adeo</strong></span> <span class='ocrx_word' id='word_1_669' title='bbox 2782 4500 3055 4556; x_wconf 85' lang='lat' dir='ltr'><strong>historiam</strong></span> <span class='ocrx_word' id='word_1_670' title='bbox 3090 4503 3235 4560; x_wconf 88' lang='lat' dir='ltr'><strong>illam</strong></span> <span class='ocrx_word' id='word_1_671' title='bbox 3267 4522 3355 4561; x_wconf 90' lang='lat' dir='ltr'><strong>sus</strong></span> <span class='ocrx_word' id='word_1_672' title='bbox 3385 4508 3557 4578; x_wconf 90' lang='lat' dir='ltr'><strong>deque</strong></span> <span class='ocrx_word' id='word_1_673' title='bbox 3604 4515 3785 4579; x_wconf 89' lang='lat' dir='ltr'><strong>vertit,</strong></span> 
     </span>
    </p>
   </div>
   <div class='ocr_carea' id='block_1_47' title="bbox 500 4585 3783 4667">
    <p class='ocr_par' dir='ltr' id='par_1_47' title="bbox 500 4585 3783 4667">
     <span class='ocr_line' id='line_1_47' title="bbox 500 4585 3783 4667; baseline 0.004 -22"><span class='ocrx_word' id='word_1_674' title='bbox 500 4605 621 4646; x_wconf 85' lang='lat' dir='ltr'><strong>cum</strong></span> <span class='ocrx_word' id='word_1_675' title='bbox 653 4588 725 4646; x_wconf 87' lang='lat' dir='ltr'><strong>sit</strong></span> <span class='ocrx_word' id='word_1_676' title='bbox 761 4590 867 4660; x_wconf 91' lang='lat' dir='ltr'><strong>jam</strong></span> <span class='ocrx_word' id='word_1_677' title='bbox 894 4599 1043 4645; x_wconf 88' lang='lat' dir='ltr'><strong>certo</strong></span> <span class='ocrx_word' id='word_1_678' title='bbox 1059 4588 1280 4651; x_wconf 89' lang='lat' dir='ltr'><strong>certius,</strong></span> <span class='ocrx_word' id='word_1_679' title='bbox 1310 4595 1429 4654; x_wconf 91' lang='lat' dir='ltr'><strong>post</strong></span> <span class='ocrx_word' id='word_1_680' title='bbox 1467 4585 1696 4639; x_wconf 86' lang='lat' dir='ltr'><strong>solidum</strong></span> <span class='ocrx_word' id='word_1_681' title='bbox 1726 4599 1923 4638; x_wconf 84' lang='lat' dir='ltr'><strong>annum</strong></span> <span class='ocrx_word' id='word_1_682' title='bbox 1955 4585 2040 4638; x_wconf 90' lang='lat' dir='ltr'><strong>die</strong></span> <span class='ocrx_word' id='word_1_683' title='bbox 2081 4586 2114 4638; x_wconf 79' lang='lat'><strong>3</strong></span> <span class='ocrx_word' id='word_1_684' title='bbox 2155 4585 2273 4639; x_wconf 83' lang='lat' dir='ltr'><strong>Maii</strong></span> <span class='ocrx_word' id='word_1_685' title='bbox 2305 4587 2359 4640; x_wconf 93' lang='lat' dir='ltr'><strong>S.</strong></span> <span class='ocrx_word' id='word_1_686' title='bbox 2402 4588 2724 4657; x_wconf 89' lang='lat' dir='ltr'><strong>Episcopum</strong></span> <span class='ocrx_word' id='word_1_687' title='bbox 2761 4590 2866 4645; x_wconf 85' lang='lat' dir='ltr'><strong>fato</strong></span> <span class='ocrx_word' id='word_1_688' title='bbox 2900 4598 3232 4651; x_wconf 88' lang='lat' dir='ltr'><strong>concessisse</strong></span> <span class='ocrx_word' id='word_1_689' title='bbox 3280 4615 3294 4650; x_wconf 86' lang='lat'><strong>:</strong></span> <span class='ocrx_word' id='word_1_690' title='bbox 3329 4603 3783 4667; x_wconf 85' lang='lat' dir='ltr'><strong>quemadmodum</strong></span> 
     </span>
    </p>
   </div>
   <div class='ocr_carea' id='block_1_48' title="bbox 492 4676 3784 4760">
    <p class='ocr_par' dir='ltr' id='par_1_48' title="bbox 492 4676 3784 4760">
     <span class='ocr_line' id='line_1_48' title="bbox 492 4676 3784 4760; baseline 0.004 -23"><span class='ocrx_word' id='word_1_691' title='bbox 492 4685 583 4740; x_wconf 85' lang='lat' dir='ltr'><strong>alii</strong></span> <span class='ocrx_word' id='word_1_692' title='bbox 634 4698 698 4740; x_wconf 81' lang='lat' dir='ltr'><strong>ex</strong></span> <span class='ocrx_word' id='word_1_693' title='bbox 749 4685 870 4738; x_wconf 90' lang='lat' dir='ltr'><strong>aliis</strong></span> <span class='ocrx_word' id='word_1_694' title='bbox 916 4681 1286 4743; x_wconf 90' lang='lat' dir='ltr'><strong>monimentis,</strong></span> <span class='ocrx_word' id='word_1_695' title='bbox 1329 4676 1557 4731; x_wconf 62' lang='lat' dir='ltr'><strong>Prt-terii</strong></span> <span class='ocrx_word' id='word_1_696' title='bbox 1612 4676 1856 4730; x_wconf 88' lang='lat' dir='ltr'><strong>Paschali</strong></span> <span class='ocrx_word' id='word_1_697' title='bbox 1909 4677 2169 4746; x_wconf 84' lang='lat' dir='ltr'><strong>Epistola,</strong></span> <span class='ocrx_word' id='word_1_698' title='bbox 2212 4691 2264 4733; x_wconf 88' lang='lat' dir='ltr'><strong>et</strong></span> <span class='ocrx_word' id='word_1_699' title='bbox 2313 4679 2546 4736; x_wconf 77' lang='lat' dir='ltr'><strong>Historia</strong></span> <span class='ocrx_word' id='word_1_700' title='bbox 2593 4686 3021 4741; x_wconf 85' lang='lat' dir='ltr'><strong>Patriarcharum</strong></span> <span class='ocrx_word' id='word_1_701' title='bbox 3072 4689 3432 4760; x_wconf 88' lang='lat' dir='ltr'><strong>Coptitarum,</strong></span> <span class='ocrx_word' id='word_1_702' title='bbox 3468 4711 3568 4750; x_wconf 90' lang='lat' dir='ltr'><strong>nos</strong></span> <span class='ocrx_word' id='word_1_703' title='bbox 3613 4703 3784 4754; x_wconf 62' lang='lat' dir='ltr'><strong>multa</strong></span> 
     </span>
    </p>
   </div>
   <div class='ocr_carea' id='block_1_49' title="bbox 448 4765 3782 4853">
    <p class='ocr_par' dir='ltr' id='par_1_49' title="bbox 448 4765 3782 4853">
     <span class='ocr_line' id='line_1_49' title="bbox 448 4765 3782 4853; baseline 0.009 -40"><span class='ocrx_word' id='word_1_704' title='bbox 448 4811 452 4813; x_wconf 64' lang='lat'><strong><em>,</em></strong></span> <span class='ocrx_word' id='word_1_705' title='bbox 499 4777 906 4832; x_wconf 73' lang='lat' dir='ltr'><strong>evidentissime</strong></span> <span class='ocrx_word' id='word_1_706' title='bbox 947 4790 1015 4831; x_wconf 79' lang='lat' dir='ltr'><strong>ex</strong></span> <span class='ocrx_word' id='word_1_707' title='bbox 1051 4771 1284 4827; x_wconf 75' lang='lat' dir='ltr'><strong>Historia</strong></span> <span class='ocrx_word' id='word_1_708' title='bbox 1326 4773 1388 4823; x_wconf 87' lang='lat' dir='ltr'><strong>de</strong></span> <span class='ocrx_word' id='word_1_709' title='bbox 1416 4769 1694 4838; x_wconf 88' lang='lat' dir='ltr'><strong>ipsiusmet</strong></span> <span class='ocrx_word' id='word_1_710' title='bbox 1722 4768 1867 4821; x_wconf 84' lang='lat' dir='ltr'><strong>rebus</strong></span> <span class='ocrx_word' id='word_1_711' title='bbox 1898 4769 1959 4824; x_wconf 90' lang='lat' dir='ltr'><strong>S.</strong></span> <span class='ocrx_word' id='word_1_712' title='bbox 1992 4769 2261 4824; x_wconf 75' lang='lat' dir='ltr'><strong>Athanasii</strong></span> <span class='ocrx_word' id='word_1_713' title='bbox 2307 4773 2570 4840; x_wconf 64' lang='lat' dir='ltr'><strong>Aerphala</strong></span> <span class='ocrx_word' id='word_1_714' title='bbox 2602 4778 2882 4844; x_wconf 88' lang='lat' dir='ltr'><strong>evicimus,</strong></span> <span class='ocrx_word' id='word_1_715' title='bbox 2931 4780 3015 4833; x_wconf 88' lang='lat' dir='ltr'><strong>ubi</strong></span> <span class='ocrx_word' id='word_1_716' title='bbox 3055 4765 3202 4835; x_wconf 76' lang='lat' dir='ltr'><strong>diem</strong></span> <span class='ocrx_word' id='word_1_717' title='bbox 3253 4783 3453 4840; x_wconf 89' lang='lat' dir='ltr'><strong>obiissc</strong></span> <span class='ocrx_word' id='word_1_718' title='bbox 3497 4789 3782 4853; x_wconf 75' lang='lat' dir='ltr'><strong>scribitur,</strong></span> 
     </span>
    </p>
   </div>
   <div class='ocr_carea' id='block_1_50' title="bbox 496 4860 3773 4939">
    <p class='ocr_par' dir='ltr' id='par_1_50' title="bbox 496 4860 3773 4939">
     <span class='ocr_line' id='line_1_50' title="bbox 496 4860 3773 4939; baseline 0.004 -15"><span class='ocrx_word' id='word_1_719' title='bbox 496 4869 783 4924; x_wconf 83' lang='lat' dir='ltr'><strong>Consulatu</strong></span> <span class='ocrx_word' id='word_1_720' title='bbox 835 4866 1205 4926; x_wconf 81' lang='lat' dir='ltr'><strong>Valentiniani,</strong></span> <span class='ocrx_word' id='word_1_721' title='bbox 1235 4873 1283 4917; x_wconf 88' lang='lat' dir='ltr'><strong>et</strong></span> <span class='ocrx_word' id='word_1_722' title='bbox 1319 4861 1544 4916; x_wconf 82' lang='lat' dir='ltr'><strong>Valentis</strong></span> <span class='ocrx_word' id='word_1_723' title='bbox 1594 4860 1700 4914; x_wconf 81' lang='grc' dir='ltr'><strong>ιγ.</strong></span> <span class='ocrx_word' id='word_1_724' title='bbox 1733 4860 1988 4916; x_wconf 78' lang='lat' dir='ltr'><strong>Pachom.</strong></span> <span class='ocrx_word' id='word_1_725' title='bbox 2029 4861 2189 4916; x_wconf 77' lang='lat' dir='ltr'><strong>VIII.</strong></span> <span class='ocrx_word' id='word_1_726' title='bbox 2224 4865 2340 4917; x_wconf 85' lang='lat' dir='ltr'><strong>Alia</strong></span> <span class='ocrx_word' id='word_1_727' title='bbox 2378 4881 2495 4932; x_wconf 77' lang='lat' dir='ltr'><strong>qua:</strong></span> <span class='ocrx_word' id='word_1_728' title='bbox 2544 4868 2710 4924; x_wconf 78' lang='lat' dir='ltr'><strong>videri</strong></span> <span class='ocrx_word' id='word_1_729' title='bbox 2758 4871 2955 4923; x_wconf 89' lang='lat' dir='ltr'><strong>leviora</strong></span> <span class='ocrx_word' id='word_1_730' title='bbox 3009 4882 3249 4939; x_wconf 89' lang='lat' dir='ltr'><strong>possunt,</strong></span> <span class='ocrx_word' id='word_1_731' title='bbox 3285 4878 3444 4931; x_wconf 85' lang='lat' dir='ltr'><strong>missa</strong></span> <span class='ocrx_word' id='word_1_732' title='bbox 3497 4879 3773 4938; x_wconf 70' lang='lat' dir='ltr'><strong>faciamus</strong></span> 
     </span>
    </p>
   </div>
   <div class='ocr_carea' id='block_1_51' title="bbox 486 4955 3781 5037">
    <p class='ocr_par' dir='ltr' id='par_1_51' title="bbox 486 4955 3781 5037">
     <span class='ocr_line' id='line_1_51' title="bbox 486 4955 3781 5037; baseline 0.007 -31"><span class='ocrx_word' id='word_1_733' title='bbox 486 4962 674 5032; x_wconf 70' lang='lat' dir='ltr'><strong>Capite</strong></span> <span class='ocrx_word' id='word_1_734' title='bbox 703 4961 794 5018; x_wconf 72' lang='lat' dir='ltr'><strong>XL</strong></span> <span class='ocrx_word' id='word_1_735' title='bbox 825 4960 973 5031; x_wconf 82' lang='lat' dir='ltr'><strong>quod.</strong></span> <span class='ocrx_word' id='word_1_736' title='bbox 1001 4959 1195 5031; x_wconf 88' lang='lat' dir='ltr'><strong>prioris</strong></span> <span class='ocrx_word' id='word_1_737' title='bbox 1222 4958 1393 5012; x_wconf 87' lang='lat' dir='ltr'><strong>Partis</strong></span> <span class='ocrx_word' id='word_1_738' title='bbox 1419 4965 1745 5025; x_wconf 80' lang='lat' dir='ltr'><strong>p0stremum</strong></span> <span class='ocrx_word' id='word_1_739' title='bbox 1777 4962 1878 5022; x_wconf 86' lang='lat' dir='ltr'><strong>est,</strong></span> <span class='ocrx_word' id='word_1_740' title='bbox 1905 4955 2012 5010; x_wconf 94' lang='lat' dir='ltr'><strong>duo</strong></span> <span class='ocrx_word' id='word_1_741' title='bbox 2044 4956 2226 5025; x_wconf 88' lang='lat' dir='ltr'><strong>paucis</strong></span> <span class='ocrx_word' id='word_1_742' title='bbox 2255 4958 2426 5011; x_wconf 84' lang='lat' dir='ltr'><strong>verbis</strong></span> <span class='ocrx_word' id='word_1_743' title='bbox 2460 4961 2707 5014; x_wconf 90' lang='lat' dir='ltr'><strong>immania</strong></span> <span class='ocrx_word' id='word_1_744' title='bbox 2749 4970 2953 5030; x_wconf 88' lang='lat' dir='ltr'><strong>peccat.</strong></span> <span class='ocrx_word' id='word_1_745' title='bbox 2980 4961 3270 5018; x_wconf 85' lang='lat' dir='ltr'><strong>Historiam</strong></span> <span class='ocrx_word' id='word_1_746' title='bbox 3289 4967 3658 5037; x_wconf 81' lang='lat' dir='ltr'><strong>Eremiticam,</strong></span> <span class='ocrx_word' id='word_1_747' title='bbox 3687 4991 3781 5030; x_wconf 82' lang='lat' dir='ltr'><strong>set.</strong></span> 
     </span>
    </p>
   </div>
   <div class='ocr_carea' id='block_1_52' title="bbox 491 5051 3782 5135">
    <p class='ocr_par' dir='ltr' id='par_1_52' title="bbox 491 5051 3782 5135">
     <span class='ocr_line' id='line_1_52' title="bbox 491 5051 3782 5135; baseline 0.001 -25"><span class='ocrx_word' id='word_1_748' title='bbox 491 5056 648 5112; x_wconf 73' lang='lat' dir='ltr'><strong>Vitas</strong></span> <span class='ocrx_word' id='word_1_749' title='bbox 675 5059 995 5113; x_wconf 89' lang='lat' dir='ltr'><strong>Sanctorum</strong></span> <span class='ocrx_word' id='word_1_750' title='bbox 1041 5054 1260 5107; x_wconf 85' lang='lat' dir='ltr'><strong>Patrum</strong></span> <span class='ocrx_word' id='word_1_751' title='bbox 1313 5053 1545 5120; x_wconf 87' lang='lat' dir='ltr'><strong>scriptas</strong></span> <span class='ocrx_word' id='word_1_752' title='bbox 1579 5052 1653 5105; x_wconf 89' lang='lat' dir='ltr'><strong>ait</strong></span> <span class='ocrx_word' id='word_1_753' title='bbox 1693 5068 1721 5106; x_wconf 89' lang='lat' dir='ltr'><strong>a</strong></span> <span class='ocrx_word' id='word_1_754' title='bbox 1769 5051 1982 5116; x_wconf 88' lang='lat' dir='ltr'><strong>Ruﬁno,</strong></span> <span class='ocrx_word' id='word_1_755' title='bbox 2013 5052 2138 5106; x_wconf 89' lang='lat' dir='ltr'><strong>dum</strong></span> <span class='ocrx_word' id='word_1_756' title='bbox 2187 5053 2525 5108; x_wconf 71' lang='lat' dir='ltr'><strong>Alexandria:</strong></span> <span class='ocrx_word' id='word_1_757' title='bbox 2573 5053 2790 5124; x_wconf 76' lang='lat' dir='ltr'><strong>degeret</strong></span> <span class='ocrx_word' id='word_1_758' title='bbox 2831 5055 2914 5126; x_wconf 87' lang='lat' dir='ltr'><strong>(ut</strong></span> <span class='ocrx_word' id='word_1_759' title='bbox 2953 5055 3130 5110; x_wconf 91' lang='lat' dir='ltr'><strong>serius</strong></span> <span class='ocrx_word' id='word_1_760' title='bbox 3161 5068 3282 5125; x_wconf 85' lang='lat' dir='ltr'><strong>puta</strong></span> <span class='ocrx_word' id='word_1_761' title='bbox 3325 5071 3449 5115; x_wconf 87' lang='lat' dir='ltr'><strong>ante</strong></span> <span class='ocrx_word' id='word_1_762' title='bbox 3491 5079 3617 5118; x_wconf 84' lang='lat' dir='ltr'><strong>ann.</strong></span> <span class='ocrx_word' id='word_1_763' title='bbox 3652 5066 3782 5135; x_wconf 71' lang='grc' dir='ltr'><strong>δεῖ.)</strong></span> 
     </span>
    </p>
   </div>
   <div class='ocr_carea' id='block_1_53' title="bbox 487 5143 3783 5220">
    <p class='ocr_par' dir='ltr' id='par_1_53' title="bbox 487 5143 3783 5220">
     <span class='ocr_line' id='line_1_53' title="bbox 487 5143 3783 5220; baseline 0.002 -18"><span class='ocrx_word' id='word_1_764' title='bbox 487 5163 653 5219; x_wconf 85' lang='lat' dir='ltr'><strong>quum</strong></span> <span class='ocrx_word' id='word_1_765' title='bbox 688 5152 924 5203; x_wconf 86' lang='lat' dir='ltr'><strong>Auctore</strong></span> <span class='ocrx_word' id='word_1_766' title='bbox 939 5147 1012 5201; x_wconf 79' lang='lat' dir='ltr'><strong>ab</strong></span> <span class='ocrx_word' id='word_1_767' title='bbox 1048 5146 1164 5214; x_wconf 88' lang='lat' dir='ltr'><strong>ipso</strong></span> <span class='ocrx_word' id='word_1_768' title='bbox 1193 5153 1352 5212; x_wconf 88' lang='lat' dir='ltr'><strong>atque</strong></span> <span class='ocrx_word' id='word_1_769' title='bbox 1388 5143 1562 5213; x_wconf 89' lang='lat' dir='ltr'><strong>Opere</strong></span> <span class='ocrx_word' id='word_1_770' title='bbox 1587 5158 1688 5214; x_wconf 86' lang='lat' dir='ltr'><strong>cap</strong></span> <span class='ocrx_word' id='word_1_771' title='bbox 1724 5145 1817 5203; x_wconf 72' lang='lat'><strong>28.</strong></span> <span class='ocrx_word' id='word_1_772' title='bbox 1849 5145 1903 5200; x_wconf 93' lang='lat' dir='ltr'><strong>in</strong></span> <span class='ocrx_word' id='word_1_773' title='bbox 1945 5146 2073 5211; x_wconf 84' lang='lat' dir='ltr'><strong>line,</strong></span> <span class='ocrx_word' id='word_1_774' title='bbox 2104 5157 2212 5200; x_wconf 90' lang='lat' dir='ltr'><strong>tum</strong></span> <span class='ocrx_word' id='word_1_775' title='bbox 2244 5148 2404 5201; x_wconf 88' lang='lat' dir='ltr'><strong>etiam</strong></span> <span class='ocrx_word' id='word_1_776' title='bbox 2446 5147 2540 5201; x_wconf 91' lang='lat' dir='ltr'><strong>lib.</strong></span> <span class='ocrx_word' id='word_1_777' title='bbox 2572 5146 2618 5202; x_wconf 89' lang='lat' dir='ltr'><strong>ll</strong></span> <span class='ocrx_word' id='word_1_778' title='bbox 2657 5147 3051 5204; x_wconf 72' lang='lat' dir='ltr'><strong>Ecclesiastica:</strong></span> <span class='ocrx_word' id='word_1_779' title='bbox 3082 5149 3332 5206; x_wconf 73' lang='lat' dir='ltr'><strong>Historia:</strong></span> <span class='ocrx_word' id='word_1_780' title='bbox 3359 5153 3532 5220; x_wconf 75' lang='lat' dir='ltr'><strong>capite</strong></span> <span class='ocrx_word' id='word_1_781' title='bbox 3563 5155 3595 5208; x_wconf 76' lang='grc'>4</span> <span class='ocrx_word' id='word_1_782' title='bbox 3629 5157 3783 5211; x_wconf 69' lang='lat' dir='ltr'><strong>facile</strong></span> 
     </span>
    </p>
   </div>
   <div class='ocr_carea' id='block_1_54' title="bbox 487 5242 3788 5320">
    <p class='ocr_par' dir='ltr' id='par_1_54' title="bbox 487 5242 3788 5320">
     <span class='ocr_line' id='line_1_54' title="bbox 487 5242 3788 5320; baseline 0.002 -22"><span class='ocrx_word' id='word_1_783' title='bbox 487 5252 725 5310; x_wconf 87' lang='lat' dir='ltr'><strong>constet,</strong></span> <span class='ocrx_word' id='word_1_784' title='bbox 755 5259 848 5300; x_wconf 89' lang='lat' dir='ltr'><strong>eas</strong></span> <span class='ocrx_word' id='word_1_785' title='bbox 895 5259 1000 5298; x_wconf 89' lang='lat' dir='ltr'><strong>non</strong></span> <span class='ocrx_word' id='word_1_786' title='bbox 1048 5242 1410 5309; x_wconf 67' lang='lat' dir='ltr'><strong>Alexandrim,</strong></span> <span class='ocrx_word' id='word_1_787' title='bbox 1440 5244 1532 5298; x_wconf 89' lang='lat' dir='ltr'><strong>sed</strong></span> <span class='ocrx_word' id='word_1_788' title='bbox 1585 5245 1864 5314; x_wconf 70' lang='lat' dir='ltr'><strong>Aquilcjze,</strong></span> <span class='ocrx_word' id='word_1_789' title='bbox 1898 5255 1951 5298; x_wconf 91' lang='lat' dir='ltr'><strong>ct</strong></span> <span class='ocrx_word' id='word_1_790' title='bbox 2000 5253 2120 5313; x_wconf 87' lang='lat' dir='ltr'><strong>post</strong></span> <span class='ocrx_word' id='word_1_791' title='bbox 2161 5260 2357 5297; x_wconf 89' lang='lat' dir='ltr'><strong>annum</strong></span> <span class='ocrx_word' id='word_1_792' title='bbox 2390 5245 2516 5299; x_wconf 80' lang='grc'>400.</span> <span class='ocrx_word' id='word_1_793' title='bbox 2550 5245 2677 5312; x_wconf 90' lang='lat' dir='ltr'><strong>(hoc</strong></span> <span class='ocrx_word' id='word_1_794' title='bbox 2720 5255 2801 5301; x_wconf 91' lang='lat' dir='ltr'><strong>est</strong></span> <span class='ocrx_word' id='word_1_795' title='bbox 2841 5246 2995 5300; x_wconf 86' lang='lat' dir='ltr'><strong>annis</strong></span> <span class='ocrx_word' id='word_1_796' title='bbox 3036 5257 3092 5300; x_wconf 92' lang='lat' dir='ltr'><strong>ut</strong></span> <span class='ocrx_word' id='word_1_797' title='bbox 3138 5246 3417 5301; x_wconf 90' lang='lat' dir='ltr'><strong>minimum</strong></span> <span class='ocrx_word' id='word_1_798' title='bbox 3467 5253 3703 5320; x_wconf 82' lang='lat' dir='ltr'><strong>qltindcc</strong></span> <span class='ocrx_word' id='word_1_799' title='bbox 3730 5273 3788 5310; x_wconf 79' lang='lat' dir='ltr'><strong>m</strong></span> 
     </span>
    </p>
   </div>
   <div class='ocr_carea' id='block_1_55' title="bbox 490 5332 3779 5414">
    <p class='ocr_par' dir='ltr' id='par_1_55' title="bbox 490 5332 3779 5414">
     <span class='ocr_line' id='line_1_55' title="bbox 490 5332 3779 5414; baseline 0.004 -26"><span class='ocrx_word' id='word_1_800' title='bbox 490 5334 688 5397; x_wconf 85' lang='lat' dir='ltr'><strong>serius,</strong></span> <span class='ocrx_word' id='word_1_801' title='bbox 719 5341 881 5401; x_wconf 87' lang='lat' dir='ltr'><strong>atque</strong></span> <span class='ocrx_word' id='word_1_802' title='bbox 927 5333 1015 5388; x_wconf 88' lang='lat' dir='ltr'><strong>ille</strong></span> <span class='ocrx_word' id='word_1_803' title='bbox 1045 5332 1258 5402; x_wconf 89' lang='lat' dir='ltr'><strong>asserit)</strong></span> <span class='ocrx_word' id='word_1_804' title='bbox 1292 5334 1533 5389; x_wconf 85' lang='lat' dir='ltr'><strong>scribere</strong></span> <span class='ocrx_word' id='word_1_805' title='bbox 1572 5337 1866 5404; x_wconf 82' lang='lat' dir='ltr'><strong>occepisse.</strong></span> <span class='ocrx_word' id='word_1_806' title='bbox 1901 5335 2028 5389; x_wconf 89' lang='lat' dir='ltr'><strong>Item</strong></span> <span class='ocrx_word' id='word_1_807' title='bbox 2067 5351 2173 5389; x_wconf 91' lang='lat' dir='ltr'><strong>non</strong></span> <span class='ocrx_word' id='word_1_808' title='bbox 2207 5352 2367 5390; x_wconf 85' lang='lat' dir='ltr'><strong>unum</strong></span> <span class='ocrx_word' id='word_1_809' title='bbox 2410 5336 2593 5401; x_wconf 84' lang='lat' dir='ltr'><strong>modo,</strong></span> <span class='ocrx_word' id='word_1_810' title='bbox 2621 5338 2715 5391; x_wconf 85' lang='lat' dir='ltr'><strong>sed</strong></span> <span class='ocrx_word' id='word_1_811' title='bbox 2746 5338 2877 5392; x_wconf 91' lang='lat' dir='ltr'><strong>duos</strong></span> <span class='ocrx_word' id='word_1_812' title='bbox 2910 5338 3148 5405; x_wconf 74' lang='lat' dir='ltr'><strong>ejusdem</strong></span> <span class='ocrx_word' id='word_1_813' title='bbox 3182 5339 3435 5395; x_wconf 77' lang='lat' dir='ltr'><strong>llistoritn</strong></span> <span class='ocrx_word' id='word_1_814' title='bbox 3481 5344 3650 5400; x_wconf 88' lang='lat' dir='ltr'><strong>libros</strong></span> <span class='ocrx_word' id='word_1_815' title='bbox 3682 5362 3779 5414; x_wconf 83' lang='lat' dir='ltr'><strong>pro</strong></span> 
     </span>
    </p>
   </div>
   <div class='ocr_carea' id='block_1_56' title="bbox 487 5425 3781 5501">
    <p class='ocr_par' dir='ltr' id='par_1_56' title="bbox 487 5425 3781 5501">
     <span class='ocr_line' id='line_1_56' title="bbox 487 5425 3781 5501; baseline 0.004 -21"><span class='ocrx_word' id='word_1_816' title='bbox 487 5426 804 5482; x_wconf 77' lang='lat' dir='ltr'><strong>Rufinianis.</strong></span> <span class='ocrx_word' id='word_1_817' title='bbox 837 5425 1078 5493; x_wconf 74' lang='lat' dir='ltr'><strong>agnoscit</strong></span> <span class='ocrx_word' id='word_1_818' title='bbox 1113 5443 1137 5475; x_wconf 79' lang='grc' dir='ltr'>ι</span> <span class='ocrx_word' id='word_1_819' title='bbox 1171 5441 1395 5494; x_wconf 67' lang='lat' dir='ltr'><strong>quorum</strong></span> <span class='ocrx_word' id='word_1_820' title='bbox 1426 5427 1693 5480; x_wconf 82' lang='lat' dir='ltr'><strong>secundus</strong></span> <span class='ocrx_word' id='word_1_821' title='bbox 1745 5429 1887 5492; x_wconf 91' lang='lat' dir='ltr'><strong>licet,</strong></span> <span class='ocrx_word' id='word_1_822' title='bbox 1919 5427 2012 5492; x_wconf 90' lang='lat' dir='ltr'><strong>ait,</strong></span> <span class='ocrx_word' id='word_1_823' title='bbox 2049 5442 2156 5483; x_wconf 89' lang='lat' dir='ltr'><strong>non</strong></span> <span class='ocrx_word' id='word_1_824' title='bbox 2198 5443 2260 5482; x_wconf 86' lang='lat' dir='ltr'><strong>ex</strong></span> <span class='ocrx_word' id='word_1_825' title='bbox 2301 5428 2510 5499; x_wconf 80' lang='lat' dir='ltr'><strong>integro</strong></span> <span class='ocrx_word' id='word_1_826' title='bbox 2550 5429 2615 5482; x_wconf 90' lang='lat' dir='ltr'><strong>ab</strong></span> <span class='ocrx_word' id='word_1_827' title='bbox 2645 5430 2762 5500; x_wconf 63' lang='lat' dir='ltr'><strong>ipso</strong></span> <span class='ocrx_word' id='word_1_828' title='bbox 2805 5429 3146 5484; x_wconf 78' lang='lat' dir='ltr'><strong>eluCnbratus</strong></span> <span class='ocrx_word' id='word_1_829' title='bbox 3190 5430 3360 5485; x_wconf 81' lang='lat' dir='ltr'><strong>videri</strong></span> <span class='ocrx_word' id='word_1_830' title='bbox 3411 5437 3599 5501; x_wconf 87' lang='lat' dir='ltr'><strong>possit,</strong></span> <span class='ocrx_word' id='word_1_831' title='bbox 3633 5454 3712 5493; x_wconf 79' lang='lat' dir='ltr'><strong>(&#39;Ct</strong></span> <span class='ocrx_word' id='word_1_832' title='bbox 3730 5449 3781 5494; x_wconf 89' lang='lat' dir='ltr'><strong>te</strong></span> 
     </span>
    </p>
   </div>
   <div class='ocr_carea' id='block_1_57' title="bbox 484 5516 3774 5593">
    <p class='ocr_par' dir='ltr' id='par_1_57' title="bbox 484 5516 3774 5593">
     <span class='ocr_line' id='line_1_57' title="bbox 484 5516 3774 5593; baseline 0.004 -22"><span class='ocrx_word' id='word_1_833' title='bbox 484 5518 701 5588; x_wconf 85' lang='lat' dir='ltr'><strong>quidem</strong></span> <span class='ocrx_word' id='word_1_834' title='bbox 729 5533 849 5571; x_wconf 86' lang='lat' dir='ltr'><strong>cum</strong></span> <span class='ocrx_word' id='word_1_835' title='bbox 883 5516 1166 5573; x_wconf 75' lang='lat' dir='ltr'><strong>Latinitate</strong></span> <span class='ocrx_word' id='word_1_836' title='bbox 1197 5519 1444 5587; x_wconf 79' lang='lat' dir='ltr'><strong>donatus,</strong></span> <span class='ocrx_word' id='word_1_837' title='bbox 1478 5531 1588 5576; x_wconf 90' lang='lat' dir='ltr'><strong>tum</strong></span> <span class='ocrx_word' id='word_1_838' title='bbox 1631 5539 1817 5593; x_wconf 84' lang='lat' dir='ltr'><strong>magna</strong></span> <span class='ocrx_word' id='word_1_839' title='bbox 1845 5539 1910 5577; x_wconf 77' lang='lat' dir='ltr'><strong>ex</strong></span> <span class='ocrx_word' id='word_1_840' title='bbox 1937 5533 2086 5593; x_wconf 87' lang='lat' dir='ltr'><strong>parte</strong></span> <span class='ocrx_word' id='word_1_841' title='bbox 2125 5532 2313 5576; x_wconf 85' lang='lat' dir='ltr'><strong>auctus</strong></span> <span class='ocrx_word' id='word_1_842' title='bbox 2339 5532 2501 5591; x_wconf 86' lang='lat' dir='ltr'><strong>atque</strong></span> <span class='ocrx_word' id='word_1_843' title='bbox 2547 5523 2840 5577; x_wconf 77' lang='lat' dir='ltr'><strong>illustratus</strong></span> <span class='ocrx_word' id='word_1_844' title='bbox 2872 5538 2965 5591; x_wconf 90' lang='lat' dir='ltr'><strong>per</strong></span> <span class='ocrx_word' id='word_1_845' title='bbox 2997 5521 3240 5576; x_wconf 85' lang='lat' dir='ltr'><strong>Ruﬁnum</strong></span> <span class='ocrx_word' id='word_1_846' title='bbox 3274 5527 3579 5582; x_wconf 82' lang='lat' dir='ltr'><strong>censendus</strong></span> <span class='ocrx_word' id='word_1_847' title='bbox 3609 5540 3711 5584; x_wconf 91' lang='lat' dir='ltr'><strong>est.</strong></span> <span class='ocrx_word' id='word_1_848' title='bbox 3753 5550 3774 5584; x_wconf 73' lang='grc' dir='ltr'><strong><em>ι</em></strong></span> 
     </span>
    </p>
   </div>
   <div class='ocr_carea' id='block_1_58' title="bbox 485 5606 3776 5700">
    <p class='ocr_par' dir='ltr' id='par_1_58' title="bbox 485 5606 3776 5700">
     <span class='ocr_line' id='line_1_58' title="bbox 485 5606 3776 5700; baseline 0.004 -39"><span class='ocrx_word' id='word_1_849' title='bbox 485 5606 662 5661; x_wconf 79' lang='lat' dir='ltr'><strong>Potuit</strong></span> <span class='ocrx_word' id='word_1_850' title='bbox 694 5607 821 5660; x_wconf 90' lang='lat' dir='ltr'><strong>olim</strong></span> <span class='ocrx_word' id='word_1_851' title='bbox 859 5607 972 5663; x_wconf 85' lang='lat' dir='ltr'><strong>fere</strong></span> <span class='ocrx_word' id='word_1_852' title='bbox 999 5609 1190 5664; x_wconf 90' lang='lat' dir='ltr'><strong>similis</strong></span> <span class='ocrx_word' id='word_1_853' title='bbox 1223 5609 1654 5666; x_wconf 86' lang='lat' dir='ltr'><strong>hallucinationis</strong></span> <span class='ocrx_word' id='word_1_854' title='bbox 1702 5614 1815 5668; x_wconf 89' lang='lat' dir='ltr'><strong>dari</strong></span> <span class='ocrx_word' id='word_1_855' title='bbox 1872 5613 2161 5668; x_wconf 86' lang='lat' dir='ltr'><strong>Rosweido</strong></span> <span class='ocrx_word' id='word_1_856' title='bbox 2205 5612 2400 5676; x_wconf 86' lang='lat' dir='ltr'><strong>venia;</strong></span> <span class='ocrx_word' id='word_1_857' title='bbox 2457 5627 2598 5666; x_wconf 91' lang='lat' dir='ltr'><strong>nunc</strong></span> <span class='ocrx_word' id='word_1_858' title='bbox 2628 5629 2754 5668; x_wconf 87' lang='lat' dir='ltr'><strong>vero</strong></span> <span class='ocrx_word' id='word_1_859' title='bbox 2787 5614 3039 5681; x_wconf 89' lang='lat' dir='ltr'><strong>temporis</strong></span> <span class='ocrx_word' id='word_1_860' title='bbox 3062 5613 3298 5681; x_wconf 84' lang='lat' dir='ltr'><strong>duplices</strong></span> <span class='ocrx_word' id='word_1_861' title='bbox 3330 5616 3511 5672; x_wconf 82' lang='lat' dir='ltr'><strong>videre</strong></span> <span class='ocrx_word' id='word_1_862' title='bbox 3537 5619 3776 5700; x_wconf 49' lang='lat' dir='ltr'><strong>Thebas.</strong></span> 
     </span>
    </p>
   </div>
   <div class='ocr_carea' id='block_1_59' title="bbox 489 5700 3770 5772">
    <p class='ocr_par' dir='ltr' id='par_1_59' title="bbox 489 5700 3770 5772">
     <span class='ocr_line' id='line_1_59' title="bbox 489 5700 3770 5772; baseline 0.004 -19"><span class='ocrx_word' id='word_1_863' title='bbox 489 5714 590 5768; x_wconf 74' lang='lat' dir='ltr'><strong>pro</strong></span> <span class='ocrx_word' id='word_1_864' title='bbox 610 5715 865 5767; x_wconf 88' lang='lat' dir='ltr'><strong>germano</strong></span> <span class='ocrx_word' id='word_1_865' title='bbox 897 5700 1070 5758; x_wconf 81' lang='lat' dir='ltr'><strong>Rufini</strong></span> <span class='ocrx_word' id='word_1_866' title='bbox 1098 5702 1250 5767; x_wconf 55' lang='lat' dir='ltr'><strong>fastu,</strong></span> <span class='ocrx_word' id='word_1_867' title='bbox 1280 5703 1463 5759; x_wconf 71' lang='lat' dir='ltr'><strong>foetum</strong></span> <span class='ocrx_word' id='word_1_868' title='bbox 1491 5705 1686 5760; x_wconf 81' lang='lat' dir='ltr'><strong>habere</strong></span> <span class='ocrx_word' id='word_1_869' title='bbox 1710 5707 1991 5762; x_wconf 85' lang='lat' dir='ltr'><strong>manifesto</strong></span> <span class='ocrx_word' id='word_1_870' title='bbox 2019 5706 2250 5760; x_wconf 88' lang='lat' dir='ltr'><strong>alienum</strong></span> <span class='ocrx_word' id='word_1_871' title='bbox 2283 5718 2344 5757; x_wconf 85' lang='lat' dir='ltr'><strong>ac</strong></span> <span class='ocrx_word' id='word_1_872' title='bbox 2373 5704 2790 5772; x_wconf 89' lang='lat' dir='ltr'><strong>supposititium,</strong></span> <span class='ocrx_word' id='word_1_873' title='bbox 2821 5720 2923 5757; x_wconf 92' lang='lat' dir='ltr'><strong>non</strong></span> <span class='ocrx_word' id='word_1_874' title='bbox 2955 5704 3068 5758; x_wconf 87' lang='lat' dir='ltr'><strong>sani</strong></span> <span class='ocrx_word' id='word_1_875' title='bbox 3096 5718 3214 5756; x_wconf 87' lang='lat' dir='ltr'><strong>esse</strong></span> <span class='ocrx_word' id='word_1_876' title='bbox 3243 5706 3476 5762; x_wconf 87' lang='lat' dir='ltr'><strong>hominis</strong></span> <span class='ocrx_word' id='word_1_877' title='bbox 3508 5711 3770 5766; x_wconf 83' lang='lat' dir='ltr'><strong>videatur.</strong></span> 
     </span>
    </p>
   </div>
   <div class='ocr_carea' id='block_1_60' title="bbox 492 5793 3768 5876">
    <p class='ocr_par' dir='ltr' id='par_1_60' title="bbox 492 5793 3768 5876">
     <span class='ocr_line' id='line_1_60' title="bbox 492 5793 3768 5876; baseline 0.002 -22"><span class='ocrx_word' id='word_1_878' title='bbox 492 5793 712 5854; x_wconf 70' lang='lat' dir='ltr'><strong>Accedit</strong></span> <span class='ocrx_word' id='word_1_879' title='bbox 743 5795 804 5850; x_wconf 85' lang='lat' dir='ltr'><strong>ad</strong></span> <span class='ocrx_word' id='word_1_880' title='bbox 831 5795 1052 5852; x_wconf 65' lang='lat' dir='ltr'><strong>inscilix</strong></span> <span class='ocrx_word' id='word_1_881' title='bbox 1078 5797 1372 5867; x_wconf 87' lang='lat' dir='ltr'><strong>cumulum,</strong></span> <span class='ocrx_word' id='word_1_882' title='bbox 1404 5798 1543 5869; x_wconf 90' lang='lat' dir='ltr'><strong>quod</strong></span> <span class='ocrx_word' id='word_1_883' title='bbox 1571 5800 1639 5855; x_wconf 88' lang='lat' dir='ltr'><strong>de</strong></span> <span class='ocrx_word' id='word_1_884' title='bbox 1676 5815 1734 5856; x_wconf 87' lang='lat' dir='ltr'><strong>se</strong></span> <span class='ocrx_word' id='word_1_885' title='bbox 1773 5802 1936 5873; x_wconf 82' lang='lat' dir='ltr'><strong>loqui,</strong></span> <span class='ocrx_word' id='word_1_886' title='bbox 1962 5812 2164 5870; x_wconf 87' lang='lat' dir='ltr'><strong>suaque</strong></span> <span class='ocrx_word' id='word_1_887' title='bbox 2195 5797 2366 5868; x_wconf 87' lang='lat' dir='ltr'><strong>ipsum</strong></span> <span class='ocrx_word' id='word_1_888' title='bbox 2396 5812 2612 5854; x_wconf 77' lang='lat' dir='ltr'><strong>narrare</strong></span> <span class='ocrx_word' id='word_1_889' title='bbox 2641 5812 2731 5867; x_wconf 84' lang='lat' dir='ltr'><strong>per</strong></span> <span class='ocrx_word' id='word_1_890' title='bbox 2762 5795 3045 5876; x_wconf 61' lang='lat' dir='ltr'><strong>Egyptum</strong></span> <span class='ocrx_word' id='word_1_891' title='bbox 3073 5795 3281 5864; x_wconf 84' lang='lat' dir='ltr'><strong>itinera,</strong></span> <span class='ocrx_word' id='word_1_892' title='bbox 3310 5797 3559 5858; x_wconf 85' lang='lat' dir='ltr'><strong>Ruﬁnum</strong></span> <span class='ocrx_word' id='word_1_893' title='bbox 3586 5816 3768 5876; x_wconf 78' lang='lat' dir='ltr'><strong>putat;</strong></span> 
     </span>
    </p>
   </div>
  </div>
