4094 6344
230 288 291 346 53
1735 279 1902 337 PRE
1912 279 2138 337 FATIO;
3516 289 3582 345 56

228 418 390 472 quum
423 412 485 457 et
533 402 845 458 manifesto
886 399 1136 470 colligere
1157 396 1228 452 sit
1258 409 1322 452 ex
1355 403 1484 460 tota,
1519 407 1635 465 quae
1662 393 1996 450 describitur
2027 410 2208 449 rerum
2251 395 2498 462 historia,
2530 405 2586 452 et
2617 396 2948 466 palmaribus
2988 400 3320 468 argumentis
3363 403 3580 459 eviceril

232 495 613 562 Fontaninus,
651 498 947 552 Auctorem
980 511 1044 549 es
1076 493 1299 548 alterius
1330 506 1559 564 persona
1599 489 1770 560 loqui,
1810 491 2052 546 Petronii
2099 491 2309 548 scilicet
2335 492 2718 562 Bononiensis,
2749 510 2776 548 a
2821 508 2931 567 quo
2962 505 3180 567 rogatus
3209 504 3309 562 est,
3338 508 3394 553 ut
3425 499 3579 555 Pere-

230 589 577 659 grinationes
607 604 744 644 suas
777 605 870 658 per
898 585 1112 659 Egypti
1145 599 1391 641 secessus
1421 583 1594 640 literis
1617 582 1988 654 consignaret.

294 681 440 734 Pars
479 682 668 735 altera
701 677 1098 734 Dissertationis
1127 687 1182 732 et
1223 677 1480 746 prolixior
1509 676 1680 730 multo
1709 685 1816 740 est,
1851 683 1908 729 et
1953 677 2228 731 erroribus
2274 678 2432 750 longe
2490 681 2735 750 pluribus
2763 696 2952 740 scatet.
2990 686 3295 743 Ridiculum
3339 687 3587 758 inprimis

235 779 377 848 qttod
431 777 702 847 proponit
744 775 848 830 sibi
877 774 929 828 in
975 772 1224 827 lemmate
1254 769 1759 835 demonstrandum,
1794 767 2043 834 Rufinum
2073 777 2121 823 et
2166 767 2424 826 Joannem
2443 770 2668 828 Jerosol.
2706 776 2839 830 male
2862 777 3044 832 audire
3065 781 3278 848 cwpisse
3310 782 3375 836 de
3406 783 3592 854 Orige-

238 872 408 924 m‘smo
443 884 460 922 :
498 878 562 922 ut
591 868 819 938 ejurare
841 865 1227 936 Origeuismum
1257 863 1489 932 coepisse
1517 877 1613 918 eos
1641 871 1821 933 putes,
1872 876 1970 931 pro
1997 877 2063 918 eo
2093 865 2234 934 quod
2282 880 2370 922 res
2412 879 2549 936 erat,
2575 871 2713 926 male
2756 872 2944 928 audire
2985 874 3126 943 apud
3167 875 3305 932 alios
3331 882 3588 946 cepisse,

243 964 387 1032 quod
419 960 654 1032 Origeni
688 957 988 1028 impensius
1035 955 1296 1012 faverent.
1343 955 1516 1010 Porro
1561 953 1715 1020 illud,
1742 968 1906 1024 quam
1957 952 2208 1023 ﬁdenter,
2253 971 2321 1012 ne
2367 957 2494 1028 quid
2541 960 2660 1028 plus
2695 960 2890 1028 dicam,
2923 964 3065 1033 quod
3106 967 3586 1037 germanissimum

245 1056 564 1125 Hieronymi
614 1053 845 1108 Librum
899 1060 1083 1105 contra
1111 1051 1371 1105 Joannem
1401 1046 1956 1119 Jerosolymitanum,
1982 1043 2050 1101 de
2090 1063 2197 1117 quo
2243 1064 2402 1105 nemo
2434 1066 2667 1120 unquam
2711 1053 2984 1110 hominum
3018 1057 3304 1124 dubitavit,
3328 1060 3373 1113 si
3417 1076 3585 1116 unum

246 1148 574 1204 Wastelium
630 1146 896 1215 excipias,
931 1145 1110 1200 itidem
1140 1142 1514 1208 Carmelitam,
1570 1150 1624 1196 et
1668 1155 1764 1211 pro
1807 1138 2016 1198 Joanne
2064 1153 2393 1213 praesumpto
2441 1143 2676 1199 lnstituti
2725 1145 2803 1200 sui
2835 1145 3050 1202 homine
3098 1164 3234 1218 pene
3285 1149 3576 1219 furentem,

249 1243 501 1299 falsitatis
532 1257 803 1312 accusare
831 1241 1011 1305 audet,
1043 1242 1268 1311 ejusque
1299 1241 1592 1295 Auctorem
1623 1237 2010 1308 apertissimum
2055 1254 2118 1292 ac
2165 1255 2412 1309 nugacem
2449 1236 2672 1294 Joannis
2702 1241 2986 1308 inimicum,
3015 1245 3199 1298 vocat!
3235 1245 3374 1314 Quin
3407 1248 3582 1316 pergit

254 1336 417 1388 etiam
450 1333 650 1404 Capite
684 1331 822 1396 V'lll,
852 1345 957 1400 quo
1005 1331 1140 1386 hanc
1183 1329 1286 1385 sibi
1328 1343 1396 1384 ex
1447 1327 1657 1398 integro
1696 1341 1942 1382 caussam
1994 1329 2326 1384 tractandam
2374 1331 2561 1395 sumit,
2591 1329 2906 1386 calumniari
2940 1334 3121 1399 verba,
3158 1350 3393 1406 eumque
3424 1336 3582 1391 Pela-

258 1426 398 1496 giani
440 1440 660 1495 quoque
709 1423 980 1494 dogmatis
1029 1438 1179 1478 reum
1223 1435 1502 1491 peragere,
1555 1417 1787 1487 denique
1836 1427 1892 1473 et
1939 1418 2149 1488 probris
2199 1421 2488 1476 incessere.
2526 1420 2667 1474 Olim
2717 1421 2857 1477 istud
2907 1421 3152 1479 Wastclii
3203 1441 3576 1484 commentum

265 1519 412 1572 docti
453 1518 653 1587 quique
689 1515 790 1571 viri
831 1517 1016 1570 sannis
1054 1529 1322 1583 excepere
1356 1532 1368 1568 :
1401 1514 1644 1581 scripsit,
1682 1525 1736 1571 et
1765 1514 2111 1571 doctissimus
2161 1513 2201 1568 Τ
2210 1513 2566 1575 illemontius,
2603 1510 2743 1567 Cette
2779 1514 2989 1580 opinion
3037 1526 3111 1568 est
3158 1517 3206 1570 si
3250 1519 3480 1590 étrange,
3529 1531 3577 1573 et

274 1625 469 1664 contine
503 1611 558 1679 je
589 1610 736 1674 crois,
782 1608 827 1662 si
862 1624 960 1678 pett
999 1622 1147 1671 regite
1178 1611 1346 1675 parmi
1393 1608 1466 1662 les
1506 1618 1733 1674 savants,
1773 1607 1933 1678 qu’on
1981 1623 2109 1662 nous
2157 1606 2450 1675 dispensera
2492 1606 2735 1658 aisément
2775 1605 2889 1660 d’en
2932 1608 3196 1662 nominer
3236 1610 3308 1663 les
3343 1614 3570 1680 raisons,

277 1703 366 1772 qui
392 1703 608 1755 seraient
633 1702 753 1770 plus
781 1701 989 1770 langues
1017 1699 1048 1751 it
1070 1700 1264 1768 réfuter
1289 1699 1413 1766 qu’il
1456 1713 1522 1751 ne
1563 1699 1720 1752 serait
1747 1697 1965 1768 difﬁcile
1992 1697 2057 1752 de
2096 1697 2143 1752 le
2167 1697 2299 1766 faire
2321 1695 2409 1764 (In
2442 1695 2570 1750 Not.
2602 1696 2670 1749 ad
2716 1695 2822 1752 Vit.
2874 1697 3019 1752 Ilier.
3064 1697 3194 1753 Not.
3235 1697 3389 1771 LII).
3425 1702 3572 1756 Idem

273 1794 372 1846 sibi
410 1792 613 1846 dictum
645 1791 954 1846 Cacciarius
987 1799 1167 1860 putet:
1199 1805 1505 1858 quanquam
1554 1790 1845 1846 mulctasse
1916 1787 2250 1844 nobilissima
2294 1790 2372 1843 sui
2408 1797 2579 1857 parte,
2613 1787 2820 1860 integro
2852 1789 3065 1858 inquam
3098 1790 3279 1858 Libro,
3316 1809 3572 1864 maguum

270 1884 685 1955 Hieronymum,
718 1882 1049 1938 reclamante
1092 1880 1237 1936 Orbe
1281 1882 1670 1952 propemodum
1700 1881 1978 1946 universo,
2008 1893 2114 1934 non
2160 1893 2281 1934 esse
2324 1879 2477 1932 venia
2521 1878 2740 1947 dignum
2776 1879 3006 1935 videtur.
3058 1882 3322 1936 Caeterum
3355 1898 3385 1936 a
3417 1885 3574 1938 nobis

268 1975 525 2043 pra‘clare
555 1989 746 2028 secum
777 1983 955 2026 actum
984 1971 1283 2038 existimet,
1314 1971 1455 2040 quod
1504 1986 1600 2026 sex
1632 1969 1966 2027 intermediis
2005 1969 2301 2038 Capitibus,
2332 1984 2452 2022 cum
2485 1969 2615 2022 nihil
2649 1971 2862 2038 habeat,
2887 1973 3026 2043 quod
3060 1974 3273 2044 proprie
3317 1976 3570 2032 Ruﬁnum

263 2075 492 2136 spectet,
524 2080 720 2134 nugas,
741 2067 987 2137 ineptias,
1010 2080 1214 2136 gerrae,
1238 2081 1368 2136 quas
1392 2067 1462 2120 ibi
1492 2065 1657 2121 nectit
1682 2067 2008 2130 innumeras,
2032 2062 2386 2134 przeterimus,
2412 2071 2536 2117 utet
2561 2077 2692 2132 quas
2720 2065 3122 2134 insequentibus
3149 2068 3213 2122 ad
3243 2085 3409 2139 usque
3429 2070 3567 2126 XIV.

264 2162 460 2230 quibus
496 2169 644 2216 toms
675 2161 729 2214 in
776 2175 844 2214 eo
886 2170 990 2225 est,
1023 2169 1080 2214 ut
1110 2159 1370 2215 Joannem
1410 2175 1565 2215 suum
1611 2160 1706 2214 abs
1738 2157 2046 2230 Hieronymi
2088 2166 2142 2212 et
2191 2157 2576 2226 Episcoporum
2609 2157 2792 2228 Cypri,
2826 2166 2986 2226 atque
3026 2160 3367 2215 Alexandrite
3408 2175 3570 2216 arcu-

262 2252 571 2309 sationibus
601 2251 907 2307 subtrahat.
942 2250 1116 2307 Unum
1165 2266 1307 2322 aegre
1336 2250 1558 2306 ferimus
1588 2250 1912 2306 sanctissimi
1961 2249 2071 2304 Viri
2104 2247 2384 2318 Epiphanii
2431 2245 2579 2302 canis
2612 2256 2716 2300 tam
2767 2262 2913 2316 saepe
2961 2257 3174 2317 tamque
3223 2260 3566 2320 tmpudentcr

262 2345 538 2400 ittsuitari.

333 2438 445 2494 Sed
480 2453 551 2492 eo
582 2437 802 2493 tandem
833 2437 1116 2507 processit,
1149 2449 1269 2492 cum
1301 2435 1442 2492 male
1482 2436 1749 2506 plcl'isqtte
1781 2433 1932 2488 bonis
1962 2435 2240 2504 doctisque
2271 2434 2513 2496 dixisset,
2549 2444 2603 2487 ut
2632 2442 2686 2488 ct
2731 2432 2884 2488 nobis
2933 2433 3224 2503 derepente
3253 2435 3424 2490 dicam
3456 2439 3556 2491 im-

266 2531 555 2599 pingeret.
590 2528 748 2592 Vide,
779 2543 939 2597 qttam
961 2527 1189 2594 erudite,
1219 2527 1475 2596 quibusve
1517 2526 1708 2582 modis.
1741 2521 1830 2578 Ait
1854 2527 2026 2594 capite
2055 2523 2149 2578 XV
2188 2541 2201 2577 :
2244 2542 2261 2575 ι
2299 2523 2679 2592 Hieronymum
2707 2523 3014 2593 aliquando,
3046 2540 3166 2579 cum
3199 2541 3258 2582 se
3283 2527 3566 2598 deceptum

261 2624 402 2677 beati
433 2621 592 2678 senis
622 2621 913 2690 Epipltanii
942 2619 1287 2690 simplicitate
1313 2619 1780 2674 animadvettissct
1802 2660 1819 2686 ,
1859 2616 2016 2686 hujus
2053 2616 2258 2685 judicio
2296 2614 2504 2684 abjecto
2525 2657 2538 2681 ,
2572 2629 2710 2669 anno
2740 2615 2975 2685 denique
3009 2616 3132 2672 593.
3165 2632 3350 2687 pacem
3396 2629 3449 2674 et
3478 2636 3569 2675 co-

263 2717 586 2770 munionezn
633 2730 756 2768 cum
804 2729 904 2769 Suo
955 2714 1220 2784 Episcopo
1259 2715 1670 2784 redintegrasse.
1713 2734 1730 2766 ι
1768 2712 2181 2768 Procltronisnto
2227 2713 2381 2767 unius
2431 2721 2488 2766 ut
2538 2711 2819 2766 minimum
2870 2712 2993 2766 anni
3045 2722 3230 2782 peccat
3277 2714 3332 2768 in
3377 2728 3567 2769 eorum

262 2807 423 2860 etiam
451 2809 781 2871 rationibus,
811 2808 901 2876 qui
927 2822 1043 2863 eam
1079 2821 1262 2876 pacem
1292 2807 1503 2862 czeteris
1527 2807 1686 2862 altius
1712 2815 1977 2876 repetunt.
2003 2805 2110 2862 Sed
2137 2806 2330 2859 mirum
2359 2803 2460 2858 hoc
2489 2804 2678 2875 magis,
2704 2804 2844 2874 quod
2875 2805 2940 2858 ad
2967 2819 3084 2860 cam
3118 2805 3388 2875 Epocham
3412 2823 3564 2862 emn-

265 2901 610 2971 prubandam
639 2899 948 2954 testimonio
993 2899 1181 2964 utitur,
1211 2897 1350 2965 quod
1397 2914 1592 2952 annum
1625 2896 2205 2968 quadringentesimum
2235 2896 2486 2966 primum,
2513 2906 2604 2949 aut
2633 2894 2926 2949 secundum
2971 2895 3215 2966 designat
3246 2915 3260 2952 :
3287 2898 3568 2953 notissimo

269 2999 487 3065 inquam
518 2995 616 3048 illo
644 2992 973 3047 I’ostumiani
1004 2992 1054 3045 in
1088 2990 1271 3047 Severi
1303 2991 1542 3062 Dialogo,
1569 2990 1656 3044 ubi
1685 2991 1899 3055 dicitur,
1930 2988 2214 3043 Ecclesium
2244 2987 2342 3042 loci
2366 2987 2504 3042 illius
2531 2985 2872 3057 (Betitleemi)
2899 2986 3244 3058 Hieronymus
3270 2986 3563 3059 Presbyter,

268 3100 398 3142 tunc
421 3089 664 3155 rexisse,
691 3101 811 3156 qua:
845 3084 1104 3139 l’arocltia
1125 3095 1243 3141 erat
1287 3083 1532 3156 Episcopi
1571 3082 1992 3155 Jerosolymitani
2022 3081 2185 3152 (Dial.
2214 3080 2265 3134 I.
2292 3079 2369 3150 8).
2402 3079 2511 3136 Nec
2542 3095 2701 3150 porro
2727 3081 2985 3135 dillitetur
3016 3081 3128 3150 ipse
3167 3097 3282 3133 eam
3313 3082 3569 3146 temporis

270 3194 477 3248 notam,
505 3179 688 3237 subdit
716 3181 881 3245 enim,
920 3198 937 3231 t
973 3197 1039 3235 ex
1071 3195 1134 3234 co
1165 3179 1341 3248 colligi
1366 3179 1504 3242 loco,
1529 3179 1587 3235 S.
1621 3179 1919 3240 Ductorem,
1948 3177 2036 3245 qui
2063 3174 2360 3244 Epiphanio
2389 3183 2524 3228 teste
2565 3173 2691 3244 (Ep.
2720 3175 2773 3228 5.
2808 3172 2879 3243 i),
2913 3184 3122 3244 propter
3141 3176 3490 3228 verecundiam
3522 3185 3569 3226 et

273 3275 618 3328 humilitatem
643 3273 876 3327 noluerat
900 3271 1066 3326 debita
1095 3271 1286 3326 nomini
1315 3287 1408 3326 suo
1435 3285 1666 3325 exercere
1695 3269 1868 3340 ofﬁcia
1893 3267 2016 3338 (leg.
2042 3266 2322 3336 sacriﬁcia)
2354 3274 2472 3336 post
2490 3264 2839 3333 compositum
2872 3265 3150 3320 dissidium
3177 3282 3316 3321 anno
3345 3268 3570 3322 circiter

279 3366 310 3416 ι
339 3370 410 3422 ῑυ.
429 3366 679 3420 humeros
701 3362 1016 3418 submisisse
1037 3364 1183 3417 oneri
1198 3361 1519 3416 Monacltalis
1537 3363 1634 3433 (sic
1652 3360 1826 3430 vocat)
1848 3358 2096 3415 Partecia:
2114 3357 2552 3423 Bethleemiticae,
2568 3357 2666 3413 sibi
2688 3357 2822 3412 haud
2841 3357 3002 3413 dubie
3020 3358 3239 3413 Joannis
3254 3363 3569 3417 auctoritate

280 3458 495 3512 tit-latae.
544 3477 563 3510 ι
603 3457 658 3513 In
690 3458 885 3528 quibus
929 3455 1153 3511 alterum
1187 3455 1362 3510 denuo
1388 3462 1552 3517 errat,
1578 3452 1719 3522 quod
1751 3450 2134 3524 Hieronymum
2175 3451 2243 3505 ab
2270 3464 2339 3505 eo
2368 3449 2580 3505 demum
2603 3457 2845 3520 tempore
2873 3447 3114 3505 functum
3152 3450 3457 3524 Presbyteri
3483 3453 3568 3508 of-

282 3551 424 3614 ticﬁo,
458 3561 514 3606 et
545 3550 713 3604 saetis
745 3555 1023 3618 operatum
1051 3558 1221 3618 putat.
1249 3547 1418 3604 Tanta
1459 3547 1534 3601 illi
1565 3545 2039 3602 hallucinationum
2079 3557 2252 3615 seges,
2281 3551 2338 3598 ut
2371 3545 2534 3600 semel
2563 3559 2666 3599 una
2710 3545 2971 3600 sententia
3000 3543 3258 3601 delirasse
3296 3562 3399 3601 non
3441 3548 3574 3602 satis

283 3642 499 3696 habeat.
532 3641 660 3697 “tce
688 3655 866 3696 autem
911 3649 1068 3712 atque
1108 3642 1188 3695 his
1229 3641 1424 3695 similia
1459 3655 1578 3695 cum
1609 3639 1946 3704 blaterassct,
1970 3650 2088 3707 qua:
2115 3636 2362 3706 persequi
2391 3635 2697 3706 singillatim
2731 3651 2835 3691 non
2863 3646 2968 3692 tam
2991 3637 3122 3692 mihi
3156 3639 3371 3693 taedium
3407 3656 3565 3709 quam

288 3734 501 3789 Lectori
531 3732 713 3797 fuerit,
747 3732 926 3789 subito
957 3749 1041 3788 me
1083 3730 1390 3802 suggillare,
1420 3731 1626 3801 sibique
1661 3729 1936 3800 plaudere,
1968 3727 2014 3784 si
2054 3736 2235 3798 queat,
2263 3729 2552 3798 experitur.
2585 3729 2750 3791 Atque
2789 3731 2896 3784 Itan:
2925 3730 3150 3800 quidem,
3176 3731 3362 3803 inquit,
3399 3743 3575 3787 notata

289 3825 524 3890 oportuit
561 3823 846 3881 Veronensi
873 3823 1077 3880 Editori
1119 3824 1343 3892 Operam
1375 3825 1436 3879 S.
1472 3823 1798 3894 Hieronymi,
1832 3826 1936 3892 (est
1969 3823 2078 3878 Deo
2106 3824 2293 3891 gratia,
2325 3825 2464 3894 quod
2498 3839 2600 3879 non
2646 3827 2714 3879 ita
2746 3823 3157 3897 desipuerimus)
3182 3829 3271 3897 qui
3299 3829 3419 3882 dum
3460 3847 3571 3882 eam

291 3915 587 3984 Epistulam
617 3918 859 3990 (Librum
891 3932 1074 3971 contra
1107 3915 1258 3972 Joan.
1292 3915 1678 3986 Jerosolymit.)
1713 3917 1876 3987 rejicit
1916 3916 1966 3969 in
2013 3931 2201 3968 annum
2233 3915 2357 3971 599.
2403 3926 2492 3971 aut
2526 3917 2647 3972 400.
2678 3918 2732 3971 id
2758 3927 2828 3972 est
2871 3931 2982 3990 post
3013 3921 3306 3990 triennium,
3329 3931 3419 3976 aut
3447 3939 3575 3992 qua—

289 4014 583 4069 driennium
604 4014 666 4067 ab
723 4014 850 4068 inita
897 4013 1188 4068 solemniter
1231 4013 1521 4076 concordia,
1551 4029 1696 4068 reum
1743 4012 2059 4081 apertissime
2089 4013 2212 4082 facit
2242 4013 2442 4068 violatae
2468 4013 2589 4079 [idsi
2638 4023 2684 4066 et
2736 4014 2976 4069 amicitia:
3011 4015 3072 4070 S.
3116 4015 3404 4069 Ductorem.
3439 4017 3581 4071 Deus

296 4107 523 4160 meliora
554 4104 707 4170 mihi,
742 4119 1090 4174 erroremque
1125 4104 1366 4160 hostibus
1392 4105 1573 4159 istum.
1613 4104 1893 4158 Hominem
1926 4104 2089 4158 nullis
2127 4105 2322 4172 oculis,
2355 4105 2504 4160 nullo
2532 4106 2694 4161 Corde
2725 4121 2828 4161 non
2858 4106 3185 4163 imitabimur
3217 4126 3229 4161 :
3257 4124 3427 4177 neque
3471 4127 3578 4165 non

296 4209 478 4252 tamen
525 4196 765 4251 feremus
792 4211 946 4266 aquo
984 4198 1161 4254 animo
1189 4207 1388 4252 tantam
1415 4198 1532 4267 ejus
1565 4197 1857 4266 levitatem,
1881 4197 1969 4268 qui
2000 4199 2130 4252 alios
2161 4199 2408 4254 docuisse
2432 4200 2597 4254 videri
2628 4201 2769 4267 apud
2798 4201 2984 4270 vulgus
3014 4203 3158 4256 velit.
3186 4201 3372 4258 Etlitor
3405 4203 3574 4257 Vero-

298 4291 483 4348 nensis
515 4291 628 4360 (qui
660 4304 768 4346 non
796 4289 930 4344 alius
965 4306 994 4344 a
1027 4307 1111 4346 me
1153 4295 1260 4360 est)
1284 4291 1335 4346 in
1362 4290 1681 4348 Prtel‘atione
1718 4291 1784 4346 ad
1831 4305 1952 4345 eum
1987 4291 2204 4346 Librum
2249 4292 2402 4348 bonis
2445 4295 2775 4363 argumentis
2803 4295 2867 4347 ad
2913 4309 3003 4348 att.
3035 4295 3157 4350 599.
3200 4295 3386 4350 referri
3428 4296 3577 4351 illum

300 4381 554 4445 ostendit,
587 4395 745 4450 posse
769 4381 928 4435 etiam
959 4379 1026 4436 ad
1049 4377 1175 4436 400.
1208 4381 1389 4450 initia;
1415 4384 1466 4438 in
1494 4383 1611 4436 Vita
1639 4391 1814 4438 autem
1847 4381 1905 4436 S.
1943 4379 2207 4446 Doctoris,
2234 4383 2323 4438 ubi
2353 4383 2466 4436 haec
2498 4383 2654 4437 latius
2680 4393 2733 4436 et
2764 4385 2903 4440 serie
2935 4386 3186 4441 continua
3215 4385 3576 4456 disputantur,

304 4475 420 4542 ipso
448 4470 554 4527 5J9
585 4471 864 4536 adscribit,
906 4485 963 4529 ut
1004 4473 1153 4529 initis
1184 4475 1348 4544 probe
1377 4475 1677 4530 rationibus
1725 4474 1925 4530 nullum
1970 4475 2128 4528 faciat
2167 4475 2426 4542 reliquum
2458 4473 2618 4529 dubio
2647 4475 2840 4530 locum.
2875 4476 3037 4547 chat
3074 4479 3388 4535 eruditionis
3423 4482 3583 4536 homo

304 4567 531 4636 cupidus
565 4579 724 4635 caput
755 4567 950 4623 XXIX.
979 4581 1009 4622 a
1041 4583 1263 4623 numero
1304 4564 1600 4638 pratsé'rtim
1640 4566 1866 4636 septimo
1891 4565 1956 4621 ad
1988 4565 2357 4622 duodecimum
2386 4569 2529 4637 (nam
2560 4568 2605 4624 si
2638 4569 2740 4624 huc
2784 4571 2868 4624 illa
2900 4571 3188 4628 transferre
3209 4575 3391 4641 velim,
3423 4576 3585 4631 nimii5

308 4660 522 4730 longum
558 4657 772 4722 iaciam,
794 4666 849 4712 et
873 4661 984 4729 jam
1031 4675 1137 4716 non
1169 4661 1221 4716 in
1279 4658 1456 4713 Rufini
1498 4657 1800 4713 Editionem
1832 4657 2102 4723 Praefatio,
2129 4663 2221 4713 setl
2269 4658 2692 4729 Hicronymiana:
2723 4660 2964 4716 vindicia:
3018 4662 3378 4719 describendae
3404 4675 3584 4724 erunt)

309 4762 362 4808 et
407 4751 590 4806 nullus
619 4750 832 4818 dubito,
871 4751 997 4822 quin
1027 4751 1389 4822 supputationi
1421 4765 1697 4806 assensum
1727 4751 1889 4806 etiam
1920 4749 2118 4807 invitus
2158 4750 2412 4821 praebeat.
2443 4750 2549 4812 Sed
2581 4761 2635 4807 ut
2681 4753 2879 4822 videas,
2912 4756 3053 4824 quod
3082 4766 3134 4811 et
3165 4759 3215 4812 in
3247 4761 3411 4813 veteri
3442 4760 3585 4827 apud

311 4844 692 4917 Hiemuymum
739 4845 1034 4903 Proverbio
1062 4857 1164 4914 est,
1195 4843 1524 4902 Cat-ciarium
1567 4846 1896 4901 voluntatem
1927 4845 2175 4902 habuisse
2221 4848 2469 4914 nocendi,
2499 4847 2804 4903 lacultatem
2847 4863 2951 4904 non
2980 4849 3227 4908 habuisse
3256 4869 3271 4908 :
3297 4859 3444 4922 puta,
3480 4869 3584 4907 nun

311 4940 743 4996 evidentissimas
777 4956 896 5009 nos,
927 4945 1019 4999 sed
1059 4941 1294 5000 leviores
1313 4941 1687 5012 Chronologia:
1711 4952 1905 5001 nostrae
1934 4959 2151 5000 caussas
2179 4944 2400 5011 addere,
2424 4945 2471 5000 si
2500 4945 2667 4999 mavis
2693 4945 2874 5012 etiam,
2911 4964 3017 5002 non
3047 4949 3170 5004 39:).
3200 4959 3289 5004 aut
3319 4950 3444 5006 430.
3482 4951 3574 5004 sed

318 5033 486 5089 multo
507 5034 705 5102 serius,
740 5044 794 5090 et
823 5043 882 5089 ut
909 5034 1081 5090 visum
1099 5050 1312 5106 quoque
1341 5045 1426 5091 est
1449 5036 1570 5090 aliis
1598 5035 1770 5092 doctis
1795 5038 1944 5103 viris,
1970 5037 2036 5094 ad
2065 5052 2230 5108 usque
2257 5035 2382 5092 406.
2414 5052 2530 5092 eam
2570 5039 3022 5097 elucubratiOnem
3055 5043 3271 5099 diﬂerre
3304 5062 3318 5097 :
3347 5043 3468 5099 ideo
3500 5062 3584 5108 nc,

316 5124 455 5193 quod
503 5124 752 5195 religioni
795 5141 902 5180 non
953 5125 1112 5182 habet
1156 5127 1435 5198 religiosus
1476 5127 1636 5182 homo
1675 5131 2020 5195 calumniari,
2052 5147 2195 5184 reum
2239 5131 2556 5203 apertissime
2594 5131 2810 5201 facimus
2853 5135 3053 5191 violata:
3090 5138 3213 5207 fitlei
3255 5147 3304 5191 et
3347 5142 3588 5196 amicitia:

319 5214 378 5273 S.
409 5215 729 5274 Ductorem!
755 5217 942 5272 Nonne
968 5218 1124 5272 aliam
1154 5234 1330 5274 rerum
1359 5221 1578 5288 seriem,
1607 5220 1840 5276 rationes
1868 5221 2001 5276 alias
2026 5222 2182 5277 nobis
2223 5223 2426 5279 institui
2456 5223 2698 5280 videbat?
2727 5225 2850 5282 hinc
2882 5229 3026 5296 pacis
3056 5244 3320 5299 percussae
3350 5243 3588 5300 tempora

321 5312 488 5368 serius
535 5310 800 5382 protrahi,
829 5310 911 5365 sin
943 5311 1223 5381 plumbeus
1251 5319 1335 5366 est
1375 5321 1540 5378 totus,
1575 5326 1680 5365 non
1711 5313 1975 5369 noverat?
2021 5312 2183 5368 Novit
2211 5314 2506 5382 enimvero,
2538 5315 2631 5370 sed
2669 5319 2799 5372 tanti
2830 5317 3010 5375 haberi
3042 5322 3178 5390 apud
3227 5337 3353 5378 suos
3396 5324 3588 5387 voluit,

323 5415 379 5462 ut
405 5422 502 5462 nos
535 5407 840 5477 castigasse
873 5405 1165 5460 videretur.
1197 5405 1325 5472 Nos,
1357 5405 1523 5461 salvis
1555 5403 1731 5459 Ruﬁni
1760 5420 1824 5461 ac
1870 5402 2180 5476 Hieronymi
2213 5407 2392 5472 rebus,
2420 5421 2644 5477 quorum
2693 5409 2806 5463 haec
2836 5425 3021 5467 caussa
3052 5414 3191 5469 dicta
3219 5424 3358 5478 sunt,
3386 5412 3591 5484 injuria:

321 5501 685 5557 conceditttus.

390 5597 519 5665 Quae
555 5603 738 5649 tamen
772 5591 896 5646 hinc
923 5591 1123 5659 reliqua
1149 5591 1265 5662 ejus
1294 5589 1464 5646 Partis
1502 5597 1709 5660 septem
1740 5587 1926 5659 Capita
1969 5590 2364 5658 subsequuntur
2395 5589 2655 5659 (Tertiam
2689 5592 2859 5652 enim,
2893 5593 2979 5645 ubi
3015 5593 3082 5646 de
3133 5591 3379 5646 Historiae
3407 5596 3596 5652 Eccle-

326 5691 402 5743 sia
439 5689 560 5744 tice
585 5688 871 5742 Ruliniana
899 5685 1160 5742 \Tersione
1185 5685 1317 5754 agit,
1350 5682 1656 5739 Prtefationi
1690 5681 2021 5752 insequentis
2051 5681 2204 5736 Tomi
2235 5683 2594 5748 reservamus)
2625 5696 2745 5734 cum
2787 5684 3063 5736 stomacho
3090 5685 3159 5736 ita
3195 5700 3594 5755 percttrrcmus,

330 5795 382 5837 ut
425 5792 629 5837 tantum
662 5790 881 5834 notasse
906 5776 1156 5850 graiiora
1189 5775 1450 5845 contenti,
1491 5774 1714 5846 tempori
1745 5788 2024 5845 parcamus
2063 5785 2113 5831 et
2146 5775 2306 5845 stylo.
2333 5773 2526 5828 Totum
2567 5773 2676 5828 fere
2713 5782 2866 5843 caput
2896 5773 3030 5828 XVI.
3065 5775 3380 5847 iujttriosum
3412 5783 3596 5838 Hieru-
