4094 6344
524 326 597 384 55
1971 326 2358 387 ΡΒέΕΡΑΤΙΟ.
3740 336 3812 391 56
3835 327 3838 330 ’

521 457 688 515 nymo
716 453 822 512 est,
847 445 936 518 qui
968 453 1023 502 et
1045 444 1235 502 iisdem
1269 459 1399 501 usus
1445 444 1725 502 fraudibus
1754 443 1973 512 dicitur,
2001 445 2070 502 d'e
2097 446 2293 517 quibus
2341 443 2684 502 adversarios
2723 459 2852 502 suos
2880 453 3117 514 accusat,
3149 454 3206 503 et
3233 446 3468 505 schisma
3516 447 3809 507 Mouacho—

520 529 642 594 rum
672 535 890 594 favisse.
923 537 1345 596 Prochronismo
1369 541 1529 597 etiam
1560 547 1769 609 peccat.
1802 539 1947 596 Idem
1975 539 2166 595 vitium
2193 550 2278 596 est
2301 540 2529 596 duorum
2557 539 2978 610 insequentium,
3012 541 3103 597 ubi
3135 550 3191 598 et
3220 543 3390 599 series
3413 542 3589 598 Ruﬁni
3621 546 3809 605 elucu-

520 628 829 686 brationum
876 632 1053 688 omnis
1084 633 1480 702 intervertitur,
1522 641 1576 688 et
1606 633 1816 687 itineris
1865 632 2036 688 Roma
2067 632 2372 703 Aquileiam
2420 631 2575 697 ordo,
2607 632 2831 702 ipsaque
2879 632 3106 688 historia
3143 634 3409 690 turbatur.
3443 635 3638 693 Inscite
3673 638 3808 697 illud

520 739 633 794 prae
670 726 910 793 cteteris,
945 727 1086 797 quod
1123 737 1272 798 putat
1298 729 1411 796 ipsa
1454 727 1506 783 in
1544 727 1688 785 Urbe
1721 737 1860 784 totos
1887 727 2026 783 duos
2063 743 2233 784 annos
2276 727 2527 785 Ruﬁnum
2551 727 2878 784 substitisse.
2913 729 3081 786 Porro
3107 731 3238 786 nihil
3260 733 3325 787 iis
3359 733 3574 788 stultius
3605 734 3803 804 verbis,

519 815 711 885 quibus
741 815 871 886 Cap.
897 814 1040 872 XIX.
1069 816 1369 885 exorditur,
1396 816 1721 885 Iampridem
1746 833 1808 871 ex
1837 815 2008 887 Epist.
2038 817 2345 889 Hieronymi
2365 817 2454 873 6|.
2495 817 2605 888 (hic
2639 828 2720 874 est
2746 829 2934 875 contra
2956 819 3115 876 Ioan.
3147 822 3378 880 Jerosol.
3423 823 3606 896 Liber)
3639 827 3806 880 minus

518 909 784 963 commode
808 910 998 964 sentire
1021 919 1220 979 ceperat
1250 908 1614 965 Pammachius
1647 911 1709 965 de
1736 910 1914 981 Ruﬁni
1944 911 2065 980 fide.
2095 909 2390 967 Enimvero
2417 926 2523 967 non
2553 911 2861 986 Hieronymi
2889 914 3037 970 illam
3067 929 3188 972 esse
3225 917 3543 986 Epistulam,
3580 921 3683 974 sed
3705 937 3806 975 nu-

399 994 405 1010 '
487 1001 659 1074 .gacis
686 1001 906 1057 hominis
959 1001 1150 1059 Joanni
1190 1002 1458 1075 Episcopo
1489 1018 1745 1075 perquam
1774 1003 1992 1070 infensi,
2023 1013 2135 1060 t0ta
2177 1004 2375 1074 passim
2424 1003 2837 1075 Dissertatione,
2867 1006 3211 1078 propriisque
3241 1008 3504 1079 Capitulis
3545 1011 3805 1070 hactenus

515 1093 815 1159 contendit,
844 1095 987 1166 quod
1015 1109 1114 1151 nos
1144 1096 1564 1152 audacissimum
1593 1104 1958 1150 commentum
1983 1095 2348 1165 explodimus.
2383 1097 2675 1154 Memorem
2701 1112 2824 1155 esse
2851 1100 3166 1156 mendacem
3191 1100 3449 1171 oportuit.
3477 1103 3806 1160 Adversatur

512 1183 622 1255 imi
649 1185 792 1240 enim
825 1187 940 1255 ipse
961 1187 1086 1253 sibi,
1119 1197 1175 1243 et
1202 1189 1283 1243 sui
1314 1199 1395 1242 est
1430 1195 1536 1242 tam
1557 1188 1664 1243 cito
1694 1188 1950 1258 propositi
1975 1188 2201 1245 oblitus.
2230 1188 2421 1259 Neque
2440 1205 2570 1246 vero
2601 1204 2661 1246 se
2691 1190 2853 1257 dicat,
2899 1207 2964 1250 ex
2996 1201 3212 1263 recepta
3244 1209 3387 1249 nunc
3417 1196 3579 1266 vulgo
3609 1196 3804 1252 inscri-

406 1286 412 1314 τ
453 1339 469 1360 ο
513 1277 696 1346 ptione
725 1278 913 1348 Operis
936 1279 1119 1351 loqui;
1147 1290 1508 1352 praeterquam
1537 1281 1684 1351 quod
1708 1281 1850 1337 enim
1879 1281 2011 1337 alias
2033 1297 2306 1353 nunquam
2345 1283 2681 1356 Hieronymi,
2715 1285 2809 1342 sed
2840 1287 3088 1343 Auctoris
3123 1288 3313 1345 incerti
3349 1289 3648 1361 EpiStolam
3682 1309 3800 1350 eam

509 1379 690 1439 vocat,
714 1373 820 1428 nisi
843 1386 972 1429 vere
995 1387 1115 1430 esse
1147 1374 1620 1445 Ilieronymianam
1651 1376 1895 1441 sentiret,
1928 1389 2088 1449 atque
2113 1377 2296 1434 haberi
2325 1393 2468 1435 nunc
2486 1380 2666 1445 vellet,
2699 1381 2869 1437 multo
2889 1381 3064 1439 adhuc
3087 1387 3256 1456 magis
3288 1385 3339 1440 in
3371 1402 3484 1443 rem
3517 1402 3667 1442 suam
3696 1389 3788 1445 de-

509 1466 738 1537 siperet,
761 1465 1074 1537 faceretque
1095 1468 1312 1524 Lectori
1357 1469 1599 1525 offucias.
1630 1471 1838 1542 Quippe
1862 1471 2031 1539 addit,
2068 1490 2087 1525 ι
2119 1471 2311 1528 lectam
2350 1473 2716 1539 Pammachio,
2741 1475 3142 1549 adhibitamque
3171 1479 3247 1534 ifli
3273 1478 3452 1548 ﬁdem,
3476 1481 3712 1551 denique
3744 1488 3798 1539 e‘
3869 1483 3875 1489 ’

511 1559 886 1631 νηιὶιιᾱίεἰυω
915 1561 1217 1617 Ruﬁnianze
1243 1563 1631 1622 existimationi
1666 1565 1792 1621 hinc
1818 1567 2046 1636 illatum,
2079 1585 2098 1620 ι
2137 1577 2561 1637 argumentatur.
2586 1566 2722 1622 Num
2750 1568 2886 1624 alius
2907 1572 3057 1625 venit
3083 1571 3136 1626 in
3168 1583 3404 1629 mentem
3439 1574 3542 1628 sibi
3571 1574 3789 1643 Auctor,

505 1669 674 1725 quem
699 1669 865 1711 verus.
880 1655 1261 1714 Pammachius
1287 1675 1384 1729 pro
1410 1675 1538 1715 vero
1570 1659 1900 1731 Hieronymo
1930 1660 2174 1728 haberet,
2208 1661 2322 1732 ipse
2365 1664 2525 1716 etiam
2557 1663 2626 1718 de
2654 1663 2873 1718 nomine
2902 1664 3284 1732 Hieronymum
3314 1666 3544 1732 diceret,
3577 1676 3632 1721 et
3676 1666 3789 1722 lliea

503 1761 765 1819 ronymus
806 1758 986 1806 tamen
1018 1764 1126 1805 non
1158 1752 1345 1806 esset?
1372 1750 1477 1808 Sed
1523 1751 1759 1807 nondum
1785 1752 2106 1823 ineptiarum
2148 1752 2289 1807 linis.
2339 1752 2469 1807 Rem
2503 1756 2647 1808 enim
2694 1753 2866 1824 ipsam
2897 1754 3041 1823 quod
3071 1765 3299 1824 spectat,
3335 1765 3389 1811 et
3411 1755 3478 1811 ab
3507 1758 3650 1811 utuni
3686 1757 3790 1815 veli

503 1846 710 1916 Specie,
732 1854 788 1902 et
824 1861 855 1902 a
883 1845 1178 1915 semetipso
1202 1847 1397 1903 iterum
1439 1846 1691 1902 dissentit
1712 1845 2021 1912 Carmelita,
2047 1845 2137 1916 qui
2172 1855 2293 1914 post
2320 1845 2748 1911 Tillemontium,
2782 1847 3024 1917 aliosque
3065 1847 3252 1902 doctas
3283 1848 3428 1903 viros
3460 1863 3565 1903 non
3599 1849 3794 1905 difﬁte-

501 1947 614 2005 t—ur,
644 1937 793 1994 illam
830 1954 1006 2009 neque
1035 1939 1329 2010 perlectam
1373 1939 1443 1995 ab
1473 1942 1705 1996 Auctore
1760 1955 1860 1995 suo
1893 1939 2084 2006 fuisse,
2118 1955 2291 2011 neque
2340 1941 2408 1996 ad
2450 1940 2857 1997 Pammachium
2905 1942 3150 2009 missam,
3183 1941 3346 1997 immo
3385 1951 3438 1997 et
3472 1959 3794 2016 suppressam

499 2034 800 2105 Epistolam
833 2035 985 2107 (Cap.
1031 2034 1220 2106 VIII).
1255 2037 1382 2103 Qua:
1410 2037 1569 2108 igitur
1594 2046 1720 2090 sunt
1751 2036 1867 2091 haec
1909 2037 2224 2108 prtestigia?
2255 2035 2378 2091 Fuit
2407 2036 2495 2091 illa
2523 2035 2834 2107 Hieronymi
2878 2035 3140 2102 Epistola,
3185 2036 3482 2106 eademque
3519 2051 3622 2091 non
3654 2037 3793 2107 ejus.

498 2125 596 2182 sed
625 2125 848 2197 nugacis
870 2137 927 2183 et
953 2127 1171 2197 maligni
1204 2127 1438 2182 hominis
1463 2127 1563 2183 fuit
1596 2142 1610 2179 :
1638 2125 1706 2181 ad
1741 2127 2147 2181 Pammachium
2189 2126 2376 2196 missa,
2405 2128 2495 2196 qui
2531 2141 2691 2183 verus
2715 2136 2894 2181 tamen
2920 2125 3298 2181 Pammachius
3329 2141 3432 2180 non
3465 2138 3600 2191 erat,
3631 2128 3795 2196 siqui-

498 2219 624 2276 dem
654 2233 759 2276 nec
787 2234 817 2275 a
847 2233 976 2275 vero
1002 2218 1333 2292 Hieronymo
1361 2229 1647 2289 acceperat
1677 2237 1688 2271 :
1716 2219 1892 2274 eidem
1923 2219 2084 2286 lecta,
2131 2226 2187 2274 et
2214 2220 2268 2274 in
2291 2221 2484 2289 vu‘gus
2520 2232 2731 2287 sparsa,
2763 2218 2908 2272 unde
2940 2217 3134 2273 Ruﬁno
3164 2217 3394 2272 conflata
3440 2226 3522 2272 est
3563 2218 3787 2284 invidia,

497 2321 556 2371 et
583 2328 873 2384 suppressa
904 2312 1064 2370 simul
1103 2314 1326 2379 scrinio,
1358 2327 1534 2382 neque
1557 2314 1752 2368 educta
1783 2326 2043 2384 unquam,
2084 2312 2251 2368 immo
2282 2327 2457 2381 neque
2496 2311 2562 2366 ab
2591 2311 2829 2368 Auctore
2859 2311 3125 2366 absoluta.
3167 2310 3467 2366 Tantumne
3507 2312 3792 2382 ambagum

498 2403 962 2476 ineptissimarum
989 2403 1198 2460 duobus
1221 2401 1541 2458 versiculis?

585 2497 754 2551 Porro
775 2496 893 2566 ejus
922 2494 1228 2564 imperitiae,
1259 2494 1328 2550 ob
1351 2509 1507 2566 quam
1542 2503 1650 2550 tota
1679 2495 1964 2550 Ruﬁniana
1991 2492 2215 2550 historia
2238 2502 2386 2550 retro
2418 2493 2668 2564 sublapsa
2699 2503 2755 2549 ut
2785 2493 3072 2562 referatur,
3117 2508 3336 2551 necesse
3362 2501 3469 2564 est,
3500 2510 3668 2550 unum
3701 2504 3782 2550 at-

499 2602 610 2659 que
638 2587 868 2644 alterum
895 2587 963 2644 tle
991 2586 1212 2658 reliquis
1244 2585 1534 2657 postremis
1556 2586 1815 2659 Capitulis
1855 2589 2174 2658 exemplum
2208 2587 2424 2656 addam,
2457 2587 2652 2658 quibus
2679 2587 2882 2658 liquido
2923 2597 3157 2655 constet,
3185 2604 3342 2659 quam
3385 2589 3472 2643 ille
3503 2588 3571 2642 ah
3599 2590 3792 2646 erudi-

494 2681 666 2749 tione,
700 2681 1073 2751 bonarumque
1114 2679 1310 2737 artium
1341 2682 1533 2738 studiis
1560 2681 1811 2738 omnibus
1835 2681 2132 2751 imparatus
2171 2681 2238 2736 ad
2267 2682 2614 2738 scribendum
2643 2683 2711 2738 de
2739 2681 2915 2737 Ruﬁni
2947 2682 3110 2737 rebus
3160 2682 3472 2738 accesserit.
3503 2681 3654 2738 Hunc
3684 2697 3789 2738 non

493 2769 668 2829 fuisse
713 2773 782 2830 ab
808 2774 1096 2832 Anastasio
1123 2775 1461 2842 damnatum,
1508 2791 1574 2831 ex
1605 2791 1672 2831 eo
1714 2774 1988 2845 colligitur
2012 2773 2323 2843 manifesto,
2353 2776 2499 2847 quod
2525 2792 2694 2848 usque
2735 2775 2828 2842 sit,
2870 2792 2991 2831 cum
3035 2776 3248 2834 Sanctis
3279 2778 3580 2851 EpiscOpis,
3625 2775 3788 2832 Italia:

493 2867 820 2934 prtesertim,
844 2866 1225 2924 communione
1251 2881 1314 2923 ac
1347 2864 1714 2923 familiaritate
1754 2881 1908 2922 usus.
1932 2863 2123 2922 Nobile
2157 2877 2535 2937 argumentum
2562 2870 2736 2924 bonus
2766 2869 2846 2925 vir
2870 2869 2962 2925 ille
2987 2871 3361 2942 exaggerando
3389 2871 3468 2927 sic
3492 2871 3785 2942 depravat:

500 2977 522 3013 α
551 2958 860 3026 Paulinum,
895 2961 991 3028 ait,
1039 2959 1300 3017 Nolanum
1335 2961 1688 3032 Episcopum,
1721 2960 1859 3016 datis
1901 2959 1968 3014 ad
2011 2959 2260 3014 Ruﬁnum
2305 2958 2524 3014 Litteris
2552 2959 2756 3015 amoris
2786 2973 2850 3016 ac
2893 2960 3281 3017 benevolentiae
3325 2961 3519 3032 plenis,
3565 2963 3788 3033 petiisse

494 3061 658 3122 atque
686 3053 984 3111 obtinuisse
1025 3053 1436 3125 explicationem
1471 3053 1540 3110 de
1585 3053 2015 3110 Patriarcharum
2055 3050 2549 3107 Benedictionibus.
2593 3051 2838 3121 Rogasse
2884 3065 3005 3106 eum
3035 3065 3278 3122 quoque,
3329 3061 3388 3106 ut
3417 3055 3786 3122 pertransiens

492 3146 690 3218 Roma,
724 3146 912 3204 Nolam
955 3160 1016 3204 se
1056 3157 1382 3206 conventum
1421 3147 1585 3203 vellet
1614 3163 1627 3201 :
1656 3146 1850 3218 quibus
1891 3155 2041 3202 certe
2064 3144 2476 3202 studiosissimis
2493 3145 2672 3200 verbis
2702 3141 3078 3215 Presbyterum
3126 3144 3528 3214 Aqttilejensem
3553 3161 3658 3202 non
3690 3160 3780 3203 co-

495 3239 706 3306 luisset,
731 3239 777 3295 si
810 3238 930 3310 eius
955 3239 1335 3296 condemnatio
1363 3252 1599 3309 unquam
1627 3237 1916 3308 prodiisset
1942 3255 1954 3304 ;
1986 3252 2144 3309 quam
2170 3238 2355 3306 utique
2397 3237 2642 3308 ignorare
2671 3251 2776 3291 non
2808 3246 3038 3307 poterat,
3071 3244 3254 3307 utpote
3281 3237 3370 3307 qui
3400 3237 3586 3293 sedem
3627 3253 3775 3293 suam

493 3332 722 3389 haberet
751 3332 803 3388 in
836 3331 1125 3390 Provincia
1151 3331 1558 3399 Suburbicaria,
1593 3331 1960 3402 Romanaeque
2000 3330 2194 3386 ditioni
2237 3329 2474 3386 subdita.
2506 3349 2526 3383 ι
2558 3330 2700 3387 Deus
2729 3329 2896 3386 bone!
2929 3329 3056 3400 quid
3086 3337 3171 3386 est
3197 3329 3448 3401 desipere
3488 3333 3706 3399 mentis,
3731 3337 3778 3390 si

492 3422 600 3479 hoc
631 3437 742 3481 non
786 3429 906 3482 est'.
928 3427 1048 3494 Quo
1084 3435 1330 3498 tempore
1359 3428 1480 3484 illas
1507 3428 1774 3499 Epistolas
1813 3428 2068 3484 Paulinus
2100 3428 2339 3497 scripsit,
2372 3441 2474 3483 nec
2517 3426 2842 3496 Episcopum
2870 3425 2984 3496 ipse
3011 3425 3223 3498 agebat,
3256 3429 3349 3483 sed
3380 3429 3431 3484 in
3465 3428 3774 3502 Presbyteri

493 3527 702 3574 tantum
732 3519 903 3589 gradu
927 3520 1278 3577 merebatur:
1303 3535 1402 3576 nec
1427 3520 1649 3577 Rufinus
1680 3523 1787 3576 ulla
1818 3520 1969 3591 pravi
1998 3519 2264 3588 dogmatis
2286 3518 2595 3588 suspicione
2622 3517 2923 3586 laborabat,
2953 3525 3010 3571 ut
3033 3518 3100 3570 ab
3127 3518 3245 3589 ejus
3274 3519 3517 3591 refugere
3545 3537 3778 3580 consue-

489 3615 678 3670 tudine
705 3615 826 3684 quis
850 3615 1075 3673 dcberet
1100 3634 1114 3672 :
1139 3633 1237 3673 nec
1267 3616 1497 3690 denique
1549 3619 1868 3675 Anastasius
1913 3618 2209 3673 Romanam
2246 3615 2422 3670 adhuc
2451 3612 2773 3668 Catbedram
2823 3614 3119 3680 obtinebat,
3153 3624 3208 3669 ut
3233 3615 3524 3683 percellere
3561 3618 3783 3673 anathe-

490 3719 641 3766 mate
671 3725 792 3767 eum
817 3719 1023 3782 posset.
1057 3710 1238 3781 Pergit
1269 3721 1445 3770 tamen
1478 3714 1569 3770 ille
1595 3729 1811 3771 errores
1833 3713 2106 3768 erroribus
2139 3712 2456 3766 cumulare:
2488 3730 2506 3764 ‹
2539 3709 2606 3764 Ει
2635 3725 2779 3777 cum,
2819 3711 2915 3774 ait,
2945 3710 3254 3766 Chromatio
3297 3727 3328 3768 e
3366 3712 3501 3766 vivis
3539 3711 3778 3775 sublato,

491 3801 742 3873 Ruﬁnus,
771 3804 1018 3876 Aquileia
1052 3804 1260 3874 relicta,
1293 3807 1344 3863 in
1376 3807 1761 3865 Monasterium
1794 3805 1964 3862 Pineti
1995 3803 2062 3858 ad
2104 3803 2444 3857 Classeusem
2477 3802 2664 3856 urbem
2695 3815 2755 3856 se
2797 3803 3079 3871 receperit,
3113 3811 3339 3872 putasne
3369 3810 3447 3856 tot
3477 3801 3778 3870 Religiosos

489 3899 637 3953 viros
668 3898 958 3969 proscripti
991 3897 1242 3955 Haeretici
1267 3899 1590 3964 convictum,
1614 3897 2052 3962 contubernium,
2080 3895 2276 3950 nedum
2305 3893 2738 3948 communionem
2774 3893 2941 3948 fuisse
2971 3893 3216 3948 laturos?
3244 3912 3264 3946 ο
3309 3893 3524 3962 Ineptias
3555 3893 3774 3963 ineptis-

467 3991 664 4059 ‘simre,
693 3990 922 4046 somnia.
949 3989 1172 4046 Ruﬁnus
1199 4005 1321 4047 cum
1354 3990 1406 4046 in
1437 3990 1608 4046 Pineti
1645 3987 2027 4045 Monasterium
2059 3989 2308 4051 secess't,
2342 3983 2579 4039 nondum
2609 3983 2908 4054 Aquilejam
2952 3992 3194 4049 venerat,
3227 3983 3449 4038 vixdum
3487 3984 3630 4037 enim
3663 3992 3779 4038 erat

484 4085 554 4143 ab
584 4082 806 4141 Oriente
834 4095 1106 4141 reversus.
1135 4081 1477 4140 Chromatius
1508 4083 1560 4138 in
1582 4082 1713 4136 vivis
1738 4080 1917 4135 adhuc
1957 4079 2141 4149 utique
2169 4075 2382 4148 agebat,
2412 4076 2500 4146 qui
2529 4074 2631 4130 nisi
2663 4082 2784 4145 post
2813 4089 2984 4130 anuos
3010 4073 3180 4129 ferme
3207 4089 3399 4128 novem
3428 4073 3574 4129 diem
3603 4073 3774 4128 obiit:

485 4179 660 4234 Pineti
690 4176 921 4248 denique
949 4176 1330 4233 Mouasterium
1382 4191 1487 4231 non
1536 4174 1601 4229 ad
1639 4174 1982 4230 Classensem
2024 4169 2234 4234 urbem,
2282 4183 2400 4238 qua:
2431 4166 2575 4221 nulla
2623 4180 2856 4237 unquam
2888 4163 3008 4231 fuit,
3040 4164 3136 4221 sed
3169 4179 3343 4232 neque
3371 4163 3569 4219 Classis
3608 4179 3777 4235 prope

486 4271 823 4342 Ravennam,
858 4287 1040 4328 verum
1072 4275 1124 4328 in
1156 4272 1288 4345 Agri
1319 4271 1571 4336 Romani,
1605 4268 1956 4325 Terracinam
1991 4279 2202 4328 versus,
2236 4280 2326 4318 ora
2361 4262 2625 4317 maritima
2656 4261 2885 4317 steterit.
2922 4260 3192 4315 Potuisset
3220 4263 3339 4330 quis
3365 4259 3483 4312 data
3515 4274 3676 4329 Opera
3707 4259 3772 4314 ad

483 4366 809 4423 movendum
842 4367 1079 4422 tunicato
1107 4365 1323 4436 papello
1353 4365 1520 4421 risum
1549 4362 1701 4432 plura
1735 4356 2085 4430 paucioribus
2108 4355 2289 4411 verbis
2323 4353 2465 4423 loqui
2495 4351 2892 4410 deliramenta?
2924 4350 3120 4406 Verum
3152 4349 3233 4404 his
3264 4349 3467 4405 diutius
3499 4350 3772 4406 immorari

481 4460 648 4516 nobis
683 4468 738 4518 et
767 4458 980 4517 fastidio
1010 4471 1116 4526 est,
1159 4470 1214 4517 et
1245 4459 1462 4531 pudori.
1519 4457 1588 4511 Et
1618 4454 1773 4511 facile
1805 4465 1985 4508 tamen
2019 4449 2217 4508 Lector
2264 4447 2554 4518 intelliget,
2605 4445 2650 4501 si
2680 4443 2990 4500 historicam
3023 4443 3169 4498 illam
3207 4441 3647 4497 Dissertationem
3687 4441 3772 4496 lu-

480 4563 654 4608 ειη-πε
683 4561 887 4610 tantum
919 4555 1090 4610 oculis
1117 4553 1267 4618 νειίι,
1299 4552 1402 4606 alia
1443 4563 1563 4605 esse
1589 4545 2010 4618 quamplurima,
2035 4556 2155 4614 qua:
2181 4555 2344 4611 quum
2379 4553 2567 4610 parum
2612 4536 2678 4592 ad
2710 4551 2810 4592 nos
2853 4541 3121 4607 spectent,
3164 4531 3416 4588 immania
3449 4533 3564 4601 ejus
3596 4541 3772 4588 errata

479 4647 910 4797 minutiam}
934 4740 1002 4796 ad
1033 4739 1211 4797 Ruﬁni
1243 4738 1476 4809 Operum
1511 4733 1817 4791 Editionem
1843 4740 2106 4802 nostram,
2130 4741 2521 4801 pergamusque
2545 4739 2707 4796 porro
2738 4724 2806 4779 de
2831 4722 2916 4776 his
2944 4736 3062 4793 quae
3086 4719 3138 4774 in
3171 4719 3261 4774 illa
3293 4715 3602 4774 adornanda
3625 4732 3764 4787 pra:-

481 4835 739 4904 stitimus,
773 4834 1054 4892 Lectorem
1087 4830 1575 4888 commonefacere.
1604 4827 1818 4882 Initium
1844 4825 2090 4881 ducimus
2121 4840 2149 4878 a
2175 4821 2384 4878 duobus
2413 4820 2480 4876 de
2508 4815 2954 4871 Bmedicliouious
2988 4811 3414 4904 Patriarcharum
3447 4809 3642 4876 Libris,
3669 4809 3773 4880 qui

483 4930 684 4996 primas
708 4903 848 4983 inter
874 4940 1061 4982 omnes
1093 4924 1393 4994 Presbyteri
1418 4919 1779 4992 Aquilejensis
1805 4917 2088 4974 Tractatus
2121 4915 2321 4979 ferunt,
2364 4923 2475 4967 tum
2505 4909 2799 4978 Scriptura:
2828 4920 2986 4975 quam
3015 4903 3315 4971 explanant
3345 4914 3616 4996 respecm,
3645 4914 3767 4953 cum

482 5021 743 5092 temporis
775 5019 1150 5090 prterogativa,
1184 5031 1286 5086 qua
1315 5017 1528 5069 caneris
1553 5012 1908 5084 primigeniis,
1939 5019 1997 5064 ut
2034 5023 2232 5065 vocare
2260 5007 2456 5078 placet,
2489 5004 2606 5073 ejus
2640 5000 3023 5098 scriptiouibus
3067 4996 3412 5098 antecedunt.
3451 4995 3558 5098 llos
3585 5002 3766 5049 autem

481 5090 790 5189 accepimus
819 5129 887 5168 ex
927 5114 1196 5167 Barreana
1230 5109 1497 5173 Editioue,
1527 5122 1645 5177 qua:
1675 5120 1729 5163 et
1759 5105 1969 5161 casteris
2002 5104 2170 5160 multo
2212 5109 2296 5157 est
2343 5097 2651 5154 accuratior
2693 5091 3055 5190 ouinibus,_et
3080 5104 3168 5190 ex.
3178 5090 3573 5190 antiquissimis
3607 5101 3767 5190 manu

479 5179 716 5268 exaratis
763 5205 1162 5275 exemplaribus
1195 5201 1492 5255 Monasterii
1526 5199 1718 5256 Montis
1752 5197 1868 5264 Dei,
1900 5198 2094 5253 dicitur
2125 5197 2179 5251 in
2210 5192 2534 5249 Prmfatione
2576 5187 2866 5256 descripta.
2904 5183 3077 5240 Aliam
3117 5179 3470 5235 nihilominus
3502 5179 3763 5275 vetustio-

476 5320 592 5360 rem
624 5303 678 5358 in
707 5271 994 5358 consilium
1025 5294 1395 5360 adhibuimus,
1427 5307 1547 5364 qua:
1581 5292 1632 5345 in
1666 5289 2016 5345 Monumentis
2045 5285 2144 5344 SS.
2181 5285 2397 5340 Pattum
2433 5275 2951 5352 Orthodorographis
2981 5275 3308 5339 continetur,
3341 5280 3396 5326 et
3421 5286 3582 5341 quam
3613 5271 3765 5364 bona:

477 5395 647 5466 frugis
679 5406 825 5462 saepe
867 5387 1247 5457 comperimus.
1307 5383 1397 5441 Usi
1447 5363 1704 5453 prmterca
1747 5395 1934 5437 sumus
1967 5391 2020 5435 et
2049 5377 2248 5433 Codice
2292 5375 2390 5429 Ms.
2426 5387 2583 5442 quem
2616 5386 2646 5425 e
2677 5369 2733 5425 S.
2775 5367 3071 5467 salvatoris
3112 5365 3463 5467 Iliblioth‘eca,
3509 5379 3630 5467 qum
3662 5363 3764 5467 Bos

474 5457 654 5544 ironia:
681 5457 784 5550 est,
813 5482 897 5537 Cl.
932 5481 996 5536 ν.
1031 5481 1092 5536 Ρ.
1127 5481 1225 5536 Ab.
1261 5477 1622 5536 Trombellius
1650 5476 1978 5544 descriptqu
2012 5472 2426 5543 diligentissime
2468 5468 2530 5521 ad
2565 5479 2661 5521 nos
2701 5463 2866 5518 misit.
2907 5459 3104 5515 ditatis
3137 5457 3274 5512 haud
3315 5457 3404 5512 ille
3435 5457 3651 5550 quidem
3682 5465 3767 5511 est

474 5582 705 5639 multum
732 5548 962 5642 dissitas,
994 5591 1167 5645 neque
1198 5576 1337 5630 hanc
1365 5574 1560 5645 ipsam,
1589 5571 1729 5642 quod
1761 5570 1844 5626 rei
1871 5577 2032 5638 caput
2060 5576 2165 5634 est,
2197 5565 2376 5620 Ruﬁni
2399 5562 2830 5632 explanationem
2858 5563 3232 5646 reprzesentat,
3261 5553 3356 5608 sed
3389 5548 3764 5646 cognominem

476 5673 640 5730 aliam
671 5669 738 5726 ab
766 5639 1009 5725 studioso
1038 5639 1221 5741 aliquo
1249 5639 1706 5732 consarcinatam,
1757 5663 1911 5734 cujus
1941 5676 2038 5716 nos
2070 5657 2342 5730 Specimen
2374 5655 2545 5710 Tomo
2587 5649 3126 5723 Ilieronymianorum
3155 5645 3394 5741 Operum
3435 5642 3595 5741 tertio
3636 5639 3768 5694 fect-

477 5783 597 5826 mus
626 5767 680 5822 in
703 5764 1026 5835 Appendice.
1062 5738 1261 5820 verum
1289 5779 1409 5820 cum
1439 5770 1493 5818 et
1515 5761 1705 5818 iisdem
1740 5755 2125 5830 propemodum
2162 5751 2402 5822 vestigiis
2443 5749 2672 5814 insistat,
2703 5759 2754 5804 et
2785 5747 2852 5802 ab
2879 5743 3164 5800 Ruﬁniana
3191 5739 3487 5835 identidem
3522 5738 3575 5793 in
3613 5751 3764 5792 suam

483 5833 976 5934 interpretationem
1020 5856 1262 5930 qundam
1313 5855 1514 5914 Auctor
1545 5853 1774 5921 derivet,
1808 5848 1964 5907 facile
2011 5847 2135 5904 huic
2185 5853 2381 5902 nostra:
2421 5841 2719 5900 rccensioui
2769 5839 3080 5912 adjuntcnto
3131 5833 3250 5901 fuit,
3283 5833 3570 5905 plurimum
3614 5839 3763 5890 certe
