4094 6344
218 273 288 330 Ï‰
1719 277 2111 339 PREFATIO.
3475 279 3547 332 58

219 388 473 459 ejusdem
507 390 890 452 illustrationi
914 394 1153 451 contulit.
1196 393 1416 454 Accedit
1444 395 1757 452 Monimenti
1791 400 2019 466 novitas,
2044 407 2100 455 et
2129 413 2309 456 rerum
2336 414 2455 471 quae
2487 400 2541 456 in
2567 415 2634 458 eo
2660 400 3004 458 continentur
3035 402 3420 475 praeeipuarum
3443 401 3540 457 de-

221 484 394 539 lectus
430 501 446 538 :
475 500 669 556 neque
702 489 858 545 enim
889 499 1043 545 antea
1074 497 1266 555 totum,
1297 489 1392 545 sed
1424 490 1604 560 priore
1636 499 1842 546 tantum
1874 507 1942 547 ex
1974 500 2146 562 parte,
2177 505 2347 562 eaque
2395 493 2584 564 exigua
2628 494 2679 548 in
2712 495 2977 565 publicam
3017 495 3189 550 lucem
3225 495 3534 564 prodierat:

221 594 398 648 neque
431 594 540 635 nos
572 590 762 638 totum
793 583 849 636 in
879 582 1017 637 netis
1048 583 1454 652 descripsimus,
1483 585 1579 640 sed
1613 585 1701 639 illa
1728 585 2030 649 dumtaxat,
2059 600 2182 654 quas
2225 596 2277 640 et
2308 589 2447 641 lectu
2490 587 2721 641 maxime
2748 588 2928 656 digna,
2961 594 3014 642 et
3044 586 3095 640 in
3139 601 3251 641 rem
3294 594 3534 640 nostram

223 682 371 726 recte
398 675 743 732 conducere
779 676 1116 732 videbantur.
1147 675 1487 743 Prmclarius,
1515 687 1664 747 puto,
1693 677 1970 732 nobiscum
2002 686 2056 732 et
2094 693 2215 732 cum
2251 678 2498 736 Editioue
2536 689 2716 734 nostra
2745 688 2921 734 actum
2956 687 3121 744 esset,
3149 679 3193 734 si
3235 679 3376 749 quod
3404 677 3540 733 affe-

220 767 497 825 ctavimus
522 769 986 839 diligentissime,
1015 769 1225 826 Codicis
1255 771 1620 828 Murbacensis
1649 773 1700 828 in
1735 773 1960 838 Alsatia,
2001 783 2056 828 et
2097 773 2488 843 descriptarum
2520 789 2583 828 ex
2614 789 2680 828 eo
2717 773 3033 829 variantium
3065 772 3352 828 lectionum
3379 767 3535 843 potiri

223 856 501 924 licuisset;
536 860 642 915 sed
677 860 925 916 frustrati
956 877 984 915 a
1016 876 1110 932 spe
1147 877 1353 918 sumus.
1389 861 1604 919 Interim
1636 865 1778 934 quod
1810 866 1966 919 unice
2004 863 2187 919 datum
2215 877 2318 928 est,
2354 864 2624 932 ingentem
2658 863 2804 918 illam
2835 863 3021 920 decem
3054 863 3164 920 fere
3195 879 3443 919 versuum
3479 863 3532 918 in

223 947 558 1005 Praefatione
589 949 855 1007 lacunam
905 953 1263 1020 explevimus,
1296 970 1455 1026 quam
1503 971 1573 1012 ex
1604 971 1670 1011 eo
1698 956 1798 1011 llis.
1843 958 2033 1012 recitat
2083 956 2442 1022 Fontauinus,
2491 966 2545 1010 et
2573 972 2675 1025 qua
2720 959 2881 1012 vitam
2925 971 3252 1026 sensumque
3299 956 3534 1012 huicmet

223 1037 384 1105 Operi
412 1040 677 1096 videmur
707 1043 1029 1098 restituisse.
1065 1042 1330 1101 Caeterum
1359 1061 1476 1115 qua}
1507 1046 1574 1100 de
1604 1045 1685 1099 his
1720 1047 1864 1101 libris
1897 1049 2045 1117 plura
2079 1048 2157 1101 vir
2187 1047 2327 1101 idem
2367 1048 2561 1102 Claris.
2592 1034 2848 1118 disputat,
2881 1049 2934 1103 in
2964 1059 3297 1105 antecessum
3330 1065 3530 1105 consu-

225 1130 414 1196 luisse,
448 1144 645 1201 operte
680 1135 916 1202 pretium
969 1134 1091 1189 erit.
1129 1136 1444 1191 Econtrario
1475 1145 1566 1191 aut
1597 1137 1750 1201 falsa,
1797 1147 1889 1192 aut
1917 1140 1984 1194 de
2015 1138 2182 1192 nihilo
2214 1141 2382 1194 ferme
2419 1139 2596 1193 omnia
2645 1149 2790 1209 sunt,
2823 1157 2943 1212 quae
2971 1142 3039 1198 de
3081 1143 3185 1197 illis
3224 1141 3529 1197 Cacciarius

229 1225 439 1290 scribit,
467 1233 638 1295 atque
669 1225 809 1282 illud
847 1241 969 1281 cum
1001 1227 1212 1296 primis,
1246 1228 1388 1298 quod
1418 1243 1605 1285 eorum
1633 1229 2096 1286 elucubrationem
2128 1231 2194 1286 ad
2241 1246 2442 1286 annum
2472 1244 2642 1301 usque
2671 1231 3256 1304 quadringentesimum
3280 1242 3529 1290 octavum

233 1319 430 1376 diliert.

307 1416 672 1487 Subsequitur
698 1418 1130 1474 Commentarius
1167 1417 1219 1474 in
1246 1418 1558 1491 Symbolum
1590 1417 1987 1489 Apostolorum,
2019 1434 2125 1489 quo
2154 1427 2301 1476 certe
2332 1418 2462 1475 nihil
2496 1420 2810 1490 praeclarum
2843 1419 3011 1490 magis
3052 1430 3213 1491 atque
3240 1421 3511 1477 eruditum

241 1517 356 1563 tota
380 1508 779 1564 Ecclesiasticaa
815 1510 1165 1581 Antiquitatis
1192 1512 1451 1567 memoria
1473 1511 1801 1567 centiuetur.
1827 1512 1936 1568 Nec
1977 1513 2191 1583 aliquod
2224 1513 2367 1568 aliud
2399 1523 2481 1568 est
2508 1514 2662 1570 facile
2695 1514 2746 1569 in
2775 1515 2861 1570 Ss.
2895 1515 3108 1569 Patrum
3142 1513 3356 1585 scriptis
3396 1525 3528 1587 quot

251 1609 400 1665 Sunt,
430 1611 666 1671 quotque
695 1601 940 1668 luerunt,
973 1601 1113 1671 quod
1145 1603 1342 1670 saepius
1367 1603 1592 1670 editum,
1628 1604 1982 1674 recognitum,
2010 1619 2281 1670 recusum,
2316 1605 2620 1676 lectumque
2663 1605 2800 1661 adeo
2831 1605 3012 1671 fuerit,
3044 1611 3099 1660 et
3123 1605 3404 1661 doctorum
3434 1608 3531 1661 ho-

252 1692 452 1748 niinum
488 1693 956 1749 observationibus
996 1695 1299 1764 studiisque
1331 1696 1497 1766 magis
1526 1695 1821 1766 expolitum
1852 1705 2013 1764 atque
2045 1695 2388 1749 illustratum.
2424 1695 2531 1750 Nos
2562 1695 2902 1751 Balusianam
2933 1695 3299 1768 nuperrimam
3328 1698 3530 1753 editio-

242 1805 364 1845 nem
396 1791 541 1861 (sive
569 1791 689 1860 ejus
721 1807 754 1847 e
785 1791 1182 1848 Parisiensibus
1214 1793 1601 1858 Benedictiuis,
1635 1793 1722 1863 qui
1769 1792 2080 1861 posthumas
2113 1791 2310 1847 Balusii
2360 1807 2517 1848 curas
2547 1792 2599 1848 in
2628 1792 2686 1848 S.
2716 1791 3071 1864 Cyprianum,
3100 1791 3186 1847 cui
3238 1793 3367 1848 olim
3413 1792 3530 1848 haec

237 1889 317 1935 est
342 1880 674 1937 elucubratio
706 1882 1005 1947 adtributa,
1048 1882 1405 1939 absolvendas
1435 1893 1487 1938 et
1518 1882 1812 1952 vulgandas
1853 1883 2120 1953 suscepit)
2145 1898 2249 1938 non
2281 1894 2386 1938 tam
2417 1884 2725 1940 imitandam
2774 1883 2928 1940 nobis
2973 1895 3159 1954 utpote
3206 1886 3443 1940 omnium
3474 1896 3528 1940 et

237 1971 668 2025 recentissimam
695 1981 752 2027 et
781 1971 1274 2042 diligentissimam,
1307 1989 1464 2044 quam
1491 1974 1854 2028 exornandam
1888 1973 2285 2043 pr0p0suimus.
2311 1975 2648 2030 Contulimus
2675 1975 2951 2032 enimvero
2973 1992 3093 2031 cum
3122 1977 3242 2033 aliis
3265 1987 3524 2048 praeterea

235 2059 458 2129 vulgatis
508 2063 919 2131 antiquioribus
971 2063 1144 2130 libris,
1196 2080 1333 2134 quos
1364 2064 1588 2119 minime
1619 2067 1764 2120 novit
1799 2065 2047 2122 laudatus
2099 2066 2305 2133 Editor,
2335 2075 2390 2123 et
2420 2067 2708 2122 Barrceano
2757 2071 3054 2138 praesertim
3108 2070 3315 2138 codice,
3361 2084 3524 2139 quem

229 2151 526 2221 ignorasse,
554 2168 653 2210 aut
687 2172 799 2211 non
826 2157 1186 2224 consuluisse,
1219 2161 1404 2228 quanti
1442 2159 1515 2213 illi
1545 2161 1778 2227 steterit,
1807 2160 2005 2231 passim
2044 2161 2402 2218 ostendimus.
2429 2160 2589 2214 Multa
2627 2159 2788 2229 hujus
2827 2171 2988 2230 atque
3018 2162 3271 2230 aliorum,
3300 2173 3357 2218 ut
3386 2163 3524 2218 dixi-

229 2259 365 2312 mus,
399 2246 671 2303 librorum
721 2265 826 2320 ope
855 2252 1206 2318 restituimus,
1233 2268 1354 2323 quae
1398 2253 1598 2324 reliqua
1634 2254 1786 2309 nobis
1832 2253 1955 2307 fecit
2002 2261 2078 2307 tot
2107 2251 2382 2306 hominum
2435 2261 2630 2308 caetera
2675 2252 3107 2308 doctissimorum
3157 2253 3438 2322 industria,
3467 2261 3524 2308 et

224 2339 426 2395 medica
453 2341 642 2396 adhuc
674 2357 839 2396 manu
889 2343 1218 2413 indigebant.
1255 2345 1424 2399 Porro
1451 2359 1571 2399 cum
1605 2344 2164 2412 animadverterimus,
2197 2342 2450 2398 Rufinum
2499 2343 2594 2400 abs
2643 2343 2848 2414 Cyrillo
2889 2344 3358 2415 Jerosolymitano,
3389 2359 3519 2416 quo,

223 2447 378 2503 quum
410 2433 483 2489 ibi
517 2443 738 2504 ageret,
773 2434 1036 2506 magistro
1063 2451 1187 2490 usus
1217 2444 1321 2503 est,
1352 2436 1515 2491 multa
1554 2437 1720 2490 luisse
1749 2445 2070 2503 mutuatum,
2106 2436 2399 2506 longasque
2440 2437 2719 2503 pericopas
2741 2449 2804 2488 ex
2832 2435 2946 2504 ejus
2973 2433 3126 2490 Fidei
3157 2433 3520 2507 Expositione,

222 2542 374 2596 quam
426 2527 600 2584 variis
647 2527 1042 2582 Catechesitâ€˜ius
1093 2528 1399 2594 edisseruit,
1433 2528 1484 2583 in
1519 2527 1764 2582 Latinum
1811 2543 1947 2596 pene
1979 2527 2044 2582 ad
2074 2527 2298 2582 verbum
2338 2539 2634 2580 conversas
2677 2525 2729 2581 in
2763 2540 2856 2579 sua
2899 2526 3255 2592 transtulisse,
3290 2528 3432 2597 ipsas
3465 2529 3518 2583 in

222 2637 396 2694 partes
428 2623 778 2687 vocavimus,
805 2631 860 2676 et
889 2622 1116 2694 singulis
1145 2625 1447 2695 quibusque
1477 2623 1608 2678 locis
1653 2623 1718 2678 ad
1769 2621 2014 2678 Graecum
2046 2624 2344 2692 exemplar,
2377 2620 2519 2691 quod
2563 2630 2616 2675 et
2661 2619 2941 2675 laudamus
2997 2622 3066 2676 ibi
3122 2637 3515 2690 saepenumero,

221 2717 516 2786 exegimus.
546 2716 629 2771 Ex
669 2730 783 2784 quo
813 2733 921 2774 non
955 2715 1112 2771 lectio
1142 2716 1420 2770 dumtaxat
1446 2715 1621 2771 verior
1651 2730 1758 2784 prae
1801 2715 1923 2769 aliis
1945 2729 2061 2782 qum
2092 2713 2431 2778 obtinebant,
2459 2710 2710 2776 innotuit,
2743 2711 2838 2766 sed
2880 2719 2934 2766 et
2961 2725 3152 2767 sensus
3183 2710 3430 2781 peuitior,
3459 2722 3515 2768 et

222 2808 299 2863 vis
325 2809 541 2880 propria
575 2809 877 2866 verborum
907 2811 958 2864 in
999 2819 1188 2879 aperto
1214 2810 1329 2864 fuit.
1362 2809 1478 2863 Alia
1519 2823 1639 2880 qua
1671 2806 1737 2864 ad
1770 2806 2110 2876 diviuissimi,
2139 2816 2197 2863 ut
2227 2807 2299 2863 ita
2326 2808 2582 2874 dixerim,
2610 2807 2758 2864 Libri
2786 2807 3306 2863 commendationem
3349 2815 3514 2878 atque

220 2911 464 2958 ornatum
497 2901 872 2968 contulimus,
901 2918 967 2960 ex
993 2903 1447 2959 Adnotationibus
1469 2903 1668 2960 disces.
2005 2970 2008 2972 Î·

288 2999 520 3056 llistoria
559 3001 863 3055 Eremitica
893 3013 1033 3068 pone
1075 2999 1340 3068 sequitur,
1369 2998 1488 3053 sive
1525 2998 1740 3053 Patrum
1779 2999 1932 3066 Viue,
1964 3013 2058 3056 seu
2100 2997 2353 3070 denique,
2387 3007 2442 3055 ut
2489 2997 2783 3070 placuisset
2831 2994 3136 3053 Fontanino
3189 2994 3508 3063 inscribere,

219 3094 447 3149 Historia
475 3094 891 3158 Monac/torum,
923 3102 970 3148 et
1001 3093 1187 3146 itinera
1210 3110 1298 3161 per
1318 3092 1606 3162 ngyptum
1631 3094 1692 3148 S.
1723 3090 1953 3148 Petronii
1979 3092 2316 3148 Bononiensis
2355 3095 2558 3146 nomine
2597 3091 2807 3162 scripta.
2843 3090 2989 3146 lianc
3010 3104 3106 3144 nos
3129 3106 3193 3145 ex
3224 3088 3511 3158 Rosweydi

216 3190 637 3260 elegantissima
679 3181 932 3243 Editioue
970 3188 1295 3256 accepimus,
1329 3189 1480 3256 cujus
1511 3189 1672 3242 etiam
1723 3204 1827 3242 non
1861 3187 2060 3243 indocti
2087 3202 2218 3241 sane
2246 3186 2367 3252 viri,
2401 3195 2593 3241 caetera
2639 3193 2818 3239 autem
2845 3182 3236 3254 diligentissimi
3266 3179 3511 3236 Adnota-

220 3286 398 3339 tioues
445 3281 742 3338 contextui
787 3281 1181 3336 subnectimus.
1213 3282 1280 3334 At
1323 3295 1451 3335 vero
1479 3281 1674 3335 alicubi
1722 3282 1883 3336 etiam
1911 3281 2257 3348 castigamus.
2284 3280 2518 3348 Longius
2564 3279 2762 3349 quippe
2789 3278 3001 3332 aberrat
3028 3294 3055 3331 a
3091 3279 3345 3341 veritate,
3368 3273 3512 3346 quod

215 3379 442 3432 alterum
470 3390 698 3448 quoque
732 3373 949 3428 Librum
982 3372 1050 3426 de
1075 3372 1207 3427 Vitis
1237 3371 1452 3426 Patrum
1494 3370 1684 3425 Rufino
1711 3371 1926 3436 saltem,
1958 3381 2015 3424 ut
2046 3370 2330 3440 Interpreti
2360 3384 2520 3438 posse
2550 3380 2699 3438 putat
2727 3368 2989 3434 adscribi;
3022 3379 3076 3423 et
3110 3369 3269 3438 quod
3294 3365 3512 3436 gravius

211 3470 455 3526 fortassis
493 3477 746 3526 erratum
775 3468 1039 3532 videatur,
1089 3465 1256 3521 hocce
1300 3466 1456 3520 unico
1506 3464 1687 3531 Libro,
1721 3465 1810 3533 qui
1860 3464 2034 3519 llulini
2080 3478 2367 3536 germanus
2413 3471 2496 3520 est
2552 3465 2735 3530 foetus,
2775 3477 2950 3526 suam,
2985 3479 3091 3516 non
3148 3460 3366 3516 alterius
3415 3471 3514 3527 per

209 3562 500 3636 Egyptum
538 3564 1048 3635 peregrinationem
1078 3564 1144 3616 ab
1173 3563 1290 3630 ipso
1322 3561 1526 3615 narrari
1583 3562 1874 3615 existimat.
1902 3561 2261 3630 Quamobrem
2292 3559 2412 3631 ejus
2456 3567 2510 3614 et
2538 3558 2779 3614 Melania:
2811 3558 3061 3612 itinerum
3109 3554 3389 3610 historiam
3442 3565 3508 3607 ex

210 3657 418 3730 integro
451 3661 600 3715 texit.
629 3657 880 3714 Prteludii
912 3657 1051 3723 loco,
1085 3666 1246 3725 atque
1274 3654 1357 3709 his
1386 3655 1624 3720 demum,
1651 3655 1845 3723 quibus
1871 3655 1973 3710 sibi
2003 3667 2236 3709 mentem
2262 3653 2624 3724 praeoccupari
2656 3649 3161 3706 hallucinationibus
3188 3663 3374 3718 passus
3394 3653 3503 3712 est,

211 3751 604 3807 adnotationes
627 3764 846 3820 quoque
873 3763 998 3804 suas
1030 3747 1320 3802 identidem
1349 3746 1560 3802 imbuit.
1590 3746 1906 3801 Nostrarum
1939 3747 2117 3816 itaque
2149 3745 2377 3814 partium
2409 3743 2524 3810 luit,
2557 3744 2837 3799 Lectorem
2870 3757 3091 3824 monere
3121 3740 3315 3808 quibus
3345 3755 3507 3810 opor-

212 3848 309 3901 tuit
341 3849 498 3916 locis,
531 3857 601 3903 ut
621 3863 689 3904 ne
718 3848 923 3902 sineret
967 3844 1079 3899 fieri
1125 3843 1227 3898 sibi
1258 3843 1455 3907 fucum,
1486 3844 1708 3912 ejusque
1740 3841 1818 3896 rei
1865 3841 2113 3897 brevibus
2156 3855 2376 3898 caussas
2418 3840 2637 3906 addere,
2670 3841 2870 3897 notulis
2895 3855 3028 3910 quas
3057 3838 3316 3894 asterisco
3356 3853 3503 3907 pra:-

210 3940 450 4009 siguatas
484 3941 847 4011 opponimus.
874 3935 1023 3991 Alios
1062 3935 1179 4004 ejus
1210 3949 1422 3990 errores
1447 3947 1700 3988 cavemus
1730 3931 1856 3986 alibi
1884 3948 1897 3985 :
1924 3941 2072 4001 puta,
2103 3931 2244 4002 quod
2278 3931 2444 3987 fuisse
2491 3930 2742 3986 Rufinum
2774 3929 3033 3986 nonnulla
3062 3945 3089 3982 a
3122 3928 3361 3985 Palladio
3385 3943 3501 3983 utu-

208 4041 414 4086 tuatum
464 4038 749 4095 autumat,
783 4041 946 4096 quum
995 4040 1217 4094 prorsus
1247 4026 1553 4078 econtrario
1578 4025 1689 4095 jam
1737 4033 1969 4090 constet,
2001 4040 2067 4078 ex
2095 4023 2290 4079 Ruï¬no
2320 4023 2565 4093 quzedam
2595 4022 2888 4078 Palladium
2933 4021 2986 4076 in
3018 4036 3112 4076 sua
3146 4022 3509 4076 transtulisse.

207 4123 449 4194 Denique
481 4133 539 4180 et
574 4121 778 4177 menda
820 4121 1023 4191 aliquot
1060 4119 1306 4174 lectionis
1335 4120 1672 4188 sustulimus,
1707 4127 2136 4188 contextumque
2163 4115 2435 4183 Auctoris,
2467 4119 2676 4187 quoties
2706 4130 2766 4171 se
2792 4115 3006 4171 occasio
3035 4113 3254 4181 obtulit,
3283 4113 3513 4171 fecimus

202 4219 360 4285 paulo
389 4218 714 4273 meliorem.

273 4311 518 4367 Gradum
558 4309 692 4366 hinc
721 4308 946 4363 facimus
977 4308 1043 4363 ad
1082 4307 1371 4363 llistoriam
1402 4305 1864 4372 Ecclesiastieam,
1891 4318 1997 4360 non
2030 4304 2175 4358 illam
2206 4305 2423 4377 quidem
2471 4303 2685 4359 Eusebii
2714 4301 3082 4367 Caesariensis,
3113 4314 3273 4371 quam
3315 4299 3514 4360 Noster

203 4404 269 4460 de
294 4404 401 4459 Gru
423 4419 492 4458 eo
525 4404 585 4456 in
616 4401 867 4456 Latinum
898 4399 1094 4455 refudit
1127 4401 1340 4469 (neque
1371 4401 1512 4453 enim
1544 4398 1892 4453 Versiouibus
1921 4397 2040 4452 heic
2072 4399 2221 4452 locus
2248 4398 2367 4466 est)
2404 4396 2502 4451 sed
2534 4411 2692 4463 quam
2726 4395 2793 4450 de
2819 4408 2918 4449 suo
2951 4395 3063 4463 ipse
3092 4394 3300 4451 duobus
3332 4394 3511 4452 Libris

204 4497 507 4555 contexuit.
535 4502 710 4561 atque
745 4490 1055 4545 Eusebiana:
1087 4491 1388 4559 subjuuxit.
1422 4489 1547 4558 lijns
1580 4487 1854 4542 Editioues
1879 4487 2274 4557 typographicis
2301 4487 2484 4542 â€˜ormis
2515 4501 2803 4557 expressas
2830 4487 3166 4542 Foutaniuus
3195 4486 3365 4544 ferme
3394 4503 3514 4544 om-

201 4604 295 4641 nes
347 4595 642 4646 recenset,
685 4582 1042 4651 expenditque
1080 4581 1147 4636 de
1193 4596 1342 4634 more
1384 4580 1600 4647 copiose
1633 4580 1762 4632 satis
1810 4592 1873 4630 ac
1913 4579 2220 4649 diligenter.
2254 4581 2412 4634 Anno
2458 4588 2636 4633 autem
2668 4579 2736 4634 ab
2775 4579 2893 4649 ejus
2937 4578 3087 4633 ohitu
3137 4588 3329 4648 quarto
3357 4595 3510 4637 suam

203 4679 387 4734 Î’Î¿Î·Î¹ÎµÏ…
421 4676 680 4747 vulgavit
712 4673 771 4729 Î¡.
803 4673 1126 4738 Caceiarius,
1162 4673 1230 4727 de
1263 4687 1368 4740 quo
1398 4671 1554 4740 pan-lo
1585 4681 1706 4724 ante
1737 4669 2068 4737 dicebamus,
2117 4685 2346 4739 eamque
2394 4684 2454 4726 se
2485 4671 2551 4725 ad
2578 4669 2867 4725 Vaticanos
2895 4669 3022 4725 Mss.
3052 4669 3212 4724 codd.
3242 4671 3509 4741 exegisse,

201 4781 251 4822 et
279 4776 426 4824 notis
454 4769 797 4824 illustrasse.
832 4765 882 4816 in
913 4765 1086 4818 inmte
1114 4763 1304 4832 Operis
1330 4765 1629 4829 prolitetur.
1654 4761 1781 4817 Jure
1811 4777 1911 4816 suo
1934 4764 2167 4832 posuilet
2197 4777 2224 4815 a
2257 4779 2343 4818 me
2373 4762 2585 4829 Lector,
2619 4772 2679 4818 ut
2704 4778 2823 4832 qua:
2855 4762 2974 4832 ejus
3017 4763 3154 4817 ratio
3187 4763 3278 4830 sit,
3309 4764 3508 4819 dicam.

204 4859 306 4915 Sed
350 4871 660 4930 antequam
695 4857 796 4908 hoc
824 4851 979 4919 facitÂ»,
1014 4856 1138 4925 quid
1169 4870 1269 4925 ego
1295 4854 1347 4907 in
1380 4855 1478 4908 hac
1508 4869 1622 4908 mea
1667 4853 1976 4910 adornanda
2019 4856 2382 4924 prmstiterim,
2415 4867 2471 4911 ut
2516 4867 2695 4926 empto
2726 4859 2961 4926 pressius
3006 4858 3272 4924 insistam,
3302 4859 3511 4916 docebo

201 4957 407 5025 paucis.
448 4954 808 5008 Barrmanum
837 4949 1115 5017 exemplar
1163 4947 1303 5019 typis
1330 4957 1456 5001 ante
1486 4959 1656 4999 annos
1689 4943 1858 5001 ferme
1905 4957 2121 5001 centum
2170 4947 2506 5016 septuaginta
2549 4963 2887 5018 expressum,
2919 4963 3026 5018 quo
3079 4948 3322 5018 pluribus
3377 4951 3512 5007 locis

205 5048 408 5101 nullum
442 5058 527 5102 est
560 5042 735 5112 magis
761 5041 1124 5105 emendatum,
1158 5037 1536 5108 expoliendum
1570 5051 1736 5106 usque
1761 5039 1890 5093 mihi
1925 5049 2084 5108 atque
2115 5037 2484 5094 exornandum
2511 5041 2788 5109 proposui.
2815 5038 3027 5094 Contuli
3056 5050 3234 5094 autem
3278 5040 3510 5096 subinde

201 5152 317 5190 cum
347 5138 473 5192 aliis
502 5133 906 5203 antiquioribus
929 5131 1085 5186 editis
1116 5131 1290 5196 libris,
1320 5140 1373 5184 et
1403 5131 1669 5200 przecipue
1699 5131 1985 5185 Parisieusi
2018 5131 2141 5185 anni
2173 5129 2502 5202 1523,quem
2531 5131 2867 5186 Boussardus
2891 5132 3142 5186 secundis
3164 5133 3311 5187 curis
3327 5132 3510 5203 vulga-

203 5230 295 5293 vit,
324 5239 381 5285 et
412 5231 581 5283 bonae
608 5225 779 5295 frugis
805 5223 998 5293 saepius
1022 5233 1278 5292 expertus
1304 5237 1448 5276 sum.
1474 5221 1610 5275 Tum
1643 5236 1772 5275 vero
1801 5221 2076 5276 endicibus
2107 5223 2235 5277 Mss.
2266 5223 2480 5277 duobus
2510 5235 2541 5275 a
2565 5225 2761 5292 capite,
2789 5232 2844 5275 ut
2874 5222 3041 5290 aiunt,
3061 5223 3126 5277 ad
3157 5225 3358 5278 calcem
3381 5237 3506 5277 cum

201 5325 349 5378 edito
383 5320 733 5391 comparatis
783 5334 900 5374 sum
949 5331 1098 5382 usus,
1128 5331 1382 5387 quorum,
1414 5324 1599 5385 utpOte
1643 5316 1976 5371 diversarum
2008 5317 2267 5387 gentium,
2299 5317 2582 5386 explorare
2607 5318 2770 5373 etiam
2802 5317 2959 5373 fidem
3003 5317 3322 5372 variantium
3372 5317 3511 5372 inter

203 5431 258 5470 se
288 5417 535 5470 invicem
559 5411 914 5468 contentione
958 5409 1272 5477 lectionum,
1302 5425 1405 5462 non
1431 5409 1643 5479 exigme
1671 5411 1789 5478 epis
1817 5410 1934 5466 fuit.
1968 5412 2210 5466 Alterum
2243 5411 2487 5466 laudatus
2513 5427 2684 5480 nuper
2713 5411 3073 5466 Trombellius
3105 5412 3206 5464 Ab.
3237 5411 3294 5466 S.
3323 5410 3510 5464 Salva-

203 5509 332 5563 toris
377 5507 452 5565 de
493 5505 743 5575 ejusdem
786 5502 1032 5560 Cmnobii
1064 5501 1419 5565 Biblimheca,
1453 5515 1572 5572 qua:
1605 5499 1858 5557 Bononia:
1906 5511 2010 5566 est,
2040 5502 2434 5573 suppeditavit;
2465 5504 2692 5556 alterum
2733 5501 2824 5571 qui
2866 5511 2920 5556 et
2953 5501 3112 5570 paulo
3141 5499 3380 5553 melioris
3425 5507 3509 5555 est

204 5610 364 5666 natm,
394 5598 718 5669 accepimus
763 5611 830 5650 ex
872 5593 1223 5651 celeberrima
1246 5591 1615 5648 Guarneriana
1669 5591 1722 5647 in
1766 5592 1823 5650 S.
1858 5591 2092 5648 Danielis
2140 5592 2452 5661 municipio,
2487 5606 2644 5660 quem
2690 5590 2918 5645 contulit
2969 5588 3403 5657 diligentissime,
3453 5598 3508 5647 et

204 5705 403 5759 quanta
437 5693 494 5749 iu
522 5688 796 5764 ejusmodi
845 5687 1136 5748 tractandis
1165 5685 1316 5746 libris
1363 5701 1502 5760 opus
1529 5695 1634 5758 est,
1662 5686 1950 5747 sedulitate
1987 5701 2051 5744 ac
2090 5685 2336 5748 doctrina
2382 5685 2634 5758 expendit
2665 5685 2727 5741 Î½.
2760 5684 2841 5741 Cl.
2876 5683 3184 5740 Doâ€˜niinicus
3231 5685 3506 5755 ngarus,
