4094 6344
551 307 619 362 59
2018 300 2404 360 I'ILEFATIO.
3766 299 3830 354 (ἷο

547 428 847 486 studiorum
878 424 934 482 in
969 424 1208 483 Utiuensi
1239 421 1542 481 Scminario
1568 421 1884 491 Praefectus,
1907 421 2040 476 alias
2071 437 2169 476 nec
2216 419 2380 476 semel
2415 417 2552 474 infra
2582 417 2652 473 ob
2688 415 2952 487 ejusmodi
2981 414 3038 471 in
3076 413 3326 469 Ruﬁnum
3351 421 3596 469 nostrum
3639 413 3828 468 collata

549 539 617 578 ex
644 523 770 576 Mss.
813 521 1072 578 beneficia
1116 518 1436 574 laudandus.
1466 516 1754 573 Possemus
1781 527 1836 572 et
1868 517 2173 579 Vaticanos,
2206 529 2343 585 quos
2386 515 2694 570 Cacciarius
2725 511 3035 581 descripsit,
3064 510 3280 566 codices
3309 525 3505 565 vocare
3535 510 3588 564 in
3621 520 3827 580 partes;

549 617 816 688 siquidem
865 631 974 671 non
1023 630 1141 671 eam
1177 614 1479 670 inconsulto
1512 612 1796 668 lectionem
1844 612 2055 682 sequuti
2103 627 2312 676 sumus,
2347 627 2506 682 quam
2536 611 2622 665 hic
2654 610 3000 681 prmtulisset,
3041 609 3136 664 sed
3183 607 3409 679 singulis
3440 608 3742 679 quibusque
3767 626 3830 666 ex

550 708 759 779 integro
789 709 856 764 ad
886 724 1110 764 examen
1140 711 1422 774 revocatis,
1455 708 1654 778 smpius
1677 722 1837 778 quam
1884 707 1976 764 ille
2009 710 2060 763 in
2093 716 2295 764 textum
2327 717 2628 777 receperat,
2672 705 3080 777 repudiavimus
3108 722 3120 760 :
3151 705 3460 760 econtrario
3488 721 3608 776 quae
3656 707 3832 762 minus

553 811 612 856 et
633 802 979 870 probabatur,
1006 801 1333 862 sufl’ecimus.

627 913 742 967 Jam
773 915 951 984 itaque
979 929 1096 970 eam
1128 911 1430 968 Editiouem
1461 911 1851 981 expendamus.
1877 912 2121 982 Quinque
2150 912 2274 969 Mss.
2308 912 2542 978 codices,
2575 911 2641 966 ad
2671 926 2804 981 quos
2835 911 2981 966 illam
3028 911 3287 980 exegerit,
3337 911 3517 966 laudat
3554 912 3742 967 Editur
3774 912 3827 968 in

554 1004 900 1074 Prtefatione,
932 1017 1043 1064 tres
1069 1007 1278 1063 scilicet
1305 1006 1612 1072 Vaticanos,
1645 1005 1890 1075 duosque
1930 1006 2065 1060 alios
2089 1020 2153 1059 ex
2184 1007 2372 1061 eadem
2401 1005 2752 1070 Bibliotheca,
2781 1020 2947 1058 unum
2990 1003 3207 1075 Reginae
3249 1007 3568 1072 Succorum,
3603 1007 3831 1061 alterum

555 1098 887 1166 Urbinatem,
919 1116 1077 1171 quem
1109 1102 1162 1156 in
1198 1098 1338 1155 notis
1369 1098 1504 1153 falso
1529 1098 1861 1152 recentiorem
1905 1097 2144 1169 Regium,
2171 1114 2260 1152 seu
2298 1097 2510 1169 Regina:
2538 1097 2794 1167 appellat,
2825 1096 3049 1168 ejusque
3078 1101 3157 1153 rei
3183 1098 3394 1168 culpam
3430 1099 3546 1153 heic
3577 1099 3830 1167 depreca-

553 1202 660 1246 tur.
693 1194 772 1249 Ac
802 1203 926 1248 sunt
959 1194 1037 1248 illi
1079 1193 1290 1262 quidem
1322 1191 1640 1247 recentioris
1669 1192 1843 1246 astatis
1870 1207 2079 1259 omnes,
2113 1200 2168 1246 et
2215 1206 2335 1260 quze
2366 1206 2551 1260 parum
2596 1191 3024 1262 Typographicze
3055 1190 3186 1247 artis
3218 1191 3450 1246 inventis
3480 1191 3829 1246 antecedant.

557 1284 754 1338 Verum
786 1285 912 1339 illud
946 1284 1106 1339 etiam
1136 1283 1345 1340 accedit
1373 1282 1720 1350 incommodi,
1753 1285 1894 1354 quod
1924 1285 1994 1338 ita
2024 1299 2087 1339 se
2113 1283 2180 1338 iis
2202 1299 2357 1338 usum
2382 1283 2600 1350 fatetur,
2629 1294 2686 1339 ut
2722 1304 2738 1335 ι
2763 1283 2865 1338 sibi
2891 1283 3138 1354 religioni
3166 1283 3380 1338 duxerit
3403 1283 3469 1337 de
3493 1285 3831 1352 superiorum

553 1376 836 1430 Editorum
867 1377 1094 1432 lectione
1131 1377 1399 1446 quidpiam
1432 1375 1740 1443 immutare,
1794 1377 1895 1432 nisi
1941 1377 2266 1447 suffragante
2295 1378 2399 1433 ftde
2424 1377 2650 1433 duorum
2679 1377 2870 1432 saltem
2895 1376 3302 1446 exemplarium.
3331 1394 3349 1428 ι
3385 1377 3466 1431 Ex
3503 1379 3603 1431 hoc
3632 1377 3834 1430 scilicet

556 1477 667 1520 tam
700 1465 804 1520 levi
833 1480 1098 1520 consensu
1130 1467 1341 1532 maluit,
1365 1481 1523 1538 quam
1549 1483 1613 1522 ex
1642 1467 1912 1538 probitate
1942 1469 2188 1525 lectionis
2221 1468 2524 1538 manifesta,
2552 1477 2836 1524 contextus
2863 1470 3026 1534 serie,
3057 1479 3218 1538 atque
3238 1469 3358 1524 aliis
3381 1469 3574 1538 quibus
3598 1468 3834 1523 abundat

560 1559 846 1628 praeceptis
860 1557 962 1612 Ars
975 1557 1194 1624 Critica,
1218 1557 1472 1626 judicium
1498 1558 1660 1614 ferre.
1687 1559 1808 1624 Ars,
1827 1559 2066 1629 inquam,
2089 1559 2304 1628 Crilica,
2322 1576 2480 1630 quam
2495 1559 2581 1628 qui
2599 1560 2912 1627 profitentur
2932 1568 3315 1630 atqueornant,
3332 1560 3621 1614 contemtui
3651 1559 3831 1627 habet,

562 1659 617 1706 et
644 1651 911 1708 cavendos
938 1651 1115 1708 docet.
1151 1670 1168 1704 ι
1193 1651 1322 1707 Nam
1354 1668 1470 1722 quae
1501 1653 1590 1724 (in
1621 1650 1843 1722 Prwf.),
1867 1655 1962 1723 ait,
1993 1654 2244 1709 subtilius
2270 1665 2361 1710 aut
2401 1654 2470 1710 de
2495 1654 2705 1709 ratione
2736 1663 3035 1724 temporum
3067 1655 3458 1725 excogitarunt,
3491 1664 3581 1708 aut
3611 1654 3679 1708 de
3716 1655 3833 1710 aliis

555 1740 864 1811 hujusmoli
879 1742 1036 1798 rebus
1055 1743 1352 1813 disputant,
1378 1757 1497 1798 cum
1511 1751 1571 1798 ut
1599 1743 1887 1812 plurimum
1908 1745 2114 1799 nonalii
2137 1748 2251 1801 usui
2281 1747 2408 1811 sint,
2426 1755 2584 1816 atque
2607 1747 2668 1801 iis
2685 1745 3042 1812 infirmandis,
3064 1761 3181 1816 quae
3207 1747 3422 1802 aliunde
3435 1757 3579 1802 certa
3598 1745 3848 1802 viderem

553 1840 660 1898 tur,
687 1845 794 1886 non
819 1840 922 1886 tam
951 1833 1150 1900 valent,
1183 1850 1304 1891 meo
1333 1836 1548 1906 quidem
1576 1837 1801 1909 judicio,
1831 1837 1895 1892 ad
1909 1836 2167 1907 juvenum
2195 1839 2558 1895 eruditionem
2586 1853 2744 1910 quam
2763 1840 2830 1895 ad
2845 1854 2939 1896 eos
2967 1840 3284 1895 imbuendos
3309 1841 3554 1898 libertate
3582 1841 3834 1913 opinandi

554 1921 809 1989 quadam,
843 1922 985 1980 unde
1013 1939 1193 1980 rerum
1214 1925 1299 1982 vel
1327 1927 1673 1998 gravissimas
1704 1930 1758 1984 in
1789 1928 2010 1984 dubium
2055 1944 2314 1987 revocare
2341 1942 2678 1987 assuescant.
2707 1952 2726 1986 ι
2757 1931 2890 1988 Ilinc
2937 1933 3069 1988 satis
3099 1933 3288 2004 liquet,
3319 1950 3425 2004 quo
3455 1935 3572 2003 ipse
3623 1934 3838 2004 ingenio

554 2019 697 2073 hanc
727 2018 906 2074 inierit
932 2020 1264 2090 provinciam
1300 2040 1311 2075 :
1343 2037 1501 2093 quem
1534 2023 1720 2080 fecerit
1741 2023 2033 2079 lectionum
2059 2024 2329 2080 delectum
2365 2043 2379 2081 :
2410 2041 2530 2097 qum
2559 2025 2880 2082 disseruerit
2908 2025 2960 2080 in
2993 2027 3153 2082 notis.
3179 2025 3382 2098 Nempe
3406 2043 3540 2097 quas
3565 2025 3840 2098 opertuis-

554 2119 638 2166 set
669 2109 930 2168 lectiones
958 2113 1286 2185 expendere,
1322 2124 1380 2170 ut
1410 2117 1564 2172 facile
1608 2117 1980 2186 reciperentur
2005 2116 2060 2171 in
2089 2123 2315 2182 textum,
2347 2116 2448 2172 hac
2479 2117 2649 2173 ferme
2677 2133 2780 2172 una
2816 2117 2884 2172 de
2918 2131 3108 2173 caussa
3142 2117 3365 2187 respuit,
3393 2116 3537 2188 quod
3580 2118 3839 2171 solitaria:

556 2214 759 2272 essent,
783 2221 944 2276 quum
973 2209 1280 2264 econtrario
1302 2207 1402 2262 hac
1426 2209 1538 2277 ipsa
1561 2217 1749 2264 essent
1776 2208 1844 2262 de
1872 2221 2061 2263 caussa
2103 2206 2273 2276 pluris
2299 2207 2574 2274 faciendae,
2607 2216 2663 2262 ut
2689 2207 2890 2262 faciunt
2924 2223 3133 2276 revera,
3163 2209 3254 2279 qui
3287 2207 3413 2263 Mss.
3451 2207 3618 2263 libros
3639 2209 3834 2275 sciunt,

555 2295 699 2364 quod
732 2311 791 2351 se
835 2297 903 2351 ab
952 2296 1195 2364 alterius,
1247 2299 1366 2354 sive
1412 2299 1537 2360 loci,
1563 2298 1678 2352 sive
1707 2311 1900 2352 manus
1933 2299 2228 2366 archetypo
2272 2306 2526 2368 exceptas
2555 2297 2810 2367 produnt,
2839 2306 3001 2368 atque
3029 2297 3134 2353 illa:
3163 2306 3308 2363 sunt,
3337 2312 3470 2367 quas
3499 2312 3639 2352 unus
3683 2299 3840 2367 plane

555 2386 764 2442 similes
786 2386 952 2442 variis
980 2389 1401 2444 amanuensibus
1450 2389 1798 2460 Antiquarius
1829 2388 2074 2444 dictavit.
2118 2391 2268 2446 Alias
2295 2405 2426 2460 quas
2460 2389 2684 2460 recepit,
2720 2400 2778 2445 ut
2831 2399 2955 2460 pote
3004 2389 3233 2460 plurium
3282 2391 3549 2461 suffragiis
3580 2389 3837 2445 Codicum

556 2479 984 2546 commendatas,
1010 2479 1057 2535 si
1089 2495 1203 2536 rem
1236 2479 1582 2550 cxpendisset
1610 2481 1767 2545 bene,
1801 2495 1908 2536 non
1953 2489 2070 2535 erat
2111 2496 2208 2535 cur
2253 2485 2517 2550 reciperet
2546 2481 2617 2537 ob
2647 2483 2816 2537 solam
2847 2481 3065 2551 majoris
3095 2481 3306 2537 numeri
3339 2482 3521 2550 fidem,
3553 2497 3676 2552 quae
3711 2480 3841 2535 tanti

559 2588 668 2627 non
691 2581 795 2640 est,
820 2573 1034 2645 quando
1061 2575 1132 2629 ita
1169 2575 1223 2629 in
1261 2575 1509 2631 omnibus
1532 2574 1760 2631 Codices
1791 2581 2049 2643 perpetuo
2085 2573 2451 2642 consentiunt,
2481 2582 2540 2629 ut
2587 2589 2725 2629 unus
2771 2573 2838 2628 ah
2884 2573 2992 2627 alio
3032 2572 3289 2641 descripti
3333 2573 3632 2640 videantur,
3667 2587 3842 2642 neque

559 2668 696 2722 adeo
725 2667 814 2722 illa
843 2668 946 2723 nisi
977 2669 1134 2724 unius
1159 2667 1376 2725 Codicis
1407 2668 1700 2726 auctoritas
1729 2667 1973 2724 habenda
2002 2667 2091 2722 sit.
2125 2666 2181 2721 In
2213 2667 2423 2723 caneris
2445 2682 2605 2737 quam
2638 2666 2807 2738 probe
2835 2681 3056 2736 operam
3085 2679 3236 2720 suam
3269 2664 3479 2731 locarit,
3506 2680 3571 2720 ex
3617 2673 3842 2720 conten-

562 2759 710 2814 tione
737 2768 935 2814 nostra:
966 2759 1125 2829 hujus
1159 2758 1424 2815 Editionis
1449 2773 1765 2830 cognosces,
1791 2775 1858 2815 ne
1888 2761 1931 2814 si
1966 2757 2214 2829 persequi
2265 2757 2588 2827 exponendo
2631 2758 2820 2821 velim,
2855 2756 3058 2811 nullum
3102 2755 3296 2811 faciam
3350 2754 3609 2825 praefandi
3659 2757 3839 2812 finem.

561 2849 987 2904 Adnotatiouum
1012 2851 1127 2921 (eas
1175 2849 1323 2918 dico,
1366 2866 1485 2921 qua:
1534 2853 1672 2906 hanc
1728 2850 1960 2906 maxime
2017 2859 2223 2920 partem
2278 2849 2578 2903 Itufinianae
2612 2848 2864 2903 Ilistorite
2912 2849 3184 2916 spectant)
3220 2862 3331 2902 «eo
3361 2862 3420 2905 se
3452 2849 3525 2901 ait
3569 2847 3647 2917 (in
3679 2847 3842 2919 Prwf.

563 2941 712 2997 Tom.
748 2940 827 3010 Ι.)
850 2942 1077 3011 ipsemet
1124 2956 1279 2998 usum
1319 2957 1538 3014 genere,
1565 2958 1673 3014 quo
1727 2942 2012 2998 lectionem
2054 2955 2207 2999 suam
2265 2941 2559 2996 vindicaret
2589 2941 2655 2994 ab
2707 2940 3171 3008 intemperantiori
3227 2936 3458 3005 Critice;
3507 2948 3614 2994 tum
3663 2950 3841 2994 autem

564 3049 775 3102 eorum,
809 3048 929 3104 qua:
955 3034 1021 3088 ad
1054 3034 1449 3105 Geographiam
1473 3035 1722 3101 attinent,
1750 3049 1856 3088 non
1901 3034 2219 3104 injocundas
2251 3044 2313 3089 et.
2331 3036 2464 3089 satis
2515 3032 2677 3086 utiles
2717 3031 2934 3086 notitias
2977 3030 3202 3086 curiosae
3252 3031 3518 3098 juventuti
3572 3045 3840 3101 pararet.»

566 3128 708 3183 Nihil
738 3137 915 3185 tamen
949 3130 1092 3185 aliud
1124 3131 1394 3201 pleraeque
1417 3146 1606 3186 omnes
1635 3130 1852 3197 docent,
1872 3147 2030 3203 quam
2054 3130 2196 3201 quod
2230 3132 2408 3186 sciunt
2429 3128 2625 3198 passim
2650 3142 2860 3185 omnes.
2884 3135 2974 3182 aut
3005 3128 3111 3197 peti
3137 3142 3166 3181 a
3199 3127 3616 3198 Lexicographis
3645 3138 3843 3196 potest,

566 3234 660 3277 aut
690 3221 919 3294 denique
944 3238 1134 3278 novatn
1159 3224 1396 3279 rancidis
1426 3224 1940 3282 halluciuationibus
1971 3227 2252 3282 materiam
2280 3226 2507 3296 prtebet.

639 3338 928 3409 Specimen
961 3355 1125 3394 unum
1166 3341 1382 3412 aliquod
1432 3343 1826 3412 subjiciendum
1855 3353 1962 3412 est,
1995 3343 2219 3414 utquod
2267 3343 2521 3408 diximus,
2550 3342 2797 3412 exemplo
2843 3351 3073 3398 constet.
3107 3341 3296 3398 Narrat
3342 3342 3564 3398 Rufinus
3611 3341 3731 3397 Lib.
3779 3341 3840 3396 ll.

569 3431 701 3503 Cap.
726 3432 920 3488 XXIII.
944 3435 1010 3490 de
1040 3433 1248 3505 Serapii
1269 3437 1638 3506 subversione,
1665 3441 1908 3503 militem,
1931 3448 2178 3509 correpta
2206 3439 2457 3507 bipenne,
2486 3438 2816 3508 percussisse
2852 3437 3079 3505 Idolum,
3112 3446 3167 3494 et
3199 3440 3440 3506 repetitis
3467 3437 3660 3492 ictibus
3682 3439 3845 3508 putris

572 3523 701 3594 ligni
727 3526 983 3594 fumosum
1006 3527 1208 3596 genium
1223 3529 1448 3583 etedisse.
1475 3531 1706 3586 Adnotat
1738 3533 1907 3586 bonus
1933 3531 2023 3586 ille
2049 3529 2148 3594 vir,
2180 3528 2279 3581 His
2304 3530 2484 3592 verbis,
2520 3529 2785 3582 fumosum
2809 3529 3046 3597 genium,
3076 3530 3226 3582 etiam
3251 3532 3413 3582 utitur
3437 3528 3754 3598 TlteOpltilus
3786 3531 3846 3584 de

572 3618 922 3675 Ahxandrino
951 3620 1222 3690 Serapidis
1264 3621 1472 3694 Temple
1497 3626 1708 3695 loquens
1733 3625 1787 3678 in
1820 3622 2055 3695 Epistola
2095 3622 2377 3691 Synodica.
2413 3620 2738 3674 Novissima:
2764 3629 2933 3672 autem
2989 3618 3173 3672 Editor
3202 3637 3411 3691 operum
3450 3621 3514 3678 S.
3546 3619 3847 3690 IIJerouymi

573 3711 831 3764 existimat
858 3713 1004 3778 ἑνιον,
1038 3727 1132 3768 seu
1164 3716 1317 3770 κένίον
1353 3715 1477 3786 (sic)
1510 3717 1677 3770 locum
1720 3715 1878 3784 fuisse
1909 3713 1992 3766 ubi
2027 3713 2270 3778 Hospites
2315 3712 2682 3781 reciperentur.
2713 3709 2863 3774 Vide,
2906 3711 3100 3764 amabo
3132 3712 3342 3777 Lector,
3375 3721 3503 3782 quot
3543 3711 3843 3776 mendacia,

573 3799 886 3865 calumnias,
917 3802 1143 3871 ineptias
1175 3805 1350 3860 verbis
1393 3815 1500 3861 tam
1553 3808 1736 3878 paucis
1765 3807 1928 3875 engit.
1958 3805 2210 3871 Queritur
2241 3806 2569 3874 'I‘lteOphilus
2613 3803 2862 3857 factiosos
2894 3805 3243 3874 Origenistas,
3276 3807 3555 3861 mulierem
3591 3815 3643 3862 et
3674 3807 3842 3860 filium

574 3889 692 3959 ejus
723 3891 1145 3960 adolescentem,
1177 3911 1403 3965 quorum
1433 3912 1623 3952 caussa
1650 3898 1789 3951 male
1822 3895 2060 3951 Isidorus
2087 3896 2355 3958 audiebat,
2389 3895 2704 3964 produxisse
2735 3895 2785 3949 itt
2830 3897 3084 3962 medium,
3118 3907 3170 3951 et
3200 3900 3251 3951 in
3284 3898 3393 3951 loco
3430 3897 3582 3952 Urbis
3629 3898 3846 3953 celeber-

572 3982 724 4044 rimo,
756 3999 904 4052 quem
933 4000 985 4037 m
1017 3984 1197 4054 fallor,
1224 3988 1316 4052 ait,
1368 3985 1586 4041 Genium
1630 3996 1832 4053 vocant,
1865 3986 2166 4040 collocasse.
2202 3986 2325 4040 I-lrec
2360 3995 2462 4039 tota
2493 3985 2777 4055 TheOphili
2826 3987 3091 4041 sententia
3141 3997 3241 4043 est.
3276 3988 3487 4043 Falsum
3535 3999 3620 4046 est
3667 3991 3847 4059 itaque

575 4074 769 4142 primo,
805 4075 943 4143 quod
973 4077 1046 4130 ait
1078 4076 1407 4146 Cacciarius,
1435 4079 1788 4149 TheOphilum
1840 4094 2100 4148 usurpate
2150 4080 2260 4134 ha'c
2294 4080 2475 4144 verba,
2508 4080 2766 4150 fumosum
2791 4082 3015 4152 genium.
3047 4081 3258 4135 Falsum
3292 4081 3507 4148 deinde,
3533 4082 3675 4152 quod
3707 4082 3846 4137 hunc

573 4167 650 4218 ait
678 4165 745 4219 de
771 4165 1138 4223 Alexandrino
1183 4169 1458 4238 Serapidis
1506 4170 1706 4237 templo
1747 4171 1913 4238 loqui,
1945 4184 2052 4239 quo
2087 4169 2215 4224 nihil
2249 4172 2295 4224 ei
2330 4172 2506 4225 minus
2551 4172 2734 4226 venire
2780 4175 2830 4225 in
2881 4181 3111 4227 mentem
3162 4175 3445 4240 potui-set.
3480 4174 3844 4243 Przeterquam

572 4261 714 4330 quod
760 4262 902 4315 enim
932 4265 1205 4334 conceptis
1239 4266 1415 4319 verbis
1457 4267 1623 4319 locum
1658 4264 1808 4319 Urbis
1832 4265 2210 4319 celeberrimum
2257 4266 2411 4329 dixit,
2445 4267 2638 4330 vicum,
2674 4272 2820 4333 puta,
2853 4275 2946 4318 aut
2991 4267 3186 4330 forum,
3215 4276 3304 4319 aut
3331 4265 3456 4334 quid
3489 4265 3692 4330 simile,
3736 4280 3844 4320 non

573 4354 831 4422 templum
867 4357 1184 4429 :Serapium
1213 4373 1386 4428 neque
1412 4358 1641 4426 amplius
1682 4358 1924 4413 exstabat
1952 4367 2077 4412 tunc
2107 4359 2383 4427 temporis,
2419 4358 2560 4427 quod
2585 4357 2698 4428 ipse
2730 4359 3059 4427 TheOphilus
3083 4369 3206 4412 ante
3235 4373 3403 4413 annos
3434 4359 3603 4414 ferme
3632 4360 3844 4426 decem,

573 4460 736 4518 quam
766 4450 879 4507 haec
907 4453 1192 4518 scriberet,
1222 4456 1327 4520 jam
1355 4452 1714 4516 subverterat,
1749 4466 1812 4506 ac
1855 4451 1973 4507 solo
2004 4465 2327 4523 mquaverat.
2363 4453 2573 4506 Falsum
2608 4452 2786 4515 tertio,
2829 4451 2972 4522 quod
3020 4462 3072 4505 et
3115 4452 3439 4520 praecipuum
3472 4463 3555 4506 est
3585 4451 3845 4508 Cacciarii

575 4543 934 4610 propositum,
963 4548 1165 4616 genium
1195 4546 1334 4614 quod
1369 4547 1522 4600 unice
1553 4545 1776 4600 verbum
1809 4545 2140 4615 Theophilus
2170 4557 2394 4616 usurpat
2424 4547 2655 4618 (etiamsi
2700 4557 2844 4600 recte
2875 4545 3143 4614 Scriptura
3181 4545 3418 4610 haberet,
3463 4561 3620 4614 quam
3652 4547 3846 4614 depra-

574 4649 751 4690 vatam
773 4638 1127 4709 ostendimus)
1147 4623 1436 4708 quidquam
1463 4639 1512 4692 in
1533 4638 1883 4709 significando
1899 4656 2179 4696 commune
2210 4658 2328 4696 cum
2365 4647 2564 4710 funtoso
2593 4642 2862 4710 Serapidis
2885 4641 3031 4710 genio
3057 4641 3275 4695 habere.
3305 4641 3419 4694 Jatn
3452 4645 3589 4712 quod
3626 4660 3847 4716 mespe-

572 4739 682 4784 ctat
717 4732 986 4786 Editorem
1005 4733 1505 4802 Ilieronymianum,
1540 4750 1639 4804 ego
1669 4749 1789 4789 cum
1824 4736 2300 4804 Epistolamillatn,
2333 4752 2492 4805 quam
2527 4748 2580 4791 et
2605 4737 2883 4804 Theophili
2911 4736 3236 4806 Synodicatn
3261 4736 3354 4789 abs
3385 4737 3708 4807 Ilieronymo
3741 4739 3843 4794 La-

578 4823 690 4876 tiue
719 4823 981 4878 redditam
1012 4825 1175 4882 certis
1205 4826 1536 4895 argumentis
1558 4828 1791 4894 ostendi,
1818 4838 1872 4884 et
1895 4830 2098 4899 primus
2123 4845 2184 4883 ex
2213 4831 2445 4897 antiquis
2478 4829 2825 4891 membranis,
2855 4828 2992 4881 inter
3019 4844 3147 4896 quas
3182 4828 3290 4882 fato
3313 4833 3555 4897 proxima
3588 4831 3850 4888 hactenus

573 4917 750 4982 latuit,
797 4927 1031 4984 erutam,
1085 4919 1530 4988 pretiosissimum
1574 4918 1622 4974 si
1673 4921 1815 4990 quod
1870 4921 2012 4976 aliud
2047 4921 2393 4990 Antiquitatis
2445 4921 2854 4976 monimentum.
2888 4918 3122 4969 literario
3170 4917 3297 4971 Orbi
3346 4922 3762 4992 comnmnicavi,
3798 4926 3850 4980 in

581 5011 1033 5067 Atluotationibus
1071 5013 1270 5083 quibus
1299 5028 1415 5068 eam
1459 5014 1827 5070 illuStrandam
1854 5017 2090 5085 suscepi,
2121 5016 2188 5070 ad
2221 5016 2492 5070 laudatum
2518 5012 2676 5065 modo
2707 5012 2880 5064 locum
2924 5009 3070 5073 suSpi
3095 5020 3221 5063 atus
3251 5025 3392 5077 sum,
3424 5014 3611 5079 Ξένιον,
3646 5015 3850 5072 Xenion

574 5101 980 5167 intelligendum
1013 5120 1108 5172 pro
1139 5103 1322 5171 Genio,
1356 5117 1408 5162 et
1440 5107 1603 5162 videri
1632 5107 1828 5170 locum,
1864 5108 1951 5163 ubi
1985 5107 2231 5176 hospites
2274 5105 2624 5160 convenirent
2652 5117 2667 5155 :
2700 5101 2929 5168 plateam
2966 5099 3234 5163 videlicet,
3266 5111 3356 5153 aut
3405 5104 3579 5159 vicum
3612 5107 3679 5161 ad
3718 5124 3848 5162 enao

579 5210 721 5249 runt.
751 5194 946 5248 Demus
973 5195 1184 5264 ingenio
1214 5198 1446 5268 religiosi
1481 5200 1597 5268 viri,
1631 5200 1770 5270 quod
1816 5200 2132 5254 bent-ficium
2163 5198 2433 5267 singulare
2479 5195 2531 5249 in
2565 5196 2729 5248 bonas
2790 5194 2992 5260 literas,
3019 5203 3218 5248 etcum
3251 5196 3441 5262 primis
3487 5216 3666 5255 sacras
3694 5217 3724 5254 a
3755 5218 3849 5256 no-

579 5287 663 5342 bis
691 5287 943 5342 collatum
974 5287 1091 5359 ejus
1117 5288 1364 5344 Editione
1395 5292 1650 5362 Epistolas
1679 5293 1896 5348 silentio
1920 5294 2196 5359 presserit,
2223 5288 2574 5357 malueritque
2603 5287 2859 5341 lcetorem
2889 5301 3040 5339 suum
3067 5286 3132 5338 ad
3163 5302 3267 5338 non
3293 5288 3443 5354 prius
3473 5291 3734 5358 auditum,
3762 5304 3845 5350 aut

582 5383 778 5438 let-tum
811 5381 933 5437 alibi
956 5399 1089 5452 opus
1115 5384 1426 5450 amandare,
1455 5403 1612 5457 quam
1644 5387 1774 5441 illud
1814 5403 1935 5441 cum
1980 5385 2232 5441 novitatis
2273 5382 2462 5435 saltem
2495 5379 2669 5443 laude,
2703 5395 2822 5449 quas
2845 5394 2908 5434 ex
2936 5381 3012 5433 rei
3061 5380 3336 5438 notatione
3381 5385 3675 5453 oriebatur,
3707 5405 3852 5442 com-

577 5489 901 5530 memorare.
932 5475 1068 5542 Quid
1099 5477 1235 5532 istuc
1257 5477 1333 5532 rei
1358 5486 1460 5543 est,
1485 5477 1624 5547 quod
1651 5477 1880 5532 indoctis
1908 5477 2066 5546 vulgo
2095 5471 2556 5528 confidentissime
2587 5472 2832 5540 imponit,
2858 5480 2912 5526 et
2939 5470 3068 5524 mihi
3097 5470 3423 5529 calumniam
3454 5479 3848 5544 apertissimum

575 5566 775 5621 struit?
803 5566 1020 5622 Falsum
1051 5583 1268 5638 nempe,
1309 5578 1365 5625 et
1405 5579 1596 5639 quarto
1628 5569 1677 5623 id
1717 5568 1931 5637 quidem
1960 5577 2061 5628 est,
2094 5567 2269 5620 luerim
2317 5563 2516 5617 dixisse
2545 5577 2630 5617 me
2662 5558 2927 5628 indigitari
2967 5561 3062 5615 abs
3114 5560 3438 5632 Theophilo,
3493 5567 3577 5623 ubi
3611 5570 3852 5639 hospites

578 5661 968 5729 reciperentur,
1003 5674 1060 5719 ut
1106 5663 1511 5719 Xenodochium
1560 5662 1842 5731 scripsisse
1889 5661 2093 5726 videar,
2124 5657 2264 5726 quod
2297 5657 2493 5720 forum,
2525 5665 2618 5708 aut
2650 5654 2874 5724 plateam
2925 5667 3319 5725 convenat-mu,
3351 5661 3463 5716 sive
3493 5662 3577 5715 ubi
3620 5663 3846 5736 Ιεοδρίιυε

577 5755 919 5826 cwweuirent,
953 5756 1081 5812 dixi.
1115 5756 1244 5812 Nam
1281 5755 1550 5825 proprium
1584 5752 1684 5808 loci
1717 5766 1932 5821 nomen,
1960 5750 2071 5806 sive
2116 5749 2242 5805 illud
2282 5749 2347 5804 ab
2379 5748 2669 5817 interprete
2717 5744 3042 5816 Ilierou3mo
3073 5747 3280 5820 (neque
3310 5753 3453 5808 enim
3495 5753 3707 5811 videtur
3754 5775 3846 5827 po.-

2485 5852 2510 5874 Ἰ
