4094 6344
166 283 248 360 ’61
1669 312 1783 366 Plu

1883 314 2054 372 ATIO‘.
3432 324 3500 379 62

191 425 358 480 tuisse
385 424 454 478 de
484 424 875 481 celeberrimo
896 426 1236 482 Alexandrini
1263 425 1365 482 vici
1396 427 1612 484 nomine
1635 429 1947 487 dubitanter
1974 432 2119 502 loqui
2151 432 2546 492 Alexandrinus
2567 436 2836 510 Antistes)
2865 439 2982 496 sive
3021 440 3254 497 Auctore
3293 443 3363 501 ab
3390 444 3496 500 hoc

193 520 306 586 ipso
335 516 588 571 additum
614 517 720 584 sit,
750 534 914 587 quum
937 519 1177 575 Graecum
1205 519 1426 574 omnino
1463 535 1586 577 esse
1616 521 1886 589 debuerit,
1929 523 2131 579 Latinis
2173 527 2387 582 etiamsi
2415 529 2587 584 mavis
2617 528 2788 585 literis
2833 530 3125 602 scriptum;
3157 534 3382 590 minime
3408 551 3506 591 au-

197 628 300 671 tem
331 611 591 669 Gracum
639 613 718 669 sit
768 613 1006 682 Genium,
1037 629 1136 670 nec
1175 613 1363 670 Gri-ccc
1409 616 1696 686 quicquam
1741 617 2046 687 signiﬁcet:
2072 620 2198 690 iure
2226 622 2554 692 addubitavi,
2586 626 2719 696 quin
2747 625 2937 684 fuisset
2987 628 3164 684 Latini
3212 631 3503 702 antiquarii

102 763 121 782 ,
199 720 382 761 errore
408 705 806 773 depravatum,
842 706 1060 762 fallente
1086 707 1170 762 vel
1202 708 1685 777 pronunciationis,
1715 708 1801 764 vel
1851 709 2079 765 notioris
2107 712 2354 768 vocabuli
2395 716 2769 773 similitudine.
2792 718 3040 775 Graecum
3073 721 3324 790 proinde,
3357 726 3504 795 quod

199 798 270 852 illi
330 798 581 866 proxime
634 797 947 862 accederet,
979 807 1184 854 etcum
1213 798 1489 868 proposita
1535 799 1766 855 celebris
1807 800 1911 854 loci
1956 801 2350 870 significatione
2395 809 2533 862 satis
2585 809 2920 876 conveniret,
2952 813 3167 868 erudito
3199 813 3418 872 Lectori
3452 818 3507 874 in

203 889 338 944 notis
369 887 630 957 proposui
663 888 1123 946 substitueudum.
1155 890 1272 944 Dixi
1297 895 1483 958 Ξένιον,
1515 900 1572 947 et
1598 892 1882 946 commode
1907 894 1974 949 ab
2005 895 2277 964 hospitum
2311 897 2609 967 frequentia
2649 901 2858 958 desumi
2881 913 3102 975 etymon
3134 923 3318 976 posse,
3351 911 3504 967 arbi-

206 991 366 1034 tratus
389 981 691 1048 sum.Qu:e
715 982 799 1037 illi
829 983 1081 1039 inurenda
1113 983 1184 1038 sit
1215 985 1469 1054 uota,qni
1491 999 1611 1039 mea
1637 985 1780 1040 dicta
1818 988 2136 1056 corrumpit,
2178 997 2238 1043 ut
2270 990 2563 1060 castigasse
2587 992 2852 1066 videatur,
2875 997 2964 1053 alii
2989 996 3257 1068 judicent.
3283 1001 3506 1059 Falsum

211 1073 404 1126 interea
436 1081 521 1127 est
548 1073 750 1143 quinto
773 1073 912 1144 quod
938 1089 1022 1130 me
1042 1074 1117 1128 ait
1145 1074 1448 1142 scripsisse,
1483 1079 1631 1144 ἄνων,
1656 1091 1754 1132 seu
1778 1081 1937 1132 κὲνὶον
1965 1078 2088 1148 (sic)
2117 1089 2364 1148 portenta
2390 1084 2701 1150 verborum,
2729 1103 2848 1159 quae
2890 1091 3005 1159 ipse
3043 1091 3112 1147 de
3151 1095 3378 1151 cerebro
3408 1112 3509 1154 suo

210 1163 385 1217 rudit:
417 1175 471 1218 et
514 1165 666 1234 quod
715 1179 940 1230 novum,
970 1180 1140 1235 eoque
1189 1167 1344 1221 valde
1374 1166 1610 1236 iniquius
1659 1167 1811 1223 addit
1854 1169 2075 1224 falsitati
2126 1183 2484 1240 momentum,
2523 1192 2612 1233 me
2651 1179 2758 1234 illis
2788 1182 3156 1251 existimasse,
3190 1185 3368 1242 locum
3411 1190 3508 1246 als

211 1257 500 1328 Theophila
537 1257 868 1313 denotatum
899 1256 1207 1328 significari.
1244 1259 1470 1317 Unicum
1515 1263 1763 1318 Graacum
1814 1265 2035 1321 verbum
2083 1267 2347 1336 scriptum
2384 1279 2468 1326 est
2511 1287 2541 1328 a
2591 1288 2698 1341 me,
2739 1279 2947 1332 Ξένιονε
2981 1279 3239 1348 pudorem
3288 1283 3506 1339 exuisse

217 1364 445 1416 omnem,
478 1365 710 1407 necesse
739 1360 850 1418 est,
873 1353 963 1423 qui
989 1354 1120 1410 mihi
1151 1355 1257 1410 duo
1279 1357 1366 1414 illa
1393 1359 1670 1428 adscribit,
1713 1363 1910 1431 quibus
1931 1372 1986 1420 et
2013 1367 2358 1436 corruptiore
2400 1368 2528 1438 fingi
2557 1370 2602 1423 si
2632 1372 2838 1440 possiet
2869 1373 3011 1427 haud
3041 1375 3186 1441 scio,
3207 1390 3328 1432 cum
3355 1378 3501 1432 enim

221 1459 313 1500 nec
339 1444 522 1501 Graece
543 1448 845 1517 quidquam
866 1448 1184 1518 significent,
1209 1466 1308 1507 nec
1337 1451 1548 1520 Latine,
1573 1455 1780 1524 aliquot
1804 1456 1965 1510 etiam
1997 1473 2176 1526 prava:
2199 1461 2483 1529 scriptura:
2514 1460 2654 1516 vitiis
2679 1461 2946 1527 laborant,
2972 1473 3030 1519 ut
3051 1479 3224 1535 neque
3249 1464 3492 1535 OEdipus

225 1539 394 1593 valeat
420 1540 780 1609 interpretari.
811 1541 994 1611 Neque
1039 1557 1144 1597 non
1171 1550 1350 1598 tamen
1395 1544 1596 1614 absque
1625 1545 1752 1601 dolo
1782 1549 1924 1602 malo
1953 1550 2181 1604 conficta
2209 1551 2506 1620 existimes,
2541 1552 2636 1608 sed
2673 1568 2737 1607 eo
2769 1553 2953 1623 utique
2982 1555 3184 1622 animo,
3214 1566 3273 1611 ut
3301 1557 3490 1612 lliero-

233 1633 472 1704 nymiano
501 1633 690 1689 Editori
721 1635 867 1704 apud
891 1635 1188 1705 imperitos,
1221 1644 1279 1692 et
1306 1638 1526 1694 minime
1553 1639 1627 1706 id,
1659 1638 1806 1710 quod
1834 1655 1920 1698 res
1944 1650 2048 1709 est,
2073 1641 2216 1698 scire
2244 1643 2488 1712 cupidos,
2523 1644 2720 1713 probro
2757 1645 2904 1701 sint:
2936 1645 3132 1716 quique
3171 1661 3234 1702 ea
3261 1647 3486 1714 notavit,

232 1741 344 1780 esse
365 1726 546 1793 aliquis
575 1727 840 1780 videatur.

287 1818 544 1874 Praetereo
573 1835 693 1891 qua:
737 1821 888 1877 hisce
934 1821 1228 1878 mendaciis
1267 1825 1609 1879 continentur
1651 1825 2132 1895 hallucinationes,
2175 1840 2335 1900 atque
2376 1832 2607 1901 ineptias
2639 1848 2653 1886 :
2686 1847 2908 1902 quarum
2939 1848 3102 1887 unam
3135 1832 3293 1887 modo
3319 1840 3481 1900 atque

217 1916 423 1966 alteram
453 1913 496 1966 si
525 1927 730 1982 ponere
764 1914 836 1969 ob
865 1917 1054 1971 oculos
1084 1916 1292 1971 Lectori
1326 1916 1507 1983 velim,
1538 1918 1695 1972 nimis
1717 1921 1934 1990 longum
1966 1918 2182 1974 faciam.
2207 1920 2283 1976 Re
2312 1925 2451 1978 enim
2479 1939 2626 1988 vera,
2656 1939 2777 1996 qum
2807 1934 2891 1980 est
2923 1923 3154 1980 hominis
3179 1925 3484 1997 ἀπροσεξία,

213 2003 298 2072 qui
335 2003 531 2074 fumoso
553 2008 707 2077 genio
739 2008 883 2077 apud
925 2007 1175 2062 Rufinum
1207 2009 1333 2064 dum
1363 2025 1662 2068 consonare
1715 2013 1818 2070 hoc
1863 2015 2002 2084 apud
2036 2015 2395 2085 Theophilum
2429 2016 2645 2072 Genium
2678 2019 2976 2086 contendit,
3020 2034 3119 2075 nos
3151 2018 3356 2088 laudat,
3386 2017 3478 2088 qni

210 2097 357 2152 aliter
379 2097 663 2168 legendum
705 2100 804 2164 ibi,
836 2108 890 2155 et
917 2116 1024 2154 non
1054 2101 1296 2166 Genium,
1325 2101 1419 2158 sed
1441 2107 1606 2159 Ξένιον
1634 2106 1989 2160 ostendimus.
2020 2106 2074 2160 Si
2107 2106 2329 2161 Genium
2360 2110 2471 2176 ipse
2497 2118 2695 2163 rectam
2725 2109 3044 2179 scripturam
3076 2110 3316 2179 putabat,
3349 2109 3478 2178 quid

208 2204 298 2246 nos
326 2204 438 2245 eam
467 2193 845 2263 improbantes
867 2193 1091 2263 profert,
1116 2192 1356 2262 adeoque
1388 2210 1492 2248 non
1526 2196 1722 2250 refutat
1751 2199 1914 2252 verbo
1956 2209 2131 2266 tenus,
2159 2209 2216 2256 It
2242 2212 2295 2256 et
2324 2203 2632 2258 consentire
2662 2202 2937 2268 videatur;
2969 2202 3014 2256 si
3047 2202 3322 2257 nobiscum
3355 2215 3481 2256 Sen-

209 2285 282 2350 tit,
314 2300 372 2340 ac
401 2285 758 2356 depravatum
810 2287 1098 2343 lectionem
1139 2302 1245 2341 non
1275 2285 1553 2356 diffitetur,
1601 2291 1727 2359 quid
1766 2292 1833 2348 ad
1871 2292 2124 2349 Auctoris
2160 2296 2240 2349 sui
2273 2294 2496 2349 Genium
2525 2293 2810 2362 Theophili
2853 2298 3019 2350 Ξένιον
3063 2293 3234 2350 facit?
3287 2294 3472 2362 Porro,

205 2393 312 2448 qua:
337 2377 523 2434 levitas
553 2381 784 2448 mentis,
816 2381 883 2436 ad
932 2381 1100 2451 ignoti
1133 2385 1379 2442 vocabuli
1427 2386 1838 2456 explicationem
1871 2388 2105 2458 ignotius
2147 2389 2410 2458 proferre,
2452 2387 2694 2458 illudque
2723 2387 2995 2456 geminum
3038 2388 3190 2443 alteri
3234 2403 3475 2458 pronun-

203 2473 366 2539 eiare,
405 2474 551 2543 quod
591 2488 665 2530 ne
707 2473 888 2528 simile
907 2475 1128 2545 quidem
1168 2477 1268 2546 sit,
1317 2477 1426 2534 imo
1466 2480 1593 2551 quid
1636 2483 1713 2536 rei
1755 2481 1844 2546 sit,
1891 2483 2142 2539 nesciat?
2186 2483 2292 2540 Sed
2325 2481 2623 2538 referamus
2665 2481 2957 2552 aliquando
3001 2482 3229 2538 colluvie
3276 2497 3342 2537 ex
3375 2481 3474 2538 hac

204 2565 402 2637 pedem.

269 2681 526 2750 Equidem
573 2697 683 2738 non
726 2690 846 2736 erat
890 2681 1170 2737 Rufiniana
1198 2682 1356 2738 lectio
1383 2690 1488 2737 tam
1521 2683 1673 2752 pauci
1710 2684 1974 2750 facienda,
2008 2691 2067 2741 ut
2095 2699 2218 2740 cum
2245 2685 2468 2740 librario
2511 2686 2650 2755 apud
2701 2686 3032 2754 Scriptorem
3073 2686 3236 2741 alium
3287 2700 3477 2742 errore

203 2776 548 2832 conferretur.
575 2777 690 2831 Nos
717 2791 838 2831 eam
872 2777 1062 2831 iterum
1095 2777 1160 2832 ad
1185 2789 1498 2835 contextum
1531 2781 1831 2835 accuratius
1862 2781 2236 2849 expendimus,
2270 2788 2326 2833 et
2360 2783 2527 2835 multo
2557 2795 2698 2835 nunc
2729 2781 2946 2848 propius
2975 2779 3040 2834 ad
3069 2795 3252 2835 verum
3279 2793 3474 2834 secun-

202 2867 276 2922 dis
303 2867 440 2922 curis
471 2868 782 2922 accessisse
813 2867 1076 2934 videmur,
1101 2884 1262 2938 quam
1292 2880 1446 2926 antea
1475 2872 1525 2925 in
1557 2872 1698 2926 notis
1728 2872 1793 2925 ad
1821 2886 1943 2928 eum
1967 2873 2143 2928 locum
2172 2872 2626 2930 existimavimus.
2658 2872 2835 2928 Prima
2867 2872 3071 2928 scilicet
3100 2871 3276 2927 fronte
3299 2872 3468 2926 visum

201 2967 297 3022 est,
326 2959 514 3015 Latine
551 2961 718 3016 scribi
751 2956 973 3015 Genium
1005 2961 1219 3031 proprio
1245 2961 1530 3027 vocabulo,
1563 2963 1704 3031 quod
1734 2965 1952 3032 perinde
1982 2973 2148 3029 esset,
2189 2967 2457 3038 εἰρωνικῶς
2487 2971 2685 3028 tamen,
2711 2977 2774 3016 ac
2797 2963 2843 3017 si
2876 2962 3041 3018 Deum
3080 2962 3305 3017 dixisset
3331 2960 3480 3016 Rufi-

200 3069 291 3109 nus
319 3071 330 3107 :
363 3057 532 3118 putris
564 3055 696 3126 ligni
725 3056 983 3124 (animum
1011 3054 1226 3111 Genium
1256 3057 1437 3130 (idest
1465 3058 1626 3112 Deum
1657 3059 1676 3128 )
1706 3059 1878 3115 caedit.
1909 3059 2060 3114 Nunc
2102 3059 2201 3114 abs
2236 3059 2426 3114 Graeco
2457 3072 2652 3114 nomen
2694 3066 2941 3129 repetere
2981 3059 3151 3129 magis
3182 3058 3376 3127 placet,
3420 3070 3475 3113 et

201 3147 401 3213 proprie
429 3154 677 3202 mentum
712 3146 844 3200 ldoli
893 3145 1220 3218 intelligere,
1253 3147 1396 3217 quod
1425 3149 1578 3202 miles
1612 3149 1960 3218 percusserit.
1992 3152 2181 3206 Γένειον
2226 3150 2440 3218 inquam
2472 3150 2680 3215 Graece,
2713 3151 2854 3218 quod
2887 3159 2968 3205 est
2999 3160 3247 3216 mentum,
3291 3159 3345 3204 et
3373 3164 3472 3220 pro

199 3241 330 3296 facie
354 3241 649 3310 aliquando
678 3242 932 3308 sumitur,
967 3257 1088 3296 nam
1119 3250 1174 3297 et
1196 3244 1365 3315 γένεια
1391 3243 1588 3310 saepius
1613 3241 1792 3310 legere
1824 3250 1906 3296 est
1933 3240 2164 3308 plurium
2208 3255 2452 3306 numero,
2493 3257 2666 3310 genas,
2715 3244 2900 3306 malas,
2942 3249 2997 3295 et
3049 3241 3470 3310 Lexicographis

199 3339 485 3405 exponitur
510 3341 721 3411 πώγων,
754 3338 932 3407 facies,
961 3346 1011 3390 et
1030 3337 1210 3391 barba.
1235 3336 1521 3391 Enimvero
1552 3338 1753 3390 Auctor
1779 3343 1904 3390 ante
1935 3344 2045 3390 tres
2071 3335 2230 3390 modo
2260 3347 2463 3400 versus,
2496 3331 2726 3390 maxilla:
2748 3335 3040 3387 veteratoris
3073 3332 3265 3386 illisam
3298 3332 3473 3399 primo

199 3431 482 3500 bipennem
512 3431 670 3496 dixit,
724 3440 836 3485 tum
880 3431 1070 3485 iterum
1112 3430 1306 3485 ictibus
1335 3429 1576 3498 repetitis
1603 3443 1801 3484 caesum
1841 3429 2005 3497 putris
2049 3427 2178 3499 ligni
2217 3428 2477 3498 fumosum
2505 3428 2710 3499 γένειον.
2757 3425 2932 3495 Atque
2975 3433 3032 3479 ut
3075 3423 3205 3477 nihil
3238 3422 3474 3483 dubites,

197 3527 316 3595 quin
349 3525 512 3578 faciei
547 3533 780 3593 partem,
813 3523 929 3578 sive
961 3524 1127 3592 rictus
1165 3523 1294 3580 ldoli
1323 3523 1623 3592 significet,
1667 3539 1734 3577 ex
1765 3523 2126 3578 membrorum
2153 3522 2344 3577 ordine
2377 3520 2736 3575 narrationem
2768 3517 2977 3588 disjecti
3007 3513 3280 3570 simulacri
3314 3514 3470 3574 texit,

197 3621 482 3689 subditque
512 3619 796 3680 continuo,
828 3615 1090 3685 dejectam
1130 3631 1248 3672 eam
1280 3627 1506 3686 partem,
1546 3619 1752 3690 γένειον,
1795 3615 1899 3683 igni
1941 3613 2228 3668 adhibitam
2255 3615 2605 3682 conﬂagrasse
2630 3628 2642 3663 :
2671 3611 2868 3666 deinde
2899 3608 3157 3664 revulsum
3197 3607 3476 3662 cervicibus

196 3721 368 3779 caput,
395 3720 442 3764 et
471 3709 712 3781 depresso
745 3706 960 3774 Medio,
1009 3709 1310 3762 distractum
1339 3709 1544 3777 funibus
1581 3726 1592 3760 :
1629 3716 1738 3762 tutu
1771 3719 1955 3762 cetera
1985 3724 2075 3776 per
2115 3716 2284 3778 partes
2331 3707 2552 3759 membra
2589 3721 2722 3758 ca'sa
2760 3704 3044 3768 securibus,
3078 3713 3124 3758 et
3151 3719 3243 3772 per
3270 3703 3474 3772 singula

195 3785 426 3855 cultricis
457 3799 794 3855 Alexandria:
823 3799 933 3853 fora
949 3801 1165 3872 effigiem
1185 3801 1593 3857 veternosiSenis
1616 3801 1930 3854 membratim
1945 3809 2208 3856 exustam.
2231 3797 2371 3852 Nihil
2393 3799 2568 3865 itaque
2595 3797 2737 3850 aliud
2763 3797 2831 3851 ibi
2857 3811 3012 3865 quam
3039 3799 3224 3868 γένειον
3241 3796 3475 3864 scripsit,

195 3908 245 3952 et
282 3906 530 3951 mentum
556 3892 887 3961 barbamque
926 3894 1263 3962 significavit,
1287 3877 1679 3963 prominentem
1711 3904 1939 3963 partem,
1963 3910 2080 3964 qua:
2118 3891 2299 3962 dejici,
2330 3891 2504 3959 capite
2552 3889 2719 3946 ferme
2759 3888 2932 3942 adhuc
2970 3889 3196 3960 integro,
3245 3897 3471 3956 poterat.

195 3985 346 4053 Quod
382 3986 572 4040 Graece
603 3985 908 4052 scripserit,
939 4000 1044 4038 non
1075 3985 1282 4050 Latine,
1307 3999 1523 4040 caussas
1557 3984 1761 4050 habuit,
1795 3984 1934 4054 quod
1965 3993 2018 4040 et
2045 3985 2290 4038 Grzecum
2319 3986 2506 4056 γένειον
2541 3983 2657 4050 plus
2687 3981 2907 4051 aliquid,
2931 3998 3088 4051 quam
3118 3981 3259 4050 quod
3289 3981 3479 4036 Latine

192 4091 268 4134 est
325 4091 553 4132 utentum
583 4088 758 4142 notet,
805 4088 858 4133 et
889 4080 1104 4149 proprio
1149 4079 1407 4134 vocabulo
1437 4079 1687 4134 maluerit
1716 4079 2018 4149 appellari,
2052 4078 2194 4148 quod
2227 4078 2393 4133 ferme
2438 4087 2555 4132 erat
2592 4077 2740 4131 ldolo
2787 4081 3056 4148 pr0prium
3089 4092 3150 4131 ac
3182 4077 3475 4146 peculiare.

193 4173 333 4228 Erat
363 4174 559 4244 quippe
607 4173 700 4226 illa
741 4171 1011 4226 simulacri
1045 4187 1167 4238 pars
1198 4171 1410 4226 caeteris
1442 4172 1702 4242 insignior
1741 4173 2013 4236 omnibus,
2056 4170 2303 4242 hirquina
2337 4171 2521 4236 barba,
2564 4186 2732 4240 eaque
2772 4171 2836 4224 ad
2884 4169 3112 4224 medium
3146 4168 3257 4222 fere
3289 4177 3477 4238 pectus

197 4264 491 4332 promissa,
522 4264 616 4318 sed
649 4261 834 4326 tereti,
863 4271 917 4316 et
944 4261 1013 4314 ad
1054 4260 1266 4316 ciliudri
1296 4262 1537 4328 modum,
1571 4269 1882 4331 tantumque
1913 4263 2234 4317 cuneaeiore
2262 4261 2328 4314 ad
2367 4262 2553 4327 imum,
2603 4272 2658 4316 ut
2698 4262 2880 4316 videre
2911 4271 2992 4314 est
3033 4261 3085 4314 in
3116 4258 3230 4327 ejus
3264 4258 3479 4315 ridiculi

197 4356 321 4418 Dei,
349 4371 468 4425 qua:
499 4365 794 4424 supersunt
821 4354 1112 4408 etiamnum
1143 4355 1332 4426 signis,
1366 4372 1591 4423 quorum
1620 4372 1780 4410 unum
1812 4371 1879 4411 ex
1909 4372 2014 4410 tere
2040 4357 2090 4410 in
2122 4357 2422 4411 domestico
2451 4358 2630 4410 Musca
2661 4367 2847 4409 n05tro
2879 4355 2947 4408 ob
2975 4354 3158 4408 oculos
3190 4352 3451 4407 habemus

195 4449 441 4519 Denique
471 4449 736 4516 scriptum
777 4446 873 4500 abs
904 4446 1098 4501 Rufino
1120 4447 1308 4502 Graece
1350 4448 1502 4512 illud,
1543 4465 1650 4501 non
1691 4449 1898 4513 Latine,
1941 4449 2054 4516 ipsa
2089 4450 2400 4502 Latinorum
2442 4450 2843 4501 amanuensium
2878 4449 3066 4517 prohat
3107 4447 3474 4513 hallucinatio,

197 4544 290 4612 qui
335 4543 586 4597 Graecum
621 4539 941 4596 vocabulum
973 4540 1180 4595 Latinis
1211 4540 1430 4594 totidem
1473 4541 1649 4597 literis
1694 4539 2080 4606 reddiderunt,
2127 4539 2302 4612 deque
2341 4541 2524 4612 γένειῦν
2569 4540 2897 4609 scripserunt
2939 4537 3176 4593 Genium.
3224 4539 3331 4596 Sed
3362 4539 3476 4598 haec

200 4637 481 4693 hactenus.

196 4745 208 4754 ’
271 4757 604 4827 Apologetici
633 4764 823 4811 contra
850 4757 1234 4827 Hieronymum
1261 4754 1403 4808 Libri
1429 4753 1538 4808 duo
1559 4751 1985 4820 subsequuntur,
2019 4752 2303 4817 subiuncta
2331 4750 2512 4806 itidem
2547 4751 2804 4822 Apologia
2828 4751 2891 4805 ad
2921 4750 3262 4806 Anastasiutn
3296 4767 3308 4803 :
3341 4767 3478 4821 quos

201 4865 383 4906 omnes
406 4849 508 4903 etsi
557 4848 609 4901 in
652 4846 1070 4917 llieronymiana
1110 4847 1272 4901 etiam
1311 4844 1644 4900 Collectione
1673 4845 1906 4912 Operum
1941 4845 2342 4908 recensuimus,
2378 4853 2559 4907 utpote
2597 4845 2687 4913 qui
2728 4859 2793 4897 eo
2823 4845 3054 4898 maxime
3081 4844 3477 4910 referebantur,

207 4957 304 4998 non
333 4945 462 5009 erit,
490 4943 749 5007 arbitror,
794 4940 1010 4997 Lectori
1042 4941 1314 5011 ingratum
1347 4940 1464 4995 heic
1497 4939 1715 5009 proprio
1746 4939 1865 4993 loco
1893 4936 2138 4993 exhiberi
2167 4939 2268 4993 sibi
2302 4939 2496 4994 iterum
2539 4955 2678 4994 novo
2705 4939 2852 4995 cultu
2883 4947 3194 5005 exornatos,
3228 4947 3284 4993 ut
3312 4939 3478 4994 ferme

203 5036 266 5090 ab
291 5037 357 5091 iis
383 5035 476 5090 alii
501 5035 810 5090 videantur.
840 5034 1110 5100 Quantum
1143 5016 1390 5102 profecto.
1409 5047 1589 5102 opera:
1621 5032 1686 5088 iis
1707 5047 1875 5101 usque
1899 5040 1954 5086 et
1978 5047 2146 5100 usque
2171 5032 2507 5100 expoliendis
2537 5032 2942 5100 collocavimus,
2973 5042 3293 5103 argumento
3321 5040 3479 5087 erunt

206 5132 384 5198 Spissa:
409 5129 846 5194 observationes,
877 5137 932 5182 et
969 5138 1128 5192 notas,
1160 5141 1292 5196 quas
1320 5127 1468 5181 licuit
1494 5126 1644 5192 olim,
1677 5141 1841 5196 quum
1879 5126 2018 5180 inter
2058 5126 2477 5198 Hieronymiaua
2510 5128 2930 5195 excuderentur,
2973 5139 3160 5197 utpme
3189 5125 3477 5200 peregrino

207 5224 251 5277 in
280 5225 419 5292 loco,
454 5225 684 5295 segnius
711 5238 925 5278 curare.
963 5222 1147 5292 Neque
1180 5236 1308 5276 vero
1341 5230 1466 5276 tunc
1490 5221 1625 5276 alios
1654 5236 1814 5290 quam
1836 5219 2080 5289 vulgatos
2110 5229 2264 5276 antea
2301 5221 2468 5276 libros
2505 5222 2791 5278 consulere
2819 5223 3002 5277 datum
3032 5231 3116 5278 est
3145 5240 3161 5277 :
3195 5240 3335 5280 nunc
3363 5241 3476 5279 me-

205 5319 328 5375 linre
348 5323 567 5375 fortuna
617 5318 842 5383 utimur,
875 5328 1036 5385 atque
1064 5317 1181 5386 opis
1209 5316 1481 5386 impendio
1513 5316 1800 5386 plurimum
1822 5331 1886 5371 ex
1916 5317 2014 5370 Ms.
2045 5317 2231 5373 codice
2257 5317 2627 5374 Guarneriano
2655 5320 2983 5389 accepimus.
3028 5322 3124 5378 Est
3163 5331 3340 5377 autem
3374 5323 3471 5377 Ms.

203 5415 281 5468 hic
311 5415 447 5471 liber
472 5431 544 5470 ex
575 5413 792 5480 eadem,
823 5427 980 5481 quam
1006 5412 1207 5466 dudum
1240 5410 1576 5466 laudavimus
1604 5409 1656 5463 in
1688 5407 1744 5464 S.
1775 5408 2010 5464 Danielis
2031 5410 2322 5479 municipio
2354 5409 2703 5478 Bibliotheca,
2729 5413 2855 5468 olim
2880 5413 3264 5479 Guarneriana,
3288 5413 3470 5469 itidem

203 5508 350 5562 nobis
379 5523 408 5562 a
443 5506 670 5562 laudato
702 5505 799 5572 ibi,
840 5520 901 5559 ac
927 5505 1106 5559 denuo
1137 5503 1356 5559 honoris
1393 5515 1580 5556 caussa
1626 5499 1953 5558 nominando
1982 5501 2065 5558 Cl.
2097 5503 2158 5556 V.
2195 5503 2471 5558 Dominico
2511 5503 2725 5574 Ongaro
2766 5506 3210 5560 comtttuuicatus.
3243 5505 3358 5558 Non
3390 5515 3478 5562 est

200 5598 284 5655 ille
307 5599 530 5670 quidem
560 5607 657 5651 aut
685 5597 857 5652 aetatis
885 5595 1175 5651 admodum
1198 5594 1451 5663 antiqurr,
1484 5601 1537 5647 et
1561 5591 1626 5646 ad
1656 5591 1954 5646 faciendam
1985 5592 2132 5648 illico
2158 5593 2319 5648 ﬁdem
2349 5593 2574 5657 idonem,
2611 5605 2723 5662 aut,
2755 5596 2899 5664 quod
2930 5595 3099 5665 magis
3126 5593 3310 5658 refert,
3341 5599 3476 5656 satis

197 5694 381 5760 probae
406 5689 816 5747 emendationis
839 5700 895 5744 et
924 5696 1085 5746 notae.
1122 5686 1302 5742 Nihilo
1331 5686 1508 5742 secius
1542 5695 1646 5741 tam
1686 5685 1885 5756 profuit
1922 5687 2099 5754 nobis,
2127 5704 2285 5756 quam
2326 5691 2416 5760 qui
2451 5690 2669 5760 optimae
2700 5699 2842 5745 notae
2868 5699 3029 5758 atque
3064 5690 3477 5760 emendationis,

193 5787 366 5846 atatis
387 5786 523 5844 item
548 5780 931 5840 vetustissima:
953 5781 1141 5838 adesse
1173 5793 1408 5852 unquam
1434 5787 1680 5851 possunt.
1712 5781 1982 5852 Exceptus
2010 5795 2202 5852 nempe
2227 5790 2328 5850 est,
2356 5791 2413 5838 ut
2439 5784 2619 5839 multis
2641 5798 2697 5839 se
2727 5782 2939 5840 iudiciis
2970 5786 3168 5856 prodit,
3198 5803 3264 5844 ex
3291 5789 3467 5846 admo-
