4094 6344
571 344 643 401 63
2016 338 2403 398 ΡΒιΕΡΑτΙΟ.
3788 349 3853 409 σι

570 460 700 515 dum
729 458 923 525 veleri,
953 472 1127 529 eoque
1154 458 1224 515 de
1262 455 1597 528 Aquilejensi
1629 455 1920 526 tabulario,
1953 457 2043 511 ubi
2074 467 2128 513 et
2160 458 2391 527 primum
2433 459 2670 515 Auctore
2707 459 2774 516 ab
2805 459 2922 532 ipso
2947 463 3286 534 conscriptus
3315 472 3419 532 est,
3458 473 3513 521 et
3541 465 3594 520 in
3623 467 3852 536 patrium

574 555 738 609 veluti
763 569 982 609 censum
1006 554 1204 612 deinde
1235 554 1467 619 habitus,
1492 559 1815 621 curatusque
1837 561 1918 606 est
1948 550 2287 623 diligentius.
2321 551 2565 621 Denique
2586 554 2653 608 ab
2685 553 3004 623 Antiquario
3025 565 3282 626 exceptus
3305 566 3388 612 est
3410 559 3542 612 satis
3566 559 3843 626 imperito,

577 647 800 702 homine
828 656 1006 704 antem
1038 647 1259 702 minime
1289 647 1453 712 malo,
1484 644 1573 716 qui
1604 643 1801 715 saepius
1830 644 2044 715 quidem
2076 656 2292 697 errores
2319 642 2569 699 librarios
2596 652 2762 710 erret,
2793 656 2846 700 et
2876 647 2926 701 in
2957 657 3155 701 rectam
3185 647 3510 717 scripturam
3540 655 3753 714 peccet,
3785 647 3852 704 de

577 755 680 796 sua
718 749 898 796 autem
927 739 1060 796 nihil
1089 749 1182 795 aut
1213 739 1412 795 audere
1440 738 1588 806 velit,
1620 747 1712 794 aut
1741 738 1901 792 sciat.
1931 735 2090 791 Certe
2119 736 2184 789 ad
2217 734 2491 791 Lectionis
2518 737 2798 792 veritatem
2829 739 3187 810 indagandam
3215 739 3334 810 ipso
3362 739 3631 796 interdum
3662 755 3850 797 errare

572 848 673 888 suo
701 834 925 904 profuit,
965 833 1189 905 ejusque
1219 833 1425 888 monitu
1457 832 1636 902 potius
1664 846 1823 902 quam
1869 828 2044 900 jussu,
2090 828 2208 883 loca
2251 844 2351 885 nec
2396 830 2616 886 levioris
2647 832 2928 898 momenti,
2968 847 3069 888 nec
3111 848 3242 888 sane
3287 848 3454 902 pauca
3498 835 3850 891 restituimus.

575 925 825 996 Alioquin
855 925 944 981 ubi
974 924 1246 981 constanti
1269 933 1522 994 rectaque
1544 922 1807 993 scriptura
1832 922 1900 976 ab
1930 921 2212 990 impressis
2238 923 2410 977 variat
2439 924 2459 993 (
2486 925 2648 978 multa
2681 933 2860 979 autem
2895 924 3064 981 variat
3093 925 3112 996 )
3141 926 3301 982 fidem
3333 926 3576 982 adhiberi
3606 927 3711 982 sibi
3731 929 3852 997 jure

573 1017 770 1073 merito
815 1017 1007 1087 poscit,
1037 1024 1092 1072 et
1121 1016 1332 1099 veriora
1370 1014 1662 1069 admodum
1695 1013 1947 1084 proponi,
1990 1013 2105 1068 fere
2145 1022 2352 1069 certum
2389 1024 2491 1069 est.
2539 1014 2739 1072 Recole
2776 1017 2918 1087 quod
2956 1018 3205 1088 superius
3247 1018 3337 1074 tibi
3380 1019 3451 1074 de
3497 1019 3674 1074 ltulini
3709 1019 3850 1091 Vita,

571 1109 880 1181 exemplum
911 1108 1120 1165 edimus
1164 1123 1232 1165 ex
1278 1106 1536 1179 singulari
1569 1107 1688 1176 ejus
1717 1106 1949 1162 lectione
1979 1104 2136 1176 (Lib.
2173 1104 2261 1172 11,
2300 1122 2445 1161 num.
2490 1107 2557 1160 η
2583 1107 2602 1178 )
2630 1149 2644 1174 ,
2674 1125 2779 1181 qua
2824 1112 3022 1166 duobus
3065 1112 3214 1167 annis
3244 1112 3586 1169 A'exandriie
3615 1115 3853 1170 secundo

573 1213 938 1260 commoratus
966 1203 1256 1268 evincitur,
1287 1203 1375 1273 qui
1405 1201 1524 1256 dies
1567 1200 1640 1256 ibi
1668 1206 1876 1256 tantum
1906 1198 2112 1269 aliquot
2141 1197 2471 1266 substitisse,
2505 1199 2767 1257 hactenus
2794 1201 2972 1259 dictus
3011 1211 3116 1258 est.
3149 1203 3242 1258 llis
3273 1217 3432 1272 porro
3464 1203 3613 1259 libris
3653 1205 3854 1274 Apolo-

575 1298 790 1366 geticis,
827 1312 893 1352 eo
923 1297 1086 1353 etiam
1120 1297 1305 1352 lbello
1336 1310 1438 1350 una
1467 1304 1806 1364 computata,
1855 1308 2012 1363 quem
2045 1294 2263 1364 scripsit
2299 1293 2365 1348 ad
2399 1294 2762 1360 Anastasium,
2811 1306 2865 1352 et
2895 1312 3052 1368 quem
3086 1296 3273 1352 itidem
3308 1296 3373 1351 ad
3421 1296 3852 1354 Gnarner'anutn

569 1388 846 1460 exemplar
875 1388 1174 1459 exegimus,
1203 1390 1493 1460 multisque
1521 1389 1652 1444 locis
1683 1387 1912 1443 fecimus
1941 1387 2248 1456 meliorem,
2283 1387 2690 1446 Ruﬁnianarum
2721 1390 2981 1461 Operum,
3015 1407 3134 1463 qua:
3163 1393 3231 1448 de
3257 1406 3355 1448 suo
3385 1393 3502 1462 ipse
3528 1391 3769 1458 excudit,
3800 1399 3859 1447 et

571 1479 886 1551 primigenia
912 1479 1275 1548 nominamus,
1307 1480 1570 1537 Collectio
1595 1479 1772 1536 omnis
1802 1479 2124 1536 absolvitur.

652 1594 950 1650 Germanos
993 1595 1173 1650 Ruﬁni
1202 1596 1363 1653 fictus
1406 1596 1584 1666 proles
1612 1595 1954 1668 supposititia
1984 1595 2337 1666 consequitur
2365 1613 2378 1650 :
2410 1610 2518 1653 non
2546 1597 2635 1651 illa
2665 1596 2905 1666 quidem,
2953 1606 3009 1653 ut
3043 1595 3164 1654 aliis
3190 1599 3389 1669 passim
3421 1596 3697 1665 usuvenit,
3728 1612 3852 1652 ver-

573 1685 700 1740 ntlis
727 1688 1074 1751 conditionis,
1107 1697 1161 1744 et
1189 1702 1310 1759 qua:
1339 1687 1722 1757 Presbyterum
1753 1687 2150 1758 Aquilejensetn
2182 1688 2492 1758 dedecoret,
2528 1689 2622 1745 sed
2651 1705 2931 1762 generosae
2961 1690 3159 1746 indolis
3187 1701 3348 1762 atque
3389 1691 3610 1761 ingenii,
3646 1707 3771 1761 quae
3801 1701 3854 1746 et

569 1793 693 1834 cum
726 1779 973 1848 genuinis
1001 1789 1146 1836 stare
1175 1795 1274 1836 nec
1306 1779 1426 1835 sine
1451 1779 1713 1850 dignitate
1742 1779 1932 1848 possit.
1971 1779 2047 1833 Ex
2074 1778 2270 1834 ordine
2301 1780 2476 1836 locum
2511 1783 2742 1849 priorem
2775 1790 2923 1838 tenet
2953 1780 3361 1836 Commentarius
3389 1781 3442 1835 in
3481 1781 3856 1855 Septuaginta-

572 1873 795 1942 quinque
821 1873 1015 1942 priores
1049 1871 1309 1936 Psalmos,
1340 1870 1407 1925 de
1440 1885 1548 1941 quo
1575 1870 1791 1940 longum
1821 1877 1962 1925 esset
2010 1877 2103 1924 aut
2131 1884 2250 1938 quae
2283 1870 2582 1926 Fontanino
2605 1914 2620 1938 ,
2655 1881 2746 1927 aut
2775 1886 2893 1941 qua:
2928 1871 3082 1926 nobis
3113 1872 3274 1926 multa
3319 1873 3371 1926 in
3401 1871 3855 1929 Aduatationibus

567 1964 855 2021 observata
887 1977 1046 2035 sunt,
1080 1968 1186 2023 huc
1232 1968 1456 2024 referre.
1504 1969 1610 2024 Sed
1657 1971 1943 2023 Auctorem
1992 1967 2318 2037 investigare
2355 1965 2580 2036 Operis,
2630 1975 2685 2020 et
2723 1966 3062 2034 conjecturas
3093 1979 3394 2033 proponere
3424 1979 3556 2034 quas
3599 1965 3850 2032 iecimus,

567 2065 811 2125 praestat.
846 2057 901 2111 In
931 2074 1089 2128 quam
1123 2074 1239 2114 rem
1272 2069 1457 2114 natatu
1490 2059 1706 2130 dignum
1733 2073 1856 2114 cum
1883 2058 2091 2129 primis,
2121 2058 2264 2127 quod
2300 2059 2518 2113 natione
2543 2057 2755 2113 Gallum
2784 2072 2844 2113 se
2871 2072 2978 2112 non
3009 2057 3240 2112 obscuro
3270 2058 3472 2112 Auctor
3501 2057 3702 2112 indicio
3735 2074 3856 2128 pro-

568 2149 669 2204 dit.
714 2150 769 2205 ln
805 2151 1215 2209 Prtel'atinncula
1246 2153 1388 2208 enim
1419 2152 1484 2206 ad
1515 2151 1715 2208 Psalmi
1755 2150 1871 2206 XV.
1914 2150 2128 2206 titulum
2157 2151 2227 2206 de
2258 2151 2502 2206 A-rcubus
2528 2151 2775 2220 loquens,
2809 2166 2943 2221 quos
2973 2150 3277 2222 antiquitus,
3311 2150 3406 2219 ait,
3438 2158 3646 2220 quando
3668 2151 3856 2220 aliquis

564 2245 632 2299 de
659 2245 803 2298 hoste
822 2260 915 2298 suo
945 2245 1262 2314 triumphum
1289 2245 1530 2314 habebat,
1555 2244 1774 2314 faciebat
1796 2244 1892 2298 sibi
1915 2244 2160 2306 construi,
2191 2258 2296 2298 non
2326 2244 2461 2298 alios
2493 2253 2779 2307 memorat,
2810 2259 2966 2314 quam
2997 2245 3400 2308 Arausiensem,
3429 2259 3588 2314 quem
3619 2245 3691 2299 ob
3716 2259 3853 2299 ocu-

565 2335 650 2391 los
703 2337 948 2403 fortasse,
985 2349 1077 2394 aut
1100 2349 1248 2395 certe
1280 2353 1383 2393 non
1423 2337 1581 2406 longe
1627 2336 1858 2405 positum
1905 2334 2108 2389 habuit.
2147 2335 2315 2400 Unde,
2367 2335 2565 2399 subdit,
2617 2336 2880 2390 Arausica:
2917 2337 2968 2389 in
3001 2352 3128 2389 arcu
3169 2335 3474 2405 triumphali
3531 2335 3857 2390 Massilieuse

573 2427 760 2482 bellum
792 2429 1052 2500 scalptum
1078 2427 1294 2482 habetur
1325 2428 1385 2482 ob
1416 2431 1619 2498 signum
1649 2428 1875 2481 victoria:
1903 2425 2143 2482 Cwsaris.
2180 2427 2491 2482 Arausicam
2535 2443 2640 2482 non
2673 2428 2831 2481 aliam
2876 2427 3138 2498 intelligo,
3171 2442 3329 2496 quam
3361 2443 3482 2499 quae
3514 2428 3758 2496 Arausia,
3798 2435 3856 2482 et

570 2519 920 2586 Arausiensfs,
963 2529 1017 2575 et
1047 2521 1412 2575 Arausicorum
1437 2520 1625 2575 civitas
1656 2519 1798 2575 dicta
1834 2530 1936 2585 est,
1971 2534 2112 2574 nunc
2146 2518 2375 2589 Oranges
2405 2517 2547 2573 Galli
2578 2527 2791 2572 vocant.
2819 2519 2872 2572 Id
2913 2518 3086 2588 ipsum
3129 2520 3232 2573 alia
3264 2519 3637 2588 comprobabit
3675 2519 3851 2574 anim-

575 2609 849 2666 adversio.
900 2610 1104 2668 Auctor
1149 2627 1270 2666 cum
1319 2612 1513 2667 bonam
1541 2610 1928 2667 Commentarii
1973 2612 2056 2666 sui
2086 2621 2291 2681 partem
2323 2627 2387 2666 ex
2420 2613 2718 2680 Augustino
2749 2611 2972 2667 tatidem
3003 2626 3146 2682 serpe
3176 2612 3352 2667 verbis
3395 2611 3690 2678 describat,
3747 2629 3856 2670 non

565 2716 686 2758 eam
716 2709 916 2769 tamen,
948 2718 1051 2773 qua
1081 2719 1213 2759 usus
1244 2703 1332 2759 ille
1358 2715 1464 2769 est,
1497 2705 1789 2775 Scriptum
1813 2704 1995 2760 Sacra:
2029 2705 2332 2760 versionem
2367 2714 2622 2772 usurpat,
2655 2705 2750 2761 sed
2786 2704 3088 2775 Vulgatam,
3120 2722 3238 2776 qua:
3273 2707 3528 2763 nimirum
3569 2707 3856 2765 Gallicana

564 2793 738 2858 audit,
767 2804 821 2851 et
848 2795 916 2851 ab
937 2795 1054 2864 ejus
1088 2796 1353 2851 Ecclesiae
1387 2810 1482 2852 usu
1514 2811 1709 2852 nomen
1738 2796 1966 2866 accepit.
1993 2795 2133 2852 Loca
2164 2796 2326 2850 nimis
2357 2797 2523 2851 multa
2553 2805 2700 2860 sunt,
2733 2806 2786 2853 et
2811 2811 3140 2870 unoquoque
3170 2799 3559 2868 propemodum
3595 2799 3855 2856 Tractatu

564 2886 748 2953 obvia,
781 2896 838 2942 ut
877 2889 1108 2959 proferri
1142 2904 1286 2944 nunc
1311 2889 1377 2943 ad
1423 2890 1724 2946 faciendum
1757 2891 1835 2945 rei
1876 2891 2171 2959 periculum
2211 2890 2463 2947 debeant.
2499 2893 2574 2947 Ea
2608 2908 2704 2948 nos
2735 2893 2836 2948 sub
2879 2893 3088 2948 initium
3118 2893 3332 2959 Operis,
3367 2903 3423 2947 et
3451 2894 3541 2949 ubi
3573 2894 3855 2966 longiores

564 2978 792 3035 lacinias
823 2981 876 3035 in
905 2997 999 3036 sua
1033 2983 1312 3051 transfert,
1357 2982 1614 3040 adnotata
1646 2986 1928 3056 Augustini
1957 2987 2197 3051 nomine,
2231 2987 2503 3042 innuimus
2535 3004 2548 3039 :
2581 2986 2922 3056 postmodum
2965 2986 3252 3058 adscriptis
3292 2987 3574 3044 dumtaxat
3599 2989 3854 3060 virgulis,

564 3090 688 3132 eam
717 3077 1022 3147 pericopem
1054 3078 1238 3134 abillo
1259 3078 1654 3136 declaravimus
1679 3090 1998 3136 mutuatam.
2047 3080 2332 3152 Conjicere
2360 3094 2444 3140 est
2467 3083 2651 3153 itaque
2670 3083 2856 3139 oculos
2884 3083 2937 3137 in
2971 3083 3189 3149 librum,
3222 3092 3276 3139 et
3307 3083 3491 3140 mirari
3516 3084 3856 3155 decerptaris

564 3166 854 3236 ingenium,
889 3168 978 3238 qui
1004 3176 1108 3221 tam
1140 3167 1244 3223 sibi
1269 3169 1516 3239 religioni
1540 3171 1709 3237 ducit,
1733 3185 1764 3226 a
1785 3171 2039 3241 Vulgata,
2074 3171 2380 3238 Gallicana,
2413 3174 2650 3244 inquam,
2684 3173 2959 3242 Scriptura
2985 3175 3260 3242 recedere,
3285 3184 3344 3230 ut
3370 3175 3604 3247 ineptire
3634 3175 3854 3240 alicubi,

563 3269 620 3317 et
650 3275 678 3314 a
707 3263 986 3331 proposito
1015 3261 1064 3315 in
1096 3259 1306 3317 diversa
1337 3263 1484 3317 abire
1516 3269 1737 3319 coactus
1767 3262 1858 3318 sit.
1887 3264 2063 3330 Quum
2093 3265 2236 3319 enim
2268 3265 2605 3335 Augustinus
2645 3264 2920 3321 Versianis
2948 3280 3052 3334 qua
3084 3266 3254 3320 utitur
3285 3267 3461 3322 verbis
3490 3267 3732 3336 pressius
3753 3281 3855 3321 ex-

563 3353 868 3423 planatione
896 3367 990 3408 sua
1013 3353 1275 3421 adhaeret,
1308 3353 1503 3410 Noster
1532 3369 1651 3410 eam
1685 3354 2126 3424 explanationem
2150 3355 2482 3422 describens,
2516 3357 2655 3412 male
2684 3372 2805 3412 cum
2833 3357 3063 3432 lectione
3092 3355 3368 3416 Versianis
3391 3375 3502 3416 suae
3531 3369 3706 3432 aptat,
3736 3370 3790 3416 et
3815 3374 3852 3414 a

563 3461 728 3516 scopo
757 3447 992 3502 aberrat.
1041 3445 1156 3501 Non
1185 3461 1318 3518 ergo
1344 3457 1551 3505 temere
1581 3447 1705 3504 hinc
1733 3449 1894 3505 etiam
1939 3463 2131 3521 arguas
2152 3490 2169 3517 ,
2202 3450 2366 3504 fuisse
2395 3464 2460 3505 ex
2493 3448 2784 3504 Galliarum
2831 3451 3065 3507 Ecclesia
3111 3451 3409 3520 hominem,
3461 3452 3554 3521 qui
3610 3453 3846 3509 minime

567 3541 733 3596 licere
751 3549 960 3611 putaret
985 3540 1109 3609 sibi,
1132 3542 1237 3597 alio
1264 3557 1422 3612 quam
1443 3541 1716 3599 Gallicana
1742 3542 1976 3612 Circulo,
2007 3553 2066 3599 ut
2082 3552 2298 3613 vocant,
2330 3557 2541 3614 recepta
2572 3544 2776 3599 scilicet
2805 3543 2943 3611 apud
2963 3557 3090 3599 suos
3109 3542 3726 3600 PsalmorumVersione
3750 3545 3855 3602 uti.

637 3655 805 3709 Porro
834 3655 1110 3710 Monachis
1153 3655 1291 3710 hanc
1339 3656 1583 3712 Psalterii
1626 3657 1949 3728 explanandi
1991 3673 2213 3729 operam
2262 3656 2625 3726 impendisse,
2677 3666 2836 3725 atque
2883 3654 3136 3710 habuisse
3177 3655 3231 3709 in
3282 3654 3529 3710 Fratrum
3581 3666 3854 3712 conventu

571 3762 889 3812 sermones,
918 3748 1148 3803 videtur.
1183 3748 1443 3803 Nimirum
1477 3749 1693 3805 Fratres
1745 3751 2012 3807 interdum
2061 3748 2385 3818 compellat,
2420 3748 2592 3818 deque
2630 3748 2827 3802 muniis
2873 3745 3254 3800 Monachorum
3303 3745 3560 3816 loquitur.
3603 3747 3658 3801 In
3696 3748 3853 3803 Psal-

566 3855 711 3894 mum
743 3840 882 3906 XLI,
911 3855 1052 3897 vers.
1081 3842 1176 3895 l0:
1206 3840 1399 3913 Magna
1429 3842 1571 3897 nobis
1597 3844 1810 3912 ﬁducia,
1841 3841 2070 3908 Fratres,
2095 3844 2215 3913 quia
2240 3852 2503 3911 susceptor
2534 3851 2695 3894 noster
2729 3830 2800 3894 est
2830 3839 2989 3894 Deus.
3025 3841 3088 3895 Et
3120 3842 3366 3911 proxime
3409 3842 3740 3911 praecedenti
3775 3841 3845 3896 ad

568 3926 713 3990 vers.
746 3935 799 3991 8.
831 3938 898 3990 de
923 3949 1108 3991 eorum
1141 3936 1303 3999 vitiis,
1335 3935 1668 4007 Hypocrita',
1701 3938 2025 3991 simulatores
2052 3935 2208 4002 mali,
2238 3935 2574 4007 adjttttgentes
2606 3949 2659 3986 se
2688 3933 2810 4001 ﬁcta
2846 3933 3125 3986 caritate...
3155 3931 3306 3986 Tales
3332 3933 3481 3986 multi
3520 3933 3853 3987 inveniuntur

567 4030 707 4083 intra
751 4029 1043 4084 societatem
1081 4026 1349 4096 Fratrum,
1373 4039 1479 4085 etc.
1514 4029 1578 4084 Et
1626 4029 1784 4100 paulo
1835 4039 1991 4098 post,
2031 4028 2121 4081 Vis
2161 4028 2292 4080 scire
2335 4028 2398 4080 de
2440 4024 2630 4079 Fratre
2665 4027 2817 4095 quale
2856 4041 2942 4078 cor
2978 4027 3164 4079 habet?
3189 4026 3410 4079 Attende
3441 4027 3579 4080 unde
3601 4026 3853 4080 libentius

567 4124 826 4194 loquatur,
854 4137 950 4184 (ιε.
984 4126 1141 4190 Ttttn,
1163 4127 1520 4182 Custodiamus
1541 4167 1557 4192 ,
1591 4125 1800 4179 Fratres
1818 4167 1832 4190 ,
1857 4124 2122 4182 introitum
2144 4134 2399 4186 nostrum,
2424 4137 2721 4174 "uincamus
2749 4121 2907 4185 intus,
2923 4130 3076 4175 etc...
3099 4125 3306 4172 notatur
3328 4119 3530 4189 vagatio
3553 4121 3848 4187 oculorum,

565 4226 614 4270 et
656 4218 961 4284 curiositas,
1011 4218 1147 4288 quod
1190 4217 1370 4272 vitium
1411 4216 1728 4272 vehementer
1764 4217 1890 4270 solet
1939 4232 2115 4270 nocere
2158 4212 2444 4268 Conversis.
2497 4213 2767 4282 Denique,
2799 4212 2930 4266 Πανί
2979 4211 3078 4264 tria
3117 4214 3292 4265 studia
3327 4221 3445 4265 sunt
3479 4214 3764 4268 otiosorum
3798 4217 3850 4270 in

564 4311 824 4379 Claustra,
858 4314 1059 4384 vagatio
1091 4314 1389 4376 oculorum,
1420 4313 1744 4382 superﬂuitas
1776 4311 2074 4375 verborum,
2115 4309 2420 4378 perversitas
2448 4307 2836 4378 cogitationum.
2893 4303 3017 4358 Ilaec
3058 4305 3160 4358 tria
3195 4305 3319 4359 vitia
3347 4306 3560 4373 ejiciuttt
3604 4305 3845 4364 Fratrem

563 4407 628 4460 de
654 4404 913 4460 Claustra.
945 4405 1082 4474 Quin
1116 4406 1406 4475 ipsummet
1434 4407 1596 4460 vitam
1626 4403 1802 4473 egisse
1828 4418 1949 4457 cum
1980 4402 2257 4456 Monacltis
2283 4400 2533 4455 dubitare
2561 4414 2665 4454 non
2688 4399 2816 4454 sinit
2845 4399 2993 4454 locus
3026 4400 3076 4453 in
3111 4399 3250 4454 Psal.
3287 4398 3447 4454 XLV.
3475 4416 3624 4455 num.
3659 4401 3701 4456 Il
3729 4423 3741 4456 :
3769 4407 3850 4459 Ad

564 4497 661 4550 hcc
689 4498 806 4566 jam
835 4497 1134 4568 reliquimus
1161 4497 1526 4566 impedimenta
1563 4495 1738 4548 mundi
1755 4540 1768 4562 ,
1795 4504 1838 4546 et
1863 4510 2012 4547 curas
2037 4493 2211 4548 surculi
2230 4533 2245 4557 ,
2275 4505 2425 4562 atque
2458 4492 2526 4545 ad
2559 4509 2872 4548 uomsrsntt
2905 4495 3209 4548 accessimus
3240 4503 3521 4559 secretum,
3551 4503 3608 4547 ut
3639 4496 3851 4551 liberius

569 4604 750 4641 vacare
781 4589 1032 4657 possimus
1063 4587 1192 4642 Deo.
1225 4588 1292 4640 Et
1313 4587 1411 4640 sub
1444 4587 1637 4650 linem,
1668 4600 1854 4638 eorum
1882 4601 2091 4655 quoque
2109 4585 2308 4648 Cboro,
2344 4592 2404 4636 ut
2426 4593 2644 4649 vocant,
2672 4585 2788 4639 sive
2813 4584 3120 4639 canentium
3150 4583 3472 4639 stationibus
3501 4585 3847 4644 interfuisse:

565 4681 631 4736 In
658 4683 752 4735 hoc
784 4679 1017 4743 Psalmo,
1042 4698 1188 4748 quem
1219 4689 1480 4734 cantatum
1500 4679 1816 4746 audit-imus,
1845 4680 1930 4730 cui
1959 4679 2212 4733 cantando
2239 4680 2620 4747 respondimus,
2649 4689 2696 4735 et
2727 4694 2901 4733 sumus
2923 4679 3116 4732 dicturi
3143 4694 3258 4748 qua:
3293 4681 3477 4735 nostis.
3526 4681 3660 4736 Num
3692 4681 3851 4750 igitur

566 4773 883 4830 Monachum
910 4772 1099 4843 agebat
1130 4773 1274 4841 ipse,
1306 4771 1478 4838 deque
1520 4786 1708 4823 eorum
1753 4785 1976 4822 numera
2009 4786 2145 4823 unus
2184 4781 2299 4824 crat
2328 4771 2640 4827 Monasticze
2673 4772 2796 4826 vit:e
2829 4772 3094 4825 institutis
3120 4771 3389 4825 devotus?
3412 4771 3599 4827 Nullus
3629 4759 3866 4830 videtur.

563 4865 842 4923 dubitandi
872 4865 1043 4929 locus,
1070 4864 1164 4920 sed
1191 4864 1262 4916 ita
1295 4873 1493 4927 tamen,
1524 4874 1578 4915 ιιι
1609 4871 1751 4915 esset
1775 4871 2030 4929 prieterea
2056 4862 2360 4932 Presbyteri
2393 4861 2653 4932 dignitate
2675 4863 2992 4933 insignitus;
3023 4878 3144 4916 nam
3176 4862 3317 4930 quod
3343 4863 3470 4917 olim
3497 4865 3845 4923 interdictum

561 4969 666 5025 est,
691 4969 744 5016 et
773 4958 832 5014 S.
866 4958 974 5014 Leo
1005 4956 1149 5011 cavit
1177 4954 1348 5023 Epist.
1380 4954 1444 5006 ad
1475 4953 1760 5007 Maximum
1797 4952 2187 5007 Antiocltenum
2210 4993 2226 5018 ,
2266 4951 2464 5008 Prteter
2497 4970 2614 5020 eos,
2639 4954 2726 5023 qui
2766 4964 2885 5009 sunt
2926 4954 3137 5008 Domini
3167 4955 3470 5010 Sacerdotes
3490 4998 3505 5024 ,
3537 4958 3716 5014 nullus
3746 4961 3843 5014 sibi

556 5058 648 5127 jus
679 5054 897 5108 docendi
923 5062 970 5108 et
1001 5049 1321 5121 prardirandi
1359 5050 1521 5115 potuit
1555 5049 1844 5114 rendicare,
1879 5050 1982 5103 sive
2002 5049 2090 5102 ille
2114 5049 2427 5116 Monachus,
2449 5051 2554 5106 sive
2583 5050 2771 5104 Laicus
2793 5060 2949 5116 esset,
2983 5051 3070 5119 qui
3107 5051 3335 5104 scientia:
3370 5051 3598 5123 alicujus
3638 5056 3845 5109 nomine

563 5147 930 5218 gloriarentur.
977 5145 1146 5199 Erant
1192 5143 1394 5197 idcirco
1427 5143 1718 5209 antiquitus
1759 5143 1809 5198 in
1844 5144 2181 5197 Monasteriis
2207 5185 2222 5209 ,
2261 5144 2437 5214 deque
2482 5144 2613 5214 ipsis
2657 5145 2933 5200 Monacltis
2975 5143 3280 5213 Presbyteri
3311 5159 3453 5198 unus
3482 5155 3536 5200 et
3566 5146 3723 5213 alter,
3757 5157 3849 5202 aut

565 5243 752 5313 plures
779 5241 868 5310 qui
905 5238 1148 5293 Doctoris
1179 5251 1402 5292 munere
1427 5236 1776 5307 fungerentur
1804 5237 1950 5308 (Pal.
1987 5236 2141 5292 Laus.
2168 5255 2284 5309 cap.
2310 5239 2434 5294 “8.
2460 5237 2637 5293 Contr.
2670 5237 2759 5292 lo.
2799 5236 3074 5303 Jerosol.).
3114 5236 3360 5304 Quinque
3405 5236 3462 5292 S.
3483 5237 3844 5309 lliemnymus

565 5341 831 5388 memorat
863 5333 913 5385 in
945 5345 1074 5393 sua,
1107 5329 1248 5399 quod
1276 5329 1466 5384 CCCC.
1499 5331 1774 5386 Fratribus
1804 5341 2082 5386 constasse
2112 5333 2461 5400 intelligimus
2494 5351 2508 5386 :
2541 5334 2921 5405 Presbyterum
2956 5349 3084 5386 vero
3108 5333 3283 5396 tribui,
3314 5343 3361 5387 et
3391 5331 3711 5387 Monachum
3734 5351 3837 5388 non

564 5426 780 5493 auferri,
816 5423 1060 5492 ejusdem
1090 5420 1149 5476 S.
1177 5421 1350 5477 Patris
1373 5423 1622 5492 exemplo
1645 5423 1924 5478 discimus.
1952 5424 2078 5478 Erat
2108 5426 2287 5492 itaque
2316 5424 2698 5480 Commentarii
2727 5424 2885 5493 hujus
2915 5423 3119 5477 Auctor
3145 5432 3197 5477 et
3221 5426 3438 5477 natione
3466 5422 3674 5491 Gallus,
3705 5434 3761 5480 et
3791 5424 3842 5480 in

564 5514 890 5571 Muttasterio
930 5513 1216 5583 Presbyter
1243 5531 1254 5566 :
1286 5522 1340 5567 et
1379 5513 1518 5580 quod
1562 5529 1627 5570 ex
1662 5515 1760 5569 hac
1795 5515 1913 5584 ejus
1939 5514 2348 5570 elucubratione
2371 5515 2715 5571 manifestum
2747 5527 2862 5579 est,
2893 5529 2999 5568 non
3030 5512 3367 5581 ineruditus,
3393 5530 3492 5569 nec
3518 5514 3717 5572 leviter
3747 5532 3842 5572 usu

564 5618 838 5662 sacrarum
871 5602 1168 5658 Literarum
1190 5603 1532 5658 exercitatus.

641 5698 774 5752 Vide
811 5713 988 5764 nunc,
1037 5700 1276 5768 possitne
1321 5699 1410 5756 ille
1445 5698 1618 5757 videri
1663 5700 1980 5758 Vincentius
2019 5701 2327 5772 Presbyter,
2354 5716 2513 5770 quem
2543 5698 2855 5756 Gennadius
2883 5713 3002 5767 cap.
3034 5698 3247 5753 LXXX.
3286 5697 3493 5756 laudat.
3544 5699 3844 5757 Vincentius

568 5788 846 5862 Presbyter
875 5801 925 5848 et
953 5791 1062 5864 ipse
1089 5792 1293 5849 natione
1323 5792 1538 5864 Gallus,
1568 5796 1696 5875 etin
1727 5795 1912 5852 divinis
1945 5795 2230 5865 Scriptutis
2270 5795 2579 5850 exercitatus
2598 5832 2612 5861 ,
2648 5792 2880 5865 linguam
2916 5791 3107 5849 habens
3135 5807 3230 5850 usu
3259 5792 3532 5866 loquendi,
3565 5805 3615 5853 et
3651 5799 3843 5870 majore
