4094 6344
225 363 301 418 -85
1682 343 2062 403 ΡΠᾹΞῈᾹΤΙΟ.
3454 334 3523 387 66

240 475 454 530 lectione
481 471 731 543 politam,
757 475 1118 526 commentatus
1137 475 1220 521 est
1244 465 1303 519 in
1332 461 1601 518 Psalmos.
1640 461 1805 535 Cujus
1839 461 2025 533 Operis
2057 458 2180 530 legit
2219 457 2400 528 aliqua
2439 455 2635 510 homini
2679 452 2776 508 Dei
2810 451 3056 510 Cannatee
3078 493 3093 519 ,
3130 468 3211 506 nte
3247 450 3526 543 audiente,

243 567 536 638 promittens
565 565 751 631 simul,
787 564 831 616 si
855 560 1104 616 Dominus
1137 559 1296 613 vitam
1334 567 1384 611 et
1417 557 1549 611 uires
1589 557 1768 619 daret,
1799 571 1853 610 se
1886 555 1942 607 in
1975 560 2080 606 toto
2111 548 2370 605 Psalterio
2401 547 2577 601 eodem
2614 547 2784 602 studio
2814 547 3187 600 laboraturum.
3214 545 3353 599 Sane
3385 542 3525 638 quod

243 635 624 727 l’resb-yterum
654 655 949 718 duntaxat,
985 666 1090 707 non
1118 659 1172 705 et
1196 649 1515 705 Monachum
1542 654 1735 710 vocat,
1766 646 1859 700 illa
1889 653 1974 699 est
2003 642 2161 697 unice
2189 641 2258 695 de
2282 655 2473 695 eorum
2503 643 2743 694 maxime
2774 646 3077 706 temporum
3101 635 3520 698 consuetudine,

245 749 458 803 honoris
485 760 681 802 caussa
710 743 996 815 appellatio
1025 760 1039 795 :
1068 753 1355 807 caeterum,
1392 747 1448 794 ut
1467 737 1536 793 de
1563 735 1948 792 Monachorum
1995 743 2140 788 cmtu
2193 731 2363 785 fuisse
2414 730 2719 799 intelligas,
2773 728 2900 784 facit
2936 727 3224 793 Cannatre,
3256 727 3536 797 ipsiusque

242 838 534 904 Gennadii,
565 837 657 907 qui
685 852 755 892 eo
787 833 1122 890 familiariter
1150 833 1233 887 usi
1263 839 1425 893 sunt,
1457 828 1844 883 Monachorum
1876 824 2100 879 mentio.
2125 821 2326 876 Eadem
2354 820 2470 874 haec
2496 821 2655 884 facit,
2681 829 2737 874 ut
2765 833 2872 874 non
2906 819 3066 891 longe
3100 821 3329 889 positum
3365 820 3536 874 fuisse

251 949 365 990 eum
393 930 685 1000 conjicias,
709 926 974 998 siquidem
1015 935 1069 980 et
1103 932 1350 979 versatus
1387 931 1471 978 est
1507 919 1648 988 apud
1679 933 1776 973 eos
1803 915 2132 986 aliquando,
2171 922 2229 969 et
2265 914 2513 968 meminit
2556 914 2671 982 ipse
2703 913 2952 968 Massilia:
2981 922 3142 983 atque
3170 913 3524 970 Arausiorum

250 1024 508 1079 civitatum
529 1059 544 1084 ,
581 1019 742 1074 facile
771 1028 828 1072 ut
853 1017 1019 1072 videri
1051 1018 1220 1086 possit
1264 1029 1330 1070 ex
1370 1011 1654 1068 Provincia
1674 1050 1690 1074 ,
1723 1010 1842 1065 sive
1869 1007 2212 1065 Narbonensi
2243 1006 2436 1062 Gallia.
2463 1006 2673 1062 Cretera
2718 1007 2884 1077 probe
2915 1007 3091 1063 adhuc
3127 1009 3297 1079 magis
3325 1022 3526 1064 convc-

253 1115 418 1177 niunt,
448 1122 501 1166 et
526 1110 835 1180 praesertim
877 1108 1016 1178 quod
1058 1105 1389 1176 imperfecti,
1419 1106 1534 1157 sive
1575 1101 1860 1165 nondum,
1910 1109 1967 1155 et
2003 1101 2056 1154 in
2102 1113 2294 1154 omnes
2335 1099 2583 1154 Psalmos
2629 1099 2864 1154 absoluti
2908 1100 3293 1155 Commentarii
3325 1103 3528 1155 Auctor

257 1205 587 1274 perhibetur:
616 1203 805 1259 Nostri
827 1204 968 1259 enim
1009 1204 1161 1257 labor
1199 1201 1485 1256 dimidium
1527 1207 1612 1252 est
1649 1194 1880 1266 Operis,
1911 1196 2060 1252 solos
2104 1196 2305 1266 quippe
2345 1195 2552 1265 priores
2601 1194 2844 1249 Psalmos
2891 1194 3104 1249 LXXV.
3166 1195 3527 1264 explicatione

250 1295 630 1366 complectitur.
665 1295 909 1365 Denique
934 1303 987 1349 et
1011 1293 1269 1361 temporis
1295 1292 1430 1346 ratio
1451 1287 1708 1345 convenit
1726 1327 1742 1351 ,
1772 1287 2043 1354 siquidem
2067 1285 2480 1343 Gennadianutn
2505 1284 2848 1339 Vincentium
2878 1284 3194 1340 inclaruisse
3223 1301 3366 1340 anno
3396 1285 3526 1342 480.

256 1394 567 1454 compertum
599 1384 871 1440 habemus
903 1383 1062 1455 (alius
1089 1384 1234 1438 enim
1266 1383 1334 1436 ab
1365 1396 1432 1437 eo
1460 1389 1576 1445 est,
1603 1378 1760 1450 cujus
1791 1379 2132 1450 objectiones
2157 1377 2540 1432 Vincentiaoas
2583 1377 2641 1434 S.
2677 1377 2910 1444 Prosper
2947 1377 3274 1446 confutavit)
3303 1386 3358 1434 et
3393 1380 3528 1433 Nos-

267 1488 391 1531 trum
418 1492 508 1546 per
536 1476 586 1532 id
615 1477 788 1531 ferme
816 1475 1076 1546 temporis
1103 1475 1344 1530 animum
1373 1473 1646 1543 adpulisse
1677 1471 1743 1526 ad
1767 1469 2115 1526 scribendum
2137 1509 2153 1536 ,
2181 1482 2510 1539 quamquam
2542 1478 2696 1522 certo
2726 1466 3000 1523 afﬁrmare
3027 1484 3136 1523 non
3167 1467 3326 1534 licet,
3363 1472 3530 1525 multa

262 1568 602 1635 subindicant,
632 1583 754 1637 quae
789 1577 898 1622 toto
928 1565 1074 1620 Libri
1103 1575 1359 1621 contextu
1381 1565 1751 1620 continentur.
1781 1561 1897 1616 Non
1923 1562 2259 1630 aliusitaque
2281 1559 2476 1614 Noster
2497 1558 2566 1612 ab
2587 1572 2654 1613 eo
2679 1559 2896 1612 videtur
2920 1573 2936 1612 :
2966 1559 3108 1629 quod
3141 1560 3184 1614 si
3212 1575 3528 1629 persuasum

279 1663 449 1727 habes,
477 1677 626 1718 verus
660 1662 898 1732 denique
927 1661 1086 1732 hujus
1108 1659 1498 1716 Commentarii
1518 1700 1534 1723 ,
1569 1673 1730 1727 quem
1761 1667 1974 1712 veteres
1996 1658 2202 1712 chartae
2233 1654 2450 1720 Rufino,
2475 1653 2812 1708 recentiores
2843 1652 3032 1709 Critici
3064 1654 3276 1708 incerto
3309 1655 3534 1712 Auctori

279 1759 638 1828 adscripserunt
664 1799 682 1825 ,
722 1759 1048 1814 Vincentius
1079 1758 1184 1814 iste
1205 1759 1406 1812 Auctor
1432 1764 1535 1811 est.
1570 1754 1686 1810 lam
1718 1767 1850 1808 vero
1878 1769 2038 1822 quam
2068 1755 2118 1807 in
2157 1753 2250 1806 illo
2282 1749 2609 1820 expoliendo
2640 1764 2859 1818 operam
2893 1750 3304 1815 collocavimus,
3341 1750 3522 1804 malim

272 1866 330 1906 ex
358 1850 790 1905 Adnotationibus
817 1851 1018 1904 nostris
1050 1849 1340 1919 intelligas.
1372 1847 1545 1903 Unum
1581 1843 1874 1915 praefabor,
1911 1861 1995 1900 me
2023 1861 2190 1914 quum
2219 1860 2324 1913 ope
2351 1841 2726 1914 Augustiniani
2755 1839 3144 1897 Commentarii
3174 1859 3238 1898 ex
3271 1844 3536 1901 Benedic-

261 1943 476 1998 tinorum
523 1940 779 1996 Editione
827 1941 993 1996 multa
1025 1941 1097 1995 ab
1134 1939 1238 1995 hoc
1275 1938 1474 1995 Nostro
1522 1937 1716 1993 menda
1760 1936 2106 2002 sustulerim,
2147 1953 2254 1991 non
2293 1950 2460 2007 pauca
2500 1931 2730 1988 invicem
2779 1932 2940 2002 hujus
2981 1948 3084 2002 ope
3123 1934 3177 1988 in
3229 1937 3532 2006 Augustino

264 2039 585 2105 emendasse,
612 2055 739 2110 quae
769 2045 872 2094 τῶν
902 2058 1035 2091 nam
1070 2035 1348 2089 Editornm
1379 2033 1710 2102 diligentiam
1741 2037 2067 2105 emtgerunt.

321 2128 462 2184 Alter
487 2140 567 2185 est
615 2130 673 2185 in
715 2139 828 2184 tres
871 2132 1108 2182 minores
1150 2125 1448 2195 Prophetas
1484 2125 1696 2192 Oscam,
1729 2127 1927 2181 Joelem
1965 2137 2009 2181 et
2051 2127 2292 2179 Amosum
2330 2124 2768 2191 Commentarios;
2814 2126 2909 2180 sed
2951 2125 3105 2195 cujus
3154 2135 3530 2188 tnternoscere

257 2220 550 2288 Auctorem,
583 2223 751 2291 longe
775 2223 846 2278 sit
875 2220 1174 2276 difficilius.
1200 2218 1307 2273 Cur
1335 2219 1556 2274 minime
1589 2219 1814 2274 Ruﬁnus
1845 2219 1936 2274 ille
1967 2219 2059 2282 sit,
2089 2227 2145 2273 et
2174 2218 2351 2273 sciunt
2384 2216 2700 2285 jamdudum
2733 2217 2925 2272 eruditi
2953 2233 3176 2273 caussas
3198 2260 3212 2283 ,
3243 2228 3295 2278 et
3322 2219 3528 2273 Fonta-

257 2315 399 2372 ninus
418 2318 624 2388 profert
650 2319 789 2373 satis
821 2319 1031 2373 bonas:
1065 2316 1260 2387 quibus
1299 2315 1375 2381 si,
1423 2322 1484 2369 ut
1529 2324 1676 2370 esset
1717 2315 1934 2385 quidem
1982 2316 2034 2368 in
2084 2324 2295 2384 promtu
2317 2355 2331 2378 ,
2367 2314 2526 2370 latius
2555 2313 2921 2369 edisserendis
2951 2315 3325 2382 immorcmur,
3355 2325 3536 2373 actum

249 2423 398 2478 agere
423 2410 726 2469 videamur.
758 2409 903 2466 Satis
932 2408 1037 2465 erit
1067 2407 1281 2477 itaque,
1307 2405 1451 2477 quod
1476 2407 1596 2460 aliis
1623 2406 1942 2463 intentatum
1973 2414 2086 2470 est,
2121 2405 2239 2475 quis
2268 2420 2394 2462 vere
2427 2401 2810 2460 Commentarii
2847 2408 3048 2461 Auctor
3077 2406 3266 2473 fuerit,
3299 2407 3532 2479 diligen-

257 2498 351 2557 tius
377 2501 706 2573 investigare
726 2542 743 2567 ,
767 2512 821 2557 et
849 2499 1034 2558 conari
1071 2497 1347 2570 pr0prium
1373 2496 1491 2567 ejus
1523 2511 1719 2554 nomen
1762 2496 2137 2568 fortunamque
2164 2495 2597 2566 deprehendere.
2625 2495 2828 2568 Quibus
2850 2507 3030 2552 autem
3073 2496 3126 2554 id
3153 2501 3371 2570 assequi
3397 2502 3539 2558 notis

251 2596 444 2667 possit,
470 2599 852 2668 experiamur.

319 2690 490 2748 Primo
524 2706 788 2762 magnum
823 2689 1208 2759 Hieronymum
1241 2689 1441 2744 Auctor
1474 2690 1614 2746 male
1644 2690 1836 2756 habet,
1865 2705 2032 2761 seque
2062 2689 2179 2760 ejus
2206 2689 2478 2746 laboribus
2531 2688 2850 2760 iniquiorem
2885 2690 3126 2759 praebet:
3159 2707 3277 2763 qurc
3312 2691 3545 2750 halluci-

255 2784 475 2842 nationis
513 2785 650 2842 olim
695 2785 915 2840 occasio
965 2781 1101 2849 fuit,
1135 2790 1193 2836 ut
1218 2797 1313 2850 pro
1344 2781 1537 2836 Ruﬁno
1585 2783 1892 2838 haberetur.
1941 2785 1996 2838 ln
2047 2784 2367 2838 Praefatione
2412 2798 2533 2837 eum
2583 2784 2691 2850 ait,
2743 2784 2794 2840 in
2839 2782 3258 2840 Commentariis
3307 2787 3423 2842 suis
3475 2788 3540 2842 de

254 2880 584 2950 perquirenda
614 2877 1006 2945 consequentia,
1032 2892 1184 2945 penes
1207 2892 1358 2943 quam
1389 2876 1771 2948 explanationis
1804 2876 1985 2931 debere
2013 2892 2118 2930 esse
2158 2878 2543 2942 auctoritatem,
2579 2878 2888 2944 contendit,
2928 2894 3028 2931 non
3061 2878 3275 2931 voluisse
3313 2889 3404 2932 aut
3435 2896 3531 2950 po-

256 2972 398 3026 tuisse
416 2973 676 3028 sustinere
706 2985 972 3024 curarum.
1002 2965 1112 3034 Ita,
1136 2968 1341 3032 subdit,
1371 2968 1448 3022 vel
1477 2985 1567 3035 per
1591 2971 1868 3037 allegorias
1900 2969 2167 3038 Origenis,
2213 2970 2290 3022 vel
2324 2985 2416 3040 per
2453 2969 2718 3038 fabulosas
2740 2969 3049 3024 Judteorum
3092 2973 3394 3026 traditiones
3433 2983 3542 3028 tota

251 3063 355 3131 ejus
377 3063 597 3133 deﬂuxit
620 3064 814 3116 oratio.
848 3059 905 3116 In
937 3060 1093 3116 Osca:
1120 3075 1239 3129 cap.
1273 3059 1365 3114 XI.
1401 3059 1448 3113 Η
1459 3077 1556 3114 unc
1578 3077 1775 3115 t'ersum
1809 3061 2158 3132 Hieronymus
2207 3078 2324 3115 cum
2364 3063 2516 3116 vellet
2549 3079 2836 3133 exponere,
2870 3064 3092 3131 perrexit
3123 3081 3427 3121 enumerare
3452 3069 3544 3136 qui

253 3155 470 3211 ciuitates
501 3154 802 3210 candidius
831 3152 1138 3223 legerentur,
1167 3161 1272 3206 etc.
1310 3151 1490 3205 Talem
1529 3162 1702 3206 autem
1739 3153 2123 3220 explanationis
2163 3152 2382 3206 colorem
2403 3192 2418 3218 ,
2449 3153 2566 3222 quis
2596 3154 2703 3205 sine
2732 3149 2984 3206 Irrisione
3007 3155 3332 3208 consideret?
3357 3155 3548 3226 Carpit

253 3254 453 3314 autem,
483 3261 784 3318 suppresso
816 3246 1067 3312 nomine,
1114 3245 1169 3299 itt
1212 3245 1420 3300 Joelem
1454 3246 1611 3302 initio
1637 3265 1649 3298 :
1679 3247 1905 3314 Quidam
1941 3247 2380 3302 Commentatores
2408 3249 2742 3319 etymoloyias
2774 3250 2927 3303 etiam
2952 3253 3216 3305 nominum
3247 3255 3541 3323 prosequuti

256 3352 393 3408 sunt,
416 3342 482 3394 de
512 3340 589 3394 his
615 3341 856 3395 uidelicet
885 3341 1102 3395 laudum
1130 3341 1328 3394 semina
1357 3341 1674 3411 colligentes,
1707 3342 1761 3395 id
1789 3352 1884 3405 est,
1910 3339 2046 3406 Joel,
2080 3344 2492 3418 ἀρχόμενος.....
2518 3357 2633 3410 quae
2656 3352 2712 3396 ut
2745 3342 2975 3397 Puerilia
2998 3355 3046 3398 et
3082 3343 3268 3414 Inepta
3293 3357 3409 3398 sunt
3430 3388 3444 3412 ,
3473 3349 3548 3400 ita

258 3433 371 3500 plus
409 3435 601 3505 negotii
647 3433 888 3488 videntur
922 3432 1134 3496 habere,
1167 3448 1320 3501 quant
1359 3434 1637 3487 commodi.
1674 3433 1739 3488 Et
1769 3434 1950 3503 paullo
1979 3442 2132 3503 post,
2171 3432 2393 3497 Quidam
2426 3433 2478 3485 in
2509 3433 2587 3486 Itis
2613 3433 2872 3487 vocabulis
2903 3435 3117 3488 multum
3161 3453 3269 3489 esse
3299 3436 3549 3505 (li/feren-

259 3531 381 3584 tium
406 3532 762 3598 crediderunt,
793 3546 984 3600 perque
1007 3531 1103 3583 hoc
1131 3529 1412 3598 plurintum
1442 3527 1721 3583 Inutilium
1747 3530 2031 3599 expendere
2054 3528 2340 3582 verborum.
2369 3527 2553 3581 Denuo
2584 3525 2841 3594 inferius,
2872 3527 2959 3581 ubi
2992 3527 3058 3583 de
3083 3543 3275 3595 eruca,
3311 3529 3510 3584 locusta
3533 3571 3548 3596 ,

257 3623 492 3694 brucho,
521 3635 628 3682 etc.
660 3642 783 3698 qua:
817 3643 885 3685 ex
911 3629 1257 3684 Hebraeorum
1310 3628 1688 3683 traditionilms
1740 3629 2098 3699 Hieronymus
2146 3629 2328 3680 hostes
2380 3624 2715 3694 Reipublicae
2756 3625 3148 3694 interpretatur
3180 3645 3190 3678 :
3226 3625 3396 3690 Unde,
3442 3627 3547 3690 ait,

255 3715 469 3774 illorum
495 3720 816 3789 Opinionem,
840 3724 926 3790 qui
951 3723 1059 3776 hac
1085 3724 1258 3776 omnia
1283 3721 1346 3775 de
1368 3721 1598 3775 hostibus
1629 3721 1765 3774 dicta
1798 3722 2085 3783 (estimant,
2118 3716 2440 3786 Refutamus.
2476 3716 2668 3771 Acrius
2705 3717 2874 3770 multo
2904 3731 3024 3787 cap.
3057 3716 3120 3771 ll.
3148 3717 3235 3771 ubi
3261 3720 3327 3771 de
3352 3717 3548 3782 Petro.

256 3811 342 3878 Qui
369 3813 534 3869 Osca:
561 3814 742 3870 locum
771 3830 836 3870 ex
869 3827 1017 3885 parte
1043 3815 1293 3885 laudarit,
1332 3816 1505 3884 Quod,
1538 3816 1733 3886 inquit,
1768 3815 1882 3868 ideo
1913 3815 2124 3867 breviter
2147 3811 2505 3876 admonemus,
2533 3819 2586 3864 ut
2609 3810 2818 3863 illorum
2838 3811 3140 3875 repudietur
3166 3811 3424 3878 Audacia,
3465 3811 3554 3881 qui

255 3905 476 3961 Temere
505 3907 839 3978 imperiteque
866 3908 1198 3973 contendunt,
1232 3919 1338 3964 etc.
1379 3909 1534 3963 Paria
1571 3908 1652 3963 his
1687 3909 1847 3963 habet
1889 3917 1944 3963 et
1972 3909 2150 3977 capite
2181 3905 2269 3960 Ill.
2308 3903 2360 3957 In
2393 3902 2558 3959 Amos
2587 3914 2770 3958 autem
2815 3904 2989 3974 capite
3039 3905 3101 3960 Il.
3157 3908 3222 3959 at
3275 3906 3434 3961 linem
3483 3907 3552 3960 de

256 3997 576 4053 Judteorum
607 3998 841 4069 quadam
879 4000 1019 4069 apud
1061 3999 1118 4054 S.
1153 4001 1436 4055 Ductorem
1469 4001 1788 4067 traditione,
1827 4001 1978 4068 Quod
2022 4016 2143 4064 nos,
2196 3998 2300 4058 ait,
2355 4013 2456 4050 non
2497 3997 2670 4067 magni
2701 3998 2939 4066 ponderis
2967 3999 3129 4051 restim
3149 4010 3293 4065 :ntes,
3337 4001 3406 4054 ad
3434 4006 3540 4059 alia

258 4101 612 4144 transeamus.
665 4087 811 4145 ldem
859 4093 1167 4161 exemplum
1223 4103 1306 4147 est
1356 4094 1407 4147 in
1461 4095 1836 4164 subsequentis
1890 4094 2081 4165 capitis
2113 4091 2200 4147 lll.
2260 4091 2398 4157 fine;
2444 4105 2617 4160 neque
2661 4091 2802 4145 enim
2859 4092 3074 4158 omnia,
3118 4105 3172 4150 et
3212 4112 3331 4166 qua:
3380 4099 3552 4155 videri

253 4186 466 4243 leviora
499 4197 764 4258 possunt,
810 4188 1060 4259 persequi
1106 4200 1190 4244 est
1237 4189 1469 4245 animus.
1513 4191 1621 4248 Sed
1663 4207 1886 4261 parcere
1927 4189 2131 4246 diutius
2183 4191 2282 4261 ipsi
2332 4189 2534 4245 nomini
2586 4187 3010 4260 llieronymiano
3041 4206 3144 4244 non
3177 4195 3372 4259 potuit,
3402 4199 3544 4264 quod

256 4279 400 4335 adeo
424 4294 550 4348 cap.
585 4278 649 4334 V.
683 4279 756 4335 ita
787 4281 1095 4350 injuriosius
1122 4291 1354 4337 tractat:
1388 4283 1738 4355 Hieronymus
1759 4285 1812 4338 in
1847 4285 1942 4336 hoc
1972 4285 2086 4338 loco
2116 4284 2243 4338 adeo
2271 4282 2518 4336 Miseram
2545 4282 2732 4349 recepit
2756 4282 3081 4348 opinionem,
3113 4291 3166 4333 ut
3195 4285 3405 4352 diceret,
3430 4290 3552 4354 quia

255 4370 619 4442 quadraginta
651 4370 824 4438 annis,
858 4382 963 4428 etc.
999 4370 1130 4428 Vide
1153 4373 1206 4428 in
1231 4389 1355 4430 eum
1383 4375 1557 4429 locum
1587 4390 1706 4430 nos.
1739 4376 1793 4428 In
1822 4374 2277 4441 subsequentibus
2300 4376 2431 4427 satis
2462 4373 2651 4437 habet,
2686 4372 2945 4426 doctrina:
2979 4373 3095 4442 eju~
3119 4375 3291 4429 dicam
3315 4377 3555 4447 inurere,

256 4479 422 4535 quam
452 4479 577 4533 cap.
604 4463 716 4532 Vll,
748 4463 901 4528 dicit,
935 4464 1241 4536 Repugnare
1266 4467 1513 4530 ltisturiw,
1540 4479 1594 4522 et
1623 4483 1741 4536 cap.
1778 4465 1868 4530 IX,
1900 4464 2002 4518 loci
2029 4474 2267 4518 contextu
2293 4464 2560 4533 Ile/‘utari.

341 4561 555 4617 Dehinc
588 4562 703 4631 ipse
732 4561 853 4628 quis
883 4561 1072 4628 fuerit,
1105 4571 1161 4616 et
1199 4578 1422 4632 quarum
1454 4564 1717 4632 gentium,
1751 4571 1804 4616 ct
1835 4561 1987 4630 cujus
2018 4560 2271 4628 instituti,
2311 4558 2718 4631 exquirendum.
2751 4559 2827 4614 Ac
2858 4558 3097 4616 Latinum
3129 4563 3340 4632 quidem
3377 4564 3548 4625 fuisse

258 4654 577 4722 hominem,
617 4655 747 4710 nulli
793 4655 1012 4712 dubium
1043 4673 1166 4712 esse
1195 4659 1372 4714 debet.
1420 4659 1526 4714 Sed
1561 4661 1682 4713 item
1732 4675 1828 4729 pro
1861 4671 2011 4714 certo
2037 4658 2340 4712 habendum
2364 4700 2378 4724 ,
2413 4657 2462 4712 in
2495 4658 2769 4713 Orientem
2805 4658 3091 4727 aliquando
3122 4663 3518 4732 peregrinatum
3539 4708 3554 4733 ,

259 4745 517 4817 sinam,
544 4745 917 4813 Ρθιωυίητθω,
945 4748 1191 4818 LocaqUe
1232 4749 1426 4805 Sancta
1473 4751 1739 4806 inrisisse.
1787 4752 1987 4820 Nempe
2022 4749 2228 4804 Crwcos
2259 4750 2627 4816 Tractatores,
2659 4760 2713 4804 et
2757 4751 2897 4820 quod
2932 4751 3131 4805 homini
3166 4752 3354 4809 Latino
3403 4762 3561 4826 p'ane

263 4835 500 4891 insolens
523 4845 632 4901 est,
661 4834 826 4904 Syros
848 4835 949 4890 sibi
978 4848 1136 4892 notos
1165 4836 1330 4908 jartat
1362 4841 1412 4894 in
1441 4839 1789 4907 Prmfatiune;
1817 4843 1868 4895 in
1892 4842 2293 4895 Commentario
2316 4849 2494 4895 autem
2517 4840 2583 4892 ad
2607 4856 2726 4910 cap.
2758 4841 2795 4895 l.
2832 4856 2972 4896 vers.
2992 4841 3045 4895 9.
3067 4859 3225 4913 quam
3245 4845 3312 4900 de
3332 4849 3557 4918 spiritali

264 4928 419 4985 Oscae
448 4929 708 5000 conjugio
737 4932 1056 4985 sententiam
1107 4932 1313 4988 ferrent
1357 4934 1641 4990 Palaestina
1672 4950 1834 5006 atque
1879 4936 2170 5006 Αἰθυίας,
2215 4952 2400 4991 earum
2433 4935 2684 4991 videlicet
2727 4937 3023 5007 Regionum
3069 4940 3355 5012 Ecc'esim,
3389 4953 3443 4998 et
3469 4945 3568 5014 qui.

263 5021 462 5090 passim
491 5021 565 5075 ibi
599 5019 905 5088 Scripturas
929 5033 1212 5091 noverant,
1248 5034 1519 5093 tamquam
1549 5028 1964 5092 translatitiam,
1997 5037 2051 5083 et
2078 5032 2146 5082 ab
2168 5030 2246 5082 eis
2273 5029 2434 5083 fando
2463 5030 2702 5084 auditam
2726 5032 2994 5100 proponit,
3028 5049 3230 5103 perque
3257 5050 3351 5089 sua
3382 5038 3559 5092 omtiia

263 5125 576 5188 argumenta
595 5115 868 5170 edisserit.
897 5117 1011 5172 Alia
1031 5135 1095 5173 ex
1123 5129 1296 5188 parte,
1314 5137 1473 5188 quam
1501 5121 1694 5177 inirent
1711 5124 2126 5192 disputationem
2150 5123 2297 5194 Syri,
2320 5135 2363 5178 et
2386 5126 2474 5195 qui
2496 5127 2802 5179 connubium
2828 5128 2959 5180 illud
2979 5129 3256 5184 carnaliter
3280 5133 3559 5200 opinantur

265 5206 531 5278 impletuns
553 5247 570 5273 ,
617 5205 922 5278 quibusque
950 5208 1255 5264 niterentur
1286 5213 1587 5268 rationibus
1611 5256 1626 5279 ,
1671 5214 1740 5268 ita
1765 5215 2072 5284 singillatim
2100 5227 2302 5281 narrat,
2325 5226 2385 5270 ut
2413 5218 2480 5270 ab
2505 5230 2689 5270 eorum
2718 5235 2811 5274 ore
2835 5222 3136 5288 accepisse,
3171 5239 3465 5293 eorumque
3497 5241 3558 5281 se

264 5313 414 5353 usum
446 5297 864 5366 consuetudine,
896 5301 1027 5355 satis
1052 5302 1334 5372 signiticet.
1371 5305 1500 5358 Nam
1529 5307 1573 5360 si
1614 5306 1680 5361 de
1711 5307 1936 5375 Scriptis
1965 5324 2148 5362 eorum
2182 5311 2465 5376 proferret,
2500 5326 2604 5364 non
2660 5312 2834 5373 ἁπλῶς
2885 5314 3220 5384 Ιιιιιωείὶηος,
3251 5315 3554 5387 Aigypt'os,

266 5389 431 5462 Syros
452 5434 467 5456 ,
500 5400 610 5445 etc.
657 5390 895 5457 diceret,
925 5391 1018 5448 sed
1048 5398 1520 5466 unumquempiatn
1548 5443 1562 5467 ,
1613 5399 1704 5467 qui
1745 5414 1928 5453 eorum
1972 5400 2162 5468 placita
2219 5400 2388 5455 literis
2424 5402 2830 5472 eonsiguasset,
2875 5405 2942 5459 de
2973 5409 3188 5462 nomine
3221 5409 3461 5462 laudaret
3489 5409 3555 5461 ad

261 5483 558 5542 faciendam
606 5481 793 5537 fidem.
845 5485 994 5541 Adde
1040 5488 1180 5556 quod
1223 5490 1481 5561 Syrorum
1529 5493 1763 5562 linguam
1815 5491 2116 5562 intelligere
2168 5496 2405 5561 potuisse
2431 5536 2445 5560 ,
2487 5495 2576 5565 qui
2601 5496 2741 5565 apud
2780 5497 2902 5549 illos
2946 5511 3049 5550 noo
3083 5509 3225 5553 esset
3269 5498 3558 5566 aliquando

261 5591 652 5646 commoratus,
680 5578 902 5636 minime
923 5591 1008 5637 est
1027 5586 1350 5642 verosimilc.
1370 5588 1522 5655 Quod
1552 5591 1596 5644 si
1617 5603 1803 5659 parum
1827 5599 2004 5645 tamen
2029 5605 2146 5644 eam
2175 5591 2427 5646 calluisse
2455 5592 2647 5657 videri,
2679 5592 2945 5661 objeceris
2975 5609 2986 5644 :
3023 5605 3127 5644 non
3157 5593 3313 5660 igitur
3345 5594 3555 5662 inqoatn

257 5679 453 5746 scripta
485 5689 686 5732 eorum
738 5673 905 5745 legit,
936 5677 1029 5732 sed
1061 5680 1130 5734 ab
1159 5678 1292 5750 ipsis
1341 5683 1685 5739 narrantibus
1726 5684 1950 5738 audivit.
1998 5685 2128 5739 Nam
2161 5693 2218 5739 et
2259 5683 2468 5739 facilius
2516 5685 2683 5740 multo
2711 5693 2794 5739 est
2831 5684 3094 5752 ejusmodi
3147 5688 3438 5740 sententias
3487 5689 3556 5744 de

257 5774 490 5846 plurium
514 5785 638 5839 ore,
669 5778 726 5826 et
755 5780 1075 5841 prmscntem
1105 5788 1135 5830 a
1166 5776 1522 5847 prmsentibus
1544 5777 1779 5844 discere,
1804 5792 1965 5850 quam
1989 5794 2054 5836 ex
2096 5777 2244 5834 libris
2279 5793 2294 5834 :
2325 5787 2378 5835 et
2408 5777 2665 5836 Svrorum
2697 5776 2939 5848 plerique
2967 5776 3200 5834 sciebant
3233 5789 3285 5834 et
3331 5781 3516 5838 Gtzcce
3536 5826 3551 5841 .
