4094 6344
541 341 609 394 ϐ’]
1957 332 2036 386 PH
2051 332 2156 386 ,Π

2189 329 2340 384 ιΤΙΟ.
3741 315 3806 369 68

544 453 778 522 denique
808 451 1230 508 Occidentalium
1252 464 1517 506 nonnemo
1541 450 1747 518 (plures
1767 446 1908 501 enim
1928 447 2000 500 ibi
2021 448 2182 500 vitam
2207 445 2527 499 Sanctorum
2553 439 2817 494 Locorum
2841 433 3096 506 religione
3115 433 3366 505 agebant)
3393 431 3581 488 Latine
3606 440 3811 501 poterat

542 545 912 617 interpretari.

616 615 901 690 Notionem
948 632 1066 704 ejus
1108 635 1246 704 quod
1295 641 1530 700 spectat,
1583 632 1876 698 Hispanum
1924 638 2172 698 putamus
2218 643 2234 680 :
2287 626 2444 695 hujus
2482 623 2626 678 enim
2670 621 2904 691 regionis
2932 620 3164 685 videtur,
3203 626 3260 672 ut
3306 616 3530 671 inferius
3575 630 3674 670 suo
3705 615 3817 670 loco

550 724 972 789 declarabimus,
1009 733 1110 778 tam
1147 726 1339 779 misere
1368 723 1645 778 lamentari
1679 721 1880 780 clades,
1913 729 1968 774 ut
1998 735 2104 772 non
2135 718 2267 771 alias
2294 716 2574 771 lamentari
2607 713 2886 784 probabile
2914 713 3004 776 sit,
3030 711 3130 766 nisi
3155 711 3339 779 patriae
3370 719 3551 774 terrae,
3579 723 3739 777 quam
3771 718 3822 760 ct

553 815 733 886 t'cipsa
761 815 947 870 durius
971 815 1178 869 caeteris
1207 815 1429 870 Vandali
1457 814 1713 870 habuere.
1747 812 2196 866 \‘erosimiliorem
2227 809 2366 865 hanc
2387 809 2511 864 facit
2530 809 2890 879 conjecturam
2921 821 2983 861 ac
3013 820 3147 875 pene
3175 814 3378 860 certam
3406 804 3691 872 peculiaris
3721 817 3820 872 qua

550 911 718 964 utitur
743 909 1077 962 Psalmorum
1110 907 1294 961 Latina
1317 908 1515 962 versio.
1542 908 1715 973 Quum
1738 908 1879 962 enim
1905 905 2063 975 hujus
2092 906 2259 972 Libri,
2287 918 2445 973 quem
2469 915 2870 965 canere;omnes
2899 901 2948 953 in
2974 901 3142 954 sat-ris
3158 899 3387 954 coetibus
3409 906 3819 956 consueverant,

555 1002 719 1056 Vetus
759 1001 1130 1068 interpretatio
1181 1010 1390 1056 retenta
1441 1001 1746 1056 necessario
1786 999 1858 1054 sit
1905 1017 1919 1054 :
1964 1013 2032 1053 ex
2065 997 2478 1068 iiieronymiana
2527 1004 2707 1048 tamen
2750 993 3082 1048 llecensione
3113 992 3165 1046 in
3210 991 3504 1046 Galliarum
3555 991 3820 1058 plerisque

553 1095 802 1148 omnibus
825 1134 838 1156 ,
871 1103 926 1148 et
955 1093 1120 1147 ltalim
1145 1094 1555 1162 quamplurimis
1575 1094 1872 1150 obtinebat.
1893 1092 2060 1159 Quam
2090 1093 2284 1148 Noster
2307 1098 2548 1161 usurpat,
2581 1105 2684 1144 non
2709 1089 2880 1141 solum
2909 1088 2976 1141 ab
3005 1102 3066 1140 ea
3091 1087 3202 1141 fere
3229 1087 3588 1145 continenter.
3625 1083 3720 1135 sed
3763 1085 3825 1138 ab

556 1187 674 1240 aliis
698 1185 854 1239 etiam
881 1184 1123 1238 Psalterii
1157 1184 1493 1237 Editionibus
1523 1182 1755 1251 antiquis
1778 1185 1974 1253 saepius
2002 1182 2210 1238 abludit
2239 1200 2253 1236 :
2286 1197 2388 1238 nec
2411 1196 2534 1237 cum
2558 1180 2945 1251 Augustiuiana
2973 1177 3346 1234 emendatione
3371 1217 3386 1242 ,
3420 1184 3510 1230 aut
3538 1177 3826 1230 vetustiore

553 1281 658 1333 alia
690 1279 906 1334 Patrum
943 1277 1312 1332 Africanorum
1345 1276 1572 1332 lectione
1603 1276 1888 1332 consentit.
1917 1276 2034 1334 Non
2081 1277 2184 1332 alia
2220 1277 2451 1348 denique
2495 1277 2664 1331 videri
2697 1276 2914 1346 propius
2956 1274 3021 1329 ad
3069 1290 3253 1329 verum
3285 1281 3490 1341 potest,
3522 1287 3681 1343 quam
3712 1288 3826 1340 qure

557 1372 935 1440 Hispaniarum
969 1370 1228 1426 Ecelesiis
1259 1371 1384 1424 olim
1410 1370 1463 1425 in
1495 1386 1589 1424 usu
1621 1369 1740 1425 fuit.
1765 1373 2019 1441 Exempla
2049 1372 2169 1442 ejus
2199 1374 2276 1428 rei
2309 1371 2505 1441 passim
2536 1370 2690 1426 obvia
2721 1377 2864 1424 sunt.
2898 1369 3112 1438 insigne
3153 1366 3285 1422 illud
3316 1376 3492 1422 tamen
3519 1381 3586 1420 ex
3617 1365 3826 1421 Psalmo

557 1463 660 1519 158
690 1464 741 1517 in
789 1470 948 1529 caput
987 1461 1173 1516 Atnosi
1210 1461 1300 1515 IX.
1332 1460 1392 1516 Si
1428 1460 1703 1515 ascendere
1729 1463 1784 1514 in
1815 1460 2030 1529 coelum,
2064 1471 2119 1516 ιιι
2161 1463 2269 1516 illic
2305 1478 2359 1517 es
2405 1477 2425 1516 :
2453 1462 2498 1516 si
2528 1461 2836 1517 descendere
2864 1462 2916 1513 in
2944 1461 3203 1529 infernum
3232 1459 3431 1514 aderis.
3478 1459 3539 1514 Si
3585 1474 3820 1511 samsero

555 1571 748 1625 pennas
772 1570 908 1608 nteas
937 1564 1062 1609 ante
1084 1553 1279 1618 lucem,
1307 1560 1354 1607 et
1394 1554 1686 1607 Itabitavero
1722 1553 1775 1606 in
1805 1554 2046 1608 extremis
2091 1554 2246 1607 maris
2275 1571 2295 1610 :
2332 1553 2460 1608 illuc
2482 1568 2668 1606 manus
2695 1562 2780 1606 tua
2816 1551 3031 1605 deducet
3063 1567 3174 1616 me,
3205 1560 3254 1604 et
3282 1549 3466 1604 tenebit
3499 1565 3579 1602 me
3625 1549 3830 1602 dextera

561 1657 668 1702 tua.
703 1649 920 1703 Etiamsi
943 1647 1135 1712 dicant,
1163 1645 1408 1701 Tenebrw
1427 1647 1770 1701 occultabunt
1795 1662 1894 1712 me,
1919 1661 2131 1716 noxque
2154 1647 2282 1701 milti
2313 1647 2608 1702 consolatio
2626 1645 2748 1712 erit,
2773 1655 2881 1702 etc.
2899 1645 3062 1712 Cujus
3081 1643 3299 1716 quidem
3325 1645 3452 1700 illud
3484 1661 3596 1716 prm
3622 1656 3771 1702 caete
3790 1649 3832 1703 is

558 1741 778 1795 verbum
810 1737 1134 1792 occultabant
1167 1753 1264 1808 pro
1294 1738 1508 1806 vulgato
1545 1736 1918 1791 conculcabunt
1948 1738 2202 1807 pensitari
2239 1735 2545 1807 diligenti-us
2573 1737 2757 1791 velim.
2792 1733 2926 1790 Vide
2953 1750 3049 1788 nos
3081 1735 3173 1789 ibi.
3218 1733 3384 1790 Porro
3412 1745 3587 1791 autem
3617 1751 3683 1790 ex
3715 1738 3836 1790 vitm

561 1831 802 1886 instituto
828 1831 1206 1886 Ecclesiastem
1256 1844 1315 1884 se
1361 1829 1578 1898 prodit,
1628 1838 1788 1895 atque
1815 1827 1951 1882 adeo
2007 1828 2197 1883 saltem
2239 1827 2621 1899 Presbyterum
2671 1841 2688 1880 :
2737 1842 2870 1896 quas
2921 1825 3064 1881 enim
3114 1834 3263 1894 parat
3310 1824 3488 1880 Sacra:
3545 1825 3836 1894 Scriptura:

563 1923 1001 1990 Esplanationes,
1033 1919 1320 1974 identidem
1353 1935 1411 1974 se
1439 1919 1617 1973 dicere
1644 1917 1710 1971 ad
1745 1918 1993 1987 populum
2014 1959 2028 1981 ,
2064 1927 2233 1973 notat.
2264 1919 2318 1972 In
2350 1918 2516 1974 .Ioelis
2543 1927 2701 1987 caput
2728 1916 2768 1972 l.
2798 1917 2898 1973 sub
2925 1917 3083 1972 finem
3104 1958 3118 1983 ,
3170 1917 3235 1970 In
3267 1933 3397 1987 quo,
3423 1917 3530 1986 ait,
3573 1934 3699 1972 sane
3729 1919 3838 1972 loco

567 2013 788 2082 diligens
816 2009 1036 2064 Auditor
1060 2009 1316 2078 inquirat,
1347 2024 1458 2077 qua:
1488 2008 1540 2061 in
1563 2009 1774 2062 desertis
1815 2007 2146 2076 pulchritudo
2174 2010 2494 2075 pradicetur,
2527 2018 2631 2064 etc.
2662 2011 2726 2064 Et
2755 2011 2914 2079 paulo
2941 2018 3094 2080 post,
3131 2009 3282 2077 Quod
3310 2011 3355 2064 si
3383 2011 3504 2066 bene
3527 2013 3836 2077 consideres,

542 2115 739 2172 ,noster
765 2104 1010 2172 Auditor,
1041 2105 1203 2158 inesse
1231 2104 1422 2158 videbis
1462 2103 1662 2175 pondus
1693 2104 1948 2171 exemplo.
1979 2103 2089 2157 Nec
2118 2103 2411 2171 diffitebor,
2442 2104 2583 2173 quod
2613 2119 2642 2158 a
2677 2103 2917 2159 Varrone
2947 2105 3183 2170 tradunt,
3209 2112 3520 2174 usurpatum
3566 2103 3842 2158 Andituris

569 2196 890 2251 vocabulum
926 2211 1022 2265 pro
1063 2194 1320 2261 Lectore;
1363 2196 1458 2250 sed
1495 2197 1747 2250 Nostrum
1780 2211 1845 2250 eo
1874 2210 2036 2250 sensu
2077 2196 2403 2250 obsoletiore
2433 2211 2620 2261 usum,
2659 2209 2927 2264 nunquam
2976 2195 3211 2250 adducar
3246 2204 3306 2250 ut
3344 2195 3581 2250 credam.
3613 2195 3745 2250 Nam
3790 2206 3842 2249 et

573 2286 892 2357 simpliciter
921 2285 1198 2343 adstantes
1219 2285 1508 2355 alloquitur
1535 2286 1586 2340 in
1619 2285 1803 2340 Amosi
1831 2297 1988 2354 caput
2021 2285 2061 2340 l.
2095 2302 2235 2342 vers.
2265 2287 2320 2340 2.
2350 2287 2440 2342 ubi
2463 2287 2530 2342 de
2553 2296 2714 2342 terra:
2741 2295 2980 2342 motuum
3009 2288 3212 2342 caussis
3239 2287 3490 2358 loquens,
3521 2289 3664 2354 Quas
3710 2305 3842 2343 nunc

568 2390 760 2446 tamen,
790 2378 981 2449 inquit,
1016 2394 1163 2434 voats
1192 2379 1441 2447 replicare
1462 2394 1562 2432 non
1588 2385 1660 2432 est
1685 2393 1904 2432 necesse.
1939 2377 2226 2434 Sermones
2248 2379 2425 2448 itaque
2450 2379 2547 2434 hos
2569 2378 2753 2433 habuit
2781 2379 2959 2448 aliqua
2981 2379 3168 2433 saltem
3191 2393 3255 2434 ex
3289 2387 3440 2448 parte
3466 2379 3518 2433 in
3543 2379 3796 2435 Ecciesiis
3826 2395 3840 2434 :

571 2472 820 2541 proinde,
853 2470 993 2541 quod
1024 2480 1076 2526 et
1103 2481 1342 2526 natatum
1374 2471 1623 2540 superius
1643 2479 1747 2537 est,
1780 2470 1863 2524 sin
1898 2471 2074 2526 minus
2106 2469 2453 2540 EpiscOpum,
2486 2479 2633 2526 certe
2655 2469 2876 2539 quidem
2903 2472 3280 2542 Presbyterum
3310 2472 3523 2542 agebat.

540 2555 542 2558 ’
645 2562 799 2616 Nunc
843 2572 1078 2630 tempus,
1126 2579 1234 2634 quo
1271 2561 1730 2617 Commentarium
1768 2561 1910 2616 hunc
1948 2578 2103 2617 suum
2133 2563 2434 2629 scribebat,
2478 2564 2888 2633 investigemus.
2930 2564 3264 2620 Foutauinus
3287 2579 3355 2619 ex
3389 2577 3458 2620 eo
3481 2564 3624 2635 quod
3657 2564 3845 2621 Sancti

573 2657 798 2713 Joannis
833 2657 1202 2729 Chrysostomi
1225 2700 1241 2725 ,
1272 2666 1328 2714 et
1355 2659 1664 2729 Hieronymi
1695 2659 2092 2714 Commentaria
2137 2659 2190 2713 in
2219 2660 2450 2716 Minores
2477 2661 2771 2730 Pr0pbetas
2800 2671 3082 2730 memorat,
3115 2662 3244 2717 nihil
3273 2662 3526 2732 loquutus
3549 2662 3619 2717 de
3647 2661 3846 2734 Cyrillo

583 2750 966 2815 Alexandrino,
988 2760 1042 2806 et
1064 2749 1413 2816 'l'heodorito,
1438 2749 1524 2819 qui
1551 2749 1605 2804 in
1629 2750 1818 2804 eodem
1846 2761 2165 2820 argumento
2193 2751 2394 2806 versati
2417 2761 2562 2816 sunt,
2595 2766 2717 2806 eum
2751 2761 2922 2820 putat,
2953 2752 3134 2808 medio
3161 2751 3353 2808 saltem
3383 2753 3581 2807 saeculo
3606 2751 3674 2821 V,
3700 2749 3852 2818 operi

578 2859 792 2899 manum
824 2844 1148 2898 admovisse.
1173 2841 1282 2898 Sed
1306 2852 1361 2896 ιιι
1389 2841 1633 2897 fortassis
1656 2860 1682 2896 a
1714 2856 1842 2897 vero
1871 2842 2114 2912 proxime
2135 2842 2446 2911 conjectura
2472 2843 2633 2907 absit,
2660 2843 2868 2897 infirma
2891 2843 3008 2897 haec
3035 2842 3153 2912 ejus
3179 2851 3262 2898 est
3285 2852 3483 2910 tamen,
3507 2852 3561 2898 et
3586 2843 3700 2898 fere
3722 2843 3853 2898 falsa

581 2936 942 2992 ratiocinatio.
1007 2937 1157 2991 Licet
1209 2937 1351 2992 enim
1399 2936 1489 2991 ille
1535 2935 1794 3006 Cyrillttm
1837 2936 1905 2990 de
1945 2933 2164 2990 nomine
2206 2949 2269 2989 ac
2311 2935 2694 2991 Tbeodoritutn
2743 2952 2848 2990 non
2898 2936 3114 3001 laudet,
3165 2951 3232 2996 eo
3263 2935 3418 2993 facile
3458 2946 3638 2994 tamen
3687 2939 3855 2994 verbo

581 3027 1057 3099 comprehendisse
1108 3030 1294 3098 potuit,
1329 3043 1433 3098 quo
1465 3027 1776 3094 nonnullos,
1810 3028 1885 3081 ait
1927 3028 2066 3097 apud
2109 3025 2315 3082 (ἐνίει-οε
2357 3026 2622 3096 ejusmodi
2671 3027 2996 3096 lnterpretes
3035 3027 3344 3097 exstitisse,
3387 3045 3416 3083 e
3455 3029 3638 3099 quibus
3692 3044 3858 3098 pauca

588 3124 822 3192 qumdam
852 3122 913 3178 S.
957 3121 1175 3176 Joannis
1214 3120 1584 3192 Cbrysostomi
1616 3119 1759 3190 legit.
1813 3118 1978 3174 Nobis
2004 3134 2068 3172 ex
2115 3133 2181 3174 eo
2211 3118 2380 3187 magis
2421 3117 2594 3188 placet
2639 3124 3012 3188 argumentum
3059 3133 3313 3186 sumere,
3363 3121 3506 3189 quod
3552 3135 3614 3176 se
3668 3135 3856 3191 parum

581 3216 922 3272 commodum
973 3215 1280 3286 Hieronymi
1317 3215 1603 3280 lectorem,
1638 3221 1693 3267 ut
1723 3212 1994 3276 diximus,
2041 3212 2288 3281 praebet:
2323 3212 2464 3266 unde
2495 3211 2830 3282 colligimus,
2871 3213 3027 3280 paulo
3070 3222 3190 3283 post
3233 3214 3291 3268 S.
3336 3213 3582 3270 Doctoris
3628 3225 3855 3270 mortem

585 3311 888 3380 scripsisse.
922 3307 1050 3364 Post
1079 3319 1338 3376 mortem,
1371 3308 1627 3376 inquam,
1679 3323 1800 3362 nam
1834 3308 1984 3363 illum
2007 3309 2368 3374 adviventem,
2398 3323 2556 3378 quem
2583 3317 2852 3372 nosceret,
2883 3318 2938 3363 et
2959 3324 3189 3379 quocum
3237 3309 3368 3365 nihil
3419 3311 3518 3365 sibi
3567 3321 3754 3378 esset,
3803 3322 3860 3368 ut

587 3423 810 3476 carpere
832 3405 1056 3460 auderet
1081 3402 1243 3458 homo
1274 3403 1453 3472 proba:
1477 3413 1670 3458 caetera
1701 3405 1914 3474 pietatis
1939 3419 2001 3459 ac
2035 3404 2194 3469 fidei,
2235 3420 2394 3459 nemo
2441 3405 2538 3458 sibi
2563 3408 2614 3458 in
2645 3405 2880 3458 animum
2925 3403 3161 3458 inducat.
3198 3403 3384 3459 Paucis
3420 3413 3599 3459 autem
3639 3406 3709 3461 ab
3745 3408 3861 3476 ejus

586 3503 736 3555 obitu
761 3501 935 3564 annis,
959 3513 1123 3568 quum
1151 3496 1387 3551 nondum
1417 3498 1486 3551 ita
1518 3497 1917 3568 liieronymiani
1951 3497 2185 3552 nominis
2209 3497 2349 3552 fama
2379 3512 2472 3566 per
2492 3497 2677 3552 orbem
2708 3496 3092 3565 propemodum
3125 3497 3452 3561 universum,
3477 3497 3712 3554 maxime
3733 3514 3860 3554 vero

587 3594 727 3664 apud
758 3608 869 3646 sua:
899 3591 1094 3660 linguae
1117 3589 1393 3656 homines,
1444 3590 1836 3654 increhnisset,
1866 3600 1923 3644 ut
1969 3588 2121 3643 nefas
2158 3588 2431 3643 videretur
2452 3590 2498 3643 ei
2539 3588 2714 3643 dicam
2755 3589 3023 3656 scribere,
3069 3589 3226 3644 facile
3253 3593 3424 3660 potuit
3467 3592 3611 3661 quod
3654 3593 3724 3647 ab
3773 3591 3866 3647 illo

588 3685 860 3739 diversum
892 3681 944 3737 in
1000 3682 1170 3737 literis
1197 3683 1458 3748 sentiret,
1511 3680 1672 3736 homo
1705 3697 1807 3736 non
1849 3681 2152 3737 ineruditus
2183 3682 2350 3736 libere
2391 3681 2656 3752 proloqui.
2703 3683 2746 3737 Α
2782 3682 3040 3752 vigesimo
3086 3683 3248 3754 igitur
3275 3686 3342 3741 ad
3372 3687 3703 3757 trigesimum
3745 3692 3864 3757 plus

601 3777 778 3830 minus
823 3788 982 3844 supra
1031 3773 1445 3844 quadringentos
1477 3789 1680 3839 annos,
1732 3773 1887 3844 hujus
1916 3788 2015 3841 ego
2053 3773 2437 3828 Commentarii
2487 3769 2746 3839 epocltam
2793 3774 2972 3828 malim
3021 3786 3294 3844 repetere;
3343 3793 3462 3848 qua:
3488 3782 3664 3834 serius
3697 3779 3869 3834 multo

589 3867 852 3938 protrahi,
887 3883 1047 3934 quum
1077 3883 1233 3922 nemo
1258 3871 1365 3936 jam
1395 3879 1558 3936 esset,
1583 3870 1673 3937 qui
1702 3887 1806 3923 non
1832 3871 1931 3923 sibi
1967 3869 2109 3924 laudi
2140 3870 2387 3936 duceret,
2415 3869 2705 3937 gloriosius
2732 3870 2798 3926 de
2826 3870 3153 3942 Hieronymo
3183 3874 3497 3942 prmdicare,
3537 3877 3625 3930 vix
3657 3887 3829 3945 pmesr
3849 3917 3866 3943 ,

588 3975 680 4016 aut
711 3977 774 4016 ne
803 3963 882 4015 vix
908 3962 1143 4030 quidem.
1179 3963 1345 4017 Porro
1376 3964 1514 4017 idem
1565 3962 1666 4017 hoc
1697 3971 1907 4031 tempus
1940 3962 2054 4018 fere
2078 3971 2398 4027 connotant,
2430 3978 2550 4031 qua:
2581 3962 2746 4018 seculi
2792 3965 2930 4018 mala
2964 3965 3166 4020 Auctor
3211 3967 3472 4037 queritur.
3504 3968 3559 4022 ln
3607 3970 3865 4025 limosum

587 4071 707 4124 cap.
755 4055 791 4110 Ι.
847 4058 897 4111 in
960 4057 1095 4121 fine,
1146 4057 1274 4122 Qum
1320 4059 1490 4110 omnia
1535 4055 1674 4109 mola
1718 4055 1892 4111 hostili
1936 4071 2134 4110 evenire
2181 4057 2425 4120 victoria,
2473 4056 2661 4109 annuis
2695 4058 2858 4126 magis
2903 4055 3135 4111 cladibus
3178 4073 3334 4128 quam
3387 4059 3661 4113 annalibus
3711 4062 3870 4116 literis

590 4151 1002 4222 comprobamus.
1040 4152 1292 4206 El‘llictitn
1325 4153 1503 4207 adhuc
1531 4153 1702 4220 magis
1730 4167 1849 4221 cap.
1878 4150 2012 4205 Vlll.
2041 4150 2107 4206 ad
2141 4167 2282 4206 vers.
2316 4151 2400 4204 10.
2429 4151 2516 4204 ubi
2548 4151 2614 4205 de
2638 4167 2794 4207 sacco
2815 4161 2869 4207 et
2894 4153 3106 4208 calvitio
3127 4169 3486 4209 mrummrum
3519 4155 3683 4224 notis,
3722 4156 3870 4224 Quod

589 4255 749 4299 totum
784 4245 930 4316 (fort.
962 4246 1111 4316 solet)
1137 4256 1361 4316 tempore
1389 4248 1703 4315 captivitatis
1736 4247 2017 4316 obtingere,
2052 4247 2248 4299 utinam
2273 4245 2488 4300 lectione
2510 4256 2706 4300 tantum
2732 4248 2990 4303 indicante
3024 4264 3322 4314 nossemus;
3370 4251 3459 4303 sed
3487 4256 3596 4303 tatu
3633 4253 3872 4322 frequens

589 4339 776 4391 nostris
810 4339 1120 4407 temporilus
1150 4338 1407 4410 ejusmodi
1428 4347 1500 4390 est
1525 4339 1659 4408 facta
1691 4337 1940 4402 conditio,
1969 4346 2020 4389 ut
2047 4336 2326 4406 quidquam
2347 4335 2533 4391 melius
2555 4339 2872 4402 spuantium
2891 4339 3136 4393 miremur
3155 4341 3449 4395 audaciam.
3477 4341 3739 4397 Nimirum
3761 4344 3871 4398 haec

589 4438 707 4484 erat
737 4430 928 4482 mist-ra
961 4428 1106 4483 orbis
1135 4429 1380 4490 Romani,
1406 4436 1564 4489 atque
1594 4427 1968 4495 Hispaniarum
1999 4427 2316 4496 cumprimis
2349 4426 2514 4483 facies
2542 4427 2611 4481 ab
2639 4444 2780 4482 anno
2818 4430 3034 4485 circiter
3059 4431 3298 4486 CCCCX.
3333 4449 3428 4500 per
3453 4433 3566 4489 fere
3581 4437 3869 4490 continuos

591 4521 826 4589 triginta,
862 4521 1058 4590 quibus
1117 4521 1168 4574 in
1201 4533 1295 4575 eas
1328 4519 1655 4590 provincias,
1686 4527 1740 4572 et
1762 4519 1926 4571 variis
1959 4517 2220 4572 bellorum
2247 4520 2560 4585 eventibus,
2587 4529 2642 4574 rt
2669 4522 2910 4589 repetitis
2955 4523 3179 4578 subinde
3227 4524 3457 4580 hostium
3511 4526 3863 4584 barbarorum

592 4613 1014 4677 incursionibus,
1047 4612 1190 4666 ferro
1221 4622 1380 4681 atque
1429 4613 1550 4677 igne
1603 4612 1845 4664 ssevitmn
1879 4620 1982 4665 cst.
2025 4611 2165 4680 Lege
2192 4611 2439 4680 pI‘OSleI'i
2473 4613 2774 4670 Ch:onit-on
2799 4658 2812 4681 ,
2844 4624 2900 4670 ut
2945 4615 3236 4686 intelligas,
3265 4632 3422 4685 quam
3464 4631 3590 4674 vere
3617 4633 3741 4676 cum
3782 4622 3869 4677 illa

592 4718 815 4772 quacum
849 4702 1098 4771 Hispania
1132 4716 1242 4769 pra!
1268 4700 1478 4755 caeteris
1511 4700 1695 4754 tandiu
1729 4700 2037 4755 conflictata
2071 4710 2155 4756 est
2196 4701 2426 4758 adversa
2457 4703 2691 4770 fortuna,
2717 4719 2903 4760 eorum
2933 4707 3174 4761 narratio
3224 4715 3525 4778 temporum
3551 4749 3568 4776 ,
3611 4726 3734 4782 qua:
3774 4729 3872 4771 nos

593 4796 716 4849 huic
743 4792 1145 4848 Commentario
1172 4802 1439 4860 postrema
1474 4792 1754 4846 tribuimus
1773 4832 1787 4856 ,
1817 4805 1846 4845 c
1869 4791 2119 4846 ntvcniat.

671 4907 766 4961 His
798 4906 965 4970 addo,
1003 4903 1168 4958 fuisse
1194 4906 1353 4958 etiam
1398 4903 1453 4956 in
1498 4903 1687 4958 Libros
1732 4904 2034 4961 Salomonis
2075 4907 2238 4962 abeo
2277 4908 2732 4964 Commentarium
2784 4909 3104 4965 adornatum
3140 4931 3153 4967 :
3187 4927 3247 4967 ac
3275 4914 3420 4986 prius
3467 4931 3589 4971 eum
3632 4919 3871 4988 quidem,

597 5014 754 5067 quam
782 4999 922 5051 hunc
946 4998 1227 5050 scriberet.
1262 4996 1512 5051 Testatur
1545 4997 1643 5050 hoc
1676 4995 1788 5067 ipSe
1809 5000 1856 5054 in
1891 5001 2046 5066 hujus
2076 4999 2419 5066 Prmfatioue,
2444 5004 2555 5068 ubi,
2583 5002 2902 5066 Salomonis,
2930 5004 3120 5074 inquit,
3144 5004 3485 5061 voluminibus
3507 5009 3872 5082 edisset-endis,

592 5092 982 5160 dispositionum
1006 5092 1117 5161 ejus
1149 5089 1292 5159 (Dei)
1323 5089 1542 5160 glorians
1564 5105 1761 5159 sumus,
1794 5093 1845 5146 in
1881 5105 2127 5163 quantum
2157 5111 2303 5164 posse
2328 5097 2541 5148 contulit
2571 5097 2856 5164 exsequuti.

672 5205 786 5260 Jatn
844 5219 1009 5268 vero,
1065 5201 1309 5258 collectis
1359 5201 1509 5256 hisce
1565 5202 1815 5257 omnibus
1867 5208 1920 5258 in
1969 5220 2130 5259 unum
2174 5205 2350 5270 notis,
2399 5215 2490 5259 aut
2525 5221 2624 5274 ego
2653 5205 2940 5260 admodum
2987 5205 3174 5272 fallor,
3214 5218 3303 5262 aut
3350 5226 3452 5263 non
3490 5208 3669 5279 alius,
3708 5230 3867 5285 quam

597 5299 986 5353 celeberrimus
1008 5297 1218 5352 Paullus
1236 5297 1459 5351 Orosius
1478 5294 1564 5350 hic
1580 5303 1680 5361 est,
1707 5296 1758 5350 iu
1777 5311 1935 5364 quem
1961 5301 2229 5371 graphyce
2251 5314 2438 5352 omnes
2461 5309 2807 5353 concurrunt.
2831 5299 3117 5352 Enimvero
3142 5300 3303 5354 fuisse
3325 5317 3444 5356 eum
3469 5301 3874 5373 Presbyterum,

601 5405 758 5446 nemo
803 5397 886 5444 est
919 5389 1191 5443 hominum
1235 5391 1323 5460 qui
1355 5388 1580 5445 nesciat.
1613 5393 1927 5461 Anonymus
1970 5403 2148 5446 autem
2181 5393 2500 5446 Melliccnsis
2546 5392 2733 5460 Capite
2779 5391 2969 5446 LXIX.
3004 5406 3127 5446 eum
3160 5393 3322 5448 refert
3369 5405 3422 5449 et
3467 5411 3563 5464 pro
3609 5398 3878 5474 Episcopo

602 5484 839 5539 habitum
875 5500 888 5535 :
931 5481 1145 5536 Orosius
1169 5483 1502 5545 venerabilis,
1533 5492 1586 5535 ut
1617 5492 1848 5552 putatur,
1882 5484 2186 5554 Epismpus.
2221 5484 2442 5540 Natiune
2465 5499 2678 5553 quoque
2702 5485 2988 5554 Hispanum
3021 5485 3320 5551 exstitisse,
3354 5489 3508 5558 vulgo
3538 5503 3872 5559 compertum

600 5589 701 5634 est.
729 5577 1032 5632 Gennadius
1055 5578 1181 5646 Cap.
1207 5575 1443 5632 XXXIX.
1470 5575 1680 5629 Orosius
1713 5574 1984 5646 Presbyter
2003 5577 2270 5646 Hispanus
2292 5593 2492 5646 genere,
2521 5588 2623 5632 ctc.
2651 5577 2997 5631 Nmissimum
3027 5579 3125 5631 hoc
3147 5579 3330 5640 etiam.
3354 5580 3491 5648 quod
3518 5581 3566 5634 in
3599 5582 3874 5639 Orientem

603 5672 871 5740 proiectus
893 5671 1016 5726 olim
1041 5672 1129 5735 sit,
1152 5681 1309 5741 atque
1341 5685 1486 5724 anno
1515 5669 1730 5738 quidem
1754 5669 2041 5724 CCCCXV.
2070 5681 2123 5723 ιιι
2145 5681 2197 5723 et
2227 5670 2557 5738 insequentis
2582 5672 2732 5725 initio
2753 5673 3100 5742 ierosolyma:
3127 5671 3321 5726 fuerit:
3356 5674 3406 5729 id
3429 5675 3567 5745 quod
3594 5679 3875 5750 Augustini

604 5784 665 5822 ac
713 5768 805 5821 llic
839 5768 1013 5838 onytni
1044 5767 1108 5822 de
1141 5767 1232 5822 illo
1267 5765 1528 5838 ἁμοιϐαῖαι
1571 5761 1856 5832 Ερῑειυιιιι,
1912 5762 2192 5833 ipsiusmet
2237 5763 2494 5836 Apologia
2523 5808 2536 5834 ,
2587 5772 2694 5819 tota
2742 5764 2973 5835 deni-pte
3021 5764 3301 5832 Pelagiana
3351 5766 3570 5825 lt‘stor'a
3622 5780 3852 5828 testatur
