4094 6344
229 351 301 411 Β9
1539 345 1769 409 VETUS
1807 349 1845 407 Ρ

1916 344 2200 409 ΕῬΑΤΙΟ.
3463 360 3533 414 73

233 465 542 527 Gennadius
573 465 812 534 iterum,
843 462 942 518 Hic
965 473 1042 518 est
1067 463 1300 530 Orosius,
1323 463 1410 534 qui
1437 463 1502 520 ab
1530 465 1818 537 Augustino
1846 483 1938 538 pro
1965 470 2208 523 discenda
2238 483 2426 524 animae
2455 470 2658 527 ratione
2682 471 2750 526 ad
2775 467 3148 544 Hieronymum
3177 473 3386 539 missus,
3420 486 3530 530 etc.

233 564 310 619 Ex
338 574 448 632 quo
476 560 609 616 item
637 566 903 626 constat,
924 557 1066 628 quod
1107 557 1198 612 illa
1228 557 1554 614 adamussim
1579 569 1900 630 tempestate
1928 561 2205 617 literarum
2257 561 2397 617 fama
2430 563 2761 630 inclaruerit,
2792 565 2860 620 ad
2890 580 3049 636 quam
3080 566 3540 622 Commentarium

232 657 464 712 diximus
494 652 882 712 referendum.
913 650 1052 708 Nihil
1077 659 1224 708 certe
1251 660 1335 708 est
1363 666 1661 722 congruum
1693 654 1864 722 magis
1890 669 1954 708 ac
1981 652 2318 722 verosimile,
2344 671 2504 727 quam
2537 667 2594 712 ut
2625 660 2770 713 illum
2801 659 3025 716 Orosius
3055 662 3124 716 ab
3163 660 3343 716 Africa
3373 671 3536 733 atque

240 745 572 816 Augustino,
604 744 684 799 ad
713 758 878 816 quem
907 752 1262 810 remeaverat,
1290 743 1458 799 redux
1489 745 1682 801 deinde
1724 746 1778 801 in
1809 749 2034 816 patriam
2062 757 2186 802 ante
2217 763 2415 818 paucos
2452 745 2621 807 annos
2651 753 2963 810 elaborarit.
3016 757 3092 810 Ac
3124 769 3256 811 sane
3285 755 3426 814 hunc
3465 758 3537 814 de

233 839 448 893 nomine
485 835 970 891 Commentarium
1009 834 1078 889 ab
1126 850 1191 889 eo
1219 835 1455 902 editum,
1502 835 1664 891 modo
1711 837 1957 891 laudatus
2007 840 2324 909 Anonymus
2376 841 2702 898 Melliceusis
2743 844 2911 900 refert
2959 863 2972 899 :
3015 846 3209 902 Scribit
3252 849 3388 902 inter
3433 852 3530 905 alit

238 928 687 985 Commentarium
716 929 772 980 in
791 925 1062 980 duodecim
1089 924 1469 994 Prophetarum
1503 942 1523 982 :
1549 928 1601 981 in
1628 942 1751 982 eum
1775 928 2026 983 videlicet
2052 929 2291 993 Librum,
2319 931 2408 1000 qui
2441 941 2496 986 ut
2520 933 2653 989 alias
2681 934 2747 989 ad
2773 936 3154 1008 Hieronymum
3179 940 3529 1008 ostendimus,

238 1021 515 1076 Duodecim
547 1017 844 1090 PrOpheta:
874 1017 1290 1084 inscribebatur;
1324 1032 1498 1088 neque
1522 1019 1668 1073 enim
1701 1019 1900 1086 refert,
1955 1021 2097 1088 quod
2151 1037 2256 1076 non
2302 1023 2355 1076 in
2387 1039 2575 1079 omnes
2603 1025 2884 1082 duodecim
2911 1068 2928 1095 ,
2969 1029 3064 1083 sed
3095 1031 3148 1084 in
3195 1040 3304 1085 tres
3337 1033 3532 1101 priorct

239 1118 508 1170 dumtaxat
537 1112 632 1167 hic
663 1119 896 1180 superet
925 1153 940 1178 ,
995 1111 1125 1179 quin
1167 1124 1233 1164 eo
1266 1121 1440 1165 tamen
1473 1111 1629 1165 titulo
1659 1112 1962 1167 rectissime
2003 1111 2336 1184 designetur.
2371 1114 2616 1170 Eundem
2666 1117 2720 1171 in
2771 1117 3076 1175 Salomonis
3104 1137 3318 1191 quoque
3373 1122 3527 1178 librat

241 1207 536 1278 scripsisse,
563 1215 772 1260 auctor
793 1213 876 1261 est
898 1204 1228 1260 Trithemius
1257 1219 1376 1272 cap.
1410 1204 1526 1258 XII.
1571 1221 1602 1260 e
1631 1205 1826 1275 quibus
1857 1222 2023 1262 unum
2053 1208 2106 1262 in
2135 1207 2348 1262 Cantica
2381 1207 2708 1263 Canticorum
2733 1221 3000 1269 recenset.
3048 1214 3330 1285 Reliquum
3373 1230 3523 1271 unuu

245 1316 340 1369 est,
372 1305 509 1372 quod
535 1314 594 1359 et
625 1302 849 1358 creditu
879 1301 1094 1372 quidem
1127 1302 1310 1371 paullo
1341 1300 1622 1356 difﬁcilius
1647 1301 1880 1367 videtur,
1916 1302 2155 1372 potuisse
2189 1317 2311 1358 eum
2344 1305 2550 1358 scilicet
2572 1320 2765 1376 magno
2795 1307 3153 1378 Hieronymo,
3187 1309 3253 1363 ad
3283 1309 3437 1379 cujus
3487 1329 3544 1374 ει,

249 1403 389 1469 pedes
433 1401 662 1467 sedisse,
711 1408 772 1454 et
809 1399 963 1469 cujus
1007 1399 1268 1469 eloquium
1291 1410 1480 1458 contra
1513 1400 1834 1470 Pelagianos
1864 1401 1929 1455 ab
1963 1402 2199 1455 universo
2243 1400 2520 1455 Occidente
2550 1403 2680 1457 sicut
2708 1419 2793 1456 ros
2841 1403 2894 1457 in
2937 1404 3098 1458 tellus
3129 1407 3439 1473 exspectari,
3487 1405 3549 1459 in

256 1496 501 1565 Apologia
527 1511 625 1549 sua
661 1494 903 1560 dixerat,
925 1493 1198 1549 adversari
1230 1493 1551 1558 identidem,
1578 1502 1740 1563 atque
1763 1495 1977 1549 inurere
1994 1494 2295 1548 censoriam
2321 1503 2524 1550 notam.
2559 1493 2756 1549 Verum
2781 1495 3046 1564 ejusmodi
3071 1497 3343 1552 innuimus
3376 1499 3543 1556 fuisse

261 1591 485 1645 hominis
508 1590 816 1658 ingenium,
846 1588 1014 1643 nimio
1045 1590 1275 1644 fortasse
1306 1601 1644 1660 expromtum
1672 1599 1831 1661 atque
1879 1591 2101 1657 ardens,
2135 1601 2194 1645 ut
2241 1592 2384 1661 quod
2428 1592 2692 1657 sentiret,
2729 1591 2950 1646 liberius
3006 1593 3254 1661 proloqui
3297 1607 3358 1649 se
3390 1609 3550 1664 posse

268 1683 516 1747 crederet,
547 1684 690 1736 salva
726 1682 967 1737 nominis
1001 1681 1403 1752 llieronymiani
1435 1681 1750 1737 celebritate
1771 1725 1784 1748 ,
1815 1694 1973 1750 atque
2004 1684 2276 1754 Opinione,
2307 1700 2466 1754 quam
2498 1699 2628 1739 sane
2658 1684 2725 1738 de
2757 1683 2849 1737 illo
2880 1687 3136 1754 optimam
3173 1686 3426 1743 habebat.
3470 1689 3552 1742 Re

265 1776 399 1828 enim
427 1789 538 1828 vera
565 1775 696 1828 alibi
732 1773 939 1839 laudat,
964 1773 1142 1828 ethoc
1172 1774 1324 1842 ipso,
1357 1788 1463 1843 quo
1513 1789 1637 1829 eum
1671 1776 1848 1844 Opere
1875 1775 2142 1830 interdum
2177 1776 2428 1844 suggillat
2451 1818 2465 1840 ,
2501 1776 2712 1832 laudem
2739 1778 2814 1831 illi
2846 1776 2939 1831 dat
2983 1779 3225 1832 omnium
3256 1781 3548 1835 maximam

256 1868 387 1938 quod
421 1878 645 1923 suasmet
672 1866 1049 1938 Expositionis
1080 1867 1359 1922 materiem
1395 1868 1521 1922 facit
1553 1870 1722 1937 ipsam
1770 1884 1892 1924 esse
1922 1869 2392 1940 Hieronymianam
2422 1886 2485 1925 ex
2518 1872 2744 1927 Hebrtno
2778 1873 3187 1927 translationem
3219 1916 3231 1939 ,
3278 1875 3550 1943 p'erisque

250 1961 498 2026 inrisam,
527 1969 584 2016 et
612 1975 784 2031 quam
817 1971 944 2015 ante
965 1975 1024 2015 se
1073 1974 1233 2015 nemo
1258 1997 1274 2025 ,
1309 1969 1400 2014 aut
1428 1960 1579 2029 pauci
1623 1960 1913 2014 admodum
1947 1961 2288 2030 probassent,
2318 1961 2510 2016 Vetere
2541 1962 2631 2016 illa
2658 2004 2673 2025 ,
2726 1979 2843 2032 quae
2880 1963 3194 2032 jamdudum
3238 1964 3303 2018 ad
3350 1981 3543 2020 manus

247 2059 474 2112 omnium
498 2069 646 2121 erat,
693 2056 882 2111 valere
924 2055 1075 2124 jussa
1102 2094 1118 2118 ,
1169 2063 1224 2109 et
1252 2056 1440 2109 vitiata:
1469 2057 1770 2109 elocutionis
1802 2063 1962 2124 atque
1991 2057 2256 2125 intercepti
2295 2073 2472 2110 sensus
2502 2055 2590 2129 (In
2637 2055 2827 2129 Prtef.)
2882 2067 3088 2116 notata.
3125 2060 3274 2127 Quod
3325 2063 3546 2131 quidem

245 2169 506 2222 magnum,
541 2162 720 2223 atque
749 2152 964 2207 illustre
995 2149 1202 2205 facinus
1225 2149 1361 2204 adeo
1389 2157 1473 2204 est
1495 2166 1614 2205 cum
1645 2149 2074 2219 Hieronymianae
2098 2150 2356 2203 doctrina:
2387 2148 2783 2204 existimatione
2813 2164 3017 2204 summa
3055 2151 3403 2220 conjunctum
3432 2197 3447 2220 ,
3480 2164 3542 2208 ut

244 2243 354 2298 banc
372 2243 576 2300 deinde
619 2245 716 2297 vix
748 2242 921 2312 possit
948 2249 1043 2296 aut
1068 2255 1135 2295 ne
1162 2241 1247 2295 vix
1278 2240 1492 2310 quidem
1518 2241 1650 2297 locis
1680 2253 1732 2297 et
1752 2243 1953 2308 verbis,
1978 2242 2170 2309 quibus
2194 2241 2310 2311 ejus
2340 2242 2622 2297 sententiae
2652 2242 2895 2312 quaedam
2919 2239 3240 2306 refutantur,
3268 2243 3542 2299 imminui.

241 2342 425 2396 Fuisse
451 2351 649 2396 autem
684 2338 956 2410 ejusmodi
979 2336 1229 2394 Orosium
1263 2345 1488 2403 natura,
1522 2347 1577 2392 ut
1609 2337 1865 2407 quidquid
1895 2339 2158 2404 sentiret,
2189 2336 2346 2392 valde
2374 2338 2601 2392 sentiret
2628 2379 2643 2404 ,
2697 2349 2748 2391 et
2780 2353 2876 2407 pro
2905 2353 2965 2393 re
3016 2347 3136 2392 nata
3181 2337 3391 2393 animos
3441 2339 3545 2393 sibi

237 2440 501 2496 sumeret,
527 2437 870 2500 argumento
897 2431 1003 2485 erit
1033 2429 1229 2499 sapius
1255 2428 1466 2483 laudata
1499 2429 1617 2497 ejus
1645 2429 1927 2500 Apologia,
1961 2429 2136 2498 inqua
2160 2430 2420 2489 Joannem
2451 2429 2959 2500 Jerosolyniitanum
2994 2430 3343 2501 Episcopum,
3380 2441 3540 2487 tanta:

236 2522 503 2594 dignitatis
533 2523 851 2588 hominem,
880 2523 1086 2577 favoris
1112 2523 1166 2577 in
1206 2522 1521 2590 Pelagianas
1548 2531 1730 2591 partes
1759 2522 2071 2577 insimulare
2101 2521 2229 2577 nihil
2251 2531 2472 2577 veretur
2499 2563 2514 2587 ,
2555 2532 2609 2577 et
2637 2530 2839 2575 tantum
2874 2537 2979 2575 non
3011 2521 3268 2576 conviciis
3297 2521 3540 2578 incessit.

237 2616 430 2672 Contra
455 2632 572 2671 non
602 2616 772 2670 aliam
810 2614 1170 2685 Hieronymo,
1199 2629 1358 2683 quam
1391 2612 1686 2667 literariam
1719 2612 1893 2667 dicam
1925 2614 2196 2683 impingit,
2231 2623 2389 2680 atque
2420 2613 2557 2667 hanc
2579 2612 2792 2682 quidem
2840 2612 2931 2667 illo
2984 2612 3289 2682 scriptionis
3315 2629 3535 2681 genere,

234 2724 338 2779 quo
360 2709 490 2764 nulli
515 2724 640 2763 non
670 2707 838 2762 licere
864 2706 1094 2772 videtur,
1119 2720 1318 2760 exuere
1348 2704 1685 2775 obsequium,
1710 2705 1918 2760 ctintcr
1936 2707 2201 2758 variorum
2225 2704 2413 2774 placita
2445 2703 2588 2773 quod
2621 2703 2972 2770 incongruum
3007 2711 3179 2771 putat,
3210 2713 3297 2757 aut
3327 2703 3542 2768 falsum,

234 2801 507 2868 refellere;
544 2815 738 2869 neque
765 2799 858 2853 ille
889 2797 1180 2851 contemtui
1217 2797 1401 2850 haberi
1431 2794 1733 2850 censendus
1762 2804 1864 2855 est.
1894 2810 1921 2848 a
1955 2810 2060 2864 quo
2087 2795 2222 2848 alius
2254 2809 2499 2848 seorsum
2520 2793 2704 2848 sentit.
2755 2792 2875 2848 Uno
2902 2793 3089 2858 verbo,
3123 2809 3227 2847 non
3262 2793 3376 2848 lucc
3406 2792 3541 2847 mihi

233 2893 448 2952 demum
483 2893 633 2949 tanti
689 2900 778 2947 est
807 2905 1021 2954 caussa,
1069 2904 1166 2944 cur
1196 2889 1341 2944 hunc
1369 2888 1561 2943 Orosio
1588 2885 2045 2944 Commentarium
2091 2884 2391 2954 abjudicem
2412 2925 2427 2950 ,
2459 2884 2614 2953 cujus
2649 2899 2770 2938 eum
2801 2885 3090 2940 Auctorem
3137 2885 3358 2953 reliqua:
3406 2893 3547 2940 nota:

233 3005 420 3047 omnes
451 2989 781 3058 designant.

301 3083 480 3153 Atque
525 3083 651 3136 lure
682 3120 698 3144 ,
734 3065 1102 3133 lllusirissime
1139 3088 1204 3130 ac
1231 3072 1704 3130 Reverendissime
1753 3071 2062 3127 Patriarcha
2105 3072 2374 3126 Dntrumn
2406 3086 2465 3125 ea
2507 3081 2666 3138 sunt,
2714 3086 2837 3141 qua:
2883 3070 2952 3125 ad
3003 3069 3255 3124 Ruﬁnum
3304 3071 3371 3124 de
3417 3069 3548 3124 Tuis

234 3180 584 3248 potissimum
618 3173 1034 3242 exemplaribus
1079 3171 1387 3242 archetypis
1421 3170 1545 3225 Mss.
1575 3167 1953 3238 expoliendum
1979 3209 1992 3231 ,
2040 3169 2232 3221 studiis
2261 3169 2391 3223 meis
2421 3168 2624 3222 contuli
2652 3187 2663 3220 :
2698 3185 2814 3237 qua
2847 3177 2901 3221 et
2928 3167 3047 3222 Tibi
3096 3175 3319 3233 accepta
3353 3163 3543 3217 referri

233 3284 447 3335 mquum
472 3279 580 3334 est,
618 3275 679 3319 et
704 3265 835 3319 milii
863 3262 1316 3334 perhonorificum
1343 3261 1710 3331 proposuisse,
1741 3258 1814 3314 Te
1838 3257 2045 3327 judice,
2071 3258 2223 3327 cujus
2249 3257 2452 3328 judicio
2476 3257 2798 3326 reprehendi
2824 3273 2908 3312 res
2938 3270 3104 3320 meas,
3126 3270 3284 3323 quam
3314 3254 3544 3308 aliorum

235 3361 446 3413 laudar.
474 3360 694 3412 malim.

237 3544 3535 3574 ___________________________,_________________________._.__.__

1204 3773 1244 3821 ε)
1345 3696 1760 3838 dictus
1835 3698 2449 3874 praefatio.

1182 4068 1728 4131 ORNATISSIMO
1771 4066 2117 4129 LECTlSSl
2130 4064 2402 4137 MOQUE
2447 4065 2642 4126 VlllO

917 4259 1544 4364 D.JOANNI
1621 4255 1710 4358 Α
1787 4253 2296 4358 SANCTO
2375 4249 2905 4354 ANDREA

1315 4467 1396 4523 PA
1409 4464 1736 4521 RISIENSIS
1779 4460 2128 4517 ECCLI’SUE
2170 4457 2512 4513 CANUNILO

755 4645 1273 4717 RENATUS
1357 4640 2038 4713 LAURENTIUS
2119 4639 2256 4706 DE
2313 4637 2468 4736 _I_._A
2547 4635 2920 4707 BABBE
2988 4630 3072 4705 ξ’.

1466 4825 2358 4860 -κ--ΘοΦ--αρ-

313 4998 608 5064 Quantum
658 4991 723 5044 iis
752 4989 992 5041 debeatur
1027 4984 1095 5038 ο.
1137 5003 1167 5039 u
1206 4983 1394 5038 Sancto
1447 4983 1652 5036 Andrea
1673 5021 1687 5045 ,
1733 4979 1822 5048 qui
1864 4985 2071 5032 vetustis
2119 4973 2390 5028 novitatem
2417 5012 2432 5036 ,
2461 4972 2604 5024 novis
2634 4969 2991 5023 auctoritatem
3012 5008 3026 5029 .
3061 4966 3296 5021 obsoletis
3322 4968 3535 5021 nitorem
3556 5009 3568 5030 ,

235 5062 494 5147 obscuris
527 5090 700 5140 lucem
725 5123 739 5148 ,
774 5093 820 5134 et
851 5082 924 5149 (ut
960 5091 1114 5133 totam
1151 5077 1441 5131 Plinianam
1470 5075 1737 5147 periodum
1766 5069 2031 5141 usurpem)
2065 5066 2304 5138 fastiditis
2329 5066 2456 5118 dare
2485 5065 2731 5135 gratiam,
2761 5063 2929 5116 dubiis
2957 5062 3110 5131 ﬁdem
3131 5102 3144 5117 .
3183 5063 3415 5115 omnibus
3444 5079 3562 5116 vero

233 5199 508 5243 naturam
537 5226 550 5246 ,
591 5189 639 5234 et
673 5188 873 5231 naturtc
900 5191 1007 5228 sua:
1029 5174 1195 5226 omnia
1228 5172 1484 5241 indefesso
1514 5169 1686 5224 studio
1729 5170 1988 5229 nituntur,
2026 5163 2188 5219 verbis
2215 5161 2456 5230 consequi
2493 5159 2849 5229 difﬁcillimum
2874 5174 3072 5227 semper
3103 5175 3204 5211 non
3245 5159 3395 5211 modo
3417 5159 3561 5228 judi-

235 5280 437 5332 cabam
470 5317 487 5338 ,
540 5274 646 5324 imo
689 5265 995 5337 cogitatione
1038 5263 1301 5333 complecti
1345 5264 1429 5316 vix
1455 5260 1746 5314 arbitrabar
1774 5275 1880 5312 esse
1900 5259 2010 5327 ejus
2035 5295 2049 5319 ,
2081 5257 2169 5326 qui
2198 5263 2398 5309 veretur
2425 5253 2862 5323 reprehensionem
2883 5251 3143 5304 doctorum
3166 5260 3317 5318 atque
3343 5251 3563 5317 pruden-

235 5376 403 5426 tium.
459 5365 683 5420 Marcus
714 5358 918 5412 Tullius
943 5399 958 5425 ,
1001 5371 1101 5425 quo
1141 5364 1384 5422 tanquam
1416 5362 1625 5424 parente
1664 5352 1920 5422 gloriatur
1947 5349 2133 5402 Latina
2179 5346 2500 5416 eloquentia,
2543 5346 2722 5414 quinto
2760 5342 3170 5396 Tusculanarum
3200 5341 3561 5411 quiestionum,

233 5467 383 5518 inter
431 5456 713 5530 prwcipua
759 5450 1020 5521 felicitatis
1049 5449 1322 5518 deputavit
1346 5488 1361 5511 ,
1413 5462 1619 5515 praeque
1663 5444 1857 5498 caeteris
1893 5442 2041 5496 illum
2071 5441 2205 5494 diem
2243 5438 2617 5492 observandum
2643 5447 2808 5491 censet
2829 5436 3097 5530 augustius
3119 5474 3133 5498 ,
3165 5435 3345 5530 inquo
3367 5432 3560 5530 dudum

237 5523 568 5627 ignoratum
601 5565 632 5600 a
661 5544 1022 5616 Syracusanis.
1056 5558 1172 5596 cum
1201 5558 1310 5595 esse
1347 5541 1558 5594 omnino
1590 5547 1856 5608 negarent,
1883 5547 2080 5607 septum
2112 5533 2337 5603 undique
2356 5576 2370 5598 ,
2400 5541 2446 5584 et
2467 5531 2703 5584 vestitum
2729 5531 2958 5600 vepribus
2982 5538 3028 5580 et
3053 5526 3272 5578 dumetis
3301 5523 3564 5626 Archime—Z

239 5622 330 5702 dis
363 5640 722 5714 sepulchrum
766 5638 953 5692 detexit
979 5651 998 5690 :
1047 5636 1248 5690 tenebat
1299 5637 1435 5690 enim
1483 5634 1734 5704 quosdam
1775 5628 2062 5685 senariolos
2090 5667 2106 5691 ,
2136 5643 2262 5696 quos
2293 5625 2346 5678 in
2374 5626 2486 5694 ejus
2513 5631 2840 5714 monumento
2866 5622 3410 5714 inscriptosacceperat
3437 5622 3563 5714 :qui

241 5709 614 5792 declarabant
636 5732 688 5783 in
715 5744 912 5782 summa
931 5727 1203 5796 sepulchro
1231 5728 1470 5796 spheram
1502 5743 1610 5781 esse
1641 5726 1862 5792 positam
1897 5739 2014 5777 cum
2052 5719 2307 5789 cylindro.
2352 5715 2436 5774 Ita
2461 5716 2774 5770 nobilissima
2799 5711 3017 5767 Gracia:
3045 5709 3225 5762 civitas
3246 5749 3260 5773 ,
3305 5710 3565 5776 quondam

237 5848 379 5893 vero
411 5830 579 5886 etiam
620 5824 952 5891 doctissima,
993 5824 1075 5880 sui
1117 5823 1240 5880 civis
1283 5824 1437 5879 unius
1465 5821 1748 5877 acutissimi
1783 5823 2159 5873 monumentum
2191 5812 2510 5881 ignorasset,
2543 5810 2641 5865 nisi
2671 5807 2733 5863 ab
2763 5803 2969 5860 homine
3001 5801 3161 5871 Arpin
3201 5811 3246 5854 te
3277 5801 3560 5861 didicit“!-
