4094 6344
593 352 650 408 71
1905 343 2126 402 \‘ETl'S
2167 345 2558 402 PRASFATIO.
3785 342 3860 397 72

585 465 880 539 Ignorasset
909 469 1064 522 etiam
1087 463 1268 538 optimi
1298 461 1437 518 Vatis
1463 501 1479 528 ,
1519 471 1567 516 et
1601 460 1750 531 cujus
1786 459 1918 514 alias
1960 458 2153 514 ercaa
2181 459 2379 533 lingua:
2425 457 2758 514 emendanda
2782 458 3065 512 auctoritas
3092 458 3259 528 fuerat
3283 456 3579 512 concredita
3604 498 3618 519 .
3655 471 3860 512 carmen

582 565 772 619 divina:
794 563 1034 618 Odisseas
1078 575 1124 617 et
1153 561 1353 616 Iliados
1377 575 1397 614 :
1427 559 1526 612 nisi
1557 557 1819 629 Lycurgus
1850 555 2236 611 Lacedtemonis
2264 573 2329 612 ex
2367 555 2520 610 Ionia
2561 556 2616 609 in
2660 552 2911 608 Graeciam
2939 554 3295 619 importasset,
3329 561 3376 606 et
3402 551 3503 604 nisi
3532 552 3860 620 postmodum

581 659 896 728 discerptum
927 654 1237 711 Pisistratus
1277 654 1584 724 collegisset,
1615 660 1768 721 atque
1794 653 1866 705 ita
1893 649 2080 704 distina
2092 650 2211 704 isset
2235 690 2252 716 ,
2281 647 2712 720 quemadmodum
2740 645 2835 699 hoc
2860 655 3090 715 tempore
3115 644 3324 716 legitur,
3354 643 3586 698 adhibito
3613 653 3860 698 rnetatore

582 751 903 805 Aristarcho.
949 750 1044 804 llis
1075 751 1285 820 inquam
1327 751 1450 820 quid
1478 751 1723 805 debeatur
1761 748 2030 817 afﬁrmavit
2060 749 2234 800 adhuc
2263 762 2438 812 nemo,
2469 761 2559 798 nec
2586 744 2818 814 fortassis
2839 759 3052 814 usquam
3079 752 3252 811 postea
3293 741 3563 810 afﬁrmavit
3585 755 3605 793 :
3635 741 3861 810 quandiu

573 841 780 912 fuerint
803 886 820 911 ,
857 843 952 912 qui
990 842 1108 896 inde
1133 842 1296 912 aliqui
1327 843 1632 912 proficient:
1660 841 1737 896 vel
1775 842 1839 894 ob
1879 841 1972 894 hoc
2009 857 2188 894 rursus
2229 839 2366 908 quod
2395 838 2549 891 tantis
2581 853 2672 904 pro
2701 837 2912 906 vigiliis,
2946 836 3220 901 laboribus,
3251 837 3524 890 sudoribus
3545 835 3730 902 quibus
3760 835 3861 888 illis

590 936 953 1006 castigationes
990 937 1308 990 constiterint
1355 937 1515 1007 digna
1557 935 1682 989 satis
1729 933 2099 988 commendatio
2144 931 2322 986 haberi
2361 931 2469 984 ulla
2511 947 2612 983 non
2644 931 2838 998 possit,
2869 939 3067 982 tantum
3106 929 3244 982 abest
3275 939 3329 982 ut
3360 930 3552 982 meritis
3581 943 3677 996 par
3705 929 3858 996 possit

587 1025 792 1093 referri.
829 1022 1038 1078 Habent
1059 1026 1309 1092 siquidem
1339 1028 1648 1095 reliquorum
1677 1025 1852 1078 studia
1877 1041 1996 1078 suas
2027 1023 2346 1076 amwnitates
2366 1063 2379 1085 ,
2412 1023 2578 1076 varios
2616 1037 2842 1076 secessus
2861 1062 2875 1086 ,
2905 1021 3090 1091 quibus
3115 1021 3346 1075 lectionis
3374 1021 3584 1074 taedium
3611 1035 3745 1074 nova
3772 1022 3860 1076 de-

586 1121 856 1170 lectatione
883 1116 1168 1174 sublevant.
1209 1118 1273 1170 At
1305 1118 1382 1171 illi
1411 1119 1498 1186 qui
1528 1117 1826 1170 Herculano
1865 1115 2038 1169 labore
2076 1123 2342 1170 versantur
2367 1115 2419 1167 in
2443 1126 2666 1166 veterum
2695 1114 3032 1166 monumentis
3077 1113 3476 1184 pervestigandis
3502 1126 3551 1168 et
3589 1115 3859 1169 restituen-

590 1208 694 1272 dis,
749 1209 873 1277 quid
892 1225 1061 1278 quasso
1087 1209 1272 1264 habere
1297 1217 1532 1278 possunt,
1576 1209 1714 1278 quod
1751 1207 1974 1262 studium
2013 1207 2242 1261 recreet?
2281 1206 2406 1276 quid
2435 1205 2572 1274 quod
2602 1205 2866 1273 fastidium
2893 1206 3156 1270 excutiat,
3189 1205 3288 1258 nisi
3309 1205 3527 1260 alterum
3549 1205 3860 1275 fastidium?

588 1301 662 1354 ita
685 1311 740 1354 ut
777 1302 823 1356 si
846 1318 946 1371 qua
966 1303 1199 1370 voluptas
1226 1318 1312 1356 eos
1340 1302 1620 1371 aliquando
1643 1301 1920 1372 perfundat
1964 1317 2029 1354 ex
2058 1300 2270 1354 inventis
2307 1301 2528 1368 alicujus
2555 1297 2780 1352 auctoris
2821 1298 3056 1368 scriptis,
3087 1297 3306 1351 subinde
3327 1297 3380 1351 in
3401 1298 3580 1351 iisdem
3609 1315 3859 1370 recogno-

573 1395 800 1459 scendis,
830 1393 1245 1463 sarciendisque,
1289 1405 1494 1464 propter
1526 1395 1759 1458 lacunas,
1799 1401 2066 1456 corruptos
2109 1391 2268 1457 locos,
2297 1389 2594 1442 dimidiatus
2625 1387 2861 1458 paginas,
2892 1402 3067 1441 exesos
3097 1386 3436 1450 characteres,
3463 1386 3580 1455 plus
3601 1391 3862 1444 enascitur

579 1487 828 1550 maeroris,
856 1501 1007 1556 quam
1033 1483 1198 1552 fuerat
1227 1495 1344 1538 ante
1374 1493 1663 1556 perceptum
1692 1500 1755 1538 ex
1783 1483 2074 1536 inventione
2102 1481 2454 1536 delectationis
2473 1496 2492 1534 :
2519 1489 2573 1532 ut
2595 1481 2816 1534 noverim
2845 1495 2935 1549 ego
2957 1481 3179 1548 aliquos,
3198 1480 3285 1549 qui
3315 1481 3581 1533 thesauros
3608 1483 3862 1552 ejusmodi

576 1592 608 1628 α
637 1593 690 1630 se
717 1589 943 1643 repertos
969 1578 1260 1630 maluerunt
1302 1576 1365 1629 de
1403 1576 1754 1630 emendatione
1793 1575 2122 1644 desperantes
2153 1573 2360 1626 omnino
2405 1573 2721 1642 supprimere
2741 1612 2753 1632 ,
2794 1587 2952 1640 quam
2979 1569 3358 1639 qualescunque
3386 1571 3532 1625 edere
3555 1572 3610 1625 in
3645 1571 3813 1626 lucem
3842 1591 3860 1628 :

572 1667 780 1723 menda.
799 1670 964 1723 iorum
1003 1670 1249 1722 nimirum
1283 1685 1438 1740 quam
1487 1668 1800 1739 syllabarum
1846 1667 2078 1720 ditiores.
2139 1664 2322 1736 Itaque
2365 1667 2408 1718 si
2453 1682 2517 1718 ex
2566 1666 2661 1718 hoc
2707 1667 2818 1718 loco
2857 1666 3116 1734 paulisper
3145 1667 3262 1720 licet
3286 1667 3513 1736 evagari,
3543 1665 3863 1738 praestitisset

576 1764 836 1816 interdum
866 1779 1043 1816 eor-um
1067 1763 1303 1834 quaedam
1329 1779 1442 1831 qua:
1471 1765 1901 1833 circumferuntur
1930 1778 2193 1831 nunquam
2218 1777 2404 1815 excusa
2432 1802 2446 1826 ,
2476 1778 2630 1831 quam
2660 1762 2732 1815 ita
2761 1762 2946 1815 excudi
2977 1772 3030 1816 ut
3057 1763 3158 1816 sint
3185 1779 3421 1817 errorum
3453 1762 3864 1831 mendarumque

576 1856 765 1924 verius,
795 1871 950 1925 quam
975 1856 1222 1908 doctrina
1246 1855 1545 1908 seminaria.
1587 1852 1653 1908 Et
1682 1867 1818 1908 certe
1837 1854 1948 1922 quis
1971 1855 2155 1908 modus
2183 1870 2291 1908 esse
2310 1864 2492 1923 potest,
2524 1854 2647 1906 dum
2671 1857 2844 1908 omnia
2863 1871 3022 1925 prape
3047 1871 3110 1908 ex
3135 1855 3431 1926 conjectura
3464 1855 3819 1926 persequimur
3844 1871 3858 1908 :

575 1963 690 2016 qua
711 1947 982 2010 certitudo,
1029 1961 1146 2000 cum
1185 1945 1311 2016 quid
1347 1962 1400 1998 tn
1438 1955 1652 1998 mentem
1687 1946 1841 1999 alteri
1882 1945 2053 2000 venire
2087 1945 2250 2005 potuit
2275 1985 2292 2012 ,
2338 1947 2637 1999 divinatur?
2685 1945 2809 2011 Quis
2847 1946 3050 1999 demum
3073 1946 3320 1999 evadendi
3343 1946 3485 2000 locus
3515 1963 3606 2018 per
3633 1958 3794 2017 syrtes
3809 1955 3862 2000 et

573 2040 812 2112 scopulos
837 2040 1061 2110 Aperite,
1093 2056 1208 2094 cum
1252 2039 1512 2094 videamus
1551 2041 1603 2093 in
1640 2040 1786 2094 vad's
1811 2081 1827 2107 ,
1855 2041 2053 2094 stativis
2082 2050 2128 2093 et
2165 2041 2427 2094 navalibus
2457 2039 2709 2108 principes
2737 2041 2870 2093 v'ros
2895 2039 3119 2108 hatrere,
3152 2040 3456 2111 impingere,
3491 2041 3758 2104 altercari,
3803 2041 3856 2094 in

573 2135 801 2203 simpulo
827 2149 1040 2206 magnos
1067 2134 1196 2188 ciere
1223 2135 1436 2204 fluctus,
1460 2135 1775 2189 committere
1803 2140 1867 2190 de
1889 2135 2035 2206 nugis
2059 2149 2268 2204 magnas
2295 2132 2554 2186 interdum
2580 2130 2856 2200 tragoedias
2883 2146 2901 2183 :
2925 2140 2974 2184 et
2995 2132 3135 2201 quod
3164 2132 3364 2186 irritam
3392 2133 3622 2186 omnium
3653 2149 3862 2202 operam

573 2226 718 2295 facit,
745 2223 990 2292 proﬁcere
1015 2223 1156 2278 novis
1195 2223 1616 2296 castigationibus
1638 2224 1867 2294 quotidie
1899 2241 2051 2278 novas
2078 2226 2324 2278 editiones
2349 2239 2368 2278 :
2394 2225 2652 2278 videamus
2682 2223 2892 2291 insuper
2919 2225 2971 2278 id
2999 2239 3155 2295 genus
3181 2239 3448 2280 occurrere
3475 2225 3675 2296 reliqua
3695 2267 3712 2294 ,
3745 2241 3859 2292 qua

571 2316 666 2372 etsi
694 2316 848 2383 ﬁdem
877 2315 1100 2377 elevant,
1125 2315 1291 2368 nihilo
1313 2324 1482 2366 tamen
1509 2314 1676 2369 minus
1698 2315 1773 2393 rei
1799 2331 1902 2368 non
1928 2317 2163 2370 minuunt
2194 2317 2561 2386 difficultatem,
2594 2317 2868 2384 quominus
2893 2318 3054 2371 multa
3079 2317 3182 2371 sint
3213 2318 3376 2372 doctis
3407 2319 3740 2389 perferenda,
3775 2321 3862 2390 qui

569 2418 843 2463 auctorum
881 2409 1206 2478 castigationi
1232 2417 1283 2462 et
1311 2408 1526 2462 editioni
1561 2408 1831 2479 invigilant
1859 2452 1872 2476 ,
1904 2409 2192 2479 quoties.de
2216 2411 2452 2464 maximis
2475 2421 2521 2465 et
2543 2409 2734 2465 levibus
2757 2409 3094 2464 dubitandum
3113 2451 3128 2476 ,
3153 2411 3508 2481 cogitandum,
3529 2413 3860 2468 evolvendum

577 2503 625 2558 si
655 2502 742 2573 qui
783 2502 878 2556 alii
907 2501 1038 2554 hanc
1067 2501 1277 2555 eandem
1311 2491 1587 2554 'materiam
1626 2501 1950 2554 tractaverint
1973 2517 1991 2553 :
2039 2503 2235 2572 quoties
2265 2503 2452 2572 passim
2480 2519 2543 2556 ex
2576 2501 2922 2573 conjectandis
2950 2501 3231 2573 aliquando
3253 2501 3522 2558 levissimis
3551 2505 3719 2558 multa
3743 2521 3858 2557 mu-

575 2595 758 2661 tanda,
805 2593 1055 2647 nonnulla
1101 2593 1414 2663 reponenda.
1458 2591 1610 2656 Quod
1647 2601 1894 2660 quantum
1943 2593 2122 2646 habeat
2163 2609 2364 2657 operae,
2418 2605 2604 2647 norunt
2634 2592 2729 2645 hac
2753 2601 2900 2646 cetate
2924 2608 3025 2646 non
3050 2592 3226 2659 pauci,
3270 2592 3360 2647 sed
3395 2600 3453 2647 tu
3484 2593 3738 2663 imprimis
3761 2594 3861 2664 (vir

576 2686 936 2756 ornatissime)
976 2685 1064 2754 qui
1115 2685 1297 2740 harum
1344 2700 1517 2738 rerum
1562 2676 2013 2740 exercitatissimus
2041 2727 2056 2751 ,
2099 2701 2201 2740 non
2245 2687 2432 2739 desinis
2478 2687 2699 2740 maximo
2744 2685 3031 2740 studiorum
3079 2694 3355 2754 proventu,
3400 2684 3575 2754 reique
3619 2685 3861 2741 literarite

575 2779 866 2833 accessione
893 2782 1123 2847 proferre
1166 2779 1229 2832 de
1264 2786 1352 2830 tua
1401 2777 1553 2831 divite
1601 2776 1898 2831 bibliotheca
1937 2778 2094 2833 bonos
2133 2778 2360 2846 quotidie
2389 2789 2655 2844 auctores,
2679 2794 2871 2850 proque
2896 2789 2980 2831 tuo
3010 2777 3063 2832 in
3092 2777 3483 2847 Rempublicam
3509 2788 3660 2848 grato
3689 2779 3859 2834 animo

577 2871 872 2939 perquirere
920 2868 1117 2938 magnis
1159 2867 1447 2935 sumptibus
1475 2868 1736 2938 undique,
1789 2867 1942 2937 siqui
1971 2869 2170 2920 codices
2204 2866 2307 2922 Ils.
2361 2869 2639 2922 habeantur
2683 2866 3099 2938 castigatissimi,
3148 2867 3329 2937 quibus
3372 2868 3610 2937 impressi
3653 2882 3859 2940 possent

575 2962 834 3032 conferri,
880 2961 924 3015 si
953 2963 1041 3032 qui
1084 2977 1262 3016 rursus
1311 2970 1558 3015 restarent
1603 2977 1717 3014 cum
1745 2963 1920 3030 aliquo
1963 2961 2130 3032 fructu
2174 2963 2518 3030 imprimendi.
2561 2959 2629 3014 Et
2659 2962 2728 3013 ita
2755 2960 2957 3031 quidem
2979 2999 2992 3022 ,
3041 2969 3094 3012 ut
3123 2961 3186 3014 de
3213 2971 3259 3013 te
3285 2971 3523 3015 testatum
3541 2962 3860 3034 jampridem

579 3055 845 3109 doctorum
873 3056 1193 3110 sermonibus
1216 3056 1536 3122 audiverim,
1562 3055 1762 3109 nullum
1790 3072 1962 3110 eorum
1986 3057 2072 3125 qui
2105 3066 2224 3110 tunc
2245 3058 2418 3111 vivunt
2445 3055 2595 3127 (absit
2620 3053 2768 3108 verba
2807 3054 3021 3125 invidia)
3047 3055 3263 3109 existere
3284 3054 3369 3123 qui
3394 3053 3615 3122 fselicius
3643 3062 3694 3109 el
3718 3053 3862 3108 salu-

577 3149 719 3204 brius
748 3148 1039 3206 Chiromam
1067 3165 1276 3204 manum
1297 3146 1579 3205 admoverit
1599 3151 1674 3203 rei
1695 3149 1917 3204 libraria:
1937 3165 1956 3204 :
1987 3159 2033 3204 et
2063 3154 2150 3220 qui
2178 3150 2439 3204 liberalius
2469 3150 2674 3220 optima:
2703 3157 2836 3201 nota:
2858 3149 3165 3216 scriptorum
3197 3147 3438 3217 (quorum
3467 3147 3622 3202 modo
3645 3146 3860 3203 lectione

579 3241 802 3295 studiosi
831 3241 1096 3311 fruuntur)
1137 3240 1492 3312 impressiones
1527 3240 1740 3308 juverit,
1781 3243 2008 3308 auxerit,
2049 3243 2374 3313 promoverit,
2425 3251 2576 3311 atque
2617 3253 2672 3297 tu
2702 3244 2810 3310 ipse
2837 3257 2987 3311 quem
3009 3257 3040 3294 a
3069 3239 3138 3296 D.
3165 3240 3371 3312 Optimo
3404 3239 3639 3296 Maximo
3666 3241 3720 3298 in
3749 3243 3860 3297 hac

575 3332 880 3386 calamitosa
907 3341 1136 3401 tempora
1161 3331 1220 3385 ob
1243 3331 1298 3384 id
1323 3338 1633 3385 reservatum
1664 3332 1830 3387 dicere
1860 3332 2018 3396 soleo,
2053 3348 2116 3385 ne
2159 3334 2322 3386 literae
2352 3332 2755 3386 obsolescerent:
2795 3347 2914 3385 neve
2943 3333 3153 3396 deesset,
3180 3332 3266 3402 qui
3293 3331 3681 3388 honestissimas
3704 3333 3860 3388 hone-

571 3421 666 3477 stis
695 3422 758 3474 de
798 3423 946 3475 rebus
987 3420 1450 3493 Typographorum
1477 3421 1873 3475 concertationes
1913 3419 2217 3474 illustraret.
2264 3420 2538 3475 Testantur
2565 3422 2694 3475 illud
2722 3422 3028 3489 jampridem
3076 3430 3148 3474 tot
3193 3431 3430 3492 tantaque
3454 3432 3578 3492 quot
3624 3426 3859 3479 exierunt

572 3513 833 3569 volumina
857 3553 870 3575 ,
905 3528 1022 3565 cum
1067 3513 1244 3579 aliqua
1291 3513 1368 3566 tui
1411 3513 1712 3583 praefatione
1754 3512 1975 3565 nominis
1999 3527 2018 3566 :
2049 3514 2316 3566 testabitur
2362 3514 2514 3566 etiam
2554 3512 2688 3566 illud
2717 3514 3164 3578 inpraesentiarum
3195 3513 3372 3581 Ruﬁni
3399 3531 3668 3580 nunquam
3709 3525 3860 3571 antea

573 3604 708 3674 typis
729 3604 1056 3657 commissum
1081 3619 1210 3669 apus
1237 3644 1250 3668 ,
1280 3605 1431 3664 cuius
1455 3620 1569 3658 cum
1592 3603 1851 3672 exemplar
1874 3600 2096 3655 Domino
2121 3604 2184 3656 de
2208 3602 2258 3656 la
2282 3601 2443 3673 Bigne
2474 3601 2788 3672 Pneceptori
2814 3620 2924 3658 meo
2958 3603 3246 3675 Theologo,
3281 3604 3436 3675 hujus
3464 3610 3628 3661 a'tatis
3653 3617 3761 3662 tam
3800 3612 3860 3663 ob

577 3712 777 3751 morum
807 3701 1104 3756 candorem.
1135 3714 1290 3768 quam
1313 3700 1374 3751 ob
1397 3697 1708 3768 singularem
1738 3696 1849 3764 ejus
1880 3696 2214 3749 eruditionem
2246 3695 2570 3748 meritissimo
2589 3736 2604 3761 ,
2645 3697 2919 3765 petendum
2951 3697 3230 3750 iudicasses
3254 3737 3267 3760 ,
3299 3711 3363 3752 ex
3389 3697 3623 3767 reliquiis
3653 3715 3863 3752 venera-

575 3791 693 3844 bilis
721 3789 1025 3845 Monasterii
1071 3788 1388 3844 Montis-Dei
1411 3832 1426 3856 ,
1459 3791 1652 3862 factum
1681 3800 1751 3843 est
1781 3798 1836 3840 ut
1863 3789 1992 3842 inter
2019 3788 2197 3840 ruinas
2226 3788 2336 3857 ejus
2371 3789 2562 3840 dt-vottv
2607 3787 2788 3840 domus
2821 3788 2991 3840 divina
3017 3788 3334 3857 providentia
3363 3789 3408 3842 si
3447 3805 3549 3843 non
3581 3790 3780 3861 integer
3800 3792 3863 3844 ab

575 3899 676 3936 ann
699 3900 724 3936 s
746 3895 970 3937 vetustus
1001 3884 1184 3950 codex,
1215 3885 1398 3937 saltem
1426 3882 1806 3952 quodammodo
1838 3891 1969 3933 totus
1993 3879 2055 3932 ab
2082 3879 2273 3950 injuria
2302 3881 2608 3934 inveniretur
2632 3880 2870 3954 effugisse
2899 3881 3255 3936 Gnostieorum
3277 3893 3569 3938 nostrorum
3599 3886 3862 3955 injurias:

572 3977 811 4032 adversus
833 3995 959 4048 quas
997 3987 1150 4047 atque
1179 3977 1432 4050 ejusmodi
1461 3985 1813 4048 grassatorum
1851 3975 2174 4026 excursiones
2198 4013 2214 4038 ,
2260 3973 2598 4027 vindiciarum
2643 3978 2684 4029 si
2714 3977 2824 4043 quis
2869 3976 2935 4030 sit
2965 3977 3146 4030 modus
3174 4017 3188 4041 ,
3221 3977 3264 4029 is
3287 3987 3359 4031 est
3389 4017 3404 4042 ,
3452 3980 3800 4033 accersendus
3834 3996 3864 4033 a

573 4069 1009 4142 Chalcographia,
1039 4085 1154 4140 qua:
1173 4070 1286 4123 sola
1317 4068 1678 4122 inclinantibus
1703 4065 1905 4119 sceculis
1937 4066 2161 4119 maximo
2197 4064 2291 4120 Dei
2315 4064 2552 4132 beneﬁcio
2593 4066 2661 4118 ad
2702 4065 2872 4119 studia
2891 4068 3007 4137 jam
3041 4077 3342 4121 nauseantes
3371 4067 3640 4122 hominum
3667 4072 3864 4124 animos

571 4165 813 4218 recreavit
826 4164 1064 4235 jucunda
1094 4161 1365 4233 facilitate,
1399 4159 1602 4227 scriptis
1631 4157 1848 4212 contulit
1870 4159 2086 4227 gratiam
2114 4173 2208 4211 sua
2237 4157 2620 4226 pulchritudine
2643 4199 2657 4222 ,
2699 4167 2747 4212 et
2773 4158 2928 4212 simul
2958 4159 3420 4214 immortalitatem.
3471 4159 3628 4225 Quod
3664 4163 3864 4216 utinam

573 4253 672 4307 Dei
713 4255 972 4308 inventum
1017 4255 1286 4322 superiora
1326 4260 1555 4319 tempora
1595 4248 1890 4301 novissent:
1936 4264 2036 4301 non
2079 4249 2253 4316 utique
2279 4257 2474 4302 tantam
2506 4249 2752 4304 librorum
2773 4261 2821 4306 et
2851 4252 3084 4305 codicum
3109 4261 3233 4322 quot
3255 4251 3618 4306 desiderantur
3647 4256 3862 4322 perditi,

570 4344 830 4409 iacturam
861 4343 1056 4398 bellicis
1079 4342 1391 4397 Cotthorum
1420 4337 1796 4392 incursionibus
1827 4337 2138 4404 fecissemus.
2185 4337 2308 4393 Non
2344 4340 2436 4393 illa
2467 4341 2765 4396 bibliotheca
2794 4341 3084 4409 Pisistrati,
3117 4343 3308 4409 Attali,
3351 4354 3396 4398 et
3429 4342 3681 4401 Eumenis
3707 4365 3726 4404 :
3767 4366 3864 4401 non

567 4437 661 4488 illa
692 4433 1032 4500 Philadelphi
1059 4432 1340 4502 Ptolomei,
1365 4448 1480 4502 qua:
1506 4432 1736 4505 Augusto
1757 4442 2020 4502 regnante,
2049 4434 2282 4488 incendio
2313 4446 2576 4503 assumpta
2599 4444 2694 4489 est.
2745 4436 2870 4491 Non
2891 4437 2981 4492 illa
3007 4436 3258 4492 Gordiani
3281 4477 3298 4504 ,
3345 4455 3462 4506 quae
3487 4442 3665 4509 plures
3688 4442 3865 4496 habuit

570 4525 821 4578 librorum
844 4563 858 4586 ,
907 4539 1058 4591 quam
1102 4525 1377 4592 quisquam
1405 4522 1542 4575 alius
1572 4523 1723 4587 auri,
1756 4524 1832 4576 vel
1860 4525 2057 4593 argenti
2087 4525 2373 4594 thesauros,
2406 4529 2542 4583 dit-es
2565 4527 2725 4581 LXII
2761 4530 2984 4582 millibus
3011 4530 3486 4600 antiquissimorum
3514 4533 3863 4588 voluminum.

571 4619 695 4676 Non
717 4620 810 4672 illa
838 4617 1102 4685 Pamphili
1129 4619 1389 4688 martyris,
1419 4620 1556 4672 unde
1588 4618 1834 4674 Eusebius
1857 4620 2026 4674 hausit
2066 4639 2214 4676 suam
2243 4625 2548 4680 historiam:
2591 4644 2692 4681 non
2719 4627 2812 4681 illa
2841 4637 3039 4681 centum
3062 4634 3106 4682 et
3136 4627 3312 4699 viginti
3337 4629 3561 4682 millium
3587 4632 3865 4700 librorum,

569 4725 685 4778 qua:
713 4707 952 4778 Byzantii
982 4708 1071 4760 sub
1103 4707 1313 4763 Zenone
1359 4707 1677 4776 lmpcratore
1723 4711 2016 4780 gravissimo
2045 4713 2280 4766 incendio
2310 4717 2498 4782 periit:
2543 4734 2644 4770 non
2692 4718 2784 4770 illa
2827 4734 3002 4770 rursus
3037 4717 3251 4770 Mathiae
3281 4719 3410 4788 regis
3449 4718 3724 4790 Ungaritz,
3757 4738 3867 4794 quis

577 4800 796 4853 Patrum
819 4807 1112 4850 nostrorum
1143 4800 1384 4850 memoria
1408 4799 1606 4853 crudeli
1630 4799 1906 4855 Turcarum
1935 4803 2270 4870 impressione
2293 4807 2540 4875 dissipata
2579 4817 2673 4862 est.
2710 4808 2819 4862 Nec
2851 4809 2942 4862 illa
2971 4809 3188 4879 denique
3233 4808 3481 4864 Vaticana
3506 4812 3867 4870 Romanorum

573 4889 891 4958 Pontificum
924 4887 1209 4954 Hebraicis,
1241 4887 1463 4954 Grecis,
1490 4891 1689 4946 Latinis
1719 4894 2093 4963 antiquissimis
2112 4937 2126 4960 ,
2152 4913 2344 4950 necnon
2378 4901 2582 4966 optimis
2609 4902 2892 4970 quibusque
2921 4901 3218 4954 auctoribus
3245 4904 3436 4969 pariter
3464 4923 3527 4959 ac
3569 4911 3861 4963 recentiori-

571 4983 666 5035 bus
699 4993 804 5033 tum
834 4981 1220 5048 manuscrip.'is,
1255 4992 1358 5033 tum
1385 4981 1657 5051 publicatis
1679 4985 2072 5040 instructissima
2100 4987 2192 5041 sub
2223 4989 2478 5044 Clemente
2511 4991 2620 5044 VII
2653 5009 2683 5044 a
2707 4991 2948 5045 militibus
2974 4990 3244 5045 Germanis
3274 5007 3322 5046 et
3354 4993 3608 5063 Hispanis
3631 5001 3867 5070 incensa,

572 5081 645 5128 tot
674 5070 834 5125 libros
857 5085 1022 5123 secum
1049 5071 1354 5126 abstulisset.
1398 5072 1651 5129 Extarent
1689 5093 1906 5148 namque
1926 5081 2052 5134 alibi
2070 5082 2260 5152 passim
2292 5085 2464 5137 excusi
2510 5086 2706 5140 codices
2735 5086 2962 5139 maxima
2991 5101 3107 5137 cum
3133 5087 3283 5154 copia
3309 5129 3323 5154 ,
3363 5103 3464 5142 non
3494 5101 3673 5147 autem
3712 5097 3867 5151 sicuti

573 5163 804 5259 accidit,
847 5161 1182 5259 pauci-“iique
1221 5163 1286 5216 ab
1330 5167 1581 5233 imperitis
1610 5170 1823 5224 notariis
1863 5171 2105 5243 descripti
2142 5176 2545 5230 mendosissime.
2618 5177 2884 5230 Habuisset
2912 5179 3099 5240 quinis
3124 5179 3262 5231 natio
3292 5182 3531 5250 proprios
3563 5189 3866 5259 scriptorcs,

570 5253 827 5309 habuisset
869 5251 1148 5318 inquilinos
1175 5270 1188 5306 :
1223 5270 1316 5308 nec
1341 5267 1452 5310 erat
1480 5260 1618 5322 quod
1647 5275 2078 5330 conquererentur
2107 5265 2202 5318 viri
2237 5267 2559 5334 antiquitatis
2584 5267 2922 5319 amantissimi
2947 5281 2966 5318 :
3005 5277 3092 5321 aut
3133 5284 3223 5320 cur
3264 5251 3870 5340 pcroplaremus-omncs

569 5346 750 5416 plagas
779 5345 914 5398 orbis
937 5348 1238 5410 scrutaturi,
1270 5349 1314 5401 si
1341 5350 1466 5416 quid
1492 5353 1663 5408 blatta
1687 5365 1908 5424 tegerent
1935 5357 2075 5425 quod
2096 5357 2200 5410 luci
2229 5373 2289 5409 ac
2319 5359 2514 5409 mundo
2547 5358 2675 5426 foret
2701 5356 3058 5410 exhibendum.
3119 5357 3239 5411 Non
3268 5371 3375 5413 erat
3399 5365 3535 5429 quod
3573 5365 3868 5426 Reverend.

568 5439 852 5496 inChrislo
885 5450 1027 5504 pater
1057 5439 1128 5493 D.
1175 5443 1463 5513 d‘Albone,
1506 5447 1865 5521 Lugdunensis
1903 5451 2149 5506 Ecclesia:
2191 5450 2438 5517 Princeps
2480 5452 2719 5503 lustraret
2762 5450 2916 5502 rimas
2965 5453 3234 5517 pervctusti
3274 5452 3578 5511 Monasterii
3624 5459 3869 5521 Barbam

568 5532 776 5596 insulto,
805 5540 859 5584 ut
881 5529 1283 5622 Commentarios
1316 5537 1495 5608 Rufini
1527 5543 1867 5613 Aquileiensis
1895 5543 1945 5595 in
1974 5540 2299 5610 septuaginta
2326 5541 2548 5608 quinque
2571 5538 2782 5590 Davidis
2812 5537 3051 5591 Psalmos
3080 5542 3370 5608 requireret.
3417 5543 3544 5599 Non
3586 5563 3700 5606 erat
3731 5571 3867 5622 quoa

569 5641 661 5678 nos
683 5624 776 5675 sim
801 5623 917 5676 liter
953 5621 1273 5681 Montis-Dei
1293 5630 1536 5700 reliquias
1565 5634 1634 5685 ad
1653 5641 1950 5702 perpetuam
1981 5630 2274 5685 memoriam
2307 5631 2438 5696 typis
2468 5640 2573 5682 tum
2604 5629 2808 5681 demum
2851 5630 3274 5684 committu'emus
3295 5648 3314 5685 :
3357 5637 3606 5703 quoniam
3635 5621 3864 5700 habirur.

565 5731 769 5771 eramus
797 5715 967 5771 omnia
994 5719 1219 5773 omnium
1242 5733 1512 5775 auctorum
1541 5724 1755 5790 scripta,
1781 5734 1827 5776 et
1858 5723 2134 5792 praesertim
2161 5721 2322 5774 nostri
2359 5719 2532 5787 Ruﬁni
2561 5735 2872 5789 quacunque
2894 5721 3098 5790 scripsit
3123 5741 3135 5773 :
3169 5723 3396 5778 viJelt'cel
3420 5768 3434 5790 .
3472 5729 3526 5782 in
3562 5734 3696 5789 Osee
3729 5737 3863 5792 Pro-

567 5811 766 5884 phetam
789 5810 808 5864 l
832 5810 880 5866 b.
917 5827 952 5878 ι,
984 5813 1034 5867 in
1071 5813 1224 5870 Amos
1245 5815 1462 5872 alterum
1483 5833 1503 5871 :
1532 5833 1584 5870 in
1615 5813 1734 5871 Joel
1766 5831 1955 5880 unum,
1987 5815 2048 5868 dc
2071 5830 2111 5868 s'
2131 5830 2164 5865 a
2188 5813 2290 5880 fide
2320 5812 2388 5864 ad
2432 5812 2760 5867 Laurentium
2807 5812 3120 5883 Episcopum
3168 5814 3256 5868 lib.
3287 5833 3300 5870 ι
3340 5820 3402 5873 de
3427 5821 3792 5885 Sacrameutis
3817 5847 3838 5890 ι
