4094 6344
224 301 294 363 73
819 259 873 286 ”
1577 304 1804 364 verus
1841 302 2232 364 summa.
2672 260 2695 279 ν
3479 298 3553 354 71

227 436 650 504 Exhortationis
682 448 760 504 ad
787 447 1006 505 Probum
1026 447 1115 503 lib.
1142 462 1181 502 l.
1211 442 1571 517 Epistolarum
1599 442 1667 498 ad
1697 438 1925 497 diversos
1959 441 2050 497 lib.
2083 457 2143 496 ll.
2173 435 2337 495 Juxta
2376 436 2627 504 triplicem
2656 435 2846 494 divina:
2874 437 3146 508 scriptum
3175 452 3380 492 sensum
3411 435 3503 496 lib.
3538 454 3560 494 ι

222 550 380 603 quem
401 546 630 606 rogante
647 535 907 603 Paulino,
935 537 1183 608 Episcopo
1208 529 1259 590 Ν
1264 535 1440 600 olano,
1456 534 1660 603 scripsit
1681 532 1750 586 ad
1773 549 1889 587 eum
1912 534 2073 587 latino
2094 546 2328 586 sermone
2344 530 2408 585 de
2427 527 2773 585 benedictione
2794 527 2949 587 Judtz
2976 528 3320 586 Patriarcltce.
3354 530 3558 589 Deinde

233 630 410 682 eodem
443 628 691 686 Paulino
725 630 1045 703 afﬂugitnnte
1072 672 1087 696 ,
1135 630 1323 684 librum
1352 630 1576 683 alterum
1602 630 1674 682 ad
1703 629 1924 684 eundem
1948 642 1967 681 :
1994 628 2049 681 in
2072 642 2170 697 quo
2192 635 2401 680 cteteras
2433 624 2669 678 undecim
2703 623 3127 678 Patriarcltarum
3181 623 3557 681 benedictioues

227 720 429 783 triplici
460 722 844 792 explanatione
884 733 1219 794 prosequutus
1270 730 1363 775 est.
1406 719 1640 790 Denique
1666 720 1845 773 eodem
1870 728 2077 772 auctore
2113 716 2435 782 haberemus,
2465 728 2647 785 praeter
2671 731 2732 769 ea
2761 732 2877 787 quce
2903 725 3095 770 restant
3126 716 3405 770 maximam
3439 734 3563 785 rar-

226 819 253 861 t
287 828 336 863 m
356 813 672 867 Grcecorum
686 811 1192 869 bibliotlteca’Basilii
1210 810 1538 865 Ctrsariensis
1554 810 1911 880 Cappadocia:
1942 808 2210 880 Episcopi,
2232 816 2279 861 et
2302 805 2535 876 Gregorii
2552 806 2895 874 Nazianzeni,
2921 805 3197 862 Clementis
3216 808 3442 863 Romani
3458 811 3564 865 Re-

238 908 596 972 cognitionum
626 910 792 964 libros
819 926 835 963 :
865 909 1063 963 Eusebii
1086 909 1414 963 Ca‘suriensis
1444 908 1741 961 Pulwstinte
1761 904 2179 961 Ecclesiasticam
2201 904 2468 957 historiam
2487 943 2501 965 ,
2527 902 2610 955 cui
2636 902 2839 955 addidit
2871 902 3123 955 decimum
3152 911 3198 955 et
3225 902 3557 959 undecimum

232 996 421 1050 librum
441 1015 459 1052 :
482 999 647 1070 Xys’ti
673 1017 895 1068 quoque,
913 1001 953 1052 si
982 1016 1079 1051 non
1107 998 1373 1068 Pontiﬁcis
1407 998 1649 1063 Romani,
1674 997 1857 1052 saltem
1887 994 2226 1067 Pythagorici
2250 994 2544 1065 cujusdam,
2578 1002 2633 1048 ut
2664 994 2924 1047 contendit
2960 991 3332 1063 Hieronymus,
3358 1008 3561 1051 senten—

235 1093 340 1142 tia;
362 1106 379 1141 :
404 1090 628 1159 Evagrii
661 1095 962 1155 sententias,
991 1090 1269 1161 Pampltyli
1288 1090 1529 1160 martyris
1550 1092 1819 1142 adversum
1844 1087 2263 1142 Mathematicus.
2288 1085 2501 1156 Josephi
2522 1087 2677 1139 etiam
2708 1087 2924 1141 latinam
2949 1088 3068 1157 fecit
3090 1088 3383 1158 historiam,
3416 1098 3570 1167 cujus

246 1188 504 1256 exemplar
535 1197 840 1240 asservatur
867 1187 1168 1250 Mediolani,
1192 1187 1243 1239 in
1272 1185 1382 1239 atde
1406 1184 1469 1240 S.
1503 1184 1787 1248 Ambrosii,
1821 1180 2234 1254 Longobardicis
2263 1183 2514 1253 scriptum
2537 1182 2717 1236 litteris
2742 1197 2763 1238 :
2798 1183 3038 1253 Origenis
3069 1186 3190 1241 item
3226 1205 3331 1245 non
3366 1193 3563 1260 omnia,
3619 1190 3633 1245 ἓ

249 1276 363 1339 quia
384 1286 427 1327 et
458 1274 825 1346 Hieronymus
851 1275 1107 1329 transtulit
1135 1276 1395 1346 quaedam,
1423 1290 1539 1343 aute
1563 1290 1657 1327 suo
1680 1272 1898 1345 prologo
1920 1272 2304 1328 discernuntur.
2346 1272 2603 1343 Exposuit
2630 1274 2766 1327 idem
2791 1273 3017 1342 Ruﬁnus
3047 1275 3359 1348 Symbolum
3385 1325 3400 1350 ,
3432 1286 3573 1353 quod

248 1366 381 1421 inn
411 1384 567 1435 opem
613 1366 929 1439 Hieronymi
954 1377 1085 1421 tom.
1125 1367 1150 1420 1
1172 1368 1227 1421 V.
1268 1366 1581 1421 Basileensis
1610 1365 1854 1420 editionis
1898 1367 2214 1429 continetur,
2258 1366 2322 1419 de
2364 1381 2471 1437 quo
2500 1363 2751 1420 Erasmus
2787 1365 3103 1438 Prtefatione
3130 1372 3184 1425 in
3211 1371 3572 1446 Cyprianum:

259 1458 361 1514 Sed
382 1468 426 1511 et
452 1457 783 1513 obtrectatori
816 1460 1177 1525 opusculorum
1202 1473 1413 1512 suorum
1432 1458 1703 1523 respondit
1744 1456 1947 1511 duobus
1975 1455 2343 1525 voluminibus,
2376 1470 2599 1528 arguens
2626 1466 2673 1512 et
2700 1458 3035 1529 convincens,
3062 1462 3215 1517 sicuti
3257 1468 3413 1534 refert
3434 1465 3574 1522 Gen-

263 1554 446 1606 nadius
470 1591 487 1616 ,
537 1568 587 1605 se
633 1550 734 1606 Dei
777 1552 967 1605 intuitu
1019 1561 1065 1605 et
1112 1550 1357 1605 Ecclesia:
1386 1551 1631 1615 utilitate,
1667 1552 1952 1607 auxiliante
1974 1550 2224 1617 Domino,
2266 1550 2535 1624 ingenium
2563 1553 2872 1622 agitavisse:
2901 1552 3053 1607 illum
3080 1570 3196 1609 vero
3224 1558 3572 1614 aemulationis

262 1642 749 1697 stimuloincita‘um
779 1643 850 1696 ad
881 1642 1177 1713 obfoquium
1204 1641 1380 1697 stilum
1403 1644 1634 1697 vertisse.
1675 1641 1930 1713 Ejusdem
1964 1641 2143 1711 Ruﬁni
2176 1642 2485 1714 apuseulum
2514 1642 2577 1697 de
2607 1643 2977 1713 depravatione
3006 1645 3276 1715 librorum,
3312 1650 3571 1721 prtecipue

278 1732 523 1801 Origenis,
551 1731 735 1801 legitur
762 1736 830 1784 ad
853 1735 1042 1788 calcem
1072 1733 1251 1795 prima:
1280 1734 1441 1801 partis
1469 1750 1683 1802 operum
1710 1734 1947 1805 Urigeuis
1971 1749 1991 1788 :
2023 1735 2210 1789 iterum
2236 1744 2374 1789 tomo
2397 1732 2485 1790 11.
2516 1746 2725 1806 cperam
2758 1735 2828 1790 D.
2864 1736 3193 1810 Hieronymi.
3242 1740 3409 1796 Vertit
3438 1762 3569 1815 quo-

267 1843 362 1893 que
399 1841 491 1890 pro
534 1826 711 1878 eodem
762 1824 981 1894 Origene
1014 1822 1397 1894 Apologeticum
1437 1824 1710 1893 Pamphili
1752 1826 2024 1896 martyris,
2062 1826 2200 1894 quod
2228 1826 2500 1897 praeﬁxum
2530 1828 2766 1898 operibus
2790 1827 3029 1900 Origenis
3057 1832 3335 1887 invenitur.
3377 1832 3567 1890 Edidit

254 1918 460 1987 insuper
477 1933 630 1970 suam
674 1918 1020 1987 Apologiam,
1058 1917 1144 1969 ubi
1183 1917 1474 1971 contrarias
1498 1919 1779 1972 sententias
1810 1918 1864 1971 in
1902 1917 2045 1972 libris
2093 1918 2333 1989 Origenis
2373 1920 2434 1972 ob
2478 1935 2654 1972 eorum
2695 1919 3112 1989 depravationem
3143 1931 3293 1977 natas
3314 1926 3558 1979 ostendit.

258 2010 505 2082 Prafatio
566 2013 679 2084 ejus
730 2013 787 2065 in
852 2011 1009 2064 libros
1080 2008 1314 2080 Origenis
1381 2011 1445 2065 de
1515 2009 1797 2080 Principiis
1856 2009 2138 2065 habebatur
2192 2010 2341 2081 vulgo
2385 2011 2440 2063 in
2497 2007 2616 2063 Ill.
2668 2020 2802 2064 tomo
2860 2027 3072 2079 operum
3132 2012 3198 2067 D.
3249 2012 3559 2087 Hieronymi

246 2105 454 2176 adjecta
515 2121 608 2173 per
669 2103 794 2158 Des.
846 2101 1144 2167 Erasmum,
1195 2112 1249 2155 ut
1302 2104 1508 2173 {acilius
1555 2102 1968 2174 intelligerentur
2018 2103 2286 2176 Apologia:
2342 2102 2409 2157 ο.
2468 2101 2794 2174 Hieronymi.
2854 2102 3093 2158 Plurima
3160 2105 3376 2176 denique
3427 2109 3557 2161 scti-

253 2197 391 2263 psit,
430 2196 523 2249 sed
585 2194 747 2247 multo
806 2193 956 2260 plura
996 2193 1285 2247 transtulit.
1329 2190 1453 2247 Fuit
1506 2202 1677 2247 autem
1725 2195 1768 2248 is
1819 2194 2040 2264 Ruﬁnus
2087 2193 2370 2262 Tharmus,
2400 2210 2488 2249 seu
2540 2194 2817 2249 Thoranus
2862 2197 3182 2267 professione
3233 2197 3550 2265 Monachus,

253 2286 502 2357 dignitate
551 2284 901 2355 Aquilejensis
947 2285 1227 2354 presbyter,
1268 2284 1555 2339 Theodosio
1617 2284 1927 2355 Imperatori
1978 2288 2129 2343 valde
2167 2286 2374 2354 charus,
2423 2305 2517 2359 pro
2564 2305 2664 2361 quo
2712 2290 2855 2357 apud
2894 2289 2960 2344 B.
3008 2290 3335 2345 Ambrosium
3387 2293 3554 2346 inter-

246 2384 433 2447 cessit,
466 2393 524 2435 ut
574 2383 910 2453 ingrediundi
954 2381 1356 2450 Mediolanensis
1386 2380 1562 2453 templi
1590 2382 1732 2451 ﬁeret
1775 2383 1854 2438 illi
1887 2393 2109 2456 potestas
2129 2425 2144 2448 ,
2171 2401 2203 2437 a
2226 2400 2329 2454 quo
2357 2394 2507 2439 antea
2534 2384 2773 2440 exclusus
2795 2386 2965 2454 fuerat
2988 2386 3050 2440 ob
3075 2394 3334 2457 patratam
3360 2388 3551 2442 caedem

242 2484 435 2547 septem
470 2477 696 2530 millium
726 2474 993 2530 hominum
1023 2475 1421 2539 Thessalonice,
1454 2477 1527 2529 uti
1552 2478 1707 2543 refert
1734 2474 2058 2546 Nicephorus
2085 2476 2176 2532 lib.
2204 2493 2297 2532 xu.
2327 2477 2532 2532 Histor.
2571 2477 2950 2533 Ecclesiasticaz
2972 2496 3090 2549 cap.
3123 2479 3192 2535 40
3218 2490 3267 2534 et
3296 2480 3386 2535 41.
3420 2479 3549 2535 Fuit

248 2579 499 2635 praeterea
527 2569 699 2622 socius
736 2569 1015 2638 alr’qutmdo
1056 2569 1343 2622 studiorum
1372 2576 1419 2621 et
1446 2566 1599 2634 plane
1640 2568 2022 2621 amantissimus
2054 2567 2121 2621 D.
2145 2566 2498 2640 Hieronymi:
2542 2568 2704 2623 donec
2745 2570 2809 2623 de
2852 2570 3057 2641 scriptis
3101 2568 3336 2642 Origenis
3372 2582 3550 2626 exorta

245 2661 378 2713 inter
407 2677 500 2715 eos
532 2660 863 2713 contentione
881 2700 897 2725 ,
948 2659 1092 2734 visus
1113 2669 1185 2712 est
1210 2658 1529 2729 Hieronymo
1553 2658 1738 2712 nimius
1766 2658 2070 2727 admirator,
2098 2669 2145 2714 et
2168 2676 2327 2732 prope
2346 2669 2571 2717 assertor
2601 2660 2838 2733 Origenis
2861 2677 2878 2715 :
2908 2672 2956 2717 et
2986 2663 3203 2733 proinde
3231 2664 3547 2718 existimatus

239 2753 483 2825 ejusdem
512 2754 797 2820 Opinionis,
830 2754 963 2821 quod
996 2751 1154 2817 paulo
1184 2751 1355 2803 acrius
1381 2766 1525 2804 suam
1552 2751 1617 2803 de
1642 2749 1786 2806 libris
1814 2755 1934 2826 περὶ
1963 2755 2163 2830 ἀρχῶν,
2196 2751 2283 2821 qui
2314 2751 2615 2806 videbantur
2640 2762 2823 2806 contra
2843 2752 3000 2819 ﬁdem
3027 2755 3274 2819 conversi,
3307 2754 3549 2811 adversus

249 2844 320 2903 D.
351 2846 746 2917 Hieronymum
795 2847 1106 2919 defendent.
1150 2844 1214 2896 At
1253 2845 1298 2897 si
1341 2859 1490 2897 nemo
1533 2844 1588 2898 in
1634 2842 1940 2899 hodiernum
1970 2861 2129 2915 usque
2163 2844 2298 2898 diem
2324 2845 2557 2898 inventus
2599 2855 2703 2909 est,
2731 2845 2819 2915 qui
2846 2846 3003 2898 libros
3029 2846 3285 2917 ejusmodi
3313 2847 3550 2919 Origenis

244 2951 525 3010 prapterea
558 2940 815 2993 tollendos
840 2939 1046 3003 dixerit,
1075 2954 1221 2991 nemo
1244 2940 1419 3003 etiam,
1444 2947 1499 2992 ut
1529 2940 1732 3007 opinor,
1762 2940 2045 3010 reperietur
2071 2941 2156 3009 qui
2185 2939 2245 2994 ob
2275 2938 2331 2993 id
2358 2940 2696 3007 reficiendum
2713 2940 2913 3010 judicet
2946 2938 3219 3010 Ruﬁnum,
3251 2944 3391 3010 quod
3430 2959 3548 2999 ceu-

238 3036 399 3090 suerit
429 3034 636 3088 eosdem
658 3032 951 3085 retinendos
974 3046 994 3085 :
1020 3031 1119 3083 nisi
1144 3047 1199 3084 se
1223 3030 1284 3083 ll.
1315 3032 1598 3100 Augustino
1628 3031 1930 3085 temerarius
1959 3033 2201 3103 pra'ferat
2221 3070 2235 3095 ,
2260 3031 2351 3100 qui
2378 3030 2504 3084 tanti
2528 3030 2643 3099 fecit
2668 3037 2901 3083 nostrum
2931 3030 3206 3098 Ruﬁnum,
3237 3043 3292 3086 ut
3319 3049 3384 3088 ea:
3409 3050 3467 3089 eo
3495 3034 3548 3090 in

240 3142 363 3180 suos
404 3126 500 3179 ille
547 3124 882 3179 Psalmorum
912 3125 1313 3179 Commentarios
1352 3125 1735 3195 quamplurima
1777 3125 2043 3180 derivarit.
2088 3122 2216 3178 Fuit
2246 3124 2383 3177 enim
2412 3124 2698 3194 Augustino
2728 3125 2987 3194 antiquior
3015 3142 3154 3180 anno
3182 3127 3547 3198 redemptionis

243 3218 491 3273 humanae
533 3216 725 3273 CCCC.
763 3217 871 3273 Sed
897 3225 1052 3272 tanta:
1079 3219 1220 3291 apud
1269 3218 1336 3273 ι).
1371 3220 1714 3289 Augustinum
1757 3220 2077 3274 auctoritatis
2100 3260 2118 3285 ,
2165 3228 2221 3274 ut
2259 3220 2330 3273 ad
2361 3218 2431 3273 ι).
2461 3217 2837 3289 Hieronymum
2867 3220 2930 3273 de
2967 3221 3059 3275 illo
3094 3223 3281 3276 scribat
3311 3240 3414 3278 non
3438 3227 3546 3282 sine

241 3312 457 3382 pietatis
488 3328 544 3364 ac
575 3311 884 3366 eruditionis
916 3312 1104 3380 elo'yio,
1132 3329 1344 3381 eumque
1362 3329 1480 3366 cum
1505 3330 1620 3379 suo,
1654 3324 1763 3366 tum
1789 3312 2106 3383 adversario.
2138 3313 2260 3366 olim
2297 3328 2414 3367 vero
2439 3312 2608 3367 sodali
2634 3313 2941 3367 amicissimo
2967 3314 3122 3367 mella
3152 3315 3545 3384 Scripturarum

236 3403 482 3456 studiose
508 3401 785 3455 lambuisse
804 3442 819 3466 ,
859 3412 1132 3471 utrumque
1160 3401 1360 3471 quidem
1404 3415 1618 3456 conatus
1649 3404 1701 3456 in
1733 3412 1959 3457 mutuam
1990 3402 2385 3457 benevolentiam
2409 3419 2664 3468 revocare,
2696 3404 2786 3458 sed
2824 3404 2896 3457 ita
2929 3421 3136 3460 causam
3164 3406 3545 3463 inimicitiarum

241 3493 607 3558 dissimulans,
650 3501 709 3546 ut
754 3492 925 3545 neutri
964 3492 1167 3563 culpam
1209 3509 1385 3547 earum
1433 3494 1661 3565 a/ﬁngat.
1728 3493 1851 3546 lltec
1878 3508 2034 3564 porro
2064 3494 2309 3548 luculenti
2335 3492 2467 3547 adeo
2494 3494 2762 3563 scriptoris
2791 3510 2947 3563 opera
2969 3495 3183 3550 latuisse
3209 3498 3409 3564 tandiu,
3442 3515 3544 3554 non

233 3590 435 3642 mirum
467 3588 611 3642 debet
639 3589 705 3641 iis
736 3601 849 3639 esse
870 3624 887 3649 ,
938 3585 1027 3650 qui
1066 3594 1256 3639 norunt
1298 3601 1361 3640 es:
1403 3585 1685 3640 Trithemio
1730 3585 1903 3657 plures
1946 3582 2103 3637 libros
2128 3583 2191 3637 ab
2217 3583 2330 3655 ipso
2351 3584 2664 3652 conscriptos
2694 3582 2936 3655 (quorum
2966 3593 3132 3640 tamen
3168 3587 3397 3642 maxima
3424 3604 3544 3657 pars

236 3698 378 3735 nunc
404 3680 628 3752 primum
654 3679 829 3748 prodit
852 3681 904 3732 in
928 3679 1114 3747 lucem)
1137 3678 1367 3748 sepultos
1393 3679 1562 3732 adhuc
1575 3678 1868 3749 pulveribus
1894 3676 2158 3731 oblivionis
2188 3676 2490 3731 desiderari.
2544 3674 2651 3731 Sed
2672 3691 2738 3729 ne
2762 3676 3033 3745 quisquam
3062 3675 3159 3730 hoc
3172 3687 3403 3732 nostrum
3428 3689 3544 3733 st-u-

237 3772 384 3824 dum
406 3769 660 3823 existimet
692 3768 808 3822 ideo
835 3769 1023 3834 minus,
1054 3770 1190 3838 quod
1212 3772 1450 3840 quaedam
1480 3771 1641 3840 ipsius
1670 3768 1921 3837 opuscula
1945 3769 2239 3822 auctoritati
2262 3768 2573 3839 Apostolicae
2596 3777 2829 3840 suspecta
2857 3785 2889 3822 a
2911 3769 3174 3825 nonnullis
3198 3772 3499 3843 rejiciantur
3527 3790 3542 3827 :

231 3865 375 3919 illud
400 3881 558 3917 unum
596 3862 925 3915 solummodo
972 3861 1191 3917 dixerim
1218 3902 1232 3929 ,
1262 3863 1393 3917 nihil
1419 3862 1509 3916 illo
1535 3861 1742 3916 Canone
1767 3860 1972 3913 omnino
2003 3860 2245 3916 adversus
2271 3862 2519 3931 Ruﬁnum
2543 3868 2695 3917 statui
2719 3905 2735 3929 ,
2763 3862 2898 3933 quod
2919 3865 3029 3933 ejus
3058 3866 3415 3920 auctoritatem
3440 3866 3543 3920 mi-

236 3970 391 4019 nuat,
418 3955 703 4023 horumque
726 3954 975 4006 librorum
1007 3953 1274 4007 lectionem
1304 3954 1569 4025 impediat.
1615 3953 1758 4007 Nam
1783 3962 1831 4006 et
1864 3950 2103 4031 Gelasius
2129 3952 2426 4023 religiosum
2456 3969 2571 4006 eum
2600 3955 2765 4008 virum
2795 3953 3023 4023 appellat
3054 3953 3276 4022 (Distin.
3309 3956 3399 4025 15,
3424 3974 3540 4012 can.

236 4049 440 4107 Sancta
467 4046 668 4119 Rom.),
697 4058 745 4124 et
776 4049 1051 4102 nonnullus
1078 4048 1140 4102 ab
1166 4066 1222 4105 eo
1250 4052 1533 4119 scripturas
1565 4051 1843 4120 explicatus
1869 4051 2031 4119 fuisse
2056 4049 2211 4101 tradit
2238 4048 2397 4119 (quod
2420 4047 2614 4101 dictum
2657 4046 2868 4101 Primus
2908 4046 3266 4118 Lugdunensis
3294 4050 3363 4103 ad
3384 4049 3542 4105 Com-

234 4142 526 4197 mentarios
557 4140 893 4195 Psalmorum
937 4142 1133 4213 retulit)
1166 4153 1214 4199 et
1247 4147 1343 4199 hoc
1364 4162 1420 4201 se
1448 4145 1653 4199 nomine
1696 4152 1933 4211 suspecta
1974 4142 2211 4212 quaedam
2251 4141 2471 4209 habere,
2513 4141 2650 4210 quod
2675 4155 2707 4192 a
2739 4139 2804 4193 ι).
2838 4138 3160 4210 Hieronymo
3183 4141 3438 4196 scribatur
3476 4143 3541 4196 de

229 4234 402 4290 libero
428 4235 656 4289 hominis
683 4234 897 4288 arbitrio
923 4236 1093 4289 minus
1124 4253 1238 4294 vere
1268 4239 1597 4309 disputasse:
1629 4238 1715 4291 sed
1760 4245 1815 4291 ut
1854 4238 2082 4290 omittam
2110 4250 2221 4288 eam
2255 4250 2411 4306 quam
2437 4235 2490 4287 in
2517 4232 2753 4297 dicendo,
2785 4240 2939 4301 atque
2972 4232 3233 4286 veritatem
3263 4235 3537 4288 asserenda

234 4346 348 4400 pra:
375 4346 431 4383 se
461 4330 578 4382 tulit
621 4327 904 4382 libertatem
931 4329 1009 4381 vir
1034 4330 1389 4385 sanctissimus
1418 4330 1651 4400 idemque
1696 4328 2023 4382 doctissimus
2054 4327 2400 4395 Hieronymus
2425 4365 2440 4389 ,
2487 4324 2555 4377 ad
2596 4326 2746 4393 cujus
2785 4321 3042 4376 calculum
3067 4338 3159 4375 nos
3190 4323 3399 4375 remittit
3431 4322 3535 4376 Ge-

228 4421 419 4486 lasius,
452 4416 586 4472 nihil
615 4418 770 4483 plane
796 4418 846 4470 in
865 4417 947 4471 his
979 4416 1370 4475 Commentariis
1400 4430 1506 4472 tam
1547 4427 1783 4487 apertum
1812 4427 1913 4485 est,
1934 4433 2088 4487 quam
2127 4417 2262 4482 quod
2290 4430 2386 4485 pro
2411 4414 2570 4468 libero
2599 4414 2821 4466 hominis
2851 4412 3086 4479 arbitrio,
3116 4431 3206 4481 pro
3236 4416 3378 4469 bonis
3408 4432 3537 4485 ope-

232 4515 397 4577 ribus,
441 4528 536 4584 pro
577 4510 821 4580 mysterio
869 4511 1221 4568 Sunctissimw
1263 4512 1574 4573 Trinitatis,
1625 4519 1671 4562 et
1717 4517 2059 4563 sacrosancta:
2102 4506 2350 4561 Ecclesiae
2380 4505 2761 4569 Eucharistiaz,
2794 4521 2887 4574 pro
2917 4508 3240 4577 purgatorio,
3279 4523 3373 4579 pro
3414 4524 3536 4562 vera

232 4603 458 4656 hominis
472 4602 684 4672 justitia
707 4641 724 4667 ,
769 4611 919 4669 atque
941 4602 1058 4655 aliis
1082 4600 1384 4675 hujnsmodi
1414 4600 1680 4673 permultis
1722 4615 1823 4653 non
1850 4598 2024 4662 semel,
2054 4613 2212 4668 neque
2240 4613 2343 4652 uno
2365 4599 2418 4653 in
2441 4597 2552 4652 loco
2582 4598 2747 4652 docet.
2784 4597 2965 4668 Neque
2992 4615 3110 4653 vero
3135 4602 3374 4670 cuiquam
3402 4617 3535 4655 nova

228 4696 374 4750 debet
397 4711 509 4749 esse
537 4693 777 4765 (tametsi
802 4693 971 4763 gravis
996 4710 1059 4747 ac
1088 4697 1301 4751 molesta
1329 4694 1480 4750 bonis
1509 4694 1742 4748 omnibus
1773 4707 1972 4760 semper
2001 4690 2125 4763 ﬁat)
2159 4693 2427 4761 repentina
2455 4691 2551 4747 illa
2580 4693 2855 4747 voluntatis
2892 4694 3023 4747 inter
3048 4692 3118 4746 D.
3151 4692 3535 4765 Hieronymum

235 4798 287 4841 et
311 4786 563 4856 Ruﬁnum
587 4785 839 4839 alienatio
862 4800 881 4838 :
909 4794 1017 4839 tum
1062 4790 1198 4857 quod
1223 4789 1313 4843 ille
1348 4787 1460 4842 zelo
1490 4784 1677 4838 ardens
1708 4802 1769 4838 ac
1790 4785 2074 4839 eruditione
2104 4785 2262 4855 fretus
2298 4785 2431 4840 nihil
2460 4786 2514 4839 in
2537 4786 2719 4839 alienis
2752 4783 2893 4839 libris
2923 4800 3025 4837 non
3054 4784 3363 4856 depuratum
3390 4794 3435 4839 et
3463 4788 3533 4839 ad

234 4884 480 4935 amussim
508 4879 832 4934 elaboratum
860 4882 994 4950 ferre
1013 4887 1213 4950 poterat
1238 4896 1255 4935 :
1282 4879 1363 4933 hic
1390 4895 1510 4935 vero
1537 4880 1876 4934 sanctimonia
1904 4898 1965 4934 ac
2015 4883 2288 4937 multorum
2321 4883 2698 4951 praecipuorum
2732 4879 2979 4936 Ecclesiae
3008 4880 3260 4937 luminum
3292 4884 3532 4951 exemplo

233 4972 596 5035 communitus,
623 4970 679 5024 in
709 4968 1034 5043 Origenianis
1067 4970 1231 5039 libris,
1254 4974 1358 5028 sive
1381 4974 1612 5044 legendis
1631 5015 1645 5039 ,
1677 4973 1779 5026 sive
1805 4973 1857 5025 in
1885 4974 2108 5029 alienum
2134 4977 2362 5047 linguam
2390 4975 2754 5045 transferendis
2778 4977 3022 5030 audacter
3048 4977 3362 5030 versabatur.
3396 4976 3531 5030 Tum

233 5083 343 5123 vero
373 5068 600 5121 maxime
628 5063 768 5134 quod
812 5080 876 5118 ea:
912 5066 1141 5135 quadam
1185 5067 1490 5135 opinionum
1516 5068 1765 5121 varietate
1789 5110 1804 5136 ,
1835 5070 1991 5123 veluti
2021 5085 2085 5123 ea:
2116 5067 2183 5122 ι).
2215 5070 2501 5140 Augustino
2523 5069 2878 5140 comperimus,
2912 5069 2965 5122 in
2997 5069 3129 5123 hanc
3155 5064 3530 5124 contentionem

231 5158 523 5219 inciderint,
559 5157 613 5210 in
634 5170 791 5226 quam
824 5155 958 5225 forte
986 5155 1280 5224 imprudens
1305 5156 1553 5228 Ruﬁnus.
1606 5158 1879 5230 Siquidem
1905 5159 2218 5231 Augustinus
2244 5160 2484 5227 epistola,
2514 5176 2631 5231 qua:
2656 5169 2730 5213 est
2760 5158 2805 5212 λ
2828 5158 2885 5213 γ.
2915 5159 3048 5214 inter
3077 5159 3197 5214 illas
3239 5160 3303 5214 D.
3338 5160 3529 5214 Hiero-

230 5251 363 5320 nymi
388 5291 405 5317 ,
450 5248 633 5303 multis
656 5246 818 5301 verbis
848 5246 1123 5318 deplorans
1167 5250 1299 5305 inter
1330 5250 1584 5316 Ruﬁnum
1615 5262 1662 5306 et
1686 5252 2058 5324 Hieronymum
2098 5261 2203 5307 tam
2232 5270 2408 5323 graves
2436 5255 2650 5315 amicos,
2680 5251 2876 5317 doctos,
2906 5250 3143 5317 celebres,
3165 5267 3310 5305 senes
3337 5261 3383 5303 et
3413 5266 3526 5303 mo-

228 5341 411 5393 nac/tos
444 5346 567 5391 tant
607 5334 988 5391 amarulentum
1014 5338 1327 5393 discordiam
1350 5340 1613 5406 incidisse,
1647 5359 1749 5397 non
1779 5345 1890 5397 sine
1919 5345 2062 5414 gravi
2091 5345 2243 5397 totius
2268 5341 2512 5397 Ecclesia:
2532 5342 2802 5407 seandalo,
2827 5342 2921 5407 ait,
2952 5342 3088 5411 quod
3118 5342 3249 5395 alias
3282 5357 3381 5393 non
3423 5339 3526 5393 nisi

228 5430 535 5498 polsamini
558 5427 839 5498 contigisse
870 5437 1088 5496 poterat,
1122 5439 1177 5483 ut
1207 5447 1269 5485 ea:
1317 5430 1484 5487 literis
1518 5432 1822 5505 Hieronymi
1844 5435 2122 5504 perspexit,
2154 5445 2397 5505 quantum
2421 5434 2516 5489 sibi
2546 5435 2923 5499 moderaretur,
2965 5445 3312 5504 quantumque
3334 5440 3524 5485 teneret

226 5524 425 5577 aculeos
450 5518 855 5589 indignationis,
891 5520 1069 5574 timore
1091 5521 1377 5593 obriguisse
1397 5537 1477 5586 se,
1507 5524 1782 5592 doloreque
1812 5527 2153 5592 contabuisse,
2184 5527 2307 5596 quia
2328 5536 2582 5580 vereretur
2616 5542 2679 5580 ne
2698 5526 2832 5580 idem
2856 5541 2950 5589 pro
2975 5541 3028 5578 se
3054 5525 3279 5591 Ruﬁnus
3308 5524 3519 5591 faceret.

233 5620 418 5676 Verum
448 5616 812 5689 patrocinatur
836 5619 1059 5686 utrisque
1078 5658 1095 5684 ,
1138 5621 1277 5691 quod
1310 5634 1416 5676 non
1447 5620 1500 5673 in
1529 5622 1768 5677 dissimili
1795 5638 1977 5692 genere
2005 5624 2137 5677 inter
2161 5639 2214 5677 se
2242 5620 2592 5677 contenderim
2621 5620 2819 5674 Paulus
2842 5628 2889 5671 et
2915 5617 3175 5671 Barnabas
3204 5657 3218 5681 ,
3266 5615 3335 5673 D.
3365 5618 3521 5671 etiam

228 5713 413 5770 Petrus
443 5719 492 5767 et
525 5708 732 5764 Paulus
762 5709 991 5778 Apostoli
1023 5718 1261 5782 (quorum
1290 5714 1598 5769 sententiam
1641 5731 1732 5770 nec
1778 5716 1889 5772 sine
1936 5715 2152 5772 dissidio
2179 5723 2482 5786 exceperunt
2507 5713 2638 5768 inter
2665 5729 2717 5766 se
2742 5708 3056 5780 Augustinus
3076 5718 3123 5762 et
3146 5705 3518 5779 Hieronymus)

592 5824 862 5885 Ρηιιοι.
913 5824 1089 5886 XXI.
1800 5884 1804 5888 Α
1940 5874 1949 5881 .

1800 5884 1804 5888 Α
1940 5874 1949 5881 .
2494 5874 2495 5877 η
3121 5820 3158 5881 3
