4094 6344
543 362 614 418 is
743 327 748 331 ’
1814 345 2052 404 RUFINI
2085 341 2526 402 ’PRESBYTERI
3755 334 3817 388 Τί

547 474 628 543 qui
655 474 842 541 pariter
886 478 1038 524 antea
1068 470 1128 522 ob
1157 468 1386 523 voculam
1430 473 1516 528 τῆς
1547 461 1890 524 notarios-tabo;
1935 479 1997 518 ea:
2032 460 2303 530 prophetia
2348 459 2498 513 Iona:
2549 473 2729 526 parum
2771 462 3128 509 convenerant.
3178 450 3316 505 Nota
3363 459 3436 505 est
3463 450 3556 504 illa
3583 466 3645 504 ex
3678 462 3826 504 veteri

551 541 765 617 historia
796 562 927 616 inter
961 558 1315 630 Epiphaniam
1344 573 1402 610 ac
1449 555 1516 610 D.
1549 555 1966 626 Chrysostornum
1997 552 2343 606 controversia
2368 566 2386 604 :
2413 549 2504 604 illa
2551 552 2704 605 etiam
2732 565 2790 603 eo
2813 547 3088 602 modestior
3108 563 3209 617 quo
3239 544 3498 613 antiquior
3535 541 3754 596 Victoris
3778 553 3828 594 et

553 655 761 721 Irenazi,
799 656 1035 726 Origenis
1063 663 1110 708 et
1142 650 1413 722 TheOphili
1437 666 1454 704 :
1482 665 1595 720 qua:
1617 658 1787 702 tamen
1816 648 1990 702 omnia
2018 662 2120 700 non
2146 645 2262 700 ideo
2289 644 2500 700 summis
2527 643 2648 699 viris
2679 658 2790 698 eam
2817 649 2990 696 notam
3019 639 3331 702 inusserunt,
3359 644 3414 690 ut
3438 635 3484 688 si
3507 634 3633 704 quid
3663 635 3830 686 minus

551 759 688 805 recte
720 752 772 804 in
802 748 1080 815 nonnullis,
1115 761 1229 818 quia
1261 761 1360 800 non
1385 746 1457 798 ita
1479 744 1538 798 ab
1565 741 1848 797 universali
1881 741 2111 796 Ecclesia
2151 741 2205 793 in
2252 739 2485 793 conciliis
2509 737 2848 793 sacrosanctis
2876 743 3091 790 tractata
3133 736 3357 804 fuerant,
3386 737 3433 782 et
3463 727 3686 789 decreta,
3719 742 3832 779 sen-

556 848 763 912 sissent,
796 845 848 897 in
874 841 1069 897 cazleris
1093 816 1289 910 quoque
1313 852 1510 891 errasse
1536 837 1820 890 videantur.
1849 834 1959 888 Sua
1983 833 2046 887 sit
2069 847 2187 904 ergo
2209 829 2278 885 ο.
2304 828 2508 884 Gelasio
2533 827 2834 894 auctoritas,
2861 835 2906 880 et
2926 842 3019 880 sua
3046 821 3112 876 D.
3136 821 3453 889 Hieronymo
3473 824 3665 871 constet
3689 816 3828 868 inno-

559 909 757 1002 centia,
803 952 916 1006 qua:
954 909 1119 988 tamen
1161 943 1296 986 recte
1324 931 1462 984 dicta
1497 927 1672 996 Ruﬁni
1699 943 1801 981 non
1826 926 2043 993 elevcnt,
2090 925 2190 978 imo
2211 939 2325 994 qua:
2346 922 2415 975 ad
2447 923 2709 975 veritatem
2737 928 2794 972 ut
2818 918 2897 971 hic
2919 916 3093 971 omnia
3122 922 3298 969 exacta
3326 913 3370 965 si
3399 910 3586 980 fuerint
3615 909 3834 1005 integra,

560 1050 664 1088 non
695 1003 860 1084 minus
886 1030 953 1082 ad
975 1028 1096 1082 bene
1118 1025 1428 1081 credendum
1451 1038 1541 1076 nos
1562 1023 1842 1088 instruant,
1868 1029 1915 1073 et
1937 1020 2004 1072 ad
2027 1020 2150 1072 bene
2169 1016 2424 1087 agendum
2454 1016 2794 1084 inﬂamment,
2819 1026 2973 1082 quam
3001 1024 3114 1078 qua:
3136 1007 3199 1060 ab
3230 1006 3292 1058 iis
3323 1003 3547 1074 perfecta
3579 1007 3719 1063 sunt,
3751 1003 3834 1066 qui

564 1129 839 1196 speciosius
866 1125 955 1178 illo
985 1125 1228 1190 fortasse,
1264 1129 1309 1175 et
1336 1120 1650 1173 ambitiosius
1675 1119 1770 1187 legi
1800 1116 1991 1184 terique
2012 1116 2230 1169 soleant.
2274 1111 2351 1164 Tu
2379 1125 2494 1163 vero
2519 1109 2744 1172 interim,
2772 1107 3009 1171 Domine,
3039 1120 3070 1156 a
3102 1103 3296 1157 Sancto
3320 1095 3525 1149 Andrea
3548 1093 3836 1196 memineris

564 1189 657 1272 lias
683 1218 770 1274 tibi
794 1224 1021 1271 sacratas
1048 1255 1062 1280 ,
1106 1211 1350 1266 bellorum
1381 1209 1610 1264 civilium
1649 1207 1919 1262 manubias
1948 1207 2076 1260 tueri
2099 1247 2113 1272 ,
2141 1214 2188 1258 et
2216 1220 2272 1258 eo
2295 1218 2452 1273 usque
2479 1202 2759 1267 custodire,
2791 1211 2845 1254 ut
2871 1200 2997 1254 sicut
3027 1214 3077 1252 es
3105 1195 3420 1256 Catltolfcus,
3451 1192 3574 1247 vivis
3598 1198 3642 1243 et
3671 1189 3838 1242 vixisti

566 1329 760 1380 semper
786 1308 1212 1364 catholicissimus
1239 1323 1257 1360 :
1302 1307 1373 1358 ita
1393 1303 1664 1359 catholicae
1683 1343 1701 1370 ,
1751 1303 1844 1357 hoc
1873 1311 1944 1356 est
1979 1301 2226 1355 Romamn
2257 1296 2506 1350 Ecclesiae
2535 1295 2775 1364 quicquid
2805 1295 2858 1346 in
2879 1293 2940 1346 iis
2964 1295 3126 1380 fuerit
3141 1287 3477 1380 prob-aridum
3497 1326 3514 1351 ,
3546 1283 3624 1337 rel
3648 1283 3838 1353 impro-

565 1373 790 1458 bandum
817 1404 1134 1472 relinquatur
1161 1397 1395 1452 arbitrio.
1444 1396 1592 1452 Vale.
1636 1395 1720 1450 Ea:
1751 1405 1838 1450 tuo
1871 1393 2124 1448 Muscaolo
2153 1388 2292 1460 apud
2319 1383 2658 1442 Gervasianos
2693 1385 2872 1439 Idibus
2901 1381 3071 1436 Juniis
3101 1378 3152 1432 Μ
3165 1373 3434 1431 DLXXX.

578 1594 3827 1636 Η

1116 1777 2284 1949 TYRANNII
2414 1768 3340 1980 131mm,

1494 2093 1836 2178 ORTU
1918 2081 2926 2192 CONCORDIENSIS,

1225 2317 2000 2424 CIVITATE
2094 2308 3240 2446 AQUILEIENSIS,

1179 2548 2054 2628 PBESBYTEBATU
2127 2541 3206 2632 HIEROSOLYMITANI,

1487 2785 1558 2838 θ
1924 2759 2521 2972 Edita.

1641 3063 2812 3118 ψ

1654 3221 2137 3330 LIBER
2206 3218 2837 3327 PRIMUS.

1230 3541 1453 3599 CAPUT
1498 3543 1536 3596 l.

612 3665 649 3718 I.
683 3663 856 3730 llnﬁnt
901 3666 1080 3724 ortus,
1114 3667 1160 3711 et
1193 3675 1408 3713 nominis
1450 3667 1724 3729 scriptura.
1758 3656 1824 3711 II.
1871 3655 2070 3730 Patria.
2103 3653 2191 3730 III.

683 3727 982 3787 Concordia:
1005 3733 1304 3799 natus,ejus
1325 3727 1615 3797 praenomen
1647 3739 1692 3782 et
1723 3727 2007 3799 genus.__|V.
2033 3727 2195 3793 Aqui—

688 3805 802 3874 lejw
850 3802 1163 3874 monachum
1187 3797 1390 3874 induit.
1437 3800 1499 3874 V_.
1553 3799 1668 3874 Una
1717 3797 1845 3874 (tt-nt.
1881 3797 2196 3874 Hieronymo

686 3867 829 3926 bonis
881 3872 1074 3923 artibus
1127 3870 1314 3924 ibidem
1370 3870 1681 3932 instituitur,
1723 3867 1927 3920 adultus
1965 3870 2194 3937 tingitur.

686 3943 922 3997 Minister
943 3953 986 3994 et
1011 3941 1344 4007 Susceptores
1365 3941 1506 3992 illius
1537 3939 1798 4006 baptismi.
1828 3937 1912 3988 VI.
1940 3936 2200 4006 Hierony-

686 4030 798 4066 mus
828 4013 888 4064 ab
923 4028 978 4064 eo
1001 4011 1250 4070 divulsus.
1284 4015 1336 4062 in
1369 4011 1578 4078 Syriam
1610 4007 2201 4078 navigat.\lll.lluﬁnus

687 4082 861 4155 paullo
896 4092 1136 4155 postcum
1169 4080 1394 4134 Melania
1415 4077 1828 4149 Hierosolymam
1849 4077 2194 4148 profecturus,

687 4153 850 4208 Roma
880 4153 1114 4206 discedit.

690 4243 932 4299 Gelasius
972 4243 1265 4312 Cyzicenus
1295 4239 1546 4312 perlectis
1593 4238 1825 4312 Nicarnae
1871 4237 2070 4312 Synodi
2101 4237 2202 4312 Ca-

618 4315 848 4370 nonibns
875 4309 1029 4378 apud
1048 4313 1296 4365 Rufinum
1330 4312 1383 4363 in
1418 4310 1650 4364 Historia
1693 4309 2071 4363 Ecclesiastica
2106 4311 2198 4364 lib.

617 4386 690 4440 Χ.
717 4400 838 4452 cap.
867 4384 956 4438 Vl.
988 4385 1215 4436 eundem
1245 4395 1438 4449 magno
1469 4380 1556 4452 illi,
1577 4380 1866 4452 conventui
1893 4380 2201 4452 interfuisse

621 4469 720 4524 pro
744 4450 892 4508 certo
925 4452 1186 4524 habuitin
1220 4467 1315 4505 sua
1358 4450 1669 4524 praefatione
1697 4450 1763 4503 ad
1788 4451 1935 4524 _l_\cta
1963 4451 2200 4524 βοηςίΗί

619 4520 818 4578 Νἱρωηί
861 4523 998 4590 apud
1046 4522 1317 4576 Labbeuni
1379 4529 1507 4573 tom.
1537 4521 1577 4574 Ι.
1610 4536 1730 4590 pag.
1781 4520 1903 4575 III.
1947 4522 2104 4590 Atqui
2136 4537 2202 4577 eo

623 4604 888 4661 tempore,
925 4606 1117 4660 nempe
1147 4593 1209 4645 A.
1248 4592 1306 4644 D.
1330 4590 1454 4645 5-25.
1481 4590 1715 4645 nondum
1742 4599 1924 4644 natum
1953 4591 2201 4661 Ruﬁnum

609 4661 897 4718 ladnotavit
922 4661 1122 4715 Natalis
1169 4661 1477 4716 Alexander
1507 4661 1561 4715 in
1601 4662 1820 4715 smculo.
1849 4661 1935 4715 IV.
1970 4663 2196 4718 Dissert.

607 4720 763 4794 lXIII.
797 4733 1040 4787 conclus.
1073 4731 1133 4785 II.
1190 4733 1370 4801 Longe
1401 4731 1556 4785 aliter
1599 4735 1837 4786 sentiens
1889 4733 2200 4790 Blondellus

610 4804 1128 4878 diedi’riﬂtalttpagL
1184 4799 1326 4878 88d.
1365 4801 1544 4878 Ilii/ini
1583 4801 2008 4878 Ortumilligavit
2036 4809 2099 4858 Α,
2139 4807 2197 4860 υ,

607 4872 754 4946 ξὸιῦ.
785 4875 883 4946 qui
908 4874 1002 4926 fuit
1029 4888 1056 4925 a
1088 4872 1578 4946 Cpncilio_l\’ica3no
1613 4873 1897 4946 vicesimus.
1931 4875 2078 4928 llanc
2100 4891 2199 4946 ego

608 4942 889 5014 .‘Blondelli
917 4944 1237 5014 sententiam
1271 4942 1419 4996 nullo
1452 4943 1740 5014 antiquiori
1775 4947 2083 5001 testimonio
2114 4942 2200 5000 lir-

612 5021 828 5091 ;mataiii
879 5013 1018 5067 haud
1066 5027 1295 5091 propere
1334 5013 1652 5091 amplectar.
1697 5015 1826 5069 Nam
1857 5017 1930 5091 de
1955 5033 2098 5091 anno
2142 5028 2198 5072 ct

625 5083 880 5156 Consule,
911 5081 1201 5156 quonatus
1231 5081 1475 5156 Ruﬁnus,
1512 5101 1772 5153 nusquam
1821 5087 2018 5156 aliquid
2065 5103 2198 5156 pro-

611 5141 802 5212 lditutn
834 5141 944 5219 est;
969 5154 1105 5208 adeo
1144 5141 1380 5225 virorum
1409 5141 1692 5210 ill-ustriu'm
1741 5141 1962 5225 perinde
2001 5141 2198 5211 ac'flu-

613 5226 866 5292 ,minum,
920 5237 1068 5279 ortus
1117 5224 1332 5280 obscuri
1377 5235 1522 5288 sunt,
1574 5224 1891 5295 progressus
1919 5239 1973 5282 et
2021 5231 2198 5283 exitus

615 5296 921 5364 iconspicui.
953 5295 1066 5349 Non
1097 5295 1186 5348 diu
1219 5305 1394 5350 tamen
1419 5311 1448 5349 a
1480 5296 1718 5351 Concilio
1761 5299 1980 5352 Nicmno
2020 5299 2070 5351 in
2119 5298 2199 5350 lu-

615 5365 744 5420 ‘cem
787 5365 988 5418 editum
1015 5406 1029 5428 ,
1081 5366 1290 5434 probari
1330 5376 1457 5435 puto
1483 5383 1548 5422 ex
1599 5368 1912 5437 Hieronymi
1947 5369 2081 5420 libro
2130 5367 2195 5420 Il.

616 5419 901 5505 [Apologia
931 5437 992 5489 Α.
1017 5437 1079 5489 Ι).
1109 5437 1233 5490 ιυυ.
1267 5438 1587 5507 conscriptus
1613 5481 1626 5503 ,
1659 5440 1744 5491 ubi
1773 5437 2018 5506 Ruﬁnum
2046 5448 2201 5489 vocat

981 5476 992 5486 .
1019 5455 1079 5489 υ.
1109 5455 1233 5490 sou.
1267 5455 1587 5503 conscriptus
1613 5481 1626 5503 ,
1659 5455 1744 5491 unt
1773 5455 2018 5503 nupnum
2046 5455 2155 5489 voc:

627 5522 799 5559 senem
819 5514 1097 5569 ctcanum,
1126 5508 1462 5578 eundemque
1491 5511 1771 5578 sugillans,
1796 5509 1936 5577 quod
1968 5517 2200 5576 parentes

629 5585 758 5648 tunc
788 5589 846 5648 se
886 5577 1132 5648 invisisse
1161 5577 1426 5631 dixisset:
1457 5577 1607 5648 quos,
1641 5581 1836 5643 inquit,
1869 5579 2085 5630 viventes
2108 5579 2199 5648 jn-

626 5646 765 5715 venis
786 5646 1070 5715 dereliquit,
1112 5661 1338 5702 mortuos
1367 5646 1533 5702 senizx
1581 5649 1860 5702 desiderat.
1913 5649 2023 5701 Sub
2053 5647 2203 5700 initio

627 5714 748 5769 libri
775 5715 862 5769 Ill.
900 5714 1140 5785 Ruﬁnum
1168 5719 1304 5772 dicit
1347 5733 1762 5771 verusrisstnuu
1811 5719 2199 5770 monachorum.

628 5785 769 5841 Alibi
796 5789 896 5842 ait:
926 5788 989 5845 de
1015 5806 1130 5846 sene
1154 5805 1325 5845 senex
1351 5797 1493 5843 tanta
1516 5788 1790 5864 conﬁngis.
1823 5789 2026 5844 Rursus
2056 5789 2204 5857 paul-

2227 3546 2279 3606 Α
2309 3540 2360 3592 Io
2391 3547 2511 3606 post
2543 3557 2557 3592 τ
2586 3553 2700 3609 qua?
2725 3538 2860 3592 enim
2887 3547 2959 3609 est
2985 3537 3283 3603 aedificatio,
3316 3539 3444 3593 duos
3473 3553 3636 3594 senes
3664 3542 3797 3597 inter
3822 3560 3873 3598 se

2305 3621 2510 3678 prapter
2539 3609 2802 3680 hwreticos
2837 3608 3180 3680 (Origcncm)
3201 3610 3546 3680 digladiari!
3575 3609 3877 3667 Erravimus

2291 3677 2524 3750 juvenes,
2557 3677 2884 3733 emendemur
2913 3693 3092 3731 senes.
3132 3678 3269 3733 Infra
3285 3677 3459 3735 'vero:
3496 3697 3587 3750 ego
3628 3681 3720 3736 tibi
3750 3685 3878 3738 dabo

2298 3751 2496 3802 veniam
2518 3793 2530 3812 ,
2560 3750 2706 3824 quod
2746 3750 3048 3824 Apologiant
3095 3749 3352 3824 librorum,
3373 3750 3504 3824 Eius
3526 3749 3572 3824 ί(
3594 3753 3838 3822 Origenis
3861 3755 3880 3824 )

2300 3836 2437 3894 csso
2466 3821 2733 3894 scripseris
2775 3823 2956 3894 capite.
2989 3824 3149 3894 tione
3182 3821 3295 3874 haec
3325 3823 3391 3874 de
3434 3822 3624 3894 Ruﬁno
3653 3821 3881 3894 sexage's

2302 3893 2454 3944 nario
2507 3891 2636 3965 dici»
2670 3889 3008 3958 potuiSsent?
3039 3889 3292 3965 Fortasse
3340 3901 3465 3965 tunc
3497 3889 3883 3965 fuerit‘mag'no

2302 3970 2451 4024 natu,
2483 3973 2536 4015 et
2564 3963 2752 4015 saltem
2778 3959 3242 4030 septuagenarius,
3268 3961 3444 4029 qualis
3473 3972 3590 4016 erat
3613 3959 3882 4030 Hierony-

2302 3981 2451 4024 natu,
2483 3981 2536 4015 el
2564 3981 2752 4015 saltem
2778 3981 3242 4030 septuagenarlus,
3268 3981 3444 4029 quatis
3473 3981 3590 4016 erat
3613 3981 3813 4018 IIICI'OII
3861 3995 3882 4006 ·

2302 4045 2444 4086 mus.
2498 4032 2613 4086 Non
2663 4039 2746 4084 est
2777 4031 3087 4105 Asilendum,
3118 4031 3294 4105 “quod
3336 4031 3389 4085 in
3419 4032 3654 4105 nominis
3680 3981 3883 4105 Iiuﬁyni

2301 4106 2566 4170 scriptura
2614 4102 2814 4155 notavit
2862 4099 3058 4171 Caspar
3110 4099 3356 4155 Barthius
3406 4102 3472 4154 ad
3527 4099 3879 4159 Claudianiim

2341 4173 2618 4245 33.1075.
2653 4172 2783 4227 edit.
2815 4172 2878 4245 II_.
2911 4172 3070 4245 inque
3099 4171 3563 4245 adversariislib.
3591 4173 3728 4226 LIII.
3761 4191 3882 4245 cap.

2331 4245 2370 4297 l.
2405 4243 2632 4310 simplici
2668 4245 2816 4296 litera
2851 4243 2912 4296 ιι.
2939 4243 2990 4295 in
3031 4241 3292 4312 universis
3333 4243 3607 4297 codicibus
3638 4241 3882 4312 reperiri.

2306 4313 2567 4382 Loquitur
2586 4313 2832 4365 Barthius
2858 4315 2923 4366 de
2944 4313 3132 4379 ltuﬁno
3151 4311 3404 4383 praefecto
3427 4311 3711 4381 praetorio,
3727 4332 3883 4383 quem

2308 4383 2633 4438 Claudianus
2687 4385 2958 4452 exagitat;
3007 4383 3098 4436 sed
3161 4382 3275 4434 hu’c
3325 4387 3589 4448 scriptura
3635 4382 3884 4440 omnibus

2309 4453 2512 4526 Iluﬁnis
2552 4455 2816 4526 congruit.
2855 4455 3030 4520 Quare
3053 4467 3146 4506 eos
3178 4453 3356 4526 inepte
3388 4454 3563 4526 facere
3597 4464 3768 4520 putat,
3797 4457 3885 4524 qui

2306 4525 2358 4580 id
2408 4523 2734 4579 elementum
2786 4527 3078 4592 geminant,
3130 4537 3292 4591 quum
3337 4523 3448 4589 ipsa
3481 4523 3600 4592 ejus
3653 4527 3884 4580 nominis

2305 4599 2677 4666 pronuncialio
2723 4594 2866 4647 aliud
2892 4593 3217 4666 nihilI'crat:
3252 4609 3426 4666 neque
3457 4594 3610 4647 facile
3641 4595 3882 4664 alioquin

2307 4663 2516 4722 literato
2554 4668 2610 4719 μ’.
2649 4666 2822 4719 Latini
2866 4666 2917 4717 in
2952 4665 3147 4717 talibus
3177 4663 3471 4732 geminant,
3503 4679 3602 4718 nec
3645 4663 3885 4729 profecto

2306 4739 2358 4792 in
2395 4738 2785 4806 antiquissimis
2833 4735 3006 4806 Ruﬁni
3049 4736 3216 4788 nostri
3260 4735 3536 4806 codicibus
3581 4737 3888 4802 geminasse

2307 4805 2620 4862 posituntnr.
2679 4807 2793 4860 Iluc
2838 4805 2963 4859 facit
3013 4805 3259 4871 adprime
3307 4805 3445 4873 quod
3494 4806 3652 4858 etiam
3713 4807 3884 4860 Graeci

2308 4895 2466 4933 uuam
2497 4887 2699 4930 tantum
2731 4877 2918 4929 duram
2945 4874 3151 4928 literatn
3182 4875 3303 4927 huic
3329 4876 3532 4928 nomini
3556 4874 3887 4942 ad~crihant,

2303 4964 2531 5016 quorum
2557 4948 2776 5000 ductum
2812 4961 2916 4998 non
2947 4945 3063 5016 sine
3093 4944 3303 5016 ratione
3338 4947 3399 5016 in
3432 4944 3700 5016 similibus
3737 4947 3884 4999 latini

2303 5015 2616 5087 Sequuntur.
2645 5016 2797 5085 Apud
2824 5015 3157 5069 Ezechieletn
3186 5015 3569 5087 Spanhetnium
3593 5015 3642 5066 in
3663 5015 3885 5087 Dissert.

2303 5083 2396 5142 IX;
2427 5089 2493 5142 de
2527 5083 2833 5139 Pin-stantia
2867 5096 2922 5138 et
2961 5099 3058 5138 usu
3091 5086 3473 5138 numismatum
3516 5094 3660 5137 tonio
3689 5083 3732 5145 Ι,
3768 5102 3887 5154 pag.

2301 5157 2427 5210 712.
2469 5167 2523 5209 et
2573 5155 2699 5209 715.
2752 5156 3002 5209 editionis
3054 5170 3260 5222 inagnie
3304 5155 3356 5208 in
3400 5155 3635 5208 numinis
3688 5155 3890 5210 Graecis

2301 5229 2559 5294 scriptum
2620 5227 2855 5280 occurrit
2904 5234 3221 5279 ΡΟΥΦΙΝΟΥ.
3257 5225 3402 5278 Hanc
3451 5225 3679 5278 eandem
3729 5242 3889 5294 porro

2304 5297 2628 5362 scripturam
2665 5312 2734 5350 ex
2784 5295 2963 5361 Ruﬁni
2988 5297 3174 5350 codice
3221 5296 3590 5350 vetustissimo
3618 5295 3686 5349 de
3725 5295 3887 5350 Bene-

2305 5367 2606 5420 dictionibus
2625 5366 2825 5418 Patriar
2835 5368 3047 5418 charum
3065 5366 3348 5419 confirn‘iat
3367 5366 3557 5420 Petrus
3573 5366 3891 5420 Lambecius

2305 5438 2358 5490 in
2387 5437 2716 5489 Bibliotheca
2764 5437 3010 5490 Caesarea
3041 5446 3185 5488 tonio
3211 5438 3275 5490 II.
3308 5451 3439 5503 apag.
3473 5436 3596 5488 800.
3631 5435 3796 5501 idque
3825 5452 3889 5490 ex

2307 5508 2455 5561 MSS.
2489 5507 2642 5560 l.bris
2696 5507 3011 5575 comprobat
3041 5507 3199 5559 etiam
3249 5505 3527 5573 Philippus
3557 5505 3810 5558 Labbens
3841 5508 3892 5560 in

2307 5578 2448 5631 notis
2486 5577 2549 5629 ad
2600 5577 2908 5630 Bellarmini
2951 5576 3262 5645 Catalognm
3309 5585 3454 5628 tonio
3484 5575 3547 5627 ll.
3578 5589 3714 5646 pag.
3763 5575 3889 5630 507.

2309 5649 2432 5701 ΙΙωο
2458 5657 2708 5704 evertunt
2733 5648 3054 5700 sententiam
3105 5645 3321 5698 Arualdi
3373 5647 3592 5700 Pontaci
3651 5645 3706 5698 in
3753 5645 3894 5700 notis

2306 5721 2370 5770 ad
2404 5720 2614 5772 Eusebii
2665 5718 2970 5770 Chronicon
3019 5714 3268 5784 pag.749.
3314 5717 3399 5768 ubi
3452 5715 3718 5784 lin/linum
3774 5730 3896 5770 cum

2308 5789 2519 5860 gemino
2552 5790 2590 5844 Ε
2623 5787 2966 5844 scribendum
3014 5785 3292 5842 contendit
3357 5785 3686 5842 Consulatur
3735 5785 3897 5841 Index
