4078 6346
534 331 629 388 251

1849 322 2079 379 RUFINI
2122 319 2553 379 PRESBYTERI

3713 318 3809 373 9.1.2

534 450 669 506 XIV.
716 452 823 505 Art.
872 449 956 505 10.
1002 465 1118 517 pag.
1153 447 1276 503 697.
1314 446 1455 517 Ergo
1489 446 1575 500 hic
1608 442 1741 497 liber
1769 440 1829 493 .sd
1870 440 2114 507 tiu/iitum
2150 445 2193 501 Α
2228 438 2374 517 cujus
2408 436 2485 489 vel
2522 436 2708 517 ventris
2751 434 2937 517 gratia
2984 433 3481 517 adnprredicandum
3525 432 3809 517 proﬁcisce~

542 538 875 591 nmptnqnutt
910 522 1158 591 pertinet.

1126 630 1351 687 CAPUT
1392 628 1529 685 XIV.

536 746 574 801 Ι.
620 747 835 816 Ruﬁnus
872 748 1292 800 commentarium
1321 743 1492 798 scribit
1548 743 1600 794 in
1643 718 1950 816 Symbolum
1984 742 2121 816 Apo-

605 808 873 870 stolorum.
892 816 1114 871 Breviter
1133 819 1185 871 in
1204 833 1261 869 eo
1288 824 1521 869 contenta
1542 808 1881 865 recensen‘ur.
1908 808 1973 863 ll.
1998 809 2123 863 Tes-

604 889 815 939 timonia
842 899 942 940 tam
982 887 1235 950 Veterum,
1267 903 1417 953 quant
1452 884 1811 937 (iecentiorum
1843 883 2120 935 adducun-

609 969 716 1012 tur.
750 958 833 1012 Ill.
882 957 1053 1031 Hujus
1086 957 1449 1011 Conmtentarii
1480 956 1633 1009 varia:
1665 954 1927 1006 editiones.

609 1071 647 1124 Ι.
678 1071 983 1125 Gennadius
1012 1072 1063 1125 it:
1091 1072 1345 1141 Catalogo
1370 1084 1489 1135 cap.
1516 1067 1680 1123 XVII.
1715 1066 1912 1141 ceteris
1942 1064 2119 1141 [inlini

538 1141 1030 1208 lucubrationibus,
1079 1136 1519 1207 proprio'labore,
1553 1141 1708 1191 immo
1739 1140 1904 1208 gratia
1946 1136 2040 1190 Dei
2071 1146 2119 1191 et

535 1214 671 1265 dono
710 1214 1003 1277 conlectis,
1047 1212 1280 1281 ngboli
1317 1210 1725 1281 explicationem
1770 1207 2116 1281 adnumerat,

534 1284 601 1336 de
632 1298 733 1350 qua
765 1292 869 1337 tam
895 1278 1235 1352 magnificum
1261 1281 1621 1337 testimonium
1651 1278 1989 1352 circumferri
2014 1289 2117 1332 tes-

534 1361 696 1419 tatur,
732 1363 789 1407 ut
818 1357 871 1425 in
892 1350 1006 1425 ejus
1033 1354 1416 1423 comparatione
1443 1352 1532 1425 alii
1562 1366 1652 1425 nec
1677 1350 1974 1425 exposuisse
2004 1364 2117 1425 cre-

534 1428 748 1477 dantur.
803 1420 1296 1493 Argumento‘est.
1339 1424 1480 1491 quod
1529 1422 1760 1488 majores
1803 1420 1989 1493 nostri
2016 1420 2118 1474 ali-

535 1494 751 1562 quando
790 1491 1041 1566 Cypriani
1087 1496 1339 1565 martyris
1381 1509 1545 1562 opus,
1598 1492 1882 1557 aliquando
1931 1491 2120 1566 llierof

538 1567 683 1633 nytui
725 1562 1148 1620 exis'ti’maverint
1179 1584 1191 1619 ε
1221 1562 1507 1633 intrantque
1551 1577 1828 1629 perperam
1872 1576 2003 1615 sane
2035 1562 2116 1615 vel

536 1632 644 1689 uno
670 1646 805 1690 teste
827 1634 1120 1690 Gennadio.
1149 1632 1463 1691 Laurentius
1483 1634 1701 1704 quidam
1726 1634 1942 1704 incertat
1962 1632 2117 1687 Sedis

538 1706 849 1774 episcopus,
878 1722 1036 1776 quem
1067 1708 1285 1760 Ruﬁnus
1312 1707 1362 1760 in
1399 1702 1513 1772 ipso
1538 1705 1715 1757 statim
1750 1702 1945 1776 limine
1958 1711 2119 1776 vocat

538 1774 907 1843 ﬁdelissimum
938 1778 1164 1845 Papum,
1196 1788 1249 1830 et
1276 1778 1427 1845 cujus
1454 1791 1578 1843 erga
1610 1776 1885 1844 scripturas
1912 1774 2115 1826 divinas

539 1822 767 1899 itmorem
804 1861 851 1901 et
878 1822 1104 1901 studiirm
1133 1822 1258 1901 είιίὺὶ
1288 1822 1482 1913 Ιειῦιιθι,
1512 1822 2115 1899 ῗὶιιτίςιὶΓὸειοτειιηθηιο-

2236 1822 2511 1913 Ξὶιςξιίῑὶῐίιιιδ
2603 1823 2739 1913 θυι),
2792 1823 2979 1913 Pontio

539 1931 661 1970 rum
694 1918 1002 1987 interposita
1039 1920 1322 1988 religione,
1372 1933 1465 1987 per
1517 1916 1990 1988 literas_ltnl_inum
2024 1915 2119 1968 ad-

540 1984 847 2050 etrinxerat,
878 1989 1107 2057 utaliqui
1127 1984 1231 2044 t'de
1258 1984 1668 2057 ﬁde—secundum
1694 1984 1925 2057 Symboli
1954 1987 2119 2038 tradi-

543 2058 761 2130 tionem,
816 2056 1164 2130 rationemque
1215 2056 1579 2127 r-Ontponeret.
1638 2056 1929 2130 Suspicor,
1970 2058 2120 2130 hunc

540 2126 875 2199 Laurentium
906 2126 1260 2185 unuut’luisse
1280 2126 1349 2184 ex,
1369 2130 1634 2199 episcopis
1652 2126 1932 2199 metropoli
1954 2126 2121 2195 Aqui-

539 2198 729 2266 lejertsi
774 2204 1075 2266 attributis,
1124 2212 1246 2272 puta
1295 2198 1630 2260 Concordia},
1671 2198 1866 2272 “nillil
1892 2200 2117 2263 patrita:

540 2271 690 2338 cujus
720 2272 877 2326 sedes
908 2284 1058 2327 vacat
1081 2269 1217 2340 apud
1248 2273 1527 2337 Ugltellum
1556 2280 1681 2323 ante
1709 2269 1963 2340 szeettlnm
1992 2282 2118 2321 sex-

542 2348 675 2393 tum.
713 2340 936 2395 Rulinus
973 2339 1125 2398 certe
1154 2348 1595 2407 quotiescumque
1625 2339 1985 2405 Aquileiensis
2018 2340 2118 2392 Ec-

542 2410 721 2465 clesia:
741 2412 1077 2467 discinlinam
1098 2414 1331 2475 adducit,
1357 2410 1709 2465 multitudinis
1729 2424 1952 2461 nuntero
1971 2424 2122 2462 usur-

543 2493 690 2552 pato,
723 2497 840 2535 eam
864 2483 1131 2537 Laurentii
1158 2486 1378 2552 perinde
1408 2498 1470 2536 ac
1500 2496 1648 2534 suam
1680 2478 2118 2552 laceravidetur.

544 2550 725 2604 Rulini
754 2554 929 2607 verbis
957 2555 1058 2608 hoc
1086 2550 1256 2609 doceo
1283 2570 1298 2607 :
1332 2553 1444 2606 Duo
1475 2554 1554 2605 isti
1580 2566 1836 2603 serntones
1865 2551 1916 2601 in
1946 2550 2123 2603 Eccle-

658 2621 904 2677 Romana:
933 2624 1175 2695 Symbolo
1206 2625 1476 2695 habentur.
1509 2624 1713 2695 constat
1740 2623 1877 2689 apud
1907 2634 2001 2673 N08
2030 2622 2125 2673 ad-

546 2690 682 2745 ditos
702 2735 715 2757 ,
750 2690 995 2749 ha'reseos
1026 2712 1206 2750 caussa
1232 2694 1447 2749 Sabellii
1464 2735 1476 2755 ,
1516 2693 1657 2745 illius
1690 2695 1913 2760 profecto
1943 2707 2060 2761 qua:
2093 2709 2127 2744 ιι

544 2775 763 2837 nos'ruts
806 2763 1196 2837 Patripussiana
1241 2765 1553 2837 appellatur.
1601 2762 1815 2837 Eranos
1849 2784 1862 2818 :
1901 2761 1969 2837 Ut
2006 2779 2126 2837 ergo

545 2835 900 2903 excluderetur
928 2834 1044 2891 talis
1071 2834 1317 2903 impietas
1331 2839 1393 2890 de
1421 2836 1608 2899 Patre,
1634 2834 1867 2887 videntur
1896 2835 2003 2887 hac
2025 2835 2123 2887 ad-

546 2902 740 2958 didisse
773 2922 957 2961 tmoav
980 2926 1004 2961 s
1033 2902 1255 2972 sosrat,
1290 2909 1391 2962 hoc
1411 2916 1493 2961 est
1527 2906 1698 2959 Κυίὶηὶ
1729 2914 1783 2958 et
1813 2904 2123 2971 Laurentii,

547 2972 591 3047 si
624 2974 759 3029 bene
788 2993 1039 3047 auguror.
1070 2980 1207 3033 Alibi
1233 2980 1342 3033 ait:
1372 2978 1433 3032 Et
1471 2979 1585 3030 ideo
1614 2978 1737 3029 satis
1767 2985 1910 3030 caute
1944 2974 2125 3030 Eccle-

548 3046 627 3123 sia
665 3062 866 3123 nasuta
898 3047 1083 3123 Fidem
1113 3051 1364 3123 ngboli
1384 3051 1550 3102 docet.
1586 3049 1708 3123 llaec
1739 3048 1879 3123 enim
1910 3063 2127 3123 semper

547 3115 615 3166 ad
642 3131 805 3191 unum
825 3118 1069 3174 ltulittum
1091 3115 1300 3185 referri,
1319 3121 1401 3174 vix
1419 3130 1566 3191 puto,
1585 3119 1678 3173 sed
1697 3121 1761 3171 ad
1780 3133 1912 3191 _cum
1941 3118 2124 3191 etiam,

548 3198 706 3259 quem
739 3188 1046 3258 alloquitur,
1076 3188 1742 3258 Laurentium'episcOpum.
1771 3188 1887 3243 .lam
1912 3189 1978 3242 ad
2008 3205 2129 3259 pro-

546 3257 777 3331 positum
815 3257 1114 3316 redeamus.
1154 3263 1338 3331 Itaque
1380 3262 1604 3315 Rulittus
1648 3262 1921 3328 praemissa
1960 3257 2127 3315 etcu-

548 3326 790 3403 sat’ione,
824 3347 925 3399 qua
956 3326 1280 3403 singularem
1312 3348 1461 3387 suam
1492 3326 1805 3386 modestiam
1841 3331 2126 3403 patefacit,

548 3410 685 3471 opus
710 3401 881 3468 ipsum
915 3401 1243 3471 adgreditur.
1277 3405 1479 3459 Tamen
1515 3418 1609 3457 nec
1638 3405 1851 3455 idoneus
1892 3401 1959 3455 ad
1989 3403 2128 3455 scri—

549 3466 784 3523 benduin
819 3466 1010 3528 haberi
1027 3477 1163 3541 vult,
1198 3491 1296 3530 nec
1327 3476 1560 3543 ignarus,
1594 3489 1751 3542 quam
1782 3488 1885 3525 non
1916 3474 1981 3525 sit
2015 3472 2133 3543 abs-

549 3555 644 3607 que
673 3544 898 3617 periculo
926 3546 1198 3599 multorum
1221 3547 1320 3617 jud
1345 3542 1434 3598 ciis
1463 3546 1895 3617 ingettiun‘ttenuc
1926 3542 2134 3617 et‘cxile

551 3614 862 3685 committere
888 3634 899 3666 :
923 3617 1111 3685 quibus
1147 3614 1321 3672 verbi~
1350 3614 1575 3671 fortasse
1604 3614 1856 3685 invidiam
1897 3614 1993 3665 sibi
2025 3628 2125 3685 nug

552 3693 652 3757 per
672 3683 739 3735 ab
754 3682 1073 3757 llicrouymi‘
1089 3688 1406 3743 necessariis
1426 3687 1711 3757 conﬂatam
1731 3683 1976 3757 designat
1985 3724 1997 3736 .
2024 3682 2131 3736 Sed

554 3749 721 3827 fretus
740 3749 1007 3811 Laurentii
1030 3754 1274 3827 Episwpi
1297 3758 1563 3827 precibus.
1591 3754 1941 3827 qttibUSF‘lmd
1967 3755 2129 3827 “9m”

552 3823 828 3896 petitionis
884 3823 1145 3896 imposito
1198 3823 1577 3883 necessitatem
1631 3824 1808 3894 juvari
1864 3825 2128 3891 postulat,

552 3890 851 3974 obedientia:
868 3890 1026 3965 magis
1048 3902 1341 3962 reverentia,
1366 3914 1519 3969 quam
1534 3890 1723 3965 ingenii
1739 3890 2133 3974 prwsumptioue

552 3975 613 4015 se
638 3964 816 4022 dicere
858 3977 1181 4026 tentaturnm
1223 3964 1481 4032 afﬁrmat,
1517 3964 1634 4034 quae
1661 3964 1866 4034 quidem
1900 3982 2001 4017 non
2032 3978 2134 4016 tam

554 4039 893 4112 perfectorum
930 4043 1185 4097 exercitiis
1222 4042 1381 4112 digna
1418 4040 1599 4112 videon
1626 4054 1707 4102 ur,
1736 4051 1887 4112 quam
1927 4050 2041 4104 qua:
2067 4035 2136 4088 ad

554 4110 882 4180 parvulorum
924 4115 977 4165 in
1006 4112 1207 4169 Christo
1245 4106 1299 4164 εῖ
1320 4109 1698 4180 incipientium,
1737 4106 2005 4180 librentur,
2036 4124 2133 4180 au-

550 4176 732 4232 ditum.
768 4182 1064 4237 Nonnullos
1095 4201 1157 4237 ex
1190 4176 1568 4237 ecclesiasticis
1598 4177 1997 4230 Tractatoribus
2039 4178 2136 4230 ali-

550 4262 652 4323 qua
693 4251 759 4323 de
803 4254 1061 4323 Symbolo
1104 4256 1180 4323 pie
1213 4265 1257 4307 et
1291 4253 1504 4306 breviter
1534 4249 2051 4323 edidisse__tcst:ttur,
2084 4258 2138 4301 et

552 4315 827 4375 Photinum
844 4315 1007 4378 etiam
1032 4315 1381 4379 Siimienscm
1408 4325 1746 4390 Episcopum.
1771 4318 1918 4372 Hunc
1936 4328 2133 4378 tamen,

550 4405 679 4455 tton,
709 4408 763 4445 ut
796 4399 1057 4448 rationem
1091 4412 1232 4450 vera:
1258 4395 1410 4448 Fidei.
1434 4391 1779 4446 audientibus
1801 4390 2133 4458 esplanaret,

554 4462 649 4535 sed
703 4465 1118 4535 utisinrplicitcr
1161 4468 1301 4518 dicta
1356 4466 1419 4517 ad
1474 4460 2136 4535 argumentum__ltceretici

552 4530 816 4601 dogmatis
845 4530 1099 4590 traheret.
1122 4538 1189 4591 Se
1216 4551 1342 4589 vero
1370 4537 1440 4587 ait
1468 4530 1707 4601 Symboli
1739 4532 2132 4599 simplicitatem

552 4600 733 4654 verbis
764 4604 995 4672 Apostoli
1024 4618 1394 4660 enarraturum
1415 4646 1429 4668 ,
1463 4600 1536 4657 vel

553 4680 639 4722 tur
678 4687 709 4722 a
740 4671 993 4739 prioribus
1029 4676 1463 4743 adimpleturutu.
1504 4672 1817 4744 Symbolum
1861 4671 2043 4744 Fidei,
2077 4681 2134 4725 ut

553 4757 784 4814 normmt
815 4744 1005 4813 futura:
1033 4740 1412 4814 praedicationis
1430 4784 1442 4806 ,
1481 4754 1525 4795 et
1546 4740 1788 4814 regulam
1815 4740 2135 4814 credentibus

554 4813 802 4875 dandam,
834 4813 1135 4868 confectum
1167 4817 1242 4868 ait
1271 4816 1339 4867 ab
1367 4815 1635 4880 Apostolis
1659 4813 1709 4863 itt
1740 4824 1849 4864 uno
1874 4813 2058 4877 positis
2080 4819 2135 4865 et

553 4880 753 4948 Spiritu
796 4885 996 4937 Sancto
1038 4886 1302 4953 repletis:
1337 4900 1437 4952 qua
1478 4884 1527 4935 in
1570 4900 1627 4937 rc
1666 4881 2132 4953 adiuuiversaletn

554 4953 793 5004 omnium
834 4951 1189 5008 Ecclesiarunt
1220 4954 1560 5007 traditionem
1586 4952 1819 5019 appellat
1849 4969 1860 5004 :
1887 4951 1997 5004 lucc
2025 4961 2134 5004 tra-

556 5022 685 5073 ditio
724 5023 967 5077 Ecclesiis
994 5026 1118 5077 data
1156 5036 1247 5079 est.
1282 5024 1512 5077 Tro-dunt
1554 5024 1774 5092 majores
1802 5023 1979 5075 nOstri.
2032 5023 2129 5075 Du-

558 5092 739 5158 pinum
769 5097 817 5146 in
840 5102 985 5147 tumo
1010 5095 1070 5148 V.
1100 5096 1441 5149 Bibliotheca:
1463 5096 1654 5163 quinto
1676 5095 1875 5144 saeculo
1904 5094 2129 5163 primum

557 5172 613 5234 ct
643 5165 815 5216 solum
842 5164 1087 5218 ltulinnm
1114 5166 1396 5234 Apostolos
1421 5160 1651 5234 symboli
1672 5170 1918 5234 auctores
1942 5160 2135 5215 fecisse

558 5232 934 5305 afﬁrmantem,
966 5235 1089 5289 hinc
1108 5232 1263 5305 spissi
1292 5232 1492 5290 erroris
1520 5236 1640 5301 jure
1662 5234 1833 5298 arguit
1856 5233 2136 5305 Μειῑιίιίιέυε

558 5304 902 5359 t’ctitdierius
941 5307 993 5359 in
1037 5302 1603 5359 Animadversionibus
1654 5312 1782 5355 tom.
1830 5305 1844 5355 ι
1886 5317 2005 5372 pag.
2046 5302 2135 5355 96.

556 5373 858 5443 ngbo’um
889 5377 1107 5441 Grzece,
1141 5376 1329 5430 Latine
1369 5377 1610 5438 collatio,
1655 5372 1932 5439 indicium,
1966 5374 2043 5427 vel
2069 5376 2139 5426 si-

552 5460 735 5513 guunt,
779 5447 968 5500 ltnlino
1001 5457 1115 5512 est,
1148 5447 1399 5516 quoniam
1442 5444 1683 5512 Apostoli
1725 5443 1777 5495 in
1817 5461 1977 5516 unum
2005 5459 2135 5497 con-

556 5516 791 5596 tulerunt
816 5516 1349 5598 quodunulsquis‘que
1380 5519 1570 5580 sensit,
1600 5524 1654 5598 et
1684 5530 1752 5594 qu
1776 5530 1804 5569 a
1828 5515 1966 5598 istud
1991 5517 2129 5597 indi:

553 5588 685 5637 cium
718 5603 822 5639 non
861 5586 1012 5640 scribi
1054 5586 1302 5640 chartulis
1340 5596 1429 5639 aut
1466 5588 1791 5651 membranis,
1825 5587 1915 5638 sed
1943 5587 2134 5656 requiri

555 5660 870 5712 credentium
895 5660 1132 5714 cordibus
1150 5661 1487 5724 tradiderunt,
1512 5677 1601 5729 per
1621 5660 1755 5727 quod
1777 5667 2135 5728 agnosceretur

555 5734 597 5783 is
615 5769 628 5791 ,
658 5731 745 5797 qui
772 5730 1027 5783 Christum
1058 5746 1168 5783 vere
1188 5772 1202 5796 ,
1246 5732 1521 5785 secundum
1550 5729 1906 5799 Apostolorum
1935 5729 2135 5800 regulas

557 5800 854 5871 prtedicaret
879 5814 1000 5853 tunc
1031 5800 1277 5865 maxime,
1307 5803 1426 5854 dum
1454 5805 1601 5855 multi
1626 5816 1687 5853 ea:
1709 5800 2136 5871 circumeuntibus

559 5871 755 5927 J::.ta'is
784 5872 1089 5926 simulabant
1113 5887 1164 5926 se
1187 5874 1564 5949 essexlpostolos
1583 5873 1793 5939 Christi,
1823 5882 1865 5927 et
1890 5874 2018 5925 lucri
2042 5870 2135 5923 ali-

2230 504 2436 571 bautur,
2464 504 2786 561 nominantes
2814 507 3019 576 quidem
3052 504 3327 571 Christum,
3363 507 3451 558 sed
3475 520 3576 557 non
3606 506 3740 573 integ
3772 508 3809 557 is

2230 579 2563 630 traditionnm
2609 578 2759 631 lineis
2801 578 3120 630 nunciantes.
3158 577 3209 630 ld
3250 576 3503 643 exemplo
3550 590 3581 628 a
3628 576 3805 628 militia

2230 652 2397 717 petito
2438 648 2695 713 illustrat,
2739 649 2827 702 ubi
2870 648 3113 717 Symbolo
3156 648 3239 701 vel
3280 655 3484 701 tessera
3532 646 3709 717 socias
3747 648 3807 698 ab

2230 716 2383 772 ltostc
2406 718 2777 787 distinguitur.
2807 716 2925 773 Hoc
2947 718 3262 786 Symbolum
3288 716 3614 786 Apostolicc
3640 716 3803 777 Fidei,

2197 790 2366 858 .quod
2398 790 2601 841 verbum
2629 790 2927 852 breviatum,
2952 803 3005 844 et
3029 789 3298 842 brevialem
3323 804 3611 843 sermonem
3635 800 3803 848 voeat.

2225 876 2347 931 cum
2401 859 2729 931 Aquileiensi
2779 860 3121 915 commissum
3170 860 3503 931 expandam,
3536 860 3802 931 quoniam

2227 930 2454 987 Ruﬁnus
2485 930 2769 1000 utrumque
2795 932 3138 986 committens
3169 930 3373 999 pariter
3401 930 3657 999 explicat.

2577 1053 2620 1103 Ι.
3396 1047 3461 1103 ll.

2263 1138 2565 1210 Symbolum
2581 1140 2943 1261 Ἀροειοιιαιηι
3090 1139 3398 1211 Symbolum
3426 1140 3769 1211 Aquilejense.

2525 1226 2579 1261 ve
2602 1226 2683 1261 us.

2525 1226 2596 1264 vet
2602 1226 2662 1263 us
2670 1250 2683 1263 .

2292 1323 2468 1380 Credo
2495 1326 2546 1378 in
2572 1326 2736 1380 Deum
2767 1325 2977 1380 Patrcm

2222 1396 2682 1461 omnipotentem,
2777 1404 2833 1451 et
2924 1399 2977 1451 itt

2222 1467 2495 1522 Christum
2568 1467 2754 1521 Jesum
2771 1507 2786 1532 ,
2864 1469 2981 1522 uni-

2221 1553 2343 1592 cum
2394 1540 2510 1604 ejus
2561 1537 2752 1591 Filium
2801 1537 2979 1592 Domi-

2222 1624 2347 1662 num
2418 1618 2659 1663 nostrum
2732 1609 2819 1676 qui
2889 1624 2978 1663 na-

2224 1690 2307 1735 tus
2351 1689 2434 1734 est
2480 1680 2548 1733 de
2593 1679 2795 1747 Spiritu
2845 1680 2978 1733 San-

2221 1764 2309 1805 cto
2365 1766 2430 1804 ex
2500 1749 2663 1804 Maria
2725 1750 2975 1821 Virgine,

3123 1326 3296 1382 Credo
3372 1327 3425 1382 in
3484 1328 3596 1383 Deo
3656 1327 3809 1383 Patre

3052 1399 3451 1467 omnipotente,
3490 1399 3734 1451 invisi'vili
3763 1410 3805 1452 et

3052 1467 3389 1534 impissibili,
3422 1478 3476 1523 et
3506 1469 3558 1523 itt
3600 1467 3806 1522 Christo

3053 1540 3177 1594 Jesu
3208 1542 3366 1594 unico
3398 1539 3536 1593 Filio
3565 1540 3683 1607 ejus
3715 1544 3804 1591 llo-

3056 1611 3200 1663 ntino
3245 1623 3464 1673 nostro,
3516 1611 3609 1679 qui
3661 1620 3810 1662 natus

3054 1692 3134 1736 est
3172 1682 3237 1735 de
3266 1682 3466 1744 Spiritu
3507 1681 3709 1735 Sancto
3745 1697 3803 1733 rs

3055 1754 3215 1806 Maria
3249 1752 3499 1816 Virgine,
3526 1752 3807 1805 cruciﬁxus

3053 1824 3151 1877 Sub
3183 1824 3373 1878 Pontio
3404 1822 3606 1886 Pilato,
3649 1832 3703 1874 et
3732 1839 3809 1874 sc-

3054 1898 3237 1962 pultus
3295 1894 3572 1946 descendit
3624 1893 3690 1944 ad
3739 1894 3811 1946 iu-

3055 1968 3222 2019 l’erna.
3274 1963 3451 2017 Tertia
3500 1964 3589 2016 die
3638 1979 3805 2016 resur-

2224 1892 2424 1959 Pilato,
2479 1901 2536 1947 et
2591 1894 2834 1959 sepultus
2884 1892 2980 1947 de-

2218 1964 2432 2018 scendit
2472 1964 2537 2017 ad
2585 1963 2815 2019 inferna.
2848 1964 2977 2016 Ter-

2224 2034 2294 2087 tia
2325 2034 2412 2090 die
2443 2036 2737 2091 resurrexit
2768 2051 2793 2087 a
2837 2050 2979 2087 mor-

2223 2104 2347 2159 tuis.
2418 2105 2672 2159 Ascendit
2731 2106 2797 2161 ad
2857 2104 2981 2160 ϐω-

2225 2175 2322 2229 los.
2377 2175 2542 2230 Sedet
2589 2177 2654 2229 ad
2702 2176 2979 2230 dexteram

2226 2243 2417 2299 Patris.
2451 2246 2576 2301 Inde
2613 2259 2867 2302 venturus
2899 2257 2983 2303 est

2220 2314 2462 2383 judicare
2484 2318 2627 2371 vivos
2648 2327 2701 2371 et
2721 2329 2979 2373 mortuos.

2225 2386 2293 2440 Et
2316 2388 2366 2441 in
2388 2388 2586 2455 Spiritu
2611 2389 2831 2444 Sancto.
2856 2388 2985 2444 San-

2225 2468 2365 2511 cram
2406 2458 2730 2524 Ecclesiam;
2776 2461 2983 2515 [tentis-

2224 2527 2432 2606 sionem
2460 2541 2829 2611 peccatorum;
2852 2530 2981 2587 Car-

2228 2614 2309 2653 lllS
2332 2612 2800 2656 resurrectionem.

3054 2038 3190 2091 rexit
3213 2052 3240 2087 a
3275 2034 3525 2088 monitis.
3560 2034 3809 2087 Ascendit

3052 2108 3116 2160 ad
3156 2105 3360 2161 Ctelos.
3394 2104 3560 2160 Sedet
3584 2106 3651 2157 ad
3685 2106 3809 2157 dex-

3058 2187 3225 2232 teram
3276 2176 3470 2231 Patris.
3520 2174 3650 2229 lnde
3692 2190 3812 2229 ven-

3058 2258 3208 2302 turus
3230 2256 3313 2301 est
3328 2246 3575 2315 judicnrc
3598 2245 3747 2299 vivos
3762 2254 3814 2299 et

3060 2328 3319 2372 mortuos.
3379 2318 3442 2371 Et
3502 2317 3555 2370 in
3620 2316 3811 2383 Spiritu

3056 2390 3272 2445 Sancto.
3329 2387 3585 2443 Sanctam
3641 2387 3815 2441 Eccle-

3054 2463 3209 2514 siatn.
3257 2459 3652 2514 RemiSsionem
3695 2472 3813 2526 pec-

3052 2541 3313 2587 catorum.
3394 2529 3566 2584 llvws
3646 2529 3821 2583 carnis

3052 2602 3531 2658 resurrectionem.

2302 2691 2888 2767 Hactenusutrumqtte
2927 2695 3241 2767 Symbolum
3265 2736 3278 2757 ,
3315 2692 3813 2767 pauloaccnratius

2228 2776 2389 2833 quam
2423 2765 2473 2815 in
2518 2764 2697 2817 tabula
2734 2764 3233 2833 quatuor-veterum
3275 2765 3664 2833 Syntbolorum
3698 2772 3816 2817 ante

2231 2835 2459 2897 primum
2484 2843 2684 2887 tomum
2708 2835 3052 2891 Bibliotheca:
3079 2836 3414 2903 Dstpinanre.
3446 2835 3500 2887 In
3525 2834 3814 2888 ed.tionem

2230 2903 2641 2973 Lugdunensem
2666 2920 2766 2960 vox
2787 2906 3101 2960 Catholicam
3126 2916 3244 2973 post
3272 2906 3560 2958 Ecclesium
3584 2904 3815 2972 irrepsit.

2229 2975 2363 3030 Nam
2394 2976 2547 3029 abest
2583 2991 2613 3029 a
2647 2979 2842 3032 ceteris
2871 2978 3215 3040 editionibus,
3247 2992 3423 3043 neque
3453 2991 3480 3028 a
3508 2976 3704 3030 Rutino
3732 2990 3819 3028 cx-

2234 3048 2487 3115 plicatur.
2520 3046 2665 3101 Idem
2713 3049 2982 3117 interpres
3021 3049 3247 3102 ltnliuus
3286 3048 3531 3117 singulos
3571 3046 3818 3099 articulos

2232 3126 2426 3188 contra
2458 3117 2741 3188 haereticos
2769 3127 2829 3173 et
2857 3133 3094 3188 paganos
3126 3130 3267 3174 tanta
3306 3120 3598 3173 recondita:
3627 3128 3680 3171 ct
3716 3118 3820 3171 siu-

2237 3187 2464 3243 ccrioris
2508 3186 2767 3243 doctrina!
2809 3186 2961 3251 conia
3008 3200 3064 3245 et
3110 3190 3428 3246 excellentia
3469 3189 3727 3258 exponit.
3768 3198 3819 3240 ct

2237 3260 2369 3313 nihil
2394 3259 2701 3331 doctoreet
2734 3260 2990 3331 theologo
3020 3262 3327 3316 Christiano
3354 3260 3571 3330 dignius
3602 3259 3816 3331 excogi-

2236 3332 2335 3383 tari
2385 3331 2573 3397 possit.
2616 3330 3019 3395 Observatg’in
3070 3332 3300 3386 diversis
3343 3331 3601 3385 Ecclesiis
3646 3330 3817 3398 aliqua

2236 3400 2425 3468 primis
2465 3401 2646 3455 verbis
2675 3400 2842 3454 Credo
2871 3406 2923 3455 in
2972 3402 3078 3456 Deo
3124 3403 3283 3455 Patre
3312 3404 3693 3470 omnipotente,
3726 3402 3816 3452 ad-

2231 3471 2375 3539 jecta
2399 3471 2642 3525 inveniri.
2674 3470 2741 3524 In
2773 3472 3001 3526 Ecclesia
3028 3482 3195 3526 tamen
3226 3472 3445 3542 (inquit)
3471 3473 3614 3525 urbis
3644 3472 3819 3525 Roma:

2235 3543 2458 3613 hocnon
2485 3542 2880 3611 deprehenditur
2917 3545 3126 3612 factum,
3152 3545 3289 3612 quod
3313 3560 3406 3613 ego
3430 3552 3703 3613 propterea
3721 3556 3822 3595 esse

2236 3611 2473 3674 arbitror,
2505 3613 2642 3678 quod
2664 3628 2823 3679 neque
2848 3613 3052 3667 haresis
3080 3611 3188 3667 ulla
3210 3615 3279 3667 ibi
3304 3611 3486 3668 sumsit
3519 3611 3783 3667 exordium
3802 3652 3816 3675 ,

2234 3691 2282 3755 ct
2314 3698 2420 3755 mos
2449 3682 2577 3734 inibi
2609 3695 2839 3736 servatur
2874 3688 3135 3753 antiquus,
3177 3702 3290 3745 eos,
3324 3687 3413 3755 qui
3442 3686 3669 3755 gratiam
3696 3685 3816 3755 bap-

2235 3753 2372 3825 tisrni
2400 3755 2680 3825 suscepturi
2710 3763 2860 3821 sunt,
2904 3757 3133 3823 publice,
3162 3756 3292 3811 idest
3335 3753 3596 3808 Fidelium
3632 3754 3817 3825 papula

2234 3823 2503 3887 audiente,
2539 3824 2842 3893 Symbolum
2885 3828 3121 3881 reddere.
3167 3827 3302 3882 Hinc
3337 3827 3584 3895 publicus
3613 3823 3819 3879 auditus

2236 3896 2587 3958 adjectionent
2640 3897 2842 3949 nullam
2896 3898 3233 3952 admittebat.
3279 3900 3475 3951 C0ntra
3534 3900 3589 3950 in
3652 3896 3819 3949 ceteris

2239 3965 2362 4015 locis
2406 3975 2615 4031 propter
2659 3966 2933 4021 nonnullos
2976 3968 3238 4022 htcreticos
3268 3969 3448 4021 addita
3486 3970 3723 4033 qtttcdam
3749 3968 3819 4019 vi-

2237 4035 2375 4093 deri.
2410 4050 2499 4104 per
2529 4051 2644 4101 qua:
2671 4036 2884 4092 novellae
2921 4038 3171 4093 doctrina:
3203 4056 3380 4093 sensus
3417 4040 3710 4091 crederetur
3738 4053 3823 4089 ex-

2238 4104 2376 4157 cludi
2399 4121 2415 4157 :
2440 4106 2630 4173 quibus
2661 4110 2843 4162 statim
2870 4110 2967 4163 ista
2993 4111 3263 4165 subnectit
3289 4128 3300 4161 :
3329 4108 3443 4163 Nos
3480 4122 3651 4162 tamen
3681 4110 3822 4161 illum

2239 4176 2468 4228 ordinem
2488 4179 2765 4244 sequimur,
2789 4195 2938 4303 quem
2960 4181 3012 4233 in
3036 4180 3354 4250 Aquilejensi
3375 4180 3613 4233 Ecclesia
3639 4178 3823 4232 lavacri

2239 4247 2407 4303 gratia
2431 4249 2767 4303 suscepimus.
2827 4250 2892 4303 'el
2926 4250 3029 4303 hoc
3051 4268 3209 4303 unum
3246 4252 3445 4303 orimos
3471 4252 3631 4303 huius
3660 4264 3821 4303 onus-

2238 4247 2407 4319 gratia
2431 4249 2767 4317 suscepimus.
2799 4247 2892 4303 Vel
2926 4250 3029 4304 hoc
3051 4247 3225 4304 unum
3245 4252 3445 4319 primos
3471 4252 3631 4319 hujus
3660 4264 3821 4316 Opus-

2239 4316 2345 4388 culi
2390 4316 2643 4372 editionis
2688 4331 2938 4374 auctores
2986 4337 3209 4376 mouere
3246 4316 3556 4388 debuisset,
3598 4338 3666 4375 ne
3697 4319 3822 4373 illud

2240 4386 2518 4461 Cypriane,
2548 4404 2646 4461 nec
2671 4389 2984 4461 Hirrunymo
3010 4391 3397 4457 adscriberent,
3431 4386 3662 4461 quorum
3694 4406 3824 4444 neu-

2242 4470 2325 4531 ter
2367 4458 2420 4510 in
2461 4460 2774 4531 Aquilcjeusi
2815 4458 3043 4515 Ecclesia
3090 4462 3283 4515 lavacri
3322 4458 3543 4529 gratiam
3584 4462 3824 4529 suscepit.

2244 4530 2409 4601 Suum
2452 4530 2600 4601 illum
2636 4530 2877 4585 Ordinem
2922 4532 3282 4601 Aquilejensis
3324 4532 3585 4586 Ecclesia:
3624 4534 3697 4585 ita
3729 4548 3825 4585 es-

1585 4618 1697 4671 qua:
1742 4594 1932 4655 omissa
1963 4603 2136 4655 viden-
2168 4594 2216 4654 ι)
2248 4600 2317 4667 pti
2348 4609 2427 4671 at.
2472 4599 2571 4653 His
2612 4602 2856 4669 (Patmn
2900 4594 3357 4669 omnipotentem)
3401 4604 3616 4656 additur
3647 4621 3659 4654 :
3688 4602 3827 4654 luvi-

2238 4670 2436 4723 sibilem
2462 4680 2519 4741 et
2558 4672 2940 4741 impossibilem.
2990 4672 3268 4726 Sciendum
3296 4674 3433 4737 quod
3462 4676 3567 4725 duo
3596 4675 3683 4727 isti
3724 4688 3827 4726 ser-

2239 4756 2410 4812 mones
2451 4740 2504 4791 in
2547 4740 2788 4795 Ecclesia:
2822 4744 3069 4795 Romamn
3109 4743 3356 4812 Symbulo
3404 4761 3509 4797 non
3555 4744 3823 4797 habentur.

2237 4805 2448 4863 Constat
2491 4820 2658 4863 autem
2688 4815 2828 4874 apud
2857 4830 2949 4864 nos
2986 4805 3192 4866 addith
3230 4814 3479 4867 hwreseos
3519 4830 3706 4867 caussa
3734 4813 3827 4867 Sa-

2239 4880 2407 4941 bellii,
2438 4880 2577 4933 illius
2608 4885 2852 4949 profecto,
2881 4899 2994 4949 qua:
3021 4901 3051 4936 a
3078 4886 3264 4937 nostris
3294 4884 3692 4949 Patripassiana
3735 4902 3828 4949 ap-

2241 4951 2675 5024 ;,'ellalttr,rt'desl,
2715 4968 2828 5024 qutc
2856 4962 2901 5005 et
2934 4952 3144 5006 Putrem
3183 4956 3351 5024 ipsum
3383 4957 3459 5007 vel
3499 4972 3565 5007 ea:
3618 4956 3829 5023 Virgine

2238 5030 2415 5072 natum
2453 5022 2608 5086 dicit,
2640 5031 2683 5073 et
2713 5023 2959 5093 visibilem
2992 5025 3186 5093 factum
3203 5022 3353 5089 esse,
3389 5024 3466 5077 vel
3501 5022 3725 5091 passum
3750 5027 3830 5090 af-

2239 5092 2412 5164 ﬁrmat
2439 5093 2493 5143 iu
2532 5107 2705 5164 carne.
2749 5092 2815 5145 lit
2850 5109 2969 5164 ergo
2994 5092 3366 5148 excluderetur
3393 5096 3513 5148 talis
3552 5097 3825 5163 impietas,

2240 5164 2303 5234 de
2331 5161 2487 5214 Patre
2507 5162 2738 5215 videntur
2758 5165 2865 5215 lucc
2889 5161 3149 5217 addidisse
3168 5164 3219 5217 Μ
3228 5168 3419 5234 ajores,
3451 5176 3497 5218 et
3520 5161 3759 5219 invisibil-
3782 5182 3828 5215 m

2242 5230 2450 5284 Patrem
2475 5243 2626 5301 atque
2656 5234 3023 5300 impassibilem
3065 5230 3274 5289 dixisse.
3322 5235 3537 5290 Constat
3569 5239 3707 5290 enim
3737 5233 3829 5287 Fi-

2241 5303 2399 5361 liam.
2433 5318 2536 5356 non
2568 5304 2777 5356 Patrem
2809 5304 3141 5357 incarnatum
3172 5314 3220 5359 et
3250 5322 3314 5359 ea:
3339 5322 3493 5360 carne
3533 5318 3710 5359 natum
3731 5348 3746 5370 ,
3781 5316 3829 5358 et

2243 5389 2305 5426 ex
2334 5373 2597 5447 nativitate
2617 5376 2799 5447 carnis_
2813 5371 2859 5424 F
2862 5375 3005 5447 ilium
3036 5377 3284 5428 visibilem
3306 5387 3351 5429 et
3383 5378 3685 5445 passibilem
3719 5380 3828 5447 [ac-

2243 5454 2387 5517 tttm._
2428 5444 2731 5499 Orientales
2765 5445 3196 5517 Ecclesiaspene
3221 5462 3410 5502 omnes
3441 5449 3494 5501 in
3525 5444 3831 5517 pritnis'ar-

2245 5514 2421 5568 ticulis
2463 5518 2671 5568 tradere
2712 5512 3091 5569 animadvertit
3118 5533 3131 5568 :
3157 5513 3321 5570 Credo
3360 5518 3414 5570 in
3453 5512 3616 5572 unum
3660 5519 3826 5570 Deum

2246 5585 2450 5655 Patrem
2479 5586 2895 5655 omnipotentem,
2925 5594 2971 5639 et
3000 5587 3052 5638 in
3084 5586 3340 5640 Christum
3371 5586 3551 5641 Jesum
3573 5631 3588 5654 ,
3618 5590 3832 5641 unicum

2244 5654 2439 5709 Filium
2461 5659 2597 5726 ejus,
2630 5656 2901 5707 Dominum
2927 5666 3174 5709 nostrum.
3212 5658 3432 5713 Scilicet
3464 5676 3571 5713 non
3604 5673 3831 5712 numero

2245 5744 2437 5789 unum,
2469 5725 2565 5781 Sed
2597 5743 2627 5781 ιι
2655 5728 2941 5780 .iversitate
2966 5744 2978 5779 :
3003 5732 3091 5795 qui
3126 5739 3406 5797 propterea
3442 5748 3576 5783 unus
3606 5733 3828 5792 dicitur,

2245 5798 2385 5865 quod
2432 5797 2566 5850 alius
2604 5813 2708 5850 non
2736 5800 2827 5850 sit.
2860 5797 2995 5867 Quid
3034 5797 3163 5859 Dei.
3192 5801 3313 5867 quid
3350 5802 3524 5855 Patris
3568 5804 3830 5856 vucalmia

2245 5868 2512 5935 indicent,
2557 5869 2736 5936 paucis
2767 5866 3015 5936 exponit;
3066 5866 3263 5923 Divinu-
3307 5875 3672 5939 generationis
3707 5870 3832 5925 Filii
