4078 6346
249 309 351 367 5235
1470 309 1651 367 VITA.
1695 312 1829 369 Llil.

1869 310 1933 366 ΙΙ.
1965 310 2121 367 CAP.
2168 314 2305 369 XIV.
3426 332 3533 389 25g

248 448 275 488 a
310 432 499 500 Patre,
536 433 856 500 mysterium
883 432 1148 488 inellabile
1178 443 1426 497 enarrat,
1460 435 1623 490 Deum
1658 446 1837 492 tamen
1864 438 1914 496 Α
1982 439 2072 493 I0.
2113 439 2371 494 Johannis
2404 449 2532 494 tres.

246 504 561 559 credendum
580 503 804 560 Patrem
830 505 968 559 unici
1002 503 1120 558 Filii
1152 504 1241 559 Dei
1273 504 1481 559 Domini
1510 506 1701 569 nostri,
1731 522 1838 560 non

247 573 632 646 discutiendum
670 590 823 646 esse,
859 578 1195 646 pronunciat.
1238 575 1525 646 Postquam
1570 578 1736 630 multa
1769 576 1837 631 de

249 646 381 701 Filio
418 645 514 701 Dei
539 646 739 711 unico,
770 645 839 701 de
877 645 1163 711 Trinitnle,
1196 644 1629 715 deque’Virgine
1665 656 1838 703 matre

248 716 499 797 dixisset,_
519 724 713 797 contra
748 716 1079 797 Paganorum
1108 715 1529 797 obtrectationes
1547 716 1830 797 insurgit,

250 801 343 840 nos
371 786 746 853 irridentium,
779 788 993 855 quando
1018 789 1240 841 audiunt
1279 786 1557 856 prcedicari
1598 786 1834 857 Virginis

249 867 486 927 partum,
527 858 727 927 quibus
786 858 871 911 ubi
913 858 1203 927 se-undum
1250 873 1466 912 sensum
1519 872 1707 911 eorum
1751 872 1838 913 rc-

251 926 485 997 sPondit,
512 926 633 983 haec
660 929 839 982 subdit
866 944 881 981 :
924 926 1075 981 Nihil
1095 928 1165 980 ibi
1187 928 1345 983 ducas
1370 928 1713 995 impossibile.
1748 928 1837 982 ubi

248 1000 420 1053 aderat
463 999 629 1054 virtus
670 998 941 1053 Altissimi.
992 998 1141 1051 lViItil
1180 999 1243 1053 de
1278 1001 1507 1069 humana
1546 998 1832 1069 fragilitate

248 1071 462 1137 cogites,
494 1071 583 1123 ubi
605 1069 872 1139 plenitudo
906 1070 1071 1123 inerat
1096 1069 1398 1123 divinitatis.
1431 1068 1590 1123 Notat
1613 1068 1641 1131 ,ί
1659 1070 1709 1123 in
1736 1069 1835 1123 Ec-

248 1140 419 1195 clesiae
445 1138 708 1194 Romana:
749 1149 803 1194 et
831 1140 1185 1194 Orientalium
1221 1140 1477 1211 Symbolo
1501 1154 1606 1194 non
1636 1138 1828 1211 haberi

250 1213 561 1277 articulum,
612 1212 876 1265 descendit
917 1213 984 1263 ad
1024 1210 1275 1278 inferna,
1304 1212 1409 1264 vim
1449 1219 1628 1264 tamen
1680 1210 1831 1265 verbi

250 1282 468 1337 eandem
496 1299 611 1336 esse
634 1284 688 1336 in
720 1298 778 1336 eo
798 1283 933 1351 quod
962 1281 1190 1351 sepultus
1220 1282 1424 1336 dicitur.
1461 1281 1613 1335 Ilunc
1636 1282 1831 1334 articu-

247 1354 373 1416 lum,
404 1363 456 1407 et
486 1353 932 1421 subsequentem,
963 1353 1113 1406 tertia
1134 1352 1219 1405 die
1239 1352 1514 1406 resurrexit
1538 1369 1570 1404 u
1594 1353 1830 1416 mortuis,

246 1423 432 1477 divinis
462 1424 751 1492 scripturis
779 1423 895 1478 fuse
937 1434 993 1478 et
1030 1421 1343 1479 doctissime
1377 1424 1649 1492 explanat.
1676 1422 1830 1488 Quod

246 1494 433 1548 dicitur
461 1495 713 1565 judicare
750 1496 887 1549 vivos
927 1505 975 1549 et
1016 1504 1277 1558 mortuos,
1320 1509 1425 1548 non
1468 1494 1587 1548 Ideo
1628 1494 1829 1547 dictum

248 1575 350 1627 ait,
379 1566 510 1635 quod
555 1566 655 1618 alii
682 1567 809 1631 viui,
843 1566 933 1619 alii
970 1566 1164 1618 mortui
1200 1568 1267 1617 ad
1290 1565 1551 1627 judicium
1590 1566 1828 1628 veniant,

250 1636 337 1707 sed
367 1638 495 1704 quod
521 1638 721 1690 animus
752 1637 904 1690 simul
924 1637 1186 1707 judicabit
1213 1646 1259 1689 et
1286 1651 1502 1705 corpora
1521 1677 1535 1698 ,
1566 1636 1623 1707 in
1647 1636 1829 1707 quibus

252 1706 381 1759 vivos
408 1709 631 1771 animus,
666 1718 898 1760 mortuos
926 1706 1146 1774 corpora
1178 1708 1473 1759 nomnuvit.
1507 1706 1562 1761 In
1596 1706 1829 1773 Spiritus

249 1776 421 1830 Sancti
450 1780 971 1831 commemoratione
1000 1777 1283 1845 adiiupleri
1320 1778 1479 1831 docet
1509 1778 1824 1845 mySterinm

246 1847 530 1901 Trinitatis.
560 1848 970 1903 lti~tin0tienem
996 1833 1343 1918 personarum
1370 1850 1550 1914 paucis
1564 1833 1829 1913 Lomplec-
1860 1833 1905 1892 Β

245 1920 386 1987 t_itur,
419 1921 578 1987 inque
608 1918 717 1971 illis
744 1920 1042 1983 vireabnlis,
1068 1920 1153 1971 ubi
1177 1919 1239 1971 de
1267 1919 1532 1971 divinitate
1557 1918 1827 1970 ordinatur

243 1985 415 2059 Fides,
440 1985 501 2045 ts‘
524 1989 636 2043 Deo
675 1989 839 2044 Patre
869 1990 1011 2055 dici,
1044 2000 1091 2043 et
1122 2005 1170 2043 IN
1198 1989 1401 2044 Christo
1439 1986 1579 2041 Filio
1608 1988 1651 2059 ej
1664 2004 1750 2047 us.
1778 1997 1826 2040 et

242 2072 291 2111 ts
330 2058 529 2127 Spiritu
558 2059 782 2116 Sancto.
828 2059 883 2114 ln
912 2063 1106 2115 ceteris
1126 2102 1141 2127 ,
1170 2060 1257 2114 ubi
1298 2076 1397 2113 non
1437 2060 1500 2112 de
1529 2058 1821 2122 divinitate,

239 2131 324 2182 sed
344 2130 406 2184 de
429 2136 712 2195 creaturis,
741 2142 788 2185 et
821 2133 885 2189 de
914 2140 1059 2200 myst.
1076 2131 1169 2185 riis
1191 2146 1356 2184 sermo
1376 2137 1476 2200 est,
1504 2145 1553 2183 11v
1583 2130 1829 2199 prteposi—

242 2201 420 2253 tionem
454 2219 557 2254 non
594 2203 755 2264 addi,
796 2212 850 2255 ut
880 2199 1086 2255 dicatur
1122 2217 1172 2255 IN
1212 2200 1409 2257 Sancta
1440 2199 1705 2263 Ecclesia,
1737 2203 1827 2253 sed

241 2270 481 2325 Sanctam
504 2271 807 2327 Ecclesium
830 2273 1136 2326 credendam
1160 2288 1287 2338 esse,
1309 2288 1409 2324 non
1426 2284 1477 2324 ut
1511 2270 1690 2333 Deum,
1714 2271 1824 2337 sed,

240 2352 291 2394 ut
339 2341 632 2398 Ecclesium
696 2344 802 2397 Deo
856 2351 1239 2413 congregatum.
1300 2340 1369 2396 Et
1444 2343 1827 2405 remissionem,

240 2430 334 2467 non
377 2429 428 2468 tu
470 2414 829 2469 remissionem
890 2424 1213 2484 peccatorum
1244 2431 1262 2467 :
1294 2422 1339 2465 et
1380 2416 1829 2479 resurrectionem,

238 2500 334 2538 non
363 2500 414 2539 IN
440 2485 875 2539 resurrectionem
902 2488 1089 2538 carnis.
1122 2486 1297 2551 Quare
1321 2485 1418 2537 bac
1451 2484 1832 2551 prmpOsitione

242 2569 312 2621 is,
339 2568 649 2611 creatorem
680 2571 709 2609 a
738 2557 999 2611 creaturis
1026 2556 1256 2621 secerni,
1288 2555 1470 2609 divina
1497 2554 1733 2622 separari
1763 2554 1832 2609 ab

240 2624 499 2681 humanis.
547 2626 652 2682 llic
689 2642 755 2681 ex
796 2628 1081 2680 occasione
1119 2628 1517 2695 Scripturarum
1562 2625 1830 2679 volumina

238 2706 540 2768 attinuerat,
583 2712 705 2768 qua:
737 2699 1019 2751 secundum
1068 2699 1324 2767 majorum
1365 2696 1707 2768 traditionem
1743 2711 1832 2765 per

240 2764 483 2836 Spiritum
514 2764 780 2823 Sanctum
821 2770 1106 2836 inspirata,
1144 2764 1456 2833 creduntur,
1500 2775 1544 2819 et
1585 2764 1832 2819 Ecclesiis

239 2835 417 2892 Christi
458 2840 683 2893 tradita.
726 2840 777 2892 Itl
810 2855 869 2893 se
899 2847 1154 2907 praestare
1196 2837 1274 2900 ait
1313 2838 1532 2891 evidenti
1577 2852 1829 2903 nurnero,

237 2911 359 2962 sicut
385 2926 448 2964 ea:
479 2909 705 2963 Patrum
733 2911 1073 2963 monumentis
1098 2909 1412 2975 accepimus.
1445 2910 1550 2961 llos
1581 2907 1749 2961 libros
1781 2912 1834 2961 in

241 2978 366 3034 duas
413 2982 626 3035 classes
657 2980 884 3044 dividit,
924 2979 975 3033 in
1009 2977 1292 3035 Canonicos
1330 2990 1384 3034 et
1417 2977 1831 3043 Ecclesiasticos,

239 3063 266 3104 a
298 3066 380 3108 tne
406 3051 495 3107 bic
525 3052 853 3120 dispositos.

861 3142 1138 3198 CLASSIS
1174 3141 1218 3196 I.

814 3254 958 3310 Libri
996 3254 1261 3310 Canonici.

764 3438 959 3495 Veteris
990 3437 1319 3494 Testamenti.

310 3535 362 3590 I.
403 3534 660 3593 Genesis.

308 3604 364 3659 Ξ.
408 3607 655 3664 Exodus.

307 3680 361 3734 3.
403 3679 702 3733 Leviticus.

306 3747 360 3805 4.
399 3748 698 3805 Numerus.

306 3818 360 3873 5.
406 3815 914 3875 lieutcronumium.

305 3889 358 3943 6.
400 3891 564 3946 Jesus
594 3889 763 3944 Nave.

305 3963 357 4016 7.
399 3962 657 4017 iudicum
684 3961 840 4012 simm
873 3973 993 4011 cum
1024 3957 1196 4011 Ruth.

306 4035 359 4088 8.
402 4033 720 4104 Regnorum
784 4028 904 4083 libri
954 4028 1045 4082 IV.
1086 4043 1224 4098 quos
1275 4026 1484 4081 llebrtri
1540 4026 1675 4079 duos
1732 4042 1834 4079 Ilu-

455 4111 693 4156 Inerant.

311 4175 365 4227 9.
409 4174 887 4241 Paralipomenon,
913 4172 1047 4226 alias
1067 4169 1202 4225 liber
1232 4170 1470 4224 Dierum.

306 4246 393 4300 l0.
438 4245 630 4299 Esdrte
656 4242 777 4296 libri
807 4241 867 4296 ll.

303 4318 393 4372 ll.
439 4316 661 4369 Esther.

306 4386 396 4441 12.
441 4386 662 4440 Esaias.

305 4460 395 4514 I3.
441 4454 769 4511 Iliercmizis.

305 4530 395 4582 14.
440 4525 728 4582 Ezechiel.

303 4599 395 4653 15.
446 4598 658 4651 Daniel.

305 4669 395 4722 16.
442 4666 740 4722 Duodecim
779 4664 1163 4734 PrOphetarum
1194 4664 1330 4718 liber
1358 4678 1515 4719 unus.

304 4740 395 4793 17.
439 4739 566 4793 Job.

304 4812 394 4866 18.
442 4807 643 4864 Psalmi
680 4805 866 4860 David.

302 4883 327 4935 1
340 4882 394 4935 9.
442 4878 759 4935 Proverbia.

300 4951 395 5005 20.
443 4949 821 5005 Ecclesiastes.

300 5021 396 5077 2|.
439 5019 662 5077 Cantica
692 5017 1055 5072 Canticorum.

771 5158 906 5214 Novi
944 5158 1271 5214 Testamcntt.

1259 4878 1279 5081 ξ
1331 4943 1657 4999 Salomonis.

306 5234 359 5287 t.
404 5234 670 5288 Matthmi.

302 5304 361 5358 '2.
407 5305 595 5358 Marci.

302 5373 358 5429 '5.
404 5375 589 5428 anzc.

304 5446 362 5501 Α,
407 5441 695 5498 Johannis.

305 5514 335 5556 ἲς

1258 5244 1281 5384 2
1333 5335 1627 5409 Evangelia
1658 5333 1748 5389 IV.

322 5516 357 5572 ἰ.
406 5515 567 5569 Lucae
599 5514 765 5567 Actus
792 5511 1186 5581 Apostolorum.

304 5585 360 5643 6.
409 5586 557 5640 Pauli
594 5583 847 5651 Epistula:
879 5581 1014 5636 XIV.

302 5656 363 5714 7.
407 5654 547 5710 I’etri
581 5654 831 5723 Epistola:
861 5652 923 5707 Il.

304 5727 358 5782 8.
411 5726 593 5782 Jacobi
621 5740 743 5778 una.

412 5796 559 5854 ludas
588 5810 712 5851 una.

1982 509 2066 582 Il.
2109 509 2372 582 Johannis
2403 512 2769 582 Apocalypsis.

2016 579 2239 656 Rutiuus
2277 580 2419 636 hunc
2450 579 2743 656 indic‘ulnm
2776 586 3175 656 Scripturarum
3212 591 3283 646 ita
3312 595 3531 649 conclu-

1940 650 2016 704 dit
2049 667 2062 703 :
2090 651 2219 705 Haec
2259 662 2399 717 sunt,
2430 669 2547 722 qua:
2581 652 2762 711 Patres
2807 650 2945 713 intra
2984 676 3229 715 cananem
3269 666 3532 720 concluse-

1940 730 2083 785 runt,
2129 732 2176 775 et
2208 732 2269 775 ω
2311 725 2491 791 quibus
2524 722 2676 779 Fidei
2720 737 2908 785 nostra:
2956 733 3259 789 assertiones
3297 746 3531 789 constare

1939 792 2230 870 uoluerunt.
2261 792 2539 870 Sciendum
2567 804 2741 870 tamen
2767 808 2864 867 est,
2896 803 3034 870 quod
3060 814 3107 856 et
3137 806 3227 858 alii
3268 806 3383 859 libri
3413 817 3530 860 sunt

1940 862 2205 947 Canonici,
2239 865 2330 915 sed
2376 863 2728 947 Ecclesiastici
2772 887 2805 924 a
2847 862 3131 943 majoribus
3159 878 3435 947 appellati.
3467 876 3530 933 lli

1940 947 2072 988 vero
2097 937 2491 1004 subscquentes
2521 947 2665 993 sunt.

2545 1048 2817 1109 CLASSIS
2858 1056 2921 1112 ll.

2452 1142 2594 1197 Libri
2633 1144 3007 1225 Ecclesiastici.

2452 1328 2649 1385 Veteris
2690 1330 3024 1391 Tcstumcnti.

2012 1422 2060 1475 Ι.
2105 1420 2380 1489 Sapientia
2415 1421 2743 1478 Salomonis.

2008 1493 2066 1545 2.
2108 1492 2386 1553 Sapientia
2423 1494 2634 1557 Sirach,
2670 1499 2785 1551 sive
2816 1498 3238 1559 Ecclesiasticus.

2008 1563 2061 1618 5.
2104 1563 2325 1619 Tobi‘ls.

2009 1636 2062 1688 4.
2105 1634 2313 1688 Juditli.

2007 1703 2059 1759 5.
2104 1704 2527 1761 διεεετώωοτυηι
2558 1706 2701 1761 libri.

2473 1892 2610 1946 Novi
2652 1893 2979 1952 Testumentt.

2008 1987 2060 2042 'I.
2104 1985 2367 2049 Libellus,
2397 1988 2483 2051 qui
2514 1986 2711 2041 dicitur
2743 1986 2975 2042 Pastoris
3007 1991 3120 2045 sive
3152 1990 3379 2047 IIerma'.

1932 2057 2271 2181 P2..Alter,
2321 2056 2411 2126 qui
2458 2058 2759 2127 appellatur
2814 2059 2943 2112 Ilua:
2984 2062 3076 2114 viae
3120 2064 3199 2116 vel
3250 2060 3519 2118 Iudicium

1981 2141 2098 2181 em.

1981 2141 2098 2181 em.

2005 2200 2077 2253 Ita
2110 2200 2204 2252 lius
2230 2197 2364 2251 duos
2388 2198 2553 2251 libros
2590 2208 2891 2261 postremos
2913 2215 3031 2254 cum
3065 2200 3381 2257 doctissimo
3411 2204 3515 2259 Co-

1934 2270 2123 2341 telerio
2153 2270 2207 2323 in
2233 2267 2443 2323 Jndicio
2471 2268 2562 2341 de_
2583 2268 2788 2341 Ilermte
2820 2269 3033 2324 Pastore
3058 2287 3176 2341 pag.
3202 2273 3287 2325 75.
3319 2274 3515 2328 distin-

1931 2340 2173 2411 guendos
2226 2348 2495 2409 putamus.
2524 2338 2602 2411 In
2648 2340 2881 2395 editione
2931 2338 3371 2396 Barrei'llermes
3418 2360 3514 2411 pro

1936 2410 2145 2465 llermtv
2182 2424 2469 2482 perperam
2520 2410 2731 2482 legitur.
2775 2411 2994 2465 Rufinus
3038 2413 3244 2475 scribit,
3284 2410 3515 2482 majores

1935 2494 2149 2535 nostros
2181 2481 2295 2535 lucc
2322 2482 2421 2550 legi
2453 2481 2667 2549 quidem
2720 2482 2773 2535 in
2825 2482 3080 2537 Ecclesiis
3120 2481 3379 2548 voluisse,
3410 2503 3513 2539 non

1934 2562 2103 2605 tamen
2140 2553 2358 2623 proferri
2389 2552 2455 2603 ad
2487 2553 2841 2623 auctoritatem
2871 2570 2932 2607 ea:
2971 2553 3070 2611 Itis.
3104 2553 3277 2617 Fidei,
3321 2555 3514 2623 confir-

1933 2623 2197 2677 mandam.
2239 2622 2487 2677 Ceterum
2518 2622 2633 2691 ipse
2666 2625 2717 2676 in
2751 2625 2851 2677 hoc
2873 2625 3114 2692 catalogo
3138 2622 3519 2679 concinnando‘

1934 2704 2192 2764 sequutus
2218 2704 2299 2747 est
2330 2708 2589 2757 canunem
2624 2693 2991 2759 llebraaorum,
3018 2694 3157 2761 quod
3198 2705 3248 2748 et
3281 2697 3417 2750 alios
3445 2712 3510 2750 ex

1936 2766 2177 2833 patribus
2216 2774 2368 2817 antea
2403 2764 2593 2818 fecisse
2634 2776 2965 2831 compertum
3014 2772 3117 2819 est.
3152 2764 3508 2821 Nihilominus

1934 2851 2051 2890 ει)νο
2075 2837 2193 2897 ipso
2226 2834 2403 2899 .‘lu/ini
2435 2835 2614 2888 divina
2658 2836 2816 2903 hujus
2846 2836 3093 2888 secunda:
3124 2833 3323 2890 Classis
3354 2837 3519 2891 libro-

1937 2922 2055 2961 rum
2090 2905 2298 2961 Veteris
2340 2904 2673 2960 Testamenti
2705 2906 2993 2959 auctoritas
3024 2906 3090 2957 ab
3126 2906 3372 2960 universa
3416 2906 3517 2962 Ec-

1935 2976 2097 3031 clesia
2120 2976 2299 3046 agnita
2331 2984 2383 3029 et
2417 2984 2627 3046 recepta
2653 2985 2758 3030 est.
2792 2976 2921 3030 Nam
2952 2974 3253 3031 Concilium
3278 2976 3363 3030 ΙΙΙ.
3390 2978 3518 3032 Car-

1938 3044 2254 3116 thaginense
2302 3061 2507 3100 canone
2557 3044 2646 3099 47.
2703 3046 2872 3100 codex
2935 3047 3191 3101 Ecclesia:
3248 3047 3515 3102 Africana:

1938 3115 2057 3186 cap.
2090 3115 2282 3171 XXIV.
2309 3116 2647 3171 Innocentius
2676 3116 2712 3169 1.
2762 3118 2921 3182 epist.
2954 3117 3012 3169 Il.
3046 3117 3110 3170 ad
3155 3118 3519 3184 Evsuperium

1863 3214 1910 3276 ο
1944 3189 2270 3269 Tolosatem,
2299 3188 2740 3276 ‘etl':\:igqstir:iis
2772 3187 2861 3276 lib.
2885 3187 2955 3276 ll.
2986 3188 3051 3276 de
3083 3188 3521 3276 Doctrinach‘ri-

1943 3258 2115 3311 stiana
2145 3272 2261 3325 cap.
2299 3256 2430 3310 Vlll.
2458 3256 2507 3325 §.
2543 3259 2628 3310 I3.
2653 3256 2834 3310 demto
2878 3256 3091 3309 Pastore
3115 3267 3161 3311 et
3182 3255 3390 3310 Jutlicio
3416 3256 3519 3310 Pe-

1943 3329 2030 3395 tri,
2063 3328 2159 3381 hos
2195 3342 2387 3381 omnes
2416 3327 2554 3379 inter
2590 3326 2753 3379 libros
2795 3328 3067 3379 canonicos
3110 3337 3515 3381 recensuernut.

1943 3398 1987 3454 ll
2013 3413 2077 3453 nc
2116 3396 2379 3451 refutatur
2405 3397 2644 3453 Andreas
2691 3397 2931 3459 liivetus,
2982 3399 3070 3461 qui
3120 3398 3172 3451 in
3205 3397 3521 3451 Pseutlocri-

1944 3470 2050 3524 tico
2071 3469 2167 3523 lib.
2198 3469 2261 3523 ll.
2296 3483 2413 3535 cap.
2446 3467 2557 3522 XV.
2591 3479 2869 3533 postquam
2894 3467 3068 3521 Ruﬁni
3099 3483 3254 3536 opus.
3277 3467 3515 3521 omnium

1947 3554 2207 3594 consensu
2248 3540 2501 3591 eruditum
2530 3547 2573 3590 et
2598 3539 2730 3607 lectu
2758 3538 3139 3606 dignissimum,
3171 3539 3517 3607 ap,.ellasset,

1940 3612 2119 3665 statim
2142 3609 2349 3663 adtlid't
2374 3627 2385 3661 :
2410 3609 2508 3662 nisi
2528 3610 2662 3677 quod
2685 3605 2914 3678 Papistis
2938 3608 3171 3677 displicet
3197 3605 3249 3662 in
3272 3626 3351 3673 eo,
3384 3610 3521 3677 quod

1940 3697 2054 3734 cum
2084 3679 2400 3751 Ilirronymo
2430 3679 2699 3751 diligenter
2734 3679 2889 3733 libros
2923 3680 3195 3751 canonicos
3222 3697 3255 3751 a
3291 3696 3392 3733 non
3433 3696 3517 3732 ca-

1942 3752 2138 3805 nonicis
2168 3749 2506 3805 discriminat.
2540 3750 2644 3806 Sed
2686 3753 2875 3803 eodem
2904 3764 3020 3803 ειενο
3054 3749 3309 3805 Ecclesia:
3338 3757 3521 3803 aucto-

1942 3823 2071 3876 ritas
2106 3828 2306 3876 rectius
2337 3837 2429 3876 eos
2458 3820 2829 3873 discriminuvit
2855 3835 2873 3873 :
2896 3820 3037 3889 quod
3081 3820 3328 3875 lttereticis
3356 3831 3401 3872 et
3435 3820 3523 3872 Ri—

1940 3902 2047 3946 veto
2085 3908 2403 3963 nequaquam
2448 3892 2631 3961 placet.
2666 3890 2989 3963 Notandum
3036 3900 3219 3963 tamen
3260 3907 3289 3944 a
3331 3890 3521 3963 Ila/ina

1939 3960 2235 4031 Epistolam
2261 3960 2347 4017 ad
2377 3960 2629 4017 Hebraeos
2663 3962 2802 4015 inter
2846 3960 2983 4014 XIV.
3032 3962 3320 4016 canonicas
3356 3960 3524 4013 Paulo

1941 4033 2122 4097 tribui,
2155 4035 2289 4088 alias
2322 4035 2576 4088 tredecim
2624 4033 2753 4085 sola:
2793 4039 2996 4086 CSSPIIL
3030 4032 3249 4095 Ceteras
3277 4031 3526 4099 Scriptu-

1939 4119 2047 4168 ras,
2082 4103 2291 4158 duabus
2322 4105 2437 4158 lSlIS
2465 4103 2725 4156 classibus
2768 4101 3177 4169 prat‘leullisSnS,
3212 4101 3351 4154 inter
3388 4117 3519 4164 apu-

1938 4175 2172 4243 crypbas
2206 4174 2428 4228 Rnlinus
2455 4173 2530 4227 ait
2570 4175 2882 4243 memorari,
2911 4189 3035 4237 quas
3069 4172 3120 4222 in
3162 4169 3525 4243 Ecclesiislegi

1939 4238 2232 4299 noluerunt.
2266 4245 2376 4299 Dici
2406 4243 2653 4298 Sanctam
2693 4241 2750 4293 Et
2770 4244 3001 4295 clesiam.
3028 4256 3141 4308 qua:
3164 4238 3350 4293 Fidem
3376 4239 3525 4291 Clrri-

1938 4316 2004 4367 sti
2026 4317 2274 4383 integrum
2306 4324 2495 4375 servat,
2517 4322 2572 4366 et
2600 4326 2704 4383 non
2735 4313 2893 4383 habet
2921 4310 3176 4383 maculam
3203 4322 3292 4362 aut
3319 4324 3528 4378 rugam,

1938 4393 1997 4438 ut
2024 4382 2387 4453 distinguatur
2426 4387 2495 4437 ab
2544 4382 2803 4436 Ecclesiis
2851 4382 3252 4453 hiet-ctioorutn,
3282 4394 3400 4450 qua:
3430 4394 3532 4453 non

1937 4467 2059 4510 sunt
2088 4448 2222 4510 sine'
2244 4455 2448 4508 macula
2494 4462 2549 4508 et
2587 4466 2715 4518 ruga
2749 4451 3006 4520 perﬁdiae.
3052 4448 3303 4507 Subinde
3329 4448 3540 4520 lucreti-

1939 4540 2128 4582 corum
2159 4527 2284 4580 licet
2329 4541 2435 4578 non
2480 4518 2762 4584 omnium;
2787 4522 2874 4591 qui
2922 4521 3231 4587 huiusmodi
3272 4518 3539 4591 ecclesias

1861 4589 1911 4648 D
1940 4611 2046 4652 non
2076 4598 2297 4653 Sanctus
2320 4589 2818 4666 congregaveruut,
2833 4592 3027 4647 seriem
3065 4591 3137 4646 ita
3163 4589 3465 4651 subnectit.

2016 4671 2068 4723 l.
2110 4666 2367 4723 Marcion.

2118 4739 2442 4792 Valentinus.

2110 4809 2302 4862 Ebion.

2109 4878 2453 4933 Manicha‘us.

2112 4950 2307 5004 Paulus
2336 4951 2742 5004 Samosatenus.

2112 5020 2393 5075 Photinus.

2108 5092 2287 5147 Arius.

2109 5162 2419 5217 Eunomius.

2012 5234 2065 5287 9.
2109 5233 2367 5288 Donatus.

1980 5303 2065 5378 It).
2108 5303 2390 5378 Novatus._
2550 5373 2559 5378 _
2637 5374 2648 5378 _
2817 5375 2826 5378 _
2922 5372 2934 5378 _
3114 5372 3126 5378 _
3458 5369 3467 5378 ε

2017 5375 2071 5427 ln
2109 5374 2429 5448 exponendo
2460 5373 2707 5448 articulo,
2742 5375 2832 5441 qui
2871 5372 2936 5427 ad
2982 5372 3155 5448 carnis
3199 5372 3524 5448 resurrectio-

1941 5460 2056 5497 nem
2084 5439 2277 5499 attinet
2306 5444 2530 5498 Rulinns
2560 5439 2768 5499 multus
2786 5455 2865 5498 est
2891 5453 3073 5495 contra
3112 5439 3522 5500 Valentininnos,

1945 5514 2282 5579 .llanichwos,
2314 5525 2367 5569 et
2394 5513 2663 5582 Inﬁdeles,
2699 5515 2925 5569 fortasse
2952 5513 3113 5564 etiam
3160 5516 3346 5563 contra
3377 5508 3523 5572 obje-

1940 5586 2148 5640 ctiones
2184 5586 2289 5641 sibi
2318 5587 2387 5639 ab
2421 5586 2743 5655 Hieronymo
2771 5585 2950 5655 (quem
2978 5590 3152 5655 tamen
3184 5592 3521 5655 nequaquam

1944 5656 2208 5725 nominat)
2260 5657 2327 5725 de
2373 5656 2476 5710 hoc
2522 5650 2713 5709 eodem
2763 5650 2988 5725 articulo
3035 5650 3317 5725 impactus.
3369 5650 3521 5725 Quod

1944 5725 2086 5779 enim
2117 5718 2253 5779 libro
2284 5724 2347 5779 Il.
2400 5724 2674 5794 Apologia:
2718 5724 2783 5794 de
2814 5720 3065 5794 singulari
3107 5718 3388 5794 disciplina
3426 5718 3525 5772 Ec-

1946 5796 2127 5853 clesia
2164 5788 2503 5866 Aquileiensis
2531 5788 2627 5865 pro
2673 5792 2862 5861 sciam
2909 5790 3136 5860 dixerat,
3182 5788 3283 5843 hoc
3328 5789 3521 5845 iterum

2010 4740 2069 4794 2.

2010 4809 2064 4863 5.

2009 4881 2065 4932 4.

2013 4946 2065 5002 5.

2013 5021 2067 5075 6.

2010 5091 2063 5145 7.

2010 5162 2063 5216 8.
