4078 6346
560 366 662 425 9.59

1811 361 2039 418 l‘iUFINI
2083 358 2513 417 PRESBYTER!

3738 363 3839 419 260

574 481 702 536 nino
732 488 815 537 est
842 481 1226 549 Cassiodorus;
1259 483 1431 552 deque
1462 483 1610 537 libris
1638 494 1826 550 septeni
1870 482 2149 549 eaptivita-
2180 476 2397 537 A'edita
2422 478 2639 547 Iosephi
2674 479 2923 552 versione
2952 478 3199 535 conferre
3241 495 3343 535 non
3374 480 3571 550 potuit,
3605 481 3750 550 quod
3779 497 3837 539 ea

564 554 634 606 tis
664 552 782 607 sive
813 554 934 608 belli
964 554 1165 609 Iudaici
1220 566 1421 609 tantum
1470 554 1728 623 loquitur,
1784 569 1887 607 non
1918 555 1985 606 de
2024 552 2141 606 aliis

559 623 935 694 Antiquitatum
969 626 1328 689 Iudaicarum,
1376 640 1511 693 quos
1554 640 1613 679 se
1656 626 1717 678 ab
1746 626 1922 677 amicis
1956 639 2142 693 magno

562 696 734 748 labore
760 697 811 748 in
840 697 997 749 libros
1027 696 1190 750 XXII.
1243 696 1426 750 Latine
1467 696 1752 749 vertendos
1796 710 2015 749 curasse
2044 696 2139 756 ait,

561 779 725 832 quum
752 770 983 821 nondum
1007 782 1037 821 a
1058 782 1321 835 quoquam
1344 766 1506 819 latine
1528 768 1666 821 versi
1691 765 1934 820 fuissent.
1969 766 2138 819 Verba

558 837 675 907 ejus
706 836 771 890 de
802 849 1007 907 septrm,
1036 853 1167 903 quos
1195 838 1323 898 dixi,
1352 837 1514 901 libris.
1546 838 1659 892 haec
1684 848 1808 890 sunt
1835 853 1953 900 cap.
1973 836 2136 891 XVII.

560 906 628 958 de
656 906 989 977 Institutione
1019 908 1319 961 divinarum
1372 908 1641 963 literarum
1668 924 1682 961 :
1711 909 1812 975 Qui
1837 910 1988 960 etiam
2019 908 2139 977 (Io-

560 976 778 1047 sephus)
809 990 852 1030 et
881 980 1011 1031 alios
1038 988 1227 1043 septem
1256 980 1410 1031 libros
1443 980 1754 1048 captivitatis
1779 976 2139 1032 Judaicaznii-

556 1048 709 1100 rabili
759 1050 920 1102 nitore
961 1050 1285 1113 conscripsit.
1344 1050 1574 1113 Quorum
1614 1050 1999 1103 translationem
2047 1051 2139 1104 alii

556 1117 891 1190 Hieronymo,
924 1121 1014 1173 alii
1044 1120 1335 1185 Ambrosio,
1361 1121 1453 1172 alii
1481 1121 1729 1190 deputant
1760 1122 1964 1174 liurtso
1986 1137 2005 1175 :
2025 1138 2140 1189 qua:

555 1189 678 1240 dum
707 1189 891 1242 talibus
918 1191 1247 1255 adscribitur,
1292 1190 1501 1244 omnino
1536 1192 1777 1245 dictionis
1805 1194 2005 1246 eximite
2035 1209 2137 1245 nte-

552 1259 653 1330 rita
681 1259 1035 1313 declarantur.
1074 1261 1197 1315 “:I‘C
1236 1262 1487 1327 produnt,
1512 1278 1619 1330 quo
1648 1263 1764 1316 loco
1796 1263 2011 1330 Ruﬁnus
2041 1264 2136 1316 Ita-

554 1329 789 1403 beretur.
822 1331 1074 1395 (latissas,
1104 1349 1198 1384 cur
1223 1348 1285 1385 ea
1315 1329 1593 1386 translato
1621 1334 1843 1403 singulis
1869 1329 2134 1397 adscripta

555 1398 737 1463 fuerit,
780 1403 1187 1469 iiivestigeinus.
1236 1404 1299 1455 Et
1344 1404 1514 1469 primo
1546 1398 1784 1471 quidem,
1816 1405 1957 1471 quod
2001 1404 2138 1457 Ruti-

555 1486 681 1524 num
713 1481 938 1541 spectat,
971 1474 1085 1541 ipse
1127 1473 1196 1524 ob
1224 1482 1302 1525 tot
1349 1474 1481 1526 alias
1530 1490 1651 1527 suas
1677 1476 2051 1528 traiislatiooes
2085 1477 2135 1527 in

554 1556 649 1594 ore
712 1544 948 1613 omnium
1018 1543 1347 1596 versabatur.
1418 1546 1596 1608 Quare
1649 1544 1867 1613 Iosephi
1925 1560 2137 1613 quoque

559 1612 844 1665 translatio
877 1613 952 1666 illi
982 1614 1212 1667 adscribi
1244 1615 1397 1667 facile
1425 1615 1608 1681 potuit.

627 1680 687 1733 ΙΙ.
740 1682 1058 1736 Iamdudum
1116 1700 1297 1737 rumor
1344 1680 1652 1747 iltcrebuit,
1711 1686 1761 1738 in
1820 1683 2136 1740 Bibliotheca

552 1752 889 1806 Ambrosiam:
924 1755 1096 1822 ipsum
1143 1754 1321 1821 Ruﬁni
1370 1758 1782 1825 autogtaplium,
1816 1757 1898 1810 vel
1946 1759 2133 1810 saltem

552 1830 915 1895 apographiim
971 1826 1125 1893 longe
1153 1825 1575 1894 antiquissimum
1615 1827 1665 1880 in
1710 1826 1908 1880 cortice
1960 1829 2128 1895 Aigy-

553 1893 667 1959 ptio
696 1894 1017 1967 descriptum
1065 1893 1569 1967 serVari.’77Priinus,
1603 1912 1759 1967 quem
1815 1899 1988 1961 reperi
2018 1893 2133 1965 ejus

553 1965 864 2018 meminisse
910 1966 1058 2019 initio
1084 1966 1264 2020 saeculi
1299 1966 1438 2021 XVI.
1488 1976 1572 2021 est
1603 1965 1848 2023 Pon:icus
1887 1966 2137 2023 Virunius

555 2035 609 2087 iii
638 2033 749 2087 Vita
783 2035 1092 2091 Emauuelis
1117 2037 1458 2106 Lhrysolorze
1480 2047 1605 2092 ante
1624 2053 1751 2093 suas
1776 2038 1829 2091 in
1858 2038 1974 2106 ejus
2004 2039 2135 2093 Ero-

555 2113 751 2159 tentata
784 2122 811 2159 a
843 2106 1079 2161 Guarino
1106 2117 1402 2171 contracta,
1436 2105 1823 2163 Declarationrs
1852 2105 2135 2164 tumultua-

552 2175 680 2249 rios,
726 2191 860 2249 quas
903 2188 1077 2241 vocat.
1134 2176 1396 2232 Fer-rario:
1443 2179 1611 2233 editas
1658 2182 1797 2249 apud
1843 2178 2137 2235 Iohannem

552 2246 862 2300 Mazochum
887 2252 953 2303 A.
978 2249 1038 2303 Ι).
1072 2249 1230 2304 1509.
1266 2250 1315 2303 iii
1345 2250 1430 2302 8°.
1460 2246 1736 2303 Ponticum
1762 2250 1829 2304 de
1860 2251 1958 2306 hac
1984 2252 2134 2307 Iose-

551 2318 700 2386 pbiiii
728 2319 930 2390 codicis
952 2321 1297 2390 translatione
1327 2319 1548 2374 mirilice
1567 2320 1890 2389 iudicantem
1918 2332 2136 2390 praestat

549 2389 756 2464 audire.
786 2389 915 2443 Nam
948 2401 1010 2464 et»
1052 2389 1193 2444 circa
1225 2396 1305 2464 Α.
1333 2390 1403 2464 _D.
1437 2390 1564 2464 550.
1604 2400 1660 2464 ει
1708 2393 1777 2446 ali
1808 2389 2135 2464 Hieronymo

552 2459 875 2529 descriptam
927 2462 1179 2513 allirmat.
1225 2460 1395 2514 Vel-ha
1435 2460 1550 2529 ejus
1606 2461 1720 2515 haec
1763 2473 1917 2515 S'llII:
1950 2459 2133 2518 Eistat

553 2528 671 2603 ini
697 2530 1100 2603 Iliv_rongmi,et
1132 2532 1343 2603 propria
1374 2528 1552 2594 manu,
1583 2534 1847 2603 originalis
1872 2536 1998 2587 liber
2031 2535 2131 2588 lin-

552 2599 747 2676 [ini,_in
781 2599 1175 2676 Divi'Ainbrosii
1206 2602 1511 2676 Mediolani,
1544 2604 1595 2655 in
1621 2599 1774 2672 capsa
1797 2607 2008 2673 p'umbi,
2038 2624 2132 2676 pe-

545 2671 633 2742 jor
657 2674 879 2743 (nempe
909 2672 1050 2727 male
1081 2674 1291 2726 habitus
1314 2672 1361 2727 si
1392 2674 1527 2727 bene
1549 2671 1804 2743 auguror)
1831 2679 1916 2737 qui
1946 2678 1996 2729 in
2035 2671 2127 2742 pa-

549 2741 692 2809 pyris
721 2741 1193 2815 velcharacteribus
1225 2744 1683 2815 Langobardorum
1721 2741 1965 2810 antiquis.
1998 2741 2130 2801 Anni

547 2821 667 2889 sunt
697 2812 851 2889 mille
866 2824 911 2866 et
944 2823 1150 2889 crntuin
1176 2825 1219 2867 et
1242 2812 1611 2889 quinquaginta
1642 2815 1717 2868 vel
1749 2820 1900 2882 circa,
1938 2829 2123 2889 utego,

547 2883 639 2959 qui
686 2898 787 2959 non
833 2883 1044 2953 ignarus
1092 2883 1299 2959 illorum
1344 2886 1646 2954 feminrum,
1688 2890 1869 2941 ntultas
1915 2883 2128 2959 pagznas

548 2953 809 3027 uoluerim,
839 2965 1116 3027 antequam
1142 2953 1351 3026 aliquid
1385 2972 1687 3027 cognoscere
1716 2953 2011 3026 potuissem.
2040 2962 2128 3015 Sic

551 3020 802 3099 Ponticus
839 3020 1080 3099 Virunius
1100 3040 1120 3079 :
1142 3028 1208 3079 de
1229 3020 1334 3097 quo
1379 3020 1613 3088 bo'niinc,
1647 3020 1819 3096 deque
1850 3030 1965 3099 ejus
1995 3035 2127 3085 srri-

552 3094 658 3161 ptis
679 3096 1107 3168 quampliirimis,
1134 3094 1432 3167 non'pauca
1471 3114 1501 3151 a
1533 3114 1616 3152 me
1646 3094 1895 3152 adnotata
1926 3103 2126 3168 prodie-

550 3174 673 3243 runt
707 3166 766 3243 in
809 3167 1371 3243 Diariq_Literatorii_tii
1418 3170 1581 3243 Italiae
1614 3178 1742 3223 tom.
1776 3166 1967 3225 XXIV.
2003 3190 2122 3243 pag.

2249 568 2357 610 non
2389 562 2586 619 priesto
2613 561 2776 604 esset.
2813 551 2923 605 Iloc
2967 567 3071 605 non
3121 553 3314 605 factum
3349 552 3497 607 dolet
3543 551 3755 607 Caveas
3788 555 3837 611 iii

2247 626 2440 681 Rulino
2469 624 2533 676 A.
2570 620 2630 675 Ι).
2660 622 2786 676 390.
2822 622 2923 678 Sed
2949 638 3049 692 ego
3074 625 3272 676 certior
3302 622 3473 677 iactus
3503 637 3648 685 sum,
3693 625 3839 679 codi-

2243 712 2359 753 cem
2392 694 2459 747 ah
2488 693 2648 747 editis
2688 708 2792 747 non
2825 693 3174 761 discrepare;
3206 694 3255 746 in
3285 708 3389 762 quo
3424 700 3694 760 praeterea
3718 712 3840 750 tius-

2243 781 2401 833 qnam
2437 764 2613 817 [Iuliiii
2646 779 2840 817 nomen
2874 771 3114 832 apparet.
3142 763 3250 817 Cur
3277 773 3456 818 autem
3486 773 3773 833 appareat,
3797 768 3839 820 si

2245 836 2425 904 Ruﬁni
2464 851 2567 888 non
2595 834 2719 888 est?
2753 834 3035 889 Librorum
3064 836 3131 889 de
3153 835 3297 887 Bello
3325 833 3554 888 Iudaico
3585 836 3837 890 ltuliuuni

2241 910 2310 963 ab
2334 907 2599 961 nonnullis
2626 907 2970 962 interpretem
2995 906 3188 970 putari,
3213 908 3284 959 ait
3306 904 3701 967 Cassiodorus;
3733 923 3836 962 non

2244 989 2421 1033 tamen
2465 980 2721 1031 horumce
2751 977 3002 1031 libroruin
3053 979 3117 1031 de
3146 977 3549 1043 Antiquitatibus
3570 975 3835 1033 Judaicis.

2250 1050 2357 1106 llos
2404 1048 2548 1104 enim
2585 1047 2814 1101 Senator
2846 1054 3093 1111 testatur,
3142 1064 3201 1102 se
3226 1048 3289 1100 ab
3331 1049 3513 1102 amicis
3550 1048 3837 1103 vertendos

2249 1135 2491 1181 curasse,
2525 1118 2665 1186 quod
2700 1116 2885 1173 Graece
2917 1129 3120 1172 tantum
3169 1120 3493 1188 legerentur.
3539 1118 3838 1173 Cassiodori

2247 1193 2406 1247 verba
2438 1206 2500 1243 ex
2525 1194 2734 1253 eoileu,
2769 1192 2908 1254 quod
2938 1191 3184 1257 superius
3212 1190 3435 1253 adduxi,
3468 1190 3650 1257 capite
3674 1188 3834 1246 XVII.

2245 1264 2315 1318 de
2370 1260 2706 1316 Ins:itutioiie
2753 1260 3049 1313 divinarum
3101 1260 3396 1325 literarum,
3455 1260 3559 1314 huc
3608 1260 3830 1314 adfero:

2242 1333 2401 1387 Hunc
2452 1341 2618 1402 tamen
2664 1330 2983 1402 (Iosepltum
3030 1331 3094 1383 de
3138 1330 3542 1402 Antiquitatibus
3571 1328 3832 1402 Iudaicis)

2240 1404 2305 1456 ab
2337 1398 2509 1456 anteis
2539 1398 2769 1460 Nosriits,
2806 1401 3049 1470 quoniam
3077 1412 3148 1455 est
3173 1398 3375 1454 subtilis
3404 1402 3556 1454 nimis
3584 1411 3631 1454 et
3664 1398 3832 1456 multi;

2241 1475 2380 1541 plex,
2428 1489 2611 1541 magno
2639 1472 2808 1524 labore
2856 1472 2909 1523 in
2948 1472 3090 1525 libris
3124 1470 3317 1526 XXII.
3342 1473 3588 1525 'cont'erti
3623 1474 3831 1541 fecimus

2241 1540 2297 1597 in
2342 1540 2603 1595 Latinum.
2637 1543 2699 1596 Ili
2729 1542 2904 1608 amici,
2945 1557 3170 1610 quorum
3215 1558 3379 1611 opera
3424 1544 3474 1597 in
3521 1540 3831 1601 Griecorum

2241 1615 2464 1683 scriptis
2511 1614 2665 1667 Latio
2711 1614 2973 1667 donaudis
3016 1614 3369 1683 Cassiodorus
3419 1613 3695 1683 utebatur,
3730 1618 3832 1681 qui-

2239 1701 2363 1739 nam
2411 1684 2629 1744 luerint,
2663 1685 2959 1737 videamus.
2994 1682 3049 1737 In
3093 1682 3435 1738 Institutione
3462 1683 3573 1752 jam
3603 1682 3830 1740 adducta

2239 1766 2338 1811 tres
2372 1766 2572 1809 tantum
2602 1754 2670 1807 ab
2698 1769 2764 1808 eo
2801 1754 3062 1808 nominari
3089 1757 3383 1824 comperio.
3421 1754 3485 1808 Ili
3518 1762 3685 1809 sunt:

2313 1846 2365 1902 I.
2402 1846 2725 1914 Epiphanius
2747 1844 3119 1911 Scholasticus,
3143 1846 3231 1913 qui
3259 1846 3501 1902 codicem
3529 1846 3827 1917 eoeyelium

2243 1932 2341 1980 pro
2367 1917 2680 1971 defensione
2710 1918 2929 1970 tioneilii
2976 1918 3457 1981 Chalcedonensis,
3501 1919 3831 1972 Cassiodoro

2240 1989 2539 2058 ﬂagitante,
2591 1988 2835 2042 Latinum
2887 1988 3041 2052 fecit,
3101 2004 3165 2041 ex
3216 1988 3434 2042 laudata
3489 1988 3830 2045 Institutione

2243 2074 2363 2127 cap.
2388 2058 2552 2112 XVII.
2581 2075 2765 2129 quem,
2798 2061 2987 2127 inquit,
3021 2060 3245 2112 codicem
3276 2076 3308 2110 a
3347 2060 3456 2113 viro
3488 2060 3829 2115 disertissimo

2240 2129 2537 2200 Epiphanio
2558 2132 2770 2198 fecimus
2790 2131 2843 2184 in
2876 2129 2950 2183 La
2975 2131 3117 2183 inum
3143 2130 3206 2183 de
3233 2129 3415 2184 Grteco
3438 2146 3680 2185 sermone
3708 2148 3828 2185 con-

2239 2203 2385 2255 verti.
2414 2200 2599 2254 Exstat
2643 2203 2694 2254 in
2728 2200 2980 2255 Com-iliis
3012 2200 3210 2254 Labbei
3263 2210 3394 2254 tom.
3427 2201 3516 2256 IV.
3551 2216 3675 2270 pag.
3702 2202 3826 2255 8il.

2237 2270 2392 2341 cujus
2430 2272 2833 2326 eniendatioues
2859 2271 3089 2335 vulpavit
3121 2272 3368 2325 Baluzius
3399 2274 3450 2325 in
3484 2288 3624 2326 nova
3650 2270 3828 2327 Colle-

2238 2346 2418 2397 ctione
2444 2343 2804 2397 Concilioruni
2836 2357 2956 2411 pag.
2988 2341 3052 2395 IL
3076 2346 3145 2394 to.
3179 2341 3383 2411 Didymi
3409 2344 3573 2413 etiam
3606 2342 3827 2413 Exposi-

2238 2415 2401 2467 tiones
2430 2413 2735 2468 Salomonis
2765 2413 3201 2475 Proverhiorum,
3225 2424 3276 2465 et
3310 2413 3417 2466 Vil.
3450 2412 3825 2468 Canonicaruin

2238 2482 2587 2550 Ep‘stolarum
2620 2484 2718 2537 sibi
2746 2485 2813 2539 ab
2842 2484 3138 2551 Epiphanio
3162 2480 3323 2537 fuisse
3355 2487 3667 2549 translatas,
3698 2485 3825 2539 Cas-

2239 2555 2486 2631 siodorus
2508 2556 2839 2631 proditgap.
2874 2554 3025 2631 V._et
3057 2552 3453 2631 VI_ll._A_d__I_i:ec
3486 2553 3825 2631 Epiphanius

2234 2624 2542 2693 Sozomeni,
2573 2624 2831 2690 Socratis,
2864 2634 2919 2680 et
2944 2624 3255 2678 Theodoriti
3296 2624 3567 2680 IIistorias
3593 2640 3824 2681 conver-

2236 2699 2325 2765 tit,
2358 2700 2519 2767 inque
2571 2696 2683 2750 XII.
2718 2695 2885 2751 libros
2919 2695 3235 2767 distribuit:
3265 2696 3458 2764 quibus
3488 2697 3543 2750 in
3566 2711 3823 2766 compen-

2235 2768 2381 2821 dium
2418 2766 2668 2831 redactis,
2704 2768 2935 2821 Senator
2962 2782 3117 2819 suam
3161 2766 3513 2835 Tripartitam
3550 2769 3820 2822 conﬂavit.

2234 2838 2403 2909 Ilojus
2437 2838 2803 2904 prtefatiouem
2832 2838 3073 2892 consule.

2299 2931 2352 2985 2.
2393 2930 2624 2985 Bellator
2650 2932 2931 3002 presbyter,
2955 2932 3204 2999 Origenis
3225 2932 3489 2989 IIomiIias
3514 2934 3569 2987 in
3596 2931 3821 2987 Esdram

2230 3002 2381 3056 Latio
2414 3006 2634 3127 donant|
2652 3043 2666 3065 ,
2701 3014 2888 3072 rogatu
2920 3003 3119 3072 pariter
3134 3003 3466 3071 Cassiodori,
3499 3003 3604 3059 boc
3634 3005 3819 3060 eodem

2232 3082 2366 3128 teste
2394 3090 2513 3142 cap.
2645 3114 2658 3127 .

2298 3168 2351 3221 5.
2398 3167 2452 3221 Μ
2460 3170 2672 3240 utianus
2692 3166 2848 3240 Ioan.
2879 3168 3249 3240 Chrysoslomi
3285 3169 3545 3240 Homilias
3577 3167 3820 3223 XXXIV.

547 3233 673 3318 24.5.
694 3235 927 3318 'lﬁempe,
970 3236 1182 3291 Virunio
1208 3240 1408 3318 judice,
1442 3241 1796 3318 Hieronymus
1826 3233 2016 3318 roeilio'
2154 3257 2200 3318 ρ
2234 3239 2286 3318 in
2312 3242 2590 3309 epistolam
2614 3239 2679 3292 ad
2703 3233 3168 3318 Hebrmosl'atioas
3193 3239 3675 3305 tecit,Cassiodoro
3690 3242 3820 3318 item

546 3306 669 3360 culo
694 3306 780 3361 IV.
806 3308 1144 3363 characteres
1183 3306 1442 3373 adhibuit,
1476 3311 1561 3378 qui
1588 3306 1765 3366 tamen
1805 3315 2004 3367 sa‘culo
2038 3314 2122 3369 Vl.

546 3378 814 3452 apudnos
847 3382 1072 3452 primum
1118 3381 1235 3433 visi.
1269 3386 1474 3452 Quippe
1501 3393 1625 3435 tunc
1658 3382 1985 3452 Langobardi
2030 3387 2129 3439 Ita-

549 3447 672 3501 liam
702 3449 927 3517 ingressi
956 3461 1097 3503 sunt.
1134 3452 1237 3505 Sed
1270 3447 1489 3504 Pontico
1519 3447 1789 3507 credenda
1828 3459 1939 3507 haec
1968 3457 2129 3509 relin-

547 3534 793 3582 quamus,
820 3520 986 3595 quiet
1008 3521 1281 3595 Ilavennte
1312 3525 1510 3576 vidisse
1538 3538 1598 3578 se
1626 3527 1699 3574 ait
1722 3524 1932 3595 tabulas
1964 3540 2127 3595 papy-

549 3604 731 3662 raeeas
760 3593 859 3643 sub
890 3589 1164 3644 Hadriano
1193 3594 1422 3662 Augusto
1452 3596 1748 3647 coniectas.
1781 3589 1970 3658 Neque
2011 3589 2127 3651 bii-c

544 3658 748 3713 dixisse
774 3670 1075 3733 contentus.
1105 3658 1347 3723 testatur,
1383 3674 1507 3717 tunc
1533 3678 1720 3717 recens
1752 3667 1962 3733 (nuper)
1991 3665 2122 3719 Cor-

541 3746 818 3799 cyrenses,
877 3747 971 3787 seu
1023 3732 1282 3799 I’Iia’ares,
1330 3736 1648 3802 privilegium
1698 3732 1857 3786 duum
1903 3732 2123 3790 millium

541 3817 795 3855 annorum
823 3804 982 3857 literis
1003 3807 1170 3857 aureis
1200 3807 1565 3872 σοοιδενίμιιιηι,
1599 3821 1712 3856 cum
1739 3807 1947 3873 prapria
1969 3822 2123 3860 manu

543 3874 822 3926 Alexandri
871 3873 1072 3945 Magni,
1114 3874 1333 3929 chctiis
1362 3875 1718 3944 depromsisse.
1749 3873 1846 3928 Cui
1877 3886 1922 3927 it
1957 3879 2122 3929 Sena-

541 3952 675 4015 tores
707 3958 855 4015 caput
889 3946 1236 4003 denudarunt,
1272 3957 1319 3998 et
1360 3947 1558 4015 nsajora
1595 3955 1968 3999 concesserunt.
2005 3947 2120 4002 Fttt

544 4013 791 4069 Ponticus
818 4026 965 4072 certe
1002 4019 1082 4069 vir
1112 4013 1453 4086 pel'iIIS‘gltiS,
1497 4015 1915 4069 divinationilius
1944 4027 2118 4073 tamen

537 4086 649 4141 suis
678 4087 899 4142 tnirilice
939 4089 1243 4157 indulgens,
1292 4090 1488 4154 quique
1517 4086 1717 4157 proprii
1751 4087 1952 4156 ingenii
1983 4089 2120 4144 deii-

536 4157 632 4211 riis
682 4173 744 4213 se
798 4160 956 4213 facile
1011 4159 1182 4225 abripi
1240 4160 1458 4212 sineret.
1513 4157 1825 4226 Huiusmodi
1876 4160 2118 4216 homines

536 4244 804 4297 nunquam
841 4229 1057 4284 desunt.
1094 4228 1280 4281 Potius
1314 4227 1528 4281 Paullus
1574 4228 1777 4283 Bosclia
1811 4228 1951 4283 libro
1980 4231 2017 4283 I.
2050 4232 2118 4287 de

533 4299 750 4369 Oiigine
778 4311 834 4355 et
879 4310 1020 4354 statu
1074 4300 1418 4353 Bibimbcca:
1462 4299 1835 4353 AmbrOsiana:
1868 4316 1986 4371 pag.
2027 4302 2115 4357 IO.

532 4373 773 4425 codicem
817 4372 966 4426 illum
1013 4371 1459 4424 Mediolanenst'm
1510 4384 1615 4423 non
1652 4372 1984 4440 Hieronymi,
2018 4373 2114 4426 sed

539 4440 720 4507 Ruﬁni
742 4457 901 4496 manu
928 4445 991 4495 ab
1021 4443 1139 4495 hinc
1158 4459 1321 4494 annos
1345 4442 1484 4494 mille
1512 4451 1557 4494 it
1585 4451 1833 4495 trecentos
1856 4443 2114 4511 scriptum

534 4520 881 4579 narrat:qua
940 4514 991 4566 in
1045 4522 1202 4566 relate
1244 4513 1569 4582 adsignanda
1623 4513 1841 4566 Virunio
1871 4515 2113 4581 proxime

532 4582 758 4635 accedit.
791 4584 871 4635 Ad
906 4584 1019 4637 haec
1054 4600 1116 4637 ex
1144 4583 1232 4637 .lo.
1264 4583 1422 4636 Petio
1460 4582 1723 4636 Puricello
1764 4585 1816 4636 in
1848 4584 2111 4638 Disserta-

535 4626 1169 4721 iiBiié'iv'aiEiiEi'iEIcZiiT
1181 4626 1480 4720 ’ϊλὶΝῘςῖ
1504 4626 1742 4719 Ξὲῗῇἷέ.
1764 4626 2112 4707 Ξῆἕῖῖῑίξῖιζ
2145 4626 2192 4684 D

531 4723 626 4775 tila
659 4732 777 4789 post
820 4724 1118 4791 Aquileiam
1147 4737 1414 4786 eversam,
1443 4724 1830 4789 autographum
1871 4725 1935 4775 ad
1967 4724 2110 4778 Insu-

530 4793 655 4846 bres
684 4793 968 4860 perlatum,
1008 4794 1311 4860 conjectura
1345 4809 1445 4846 non
1484 4794 1621 4860 {utili
1651 4793 1897 4846 arbitrari
1933 4808 1992 4848 se
2013 4796 2107 4849 ait.

533 4863 678 4917 Bene
725 4863 793 4916 sit
832 4873 939 4917 tam
987 4878 1177 4918 secure
1206 4872 1261 4916 et
1316 4863 1555 4928 feliciter,
1585 4862 1979 4919 divinantibus!
2021 4866 2105 4919 Io.

531 4933 891 5007 Mabillonius,
923 4936 1013 5003 qui
1036 4934 1302 5007 codicem
1324 4922 1696 5007 conl_rectav-it,
1727 4936 1888 4988 vir‘in
1920 4935 2111 5005 dijudi-

528 5003 715 5058 eandis
763 5002 1067 5072 huiusmodi
1111 5004 1338 5058 cimeliis
1373 5002 1536 5070 opido
1564 5019 1748 5074 sagax,
1813 5015 1866 5059 et
1910 5002 2108 5073 peritus

528 5089 687 5140 quam
734 5076 987 5141 maxime,
1040 5076 1092 5128 in
1142 5076 1320 5129 Museo
1360 5074 1543 5127 Italico
1568 5083 1715 5146 tom.
1766 5076 1802 5129 Ι.
1848 5092 1967 5146 pag.
2023 5078 2106 5131 I2.

527 5146 787 5214 scriptum
834 5156 1057 5200 testatur
1099 5158 1219 5199 ante
1259 5162 1422 5199 annos
1464 5145 1604 5199 inille
1631 5157 1680 5200 et
1718 5145 1937 5212 centum,
1971 5146 2109 5202 haud

526 5218 688 5268 multo
719 5226 833 5286 post
865 5216 1044 5285 Ruﬁni
1087 5227 1288 5270 wtatem
1318 5234 1336 5270 :
1358 5217 1443 5270 cui
1478 5226 1531 5272 et
1562 5218 1675 5288 ipse
1723 5220 1928 5288 lihrunr
1961 5218 2107 5272 adsi-

523 5298 673 5361 gnat,
711 5302 819 5361 quo
860 5291 935 5361 ait
976 5288 1240 5361 contineri
1279 5288 1470 5361 aliquot
1519 5287 1677 5343 libros
1702 5288 1872 5342 Flavii
1893 5287 2107 5361 Iosephi

524 5360 589 5410 de
611 5358 1009 5429 Antiquitatibus
1034 5359 1289 5425 Judaicis,
1338 5359 1529 5427 Rufino
1555 5361 1842 5428 interprete.
1880 5361 1951 5414 De
1988 5358 2107 5415 lite-

526 5443 706 5501 rarum
755 5432 922 5483 I'ornia
952 5431 1029 5483 sic
1073 5441 1257 5484 censet
1281 5448 1295 5485 :
1319 5430 1590 5500 Scriptura
1631 5433 1822 5485 codicis
1849 5447 1949 5483 non
1990 5449 2105 5501 qua-

522 5500 693 5563 drata,
708 5501 797 5553 sed
821 5502 1060 5555 minutior
1080 5512 1173 5567 est,
1195 5502 1360 5571 qualis
1386 5517 1491 5555 arvo
1512 5501 1797 5555 Justiniani
1826 5500 2098 5567 obtinebat,

523 5571 704 5639 {omne
735 5572 838 5641 fere
866 5573 1125 5643 similisiei
1180 5589 1331 5643 quam
1370 5588 1432 5625 ea:
1466 5574 1645 5627 charta
1678 5574 1994 5627 llavcnnensi
2023 5589 2101 5626 re-

522 5643 735 5715 tulimus
762 5644 815 5696 in
862 5644 990 5698 libro
1143 5642 1206 5698 de
1237 5659 1293 5697 re
1332 5645 1679 5715 diplomaricit.
1720 5646 1820 5715 Sic
1862 5644 2101 5697 Mabilln-

524 5714 663 5785 nius.
707 5712 844 5785 Sunt
886 5730 1014 5769 vero
1041 5714 1331 5785 fragmenta
1381 5712 1633 5770 librorum
1670 5714 1753 5769 Vl.
1810 5715 1913 5768 VII.
1965 5716 2096 5768 Vlll.

526 5781 612 5835 IX.
643 5792 696 5835 et
723 5783 785 5837 X.
812 5785 874 5837 de
895 5781 1286 5853 Antiquitatibus
1306 5786 1564 5850 Iudaicis,
1602 5788 1667 5840 ab
1691 5786 1931 5854 imperito
1953 5801 2099 5840 coni-

527 5862 745 5922 pactore
796 5856 931 5911 male
963 5857 1237 5926 disposita.
1290 5858 1378 5913 Vir
1405 5873 1643 5915 summus
1693 5861 1932 5916 codicem
1977 5872 2095 5914 cuin

2238 3312 2663 3379 obsequiiiuriis,
2694 3325 2850 3376 quem
2895 3312 3018 3365 vide
3036 3312 3150 3365 hoc
3196 3320 3479 3367 te~lantcm
3529 3326 3652 3380 cap.
3690 3309 3819 3363 VIII.

2310 3382 2418 3434 Hos
2446 3396 2575 3447 ergo
2614 3382 2809 3433 amicos
2849 3390 2988 3445 tres,
3024 3400 3127 3435 non
3160 3383 3289 3436 alios
3314 3424 3327 3447 ,
3364 3384 3414 3434 in
3441 3382 3820 3436 convertendis

2233 3451 2451 3520 Iosephi
2481 3451 2879 3518 Antiquitatibus
2905 3452 3142 3507 Judaicis
3170 3452 3526 3507 Cassiodorus
3556 3452 3819 3515 adhibuit,

2234 3537 2449 3590 praeque
2483 3520 2678 3591 ceteris
2720 3522 2993 3587 fortassis,
3038 3532 3099 3577 ut
3139 3539 3237 3591 ego
3275 3524 3536 3585 arbitror,
3581 3527 3817 3577 omniain

2233 3595 2522 3661 principem
2559 3590 2933 3657 Epiphaniam,
2967 3595 3050 3647 (-ui
3085 3590 3219 3648 aliis
3247 3609 3307 3648 ea
3342 3594 3623 3648 translatio
3656 3595 3818 3647 inter-

2232 3662 2362 3715 dum
2397 3663 2668 3727 tribuitur,
2702 3664 2823 3716 licet
2849 3665 2990 3717 illam
3020 3665 3377 3719 Cassiodorus
3410 3666 3458 3719 ei
3490 3664 3816 3718 nominatim

2231 3750 2335 3786 non
2369 3734 2587 3805 tribuat.
2619 3735 2794 3805 Quare
2825 3736 2974 3788 nullo
3016 3736 3174 3789 modo
3222 3735 3419 3804 ambigi
3453 3736 3661 3804 potest,
3691 3736 3816 3805 quin

2233 3806 2401 3857 codex
2435 3804 2853 3871 Ambrosianus,
2900 3806 3017 3873 ipsa
3055 3814 3216 3861 tetate
3253 3807 3561 3860 Cassiodori
3585 3848 3600 3872 ,
3650 3804 3814 3861 Iulu-

2226 3878 2385 3927 niano
2414 3875 2734 3942 inperante,
2763 3874 2952 3930 Latine
2979 3890 3262 3938 exaratos,
3296 3878 3363 3931 ab
3392 3878 3571 3931 amicis
3600 3876 3815 3931 Cassio-

2223 3944 2341 3999 dori
2375 3946 2652 4012 prodierit.
2688 3945 2877 3999 Mirum
2908 3957 3023 4012 est,
3067 3948 3210 4001 viros
3237 3948 3427 4002 doctos
3469 3948 3731 4002 liactcnus-
3760 3947 3811 4000 in

2223 4017 2895 4089 contrariamsententiam
2931 4020 3277 4089 unoiagmine
3309 4019 3492 4073 ivisse.
3524 4019 3659 4072 Nam
3686 4033 3813 4088 prte-

2226 4096 2306 4140 ter
2324 4089 2432 4155 jam
2462 4087 2745 4151 adductos,
2778 4087 3017 4141 lienatus
3043 4087 3363 4143 Laurentius
3384 4089 3454 4144 de
3482 4090 3530 4143 Ia
3566 4087 3731 4143 [ιω-τε
3756 4089 3810 4141 in

2224 4158 2538 4224 pta‘fatione
2580 4158 2646 4211 ad
2686 4161 2939 4226 opuscula
2991 4158 3199 4222 Rutini,
3246 4160 3314 4214 de
3344 4173 3411 4214 eo
3458 4160 3539 4214 sic
3582 4160 3806 4214 scribit:

2218 4228 2431 4299 Iosephi
2457 4229 2607 4302 etiam
2635 4227 2877 4302 Latinam
2910 4230 3026 4302 fecit
3055 4230 3342 4302 historiam,
3364 4234 3520 4302 cujus
3542 4231 3811 4302 exemplar

2219 4309 2509 4353 asseruntur
2539 4298 2823 4352 Mediolani
2849 4298 3039 4371 incede
3069 4300 3249 4356 Sancti
3276 4298 3533 4355 Ambrosii
3551 4341 3567 4362 ,
3603 4300 3810 4371 Lango-

2220 4370 2347 4423 bard
2368 4373 2442 4423 cfs
2459 4371 2702 4441 scriptum
2724 4371 2904 4423 literis.
2930 4370 3018 4424 IIis
3040 4372 3329 4425 contormia
3354 4371 3515 4426 habet
3535 4370 3810 4426 Iohannes

2220 4441 2481 4513 Henricus
2526 4440 2868 4513 IIottingerus
2909 4441 3399 4513 iniltibltohecario
3442 4458 3542 4511 cap
3573 4442 3638 4497 ΙΙ.
3671 4443 3719 4513 ᾗ.
3752 4444 3809 4498 5.

2220 4528 2339 4582 pag.
2369 4511 2459 4567 55.
2489 4522 2544 4567 et
2567 4512 2918 4582 I‘Iieronymus
2950 4511 3251 4582 Welscliius
3283 4513 3333 4565 iii
3358 4514 3586 4581 epistola
3617 4511 3684 4567 ad
3711 4515 3811 4568 Bo-

2220 4578 2356 4637 siiiiii
2382 4593 2500 4653 post
2531 4578 2877 4637 Rbinesianas
2908 4597 3026 4651 pag.
3060 4581 3183 4636 470.
3218 4578 3468 4637 Iiulinum
3497 4584 3567 4639 de
3587 4597 3809 4652 compa-

2219 4664 2305 4707 cto
2346 4652 2687 4709 Ambro‘siani
2728 4654 2931 4706 codicis
2974 4662 3251 4709 auctorem
3297 4653 3560 4709 iacientes
3588 4695 3604 4720 ,
3649 4669 3806 4721 quem

2220 4732 2395 4778 tamen
2434 4724 2563 4778 nihil
2594 4726 2657 4777 de
2681 4722 2898 4792 Iosephi
2928 4724 3183 4792 operibus
3212 4724 3267 4780 in
3297 4723 3548 4779 Latinum
3580 4728 3806 4782 vertisse

2218 4797 2389 4862 palam
2417 4803 2518 4849 est.

2292 4864 2379 4918 III.
2421 4866 2525 4921 Sed
2565 4880 2682 4928 cur,
2730 4863 2959 4931 inquies,
2996 4865 3253 4920 librorum
3288 4863 3377 4919 VII
3414 4865 3480 4919 de
3507 4864 3660 4921 Bello
3701 4866 3803 4921 Ju-

2215 4936 2366 4989 daico
2396 4936 2578 4990 Latina
2603 4934 2902 4997 translatio,
2926 4937 2991 4990 ad
3019 4936 3398 5003 Hieronymum
3420 4937 3801 5004 interpretem,

2254 5010 2357 5061 uod
2404 5010 2481 5062 ait
2525 5006 3097 5077 Senatortpertiuere
3125 5008 3414 5077 aliquando
3449 5008 3657 5063 credita
3686 5009 3800 5064 est?

2254 5022 2357 5061 nou
2404 5022 2481 5062 ait
2526 5022 2775 5072 Senator,
2823 5022 3097 5073 pertinere
3125 5022 3414 5077 aliquando
3449 5022 3657 5063 credita
3686 5022 3800 5064 estr

2215 5022 2472 5133 gaussain
2522 5078 2726 5148 accipe2
2757 5075 3134 5148 _II_ieronymus
3182 5080 3232 5131 in
3288 5080 3451 5148 epist.
3500 5077 3614 5133 LII.
3668 5080 3801 5134 alias

2218 5148 2454 5205 XXVIII.
2479 5147 2670 5218 (Nunc
2696 5145 2846 5218 LXI.
2870 5150 2884 5214 )
2908 5145 3275 5202 ad‘Lucinium
3302 5145 3555 5218 liii-ticum
3578 5152 3800 5218 scripta,

2216 5221 2330 5276 haec
2362 5216 2519 5289 habet
2546 5236 2557 5271 :
2587 5217 2753 5272 Porro
2782 5216 2993 5289 Iosephi
3031 5220 3219 5283 libros,
3254 5228 3306 5289 ret
3347 5217 3667 5274 Sanctorum
3693 5216 3805 5275 Pa-

2213 5296 2313 5364 pia:
2341 5301 2390 5345 ct
2415 5288 2699 5360 Polgcarpi
2722 5288 2978 5364 volumina
3005 5289 3167 5364 falsus
3192 5288 3261 5343 ad
3291 5299 3337 5343 te
3359 5305 3535 5364 rumor
3565 5294 3798 5358 pertulit,

2211 5360 2251 5416 tt
2274 5381 2353 5417 me
2383 5368 2628 5416 translata
2647 5402 2661 5423 ,
2694 5362 2812 5428 quia
2841 5365 3029 5414 necocii
3053 5362 3178 5421 mei,
3209 5376 3298 5413 nec
3326 5360 3510 5414 tirium
3540 5373 3646 5426 est,
3681 5372 3803 5416 ton-

2215 5446 2290 5488 tas
2320 5451 2401 5489 res
2426 5432 2603 5486 eodem
2632 5448 2685 5485 tn
2714 5432 2932 5483 alteram
2955 5431 3182 5500 linguam
3202 5430 3488 5496 exprimere
3510 5443 3796 5488 venustate.

2218 5508 2342 5561 ΙΙωο
2365 5506 2740 5573 liierooymus.
2764 5501 3105 5555 Postnioduiu
3129 5504 3245 5573 viro
3267 5516 3461 5573 magno
3481 5503 3681 5572 aliquid
3700 5505 3802 5557 acii

2210 5589 2256 5629 et
2304 5578 2487 5629 virium
2541 5572 2604 5626 ad
2648 5573 2939 5640 Iosepbum
2987 5572 3416 5626 transferendum
3465 5574 3799 5641 suppetiisse

2210 5647 2575 5701 existimatum
2610 5643 2795 5712 :quod
2841 5651 3020 5697 tamen
3066 5642 3322 5711 suppetiit
3376 5658 3670 5713 nunquam.
3723 5647 3801 5700 De

2210 5716 2499 5773 Ambrosio
2525 5714 2679 5767 aliter
2707 5714 3102 5768 disserendum.
3131 5714 3355 5767 Exstant
3378 5713 3500 5769 libri
3524 5713 3588 5768 V.
3620 5715 3801 5771 Latini

2209 5790 2274 5842 de
2302 5786 2447 5840 Bello
2470 5784 2718 5849 Iudaico,
2748 5800 2841 5838 seu
2872 5784 2935 5837 de
2962 5782 3127 5838 Gestis
3155 5782 3482 5848 Iudworum,
3507 5785 3601 5852 qui
3631 5785 3795 5841 etiam

2210 5864 2275 5915 de
2314 5856 2464 5913 Urbis
2504 5853 2991 5925 llicrosolymitana:
3030 5854 3227 5908 excidio
3272 5861 3567 5926 propterea
3597 5857 3794 5913 inscri-
