4078 6346
609 307 720 363 299
1634 303 1865 359 lilJFl-Nl
1904 301 2380 371 AQUILEIENSIS
2421 298 2853 356 PRESBYTERI
3766 303 3865 362 mo

680 423 748 478 ll.
791 418 1037 491 Requiris
1065 435 1095 475 a
1127 420 1301 487 nobis,
1342 418 1609 489 quomodo
1653 417 1980 487 intelligatur
2009 416 2139 471 illud
2177 417 2318 487 quod
2349 415 2606 485 scriptum
2650 422 2736 469 est
2776 414 2827 468 in
2860 411 3057 468 Ceucsi
3109 410 3177 467 de
3228 410 3529 468 Patriarcha
3559 411 3705 480 inda,
3735 421 3866 484 quod

609 516 767 572 lssrael
795 530 945 590 pater
972 519 1111 588 ejus.
1154 519 1280 573 dum
1310 518 1531 587 singulis
1571 517 1825 581 liliorum,
1854 532 1973 585 quae
2016 514 2351 586 prmvidebat
2387 522 2645 569 eventura
2673 512 2938 582 praedicit,
2969 510 3037 565 de
3068 510 3175 564 isto
3203 511 3277 565 ait
3317 511 3453 566 inter
3480 521 3665 566 caetera
3700 529 3714 565 :
3744 514 3867 568 Alli-

608 625 735 681 gaus
759 610 828 664 ad
855 613 1000 667 vitem
1033 609 1226 679 pullum
1257 606 1427 674 suain,
1461 619 1506 661 et
1532 608 1597 660 ad
1626 607 1883 670 palmitem
1913 607 2025 660 vitis
2058 605 2260 677 pullum
2290 604 2451 657 asina
2478 618 2586 657 suis
2627 600 2781 671 (Ceu.
2808 600 2896 655 49.
2932 600 3043 668 ll)
3070 616 3085 652 :
3118 600 3260 670 quod
3293 608 3347 654 tu
3377 599 3657 667 scripsisti,
3705 600 3767 655 Et
3810 608 3871 659 ad

605 705 829 757 cilicium
859 703 1057 773 pullum
1096 703 1254 756 asina:
1281 717 1408 766 sum,
1441 699 1582 769 quod
1626 701 1675 753 in
1710 698 1898 754 erct)
1944 700 2011 752 ita
2044 708 2164 752 est:

2290 702 2337 753 ui
2362 707 2424 773 τῇ
2453 698 2581 753 ἕλικι
2608 699 2695 752 τὸν
2739 695 2905 751 πῶλον
2930 701 3022 754 τῆς
3048 690 3163 749 ὄνου
3196 696 3379 750 αὐτοῦ.
3416 692 3592 750 Ἐλικα
3630 698 3770 751 vitem
3796 699 3874 753 di-

604 804 735 852 cunt
768 794 958 861 Graeci,
990 810 1094 849 non
1121 803 1227 849 tam
1252 794 1514 865 palmitem
1545 793 1839 863 (quomodo
1867 793 2063 847 habent
2093 799 2275 846 nostra
2304 791 2655 862 exemplaria)
2685 805 2844 859 quam
2871 790 2990 844 illos
3014 789 3166 859 quasi
3199 790 3227 829 ι)
3255 789 3587 857 rucinnulos,
3611 792 3693 847 vel
3724 794 3875 847 ramis

604 890 840 955 arboris,
868 891 948 945 vel
982 890 1137 958 palis,
1168 888 1254 945 vel
1285 888 1696 959 quibuscunque
1736 888 1844 943 illis
1884 887 2128 942 innititur
2175 885 2536 951 adminiculis,
2584 901 2719 956 quos
2747 889 3050 955 capreolos,
3084 896 3143 941 ut
3170 886 3423 953 arbitror,
3463 888 3878 961 appellant‘agri-

603 984 774 1038 culte:
807 982 941 1053 5-6
960 981 1153 1051 quibus
1184 980 1409 1036 nexibus
1440 988 1609 1047 tutus,
1642 987 1699 1034 et
1726 979 1845 1034 sine
1872 978 2053 1047 lapsus
2085 976 2345 1048 periculo,
2374 977 2455 1031 vel
2485 984 2737 1045 gravatur
2768 974 3027 1032 fructibus
3055 977 3279 1046 palmes,
3301 976 3386 1032 vel
3418 993 3548 1047 vaga
3575 981 3877 1049 proceritate

602 1074 941 1131 distenditur.
974 1073 1222 1127 Arbitror
1268 1086 1418 1142 ergo,
1446 1070 1591 1141 quod
1640 1069 1727 1125 hic
1755 1070 1869 1139 ipse
1897 1070 2115 1125 Graecus
2159 1084 2338 1125 sermo
2371 1081 2392 1107 ο
2426 1068 2482 1124 in
2511 1066 2715 1122 Latinis
2759 1069 3164 1138 exemplaribus
3200 1070 3498 1139 antiquitus
3541 1071 3741 1141 positus
3776 1080 3872 1139 est,

601 1176 659 1222 ut
685 1177 738 1221 et
768 1165 866 1221 alia
901 1167 1179 1229 nonnulla,
1211 1176 1265 1221 et
1296 1181 1387 1234 per
1415 1174 1624 1235 tempus
1653 1165 1721 1220 ab
1750 1164 2106 1234 scriptoribus
2136 1178 2241 1218 non
2268 1162 2691 1233 intelligentibus
2717 1179 2815 1235 pro
2843 1164 2983 1226 ἕλικι,
3013 1164 3239 1217 cilicium
3264 1163 3370 1219 dici
3405 1174 3644 1233 putatum
3673 1176 3769 1219 est.

668 1260 756 1315 Ill.
801 1260 867 1319 Et
894 1260 948 1315 in
975 1260 1079 1314 hoc
1107 1259 1323 1330 quidem
1367 1255 1524 1314 facile
1565 1272 1718 1313 error
1744 1257 2053 1327 interpretis
2080 1256 2423 1321 emendatur,
2468 1256 2563 1311 sed
2594 1272 2697 1311 non
2730 1266 2838 1311 tam
2890 1254 3049 1311 facile
3078 1264 3208 1323 est,'
3231 1257 3393 1311 etiam
3433 1272 3648 1311 sensum
3681 1256 3873 1310 intelli-

602 1353 797 1424 gentia:
823 1351 992 1417 ipsius
1020 1349 1283 1411 invenire,
1318 1349 1420 1403 nisi
1445 1348 1608 1403 totius
1630 1347 1850 1417 capituli
1883 1349 2083 1403 mentio
2108 1345 2217 1400 fiat.
2241 1347 2431 1401 Totius
2460 1356 2640 1402 autem
2667 1347 2826 1416 hujus
2848 1348 3066 1416 capituli
3092 1343 3117 1384 ‘
3150 1357 3410 1403 tractatus
3430 1348 3662 1419 amplius
3686 1347 3870 1418 aliquid

603 1454 659 1499 et
686 1443 919 1500 lucidius
952 1442 1237 1505 inveniret,
1268 1441 1313 1497 si
1342 1441 1410 1497 ab
1446 1441 1600 1496 initio
1630 1440 1864 1510 ipsarum
1897 1440 2334 1496 Benedictionum
2365 1441 2644 1496 snmsisset
2671 1440 2973 1496 exordium.
3021 1441 3173 1508 Quod
3209 1445 3390 1512 utique
3426 1450 3482 1497 et
3512 1443 3634 1509 otii,
3666 1452 3716 1498 et
3754 1452 3872 1496 tetu-

600 1536 747 1606 poris
777 1551 883 1591 non
914 1550 1102 1606 parum
1136 1535 1350 1603 quaerit,
1381 1542 1437 1590 et
1464 1543 1522 1587 ut
1562 1533 1771 1589 fidelius
1796 1534 1996 1599 dicam,
2026 1534 2170 1603 quod
2204 1546 2437 1589 mentem
2468 1534 2671 1604 Spiritu
2701 1534 2903 1590 Sancto
2933 1535 3289 1589 illutninatam
3319 1536 3587 1606 deposcit.
3618 1538 3868 1603 Quantum

596 1642 723 1699 ergo
752 1630 836 1686 vel
886 1628 1230 1686 mediocritas
1280 1628 1650 1699 intelligentia:
1696 1635 1892 1683 nostra:
1920 1628 2087 1694 valet,
2132 1628 2217 1684 vel
2251 1635 2463 1697 tempus
2492 1626 2754 1697 indulget,
2788 1629 2867 1681 vel
2901 1627 2952 1681 hi
2998 1628 3202 1693 sinunt,
3238 1628 3327 1697 qui
3358 1629 3617 1696 rescripta
3663 1629 3723 1681 ad
3765 1627 3871 1682 0ri~

597 1740 786 1794 geriem
816 1733 841 1763 θ
876 1730 1185 1793 perurgeut,
1221 1732 1419 1793 quanta
1453 1736 1541 1776 res
1568 1730 1715 1775 tanta
1746 1720 1854 1788 pati
1882 1717 2068 1793 [Forte
2092 1719 2299 1792 peragi]
2343 1722 2516 1790 potuit
2545 1721 2833 1786 brevitate,
2874 1738 2970 1790 pro
2998 1735 3066 1775 eo
3093 1737 3301 1786 amore,
3345 1736 3452 1792 quo
3490 1722 3759 1777 conlidere
3787 1735 3870 1775 uos

599 1816 694 1870 tibi
725 1815 793 1869 de
813 1814 1063 1868 omnibus
1079 1812 1260 1884 jubes,
1290 1814 1409 1867 sine
1433 1810 1750 1883 prajudicio
1772 1825 1983 1879 eorum,
2016 1811 2107 1883 qui
2139 1811 2328 1867 melius
2355 1811 2553 1882 aliquid
2586 1812 2793 1868 sentire
2823 1824 3071 1881 possunt,
3096 1814 3221 1884 quid
3254 1813 3411 1869 nobis
3441 1814 3509 1869 de
3550 1814 3649 1870 hoc
3676 1815 3869 1870 interim

597 1908 832 1977 capitulo
865 1908 1127 1974 videatur,
1160 1906 1534 1971 exttrimimus.

673 2002 759 2056 IV.
801 2001 927 2057 Scio
954 1999 1380 2069 quamplurlmos
1427 1996 1447 2037 ί
1482 2005 1640 2066 caput
1671 1996 1811 2053 istud
1842 1999 1912 2051 ita
1944 1996 2011 2052 de
2042 1994 2273 2051 Domino
2311 1995 2677 2066 interpretari,
2729 2004 2785 2051 ut
2816 1996 2946 2051 nihil
2991 1996 3057 2052 ad
3093 1996 3454 2052 Patriarcham
3488 1997 3676 2053 ludam
3722 2000 3869 2068 perti-

597 2105 728 2145 nere
753 2103 818 2144 ex
849 2092 934 2143 his
958 2103 1077 2158 quae
1104 2087 1374 2149 dicuntur,
1402 2086 1710 2152 adﬁrment,
1743 2087 1867 2155 quia
1894 2100 2068 2154 neque
2095 2097 2151 2140 ut
2184 2086 2269 2142 leo
2293 2086 2560 2142 dormisse
2589 2102 2836 2156 usquam,
2870 2103 3046 2159 neque
3077 2098 3132 2144 ut
3153 2089 3365 2143 catulus
3391 2090 3561 2144 leonis
3586 2092 3867 2147 ostenditur

599 2179 911 2245 suscitatus,
948 2177 1359 2248 neque-Gentes
1397 2177 1450 2231 in
1489 2192 1555 2231 eo
1584 2190 1832 2244 sperasse
1863 2175 2131 2230 ullatenus
2159 2176 2528 2245 probabuntur
2555 2184 2604 2229 ε.
2638 2176 2744 2233 Sed
2773 2193 2895 2233 cum
2936 2178 3065 2233 dicit
3103 2195 3117 2233 :
3158 2178 3281 2234 Non
3325 2182 3525 2248 deﬁciet
3566 2184 3787 2253 princrps
3819 2201 3870 2239 es

594 2271 755 2333 Iuda.
787 2286 948 2340 neque
975 2271 1085 2324 dux
1117 2269 1179 2323 de
1212 2272 1403 2340 femore
1431 2270 1566 2340 ejus,
1598 2268 1759 2320 donec
1789 2268 1954 2320 ueniat
1990 2270 2056 2332 is,
2090 2268 2175 2321 cui
2206 2269 2487 2339 repositum
2516 2279 2609 2333 est,
2649 2284 2870 2337 regnum
2908 2272 3137 2340 scilicet,
3184 2282 3230 2327 et
3285 2277 3338 2328 iu
3367 2276 3480 2344 ipso
3509 2289 3677 2348 gentes
3707 2295 3868 2347 spera-

593 2366 719 2420 bunt
752 2379 770 2418 :
798 2363 923 2433 quia
959 2363 1135 2417 donec
1163 2363 1339 2415 veniat
1370 2362 1433 2422 is,
1468 2361 1553 2415 cui
1587 2361 1883 2428 repositum
1913 2369 2018 2426 est,
2050 2362 2102 2414 in
2145 2376 2254 2431 quo
2283 2371 2472 2431 gentes
2500 2363 2812 2431 sperabunt,
2856 2365 3141 2421 manifeste
3176 2368 3243 2423 de
3282 2369 3499 2427 Christo
3536 2372 3755 2439 dicitur;
3784 2390 3867 2430 co-

592 2459 771 2528 gimnr
800 2457 917 2512 sine
945 2455 1109 2509 dubio
1131 2454 1290 2508 alium
1318 2454 1621 2522 intelligere
1643 2467 1789 2516 esse,
1814 2467 1973 2523 quam
2004 2453 2275 2509 Christum
2305 2470 2453 2521 eum,
2485 2456 2553 2511 de
2575 2457 2729 2525 cujus
2748 2459 2957 2514 semine
2987 2460 3090 2515 dux
3121 2478 3227 2517 non
3265 2462 3498 2531 deficiet,
3533 2466 3705 2524 donec
3734 2469 3869 2524 Chri-

595 2562 712 2607 stus
740 2550 941 2604 veniat.
978 2548 1090 2603 Non
1123 2548 1264 2603 enim
1297 2547 1550 2603 convenit
1589 2546 1739 2601 illum
1774 2546 2046 2601 Christum
2081 2546 2332 2617 intelligi,
2363 2547 2431 2602 de
2461 2547 2620 2618 cujus
2646 2550 2857 2605 semine
2890 2552 2995 2606 dux
3035 2570 3140 2608 non
3169 2555 3407 2621 deficiet,
3437 2557 3613 2615 d0uec
3646 2561 3867 2615 Christus

590 2644 800 2707 .vcniat,
823 2642 911 2711 qui
947 2640 1130 2706 utique
1161 2639 1263 2692 dus
1298 2637 1352 2693 in
1386 2637 1617 2691 adventu
1650 2638 1847 2693 Christi
1880 2637 2096 2692 defecit.
2131 2638 2199 2692 Et
2238 2638 2340 2694 hoc
2370 2638 2543 2708 ipsum
2579 2640 2780 2696 iudicio
2814 2641 2930 2711 fuit,
2964 2646 3253 2702 advenisse
3286 2663 3431 2715 eum,
3464 2652 3551 2707 cui
3594 2656 3866 2722 repositum

597 2744 698 2799 cst,
743 2734 881 2787 idest
906 2730 1204 2787 Christum.
1236 2729 1489 2796 Quaedam
1535 2728 1841 2784 referuntur
1887 2729 1955 2783 ad
1997 2728 2224 2795 ludam;
2256 2728 2399 2783 sicut
2441 2730 2493 2782 in
2541 2731 2908 2796 complurimis
2944 2736 3177 2801 cmteris,
3220 2738 3381 2792 etiam
3426 2739 3478 2794 in
3522 2739 3626 2797 hoc
3660 2746 3868 2811 capitulo

599 2826 941 2882 sentiendum
996 2831 1118 2888 est,
1162 2829 1219 2876 ut
1262 2822 1472 2876 alterno
1512 2822 1782 2878 intellectu
1829 2822 2099 2893 expositio
2133 2822 2416 2894 dirigatur,
2464 2828 2521 2878 et
2558 2822 2879 2895 interruptio
2922 2826 3230 2885 llistorialis
3273 2830 3644 2905 intelligentiae
3678 2837 3865 2909 Mysdci

598 2935 791 2980 sensus
823 2937 874 2989 pi
890 2920 1016 2975 edat
1046 2933 1326 2973 arcanum.

673 3093 697 3122 ⁸
738 3082 922 3159 Crteca
952 3097 1057 3159 non
1088 3074 1197 3159 uno
1232 3080 1352 3138 loco
1388 3079 1745 3159 restituimus.
1776 3081 1883 3138 Sed
1930 3090 1983 3137 et
2012 3094 2190 3151 pravae
2219 3082 2271 3143 Α
2300 3149 2342 3159 __
2376 3077 2398 3118 ί
2439 3078 2589 3159 Unus
2622 3095 2719 3151 pro
2743 3079 2951 3135 cunctis
3072 3077 3388 3159 iﬁlmbrosius
3414 3090 3732 3159 cognomine
3760 3090 3869 3146 huic

599 3153 1046 3224 interpunctionis
1073 3153 1202 3208 vitio
1224 3166 1413 3207 sensus
1440 3152 1901 3221 intercipiebatur.

670 3244 701 3285 δ
741 3244 921 3300 Malim
953 3245 1199 3315 equidem
1237 3245 1532 3308 russiuulis,
1567 3253 1660 3300 aut
1688 3245 1975 3299 ruuciuulis
2008 3261 2027 3299 :
2056 3259 2194 3311 qun-

600 3333 719 3375 rum
767 3316 997 3371 alterum
1034 3317 1346 3371 vocabulum
1398 3320 1573 3385 potuit
1614 3332 1645 3369 τι
1686 3318 1934 3371 ruscariis
1963 3316 2190 3383 falculis,

599 3388 786 3445 Catoni
819 3389 1150 3449 memotatis.
1170 3387 1395 3441 alterum
1418 3402 1449 3441 a
1468 3388 1644 3441 ruucis
1674 3388 1810 3455 apud
1835 3387 2191 3451 Columelarn,

602 3472 891 3526 utcumque
943 3458 1193 3512 derivari.
1235 3457 1393 3513 Certe
1439 3460 1745 3512 ruciuuulus
1792 3456 1920 3526 quid
1977 3458 2055 3510 rei
2101 3456 2192 3521 sit,

603 3528 817 3601 penitus
846 3527 1054 3597 ignoro,
1087 3544 1185 3583 nec
1222 3528 1386 3601 fuisse
1414 3539 1543 3597 puto
1588 3543 1830 3601 unquam
1871 3528 2193 3601 Auctoribus

601 3596 669 3656 ile
696 3614 754 3652 re
785 3596 996 3653 RuStica
1027 3608 1234 3653 notum.
1256 3599 1392 3662 Quae
1420 3596 1743 3668 sequuntur,
1780 3600 2049 3652 illustrant
2079 3596 2194 3651 lucc

601 3668 860 3725 Varronis
888 3669 979 3724 lib.
1007 3670 1044 3723 I.
1068 3684 1187 3736 cap.
1218 3668 1410 3723 XXXI.
1437 3668 1506 3723 de
1537 3668 1734 3736 Vincis,
1761 3668 1841 3722 Ea:
1866 3669 2029 3722 altera
2050 3680 2195 3735 parte

599 3753 801 3809 caprea
826 3740 986 3805 dicta,
1021 3740 1156 3809 quod
1194 3739 1327 3806 parit
1387 3740 1703 3809 capreolstm,
1752 3740 1905 3804 idest,
1947 3740 2191 3794 coliculus

600 3807 759 3866 siteus
785 3807 1109 3875 intortum—ut
1139 3809 1405 3863 cincirtuus
1429 3807 1457 3875 ;“
1493 3810 1538 3862 is
1588 3809 1721 3862 enim
1748 3809 1896 3874 uites,
1922 3820 1978 3863 ut
2004 3820 2188 3875 teneat,

599 3886 758 3951 serpit
797 3883 865 3938 ad
912 3882 1081 3935 locum
1117 3879 1432 3951 capiundum
1462 3894 1483 3934 :
1510 3895 1574 3934 ea:
1602 3894 1703 3949 quo
1749 3894 1783 3933 a
1818 3880 2070 3951 capiendo
2099 3897 2189 3933 ra-

598 3953 804 4025 preolus
830 3954 1015 4009 dictus.

675 4056 698 4085 ο
740 4046 872 4102 Puta
908 4045 974 4100 ad
1014 4042 1250 4100 nominis
1278 4041 1476 4112 proprii
1520 4042 1708 4109 instar,
1742 4041 1896 4098 Elici.
1946 4043 2042 4099 Est
2087 4042 2192 4101 hoc

596 4129 776 4173 autem
808 4118 1020 4187 insigne
1045 4115 1261 4170 Criticae
1291 4122 1424 4169 artis
1450 4120 1721 4186 specimen
1744 4115 1795 4170 in
1830 4115 2042 4170 Ruﬁno.

669 4205 695 4247 ἀ
739 4210 850 4280 Ego
876 4223 1008 4264 vero
1039 4205 1305 4261 Tractator
1327 4205 1556 4261 rescribi
1583 4219 1647 4260 ac
1669 4206 1880 4262 restitui
1910 4208 2113 4262 malim.

671 4311 695 4339 ⁸
736 4300 1130 4376 Celeberrimos
1163 4303 1283 4376 rupi.
1325 4299 1713 4376 a'szé’wlibros
1751 4302 1999 4376 Origenis
2040 4301 2189 4356 llnll-

595 4388 698 4428 nus
738 4388 830 4439 rer
862 4373 911 4427 id
953 4370 1241 4441 temporis,
1268 4370 1320 4426 iu
1359 4370 1542 4425 'Piueti
1590 4370 1920 4427 monasterio
1956 4372 2180 4441 degens,

599 4444 788 4497 Latine
816 4443 1287 4511 interpretabatur,
1317 4452 1373 4495 ut
1397 4442 1629 4496 Macario
1659 4442 1942 4503 Muttacho.
1978 4445 2181 4501 homini

592 4513 944 4567 Orientalium
982 4514 1331 4583 scriptorum,
1371 4524 1573 4566 etcum
1617 4515 1802 4582 primis
1831 4515 2182 4583 Origeniaun-

594 4600 711 4637 tum
744 4582 1091 4652 cupidissimo
1130 4598 1334 4636 morem
1373 4592 1604 4652 gereret.
1650 4584 1761 4636 lmo
1797 4584 1988 4638 iisdem
2033 4585 2180 4648 Qua-

592 4655 896 4725 dragesima:
923 4652 1113 4725 diebus
1134 4654 1227 4725 vix,
1254 4653 1386 4725 dum
1409 4654 1619 4725 priores
1642 4655 1773 4707 duos
1801 4655 1964 4708 libros
1994 4655 2177 4709 abs-ol-

594 4722 769 4787 verat,
811 4739 935 4777 cum
978 4722 1118 4777 hunc
1168 4724 1232 4776 ad
1262 4722 1541 4775 Paulinum
1569 4722 2027 4777 Commentarium
2065 4727 2180 4780 clu-

592 4793 857 4848 cubravit.
892 4793 1186 4863 Utrumque
1234 4794 1348 4861 ipse
1387 4792 1822 4863 luculentissimis
1852 4794 2030 4849 verbis
2070 4804 2178 4851 tes-

593 4875 739 4919 tatur
779 4881 792 4915 :
841 4864 1068 4917 alterum
1099 4864 1150 4917 in
1184 4863 1501 4918 PraelatiOue
1543 4862 1665 4918 libri
1698 4865 1781 4918 Ill.
1825 4865 2171 4932 Periarchoit,

591 4937 679 4988 ubi
731 4933 1022 4988 Macariqu
1052 4934 1370 5003 adloquens,
1410 4934 1718 5001 superiores,
1757 4937 1852 5001 ait,
1894 4936 2028 4991 duos
2075 4936 2177 4992 Pe-

586 5005 831 5059 riarchou
851 5003 1071 5068 libellos,
1100 5013 1148 5057 te
1172 5021 1275 5058 nou
1300 5005 1466 5058 solum
1497 5006 1777 5070 insistente,
1812 5023 1984 5060 verum
2023 5010 2176 5062 etiam

587 5083 818 5147 cogente,
856 5074 1033 5128 diebus
1060 5074 1479 5144 Quadragesima:
1506 5076 1870 5146 interpretatus
1898 5094 2027 5133 sum.
2069 5079 2177 5133 Sed

586 5147 857 5217 quoniam,
880 5154 988 5218 etc.
1010 5148 1250 5218 Alterum
1282 5152 1622 5218 insequente
1646 5149 1711 5201 ad
1737 5147 2016 5201 Paulinum
2050 5149 2175 5218 Epi-

584 5215 747 5284 stula,
777 5232 900 5285 quae
929 5215 1268 5288 littefationis
1296 5216 1465 5271 vicem
1497 5215 1549 5270 in
1581 5218 1873 5272 secundum
1904 5215 2175 5288 hujusmet

584 5287 973 5360 Commentarii
995 5287 1190 5360 librum
1214 5289 1374 5360 gerit.
1399 5288 1535 5353 Quia
1563 5297 1730 5343 autem
1755 5290 2174 5360 Quadragesimte

582 5358 759 5413 diebus
792 5360 847 5411 in
876 5357 1189 5431 {lauasterio
1220 5357 1393 5431 Piueti
1443 5359 1660 5427 positus,
1697 5360 1806 5413 lure
1840 5357 2078 5431 rescripsi
2104 5365 2171 5414 ad

580 5441 650 5497 te,
682 5431 836 5484 etiam
866 5428 1158 5494 Fratribus,
1185 5431 1272 5500 qui
1307 5430 1544 5492 aderant,
1577 5431 1792 5500 ineptias
1828 5449 1964 5486 utras
2000 5428 2169 5486 celare

579 5517 680 5553 uou
702 5502 867 5569 potui.
898 5501 1136 5575 Instabat
1165 5500 1342 5575 itaque
1373 5508 1497 5575 tunc
1526 5502 1788 5575 Macarius
1815 5504 2164 5575 vigebatque,

580 5580 637 5627 ut
665 5581 893 5641 emptam
926 5572 1419 5643 interpretationem
1448 5572 1770 5629 absolveret.
1888 5572 1891 5573 ⁷
1990 5616 1995 5619 λ

2299 3149 2595 3219 Tractatui,
2625 3149 2788 3220 auem
2829 3165 2953 3206 ante
2992 3152 3446 3212 Rufinum‘annos
3481 3149 3662 3215 ferme
3701 3165 3865 3216 όειοκιιι

2298 3222 2675 3301 adornaverat,
2707 3223 3141 3301 cap..l\l._num.
3308 3228 3402 3301 iAd
3446 3230 3642 3284 ludam
3684 3234 3865 3301 quidem

2297 3290 2661 3368 Patriam/tam
2699 3293 2860 3368 dirigi
2894 3293 3089 3347 videtur
3121 3297 3428 3368 alloquium,
3469 3304 3560 3354 sed
3606 3290 3768 3357 ludas
3792 3303 3865 3356 ille

2296 3365 2548 3441 posterior
2574 3363 2870 3435 (Christus)
2893 3368 3041 3441 verus
3064 3363 3327 3441 confessor
3345 3373 3675 3441 exprimitur,
3708 3376 3790 3441 qui
3811 3389 3865 3427 es

2295 3433 2857 3511 ea_'_l‘ribu.uutus_e_st,
2884 3437 2970 3511 qui
2996 3436 3137 3491 solus
3179 3433 3424 3493 laudatur
3463 3458 3511 3494 a'
3523 3433 3786 3511 fratribus,
3815 3446 3866 3497 de

2296 3504 2481 3581 quibus
2536 3504 2680 3570 dicit,
2742 3505 2979 3559 Narrabo
3017 3523 3211 3581 nomen
3245 3521 3390 3564 tuum
3430 3504 3685 3569 fratribus
3722 3504 3865 3581 meis,

2298 3573 2549 3627 Dominus
2575 3592 2667 3645 per
2700 3585 2967 3658 naturam,
3000 3578 3163 3658 frater
3191 3597 3283 3651 per
3314 3585 3558 3658 gratiam,
3601 3590 3750 3658 cujus
3775 3573 3869 3640 ma:-

2297 3658 2414 3724 nus,
2452 3648 2851 3724 quaseagpaudit
2882 3648 2951 3698 ad
2987 3648 3235 3715 populum
3264 3648 3367 3705 non
3400 3648 3708 3724 credentem,
3735 3673 3862 3724 super

2295 3717 2503 3840 dorsuEu
2522 3716 2842 3771 inimicorum
2861 3733 3095 3785 suorum,
3116 3733 3218 3776 etc.
3241 3736 3359 3792 qua:
3381 3723 3559 3779 omnia
3585 3716 3869 3797 perper-tes

2295 3800 2359 3840 eo
2391 3801 2449 3840 re
2474 3798 2579 3840 ert.

2293 3800 2359 3841 eo
2391 3798 2579 3845 1⁵6ιέ1⁵1.

2368 3890 2395 3929 s
2434 3880 2703 3951 Ingentem
2738 3882 2982 3939 lacunam
3012 3884 3198 3941 decem
3232 3886 3345 3944 fere
3376 3903 3627 3947 versuum
3672 3892 3741 3947 ab
3779 3892 3868 3948 hoc

2295 3952 2459 4028 verbo
2490 3954 2858 4028 probabuntur,
2900 3955 2965 4028 ad
3011 3958 3250 4013 mutilam
3275 3973 3461 4015 vocem
3510 3963 3634 4028 mis,
3664 3964 3752 4019 ubi
3790 3963 3867 4018 di-

2292 4024 2433 4095 citur
2471 4024 2708 4095 plurimis
2747 4027 2968 4089 cwteris,
3014 4028 3227 4095 supplet
3266 4024 3668 4088 vetustissimus
3710 4034 3865 4089 codex

2295 4093 2660 4175 Murbacensis
2690 4094 2744 4149 in
2785 4096 2984 4175 Alsatia
3014 4111 3044 4149 a
3078 4093 3379 4175 Fontaninu
3407 4102 3681 4175 laudatus,
3721 4120 3865 4175 quem

2285 4165 2606 4246 multa‘hac.
2627 4166 2693 4246 de
2717 4180 2783 4246 re
2813 4166 3166 4246 disserentem
3197 4170 3250 4224 in
3284 4170 3400 4246 Vita
3443 4174 3535 4231 lib.
3582 4185 3638 4232 et
3666 4165 3782 4246 cap.
3815 4175 3868 4231 Il.

2294 4252 2444 4290 num.
2474 4235 2782 4311 6._videsis.
2818 4236 2987 4291 linum
3013 4239 3170 4304 addo,
3200 4241 3342 4308 quod
3376 4243 3581 4298 lacunae
3610 4235 3865 4311 caussam,

2292 4316 2451 4376 atque
2478 4308 2737 4377 originem
2764 4318 2991 4373 spectat,
3022 4325 3128 4363 non
3158 4312 3320 4365 alium
3346 4314 3556 4370 scilicet
3586 4317 3754 4371 videri
3782 4308 3865 4371 eo;

2294 4378 2465 4457 dicem
2490 4378 2637 4431 illttm
2657 4378 2867 4447 Georgii
2894 4378 3105 4457 Ptctttrii
3124 4384 3578 4457 antiquissimum,
3600 4389 3681 4455 (et
3700 4403 3753 4442 ut
3773 4389 3869 4457 ipse

2291 4449 2386 4528 ait,
2422 4447 2769 4528 Cumanorum
2810 4447 3413 4528 majusculislitcrisLiis
3461 4447 3670 4525 quidem
3701 4447 3868 4528 quibus

2294 4520 2572 4573 Pandectis
2608 4518 3045 4584 Florentiuorum,
3079 4524 3190 4577 sine
3226 4518 3551 4582 distinctione
3589 4518 3726 4590 ulla;
3766 4539 3868 4582 aute

2288 4591 2433 4644 mille
2458 4593 2649 4668 cipias
2678 4607 2840 4644 annos
2878 4595 3182 4661 exaratum)
3228 4609 3292 4649 ex
3329 4612 3443 4668 quo
3476 4602 3698 4654 lleroldi
3741 4603 3868 4668 priu-

2288 4676 2417 4741 ceps
2454 4661 2619 4741 editio
2657 4670 2885 4741 excepta
2923 4674 3027 4723 est,
3059 4680 3218 4732 quant
3257 4661 3603 4741 subsequutm
3637 4661 3861 4741 Gry'nzei,

2290 4731 2598 4810 Bari-tuique
2638 4732 3057 4810 descripserunt,
3080 4731 3210 4789 non
3240 4731 3679 4810 altumfiuquam
3716 4731 3863 4795 videri

2286 4816 2315 4853 a
2365 4802 2645 4866 Caesareo,
2692 4819 2848 4871 quem
2902 4805 3211 4859 ntulctatum
3251 4810 3435 4863 eadem
3486 4802 3575 4862 illa
3629 4828 3862 4866 versuum

2287 4873 2628 4954 pcricopead
2658 4875 2898 4954 ultimam
2933 4875 3256 4954 imperfecta:
3287 4881 3434 4954 vocis
3461 4882 3557 4935 mis
3584 4884 3857 4954 syllabam,

2285 4953 2465 4996 cetera
2484 4944 2642 5019 _r_uille
2678 4944 2922 5019 ducentis
2952 4947 3110 5019 annis
3140 4951 3507 5019 vetustiorem,
3546 4944 3754 5008 et'sine
3781 4944 3861 5007 voé

2283 5025 2430 5084 cum,
2464 5011 2806 5068 distinctione
2864 5017 3237 5084 descriptum,
3292 5011 3616 5076 Lambecius
3670 5033 3859 5079 narrat.

2285 5082 2781 5158 Sentioaute‘m‘ab
2814 5082 3129 5158 Ensisht'ym
3177 5088 3549 5145 deobouatn
3593 5096 3859 5158 transisse,

2283 5164 2446 5222 atque
2475 5152 2597 5207 huic
2625 5154 2967 5211 Bibliotheca:
2996 5152 3223 5213 illatum.
3251 5158 3420 5214 Porro
3447 5165 3744 5219 notandum
3773 5152 3860 5219 hoc

2280 5238 2494 5293 quoque
2538 5224 2590 5277 in
2630 5240 2749 5280 eam
2780 5243 2915 5281 rem.
2959 5227 3206 5283 Barrteus
3236 5246 3356 5284 cum
3387 5247 3447 5286 se
3485 5236 3557 5287 ait
3594 5235 3862 5290 liuliniana

2279 5300 2478 5367 scripta
2509 5295 2740 5367 geruisse
2788 5314 2851 5351 ex
2901 5300 3130 5367 reliquiis
3188 5300 3508 5357 Venerabilis
3570 5304 3862 5360 Mouas'teru'

2281 5365 2475 5418 Montis
2498 5364 2613 5431 Dei,
2651 5382 2756 5421 non
2785 5368 2853 5422 de
2885 5368 2967 5423 his
3001 5364 3213 5436 prourie
3244 5372 3681 5430 Patriarcharum
3712 5376 3861 5430 Baue-

2277 5436 2590 5517 dictioutbus
2624 5438 2793 5517 loqui,
2817 5440 2909 5517 sed
2944 5440 3010 5517 de
3038 5441 3156 5495 aliis
3182 5442 3559 5517 Rufinilibris,
3590 5456 3650 5503 et
3687 5450 3860 5517 [περὶ

2315 5523 2382 5561 ue
2411 5507 2824 5562 Commentariis
2859 5511 2910 5562 in
2938 5511 3155 5578 Oscam,
3187 5522 3290 5568 etc.
3336 5515 3461 5569 Haec
3502 5507 3615 5574 duo
3666 5507 3860 5575 videtur

2320 5579 2607 5634 ontanittus
2633 5595 2739 5635 non
2766 5581 2895 5636 Satis
2925 5595 3202 5653 perspecta
3234 5584 3511 5643 habuiSsc.
