4078 6346
250 347 346 403 501

911 350 995 404 DE
1040 345 1659 405 BENEDICTIONIBUS
1697 347 2293 407 PATBIARCIIARUM
2333 351 2538 407 LIBER
2578 352 2851 419 ennius.

3423 360 3528 413 503

261 512 3521 551 ..._____________________________________________

1274 627 1751 738 LIBER
1823 630 2250 741 PRIM
2269 634 2490 756 US.

1008 849 2114 967 BENEDIGTIO
2184 850 2763 974 annm.

316 1131 365 1207 ⁷
397 1137 447 1189 1,
482 1135 568 1188 Αὶι
601 1143 724 1203 ergo
757 1148 776 1186 :
804 1131 961 1197 luna,
989 1139 1035 1184 te
1055 1130 1352 1185 collaudent
1377 1135 1565 1201 fratres
1599 1132 1694 1185 tui.
1725 1131 1841 1184 Μη-
1871 1139 1913 1192 Α
1947 1132 1998 1187 in
2047 1133 2237 1188 Graeco
2282 1135 2507 1205 βλαστὸν
2552 1136 2766 1204 dicitur,
2810 1153 2880 1209 qu
2918 1141 2949 1196 d
2998 1142 3164 1213 magis
3210 1146 3519 1217 virgultum,

251 1239 341 1282 nus
359 1237 461 1280 tute
476 1240 636 1295 super
652 1225 863 1277 dorsum
884 1223 1208 1277 inimicorum
1225 1221 1596 1292 tuorum(Gen.
1616 1221 1707 1279 49.
1732 1221 1837 1293 8.).

254 1321 429 1374 Potest
458 1318 563 1372 hoc
593 1318 679 1371 vel
711 1316 777 1370 ad
810 1316 982 1385 ipsum
1021 1315 1236 1382 ludam,
1268 1316 1351 1370 vel
1382 1314 1447 1370 ad
1500 1331 1594 1371 eos
1638 1316 1727 1386 qui
1773 1331 1838 1371 ex

254 1413 363 1480 ipso
388 1410 645 1464 videntur
674 1422 797 1462 esse
841 1408 1102 1477 progeniti
1138 1408 1330 1477 Reges,
1375 1408 1565 1463 referri
1597 1425 1610 1460 :
1640 1407 1728 1478 qui
1757 1423 1837 1464 re-

254 1517 406 1573 gnum
448 1502 629 1569 gemis
670 1500 815 1554 illius
864 1500 1255 1564 ministrantes,
1304 1501 1643 1556 inimicorum
1689 1511 1837 1571 terga

252 1598 591 1651 domuerunt.
625 1595 731 1649 Sed
763 1594 892 1648 etin
921 1593 1137 1648 Christo
1164 1605 1535 1663 competenter
1555 1596 1838 1663 accipitur,

254 1693 336 1761 qui
364 1706 394 1745 a
429 1691 689 1746 fratribus
718 1690 854 1755 suis,
885 1689 936 1743 id
980 1697 1085 1755 est,
1116 1688 1185 1743 ab
1224 1688 1519 1757 Apostolis,
1550 1704 1684 1757 quos
1724 1690 1838 1757 ipse

240 1778 440 1837 fratres
473 1782 527 1836 in
561 1780 867 1848 Evangeliis
897 1779 1199 1835 nominavit
1230 1776 1445 1849 (Matth.
1470 1779 1614 1849 28.),
1647 1780 1839 1835 merito

253 1874 603 1931 collaudatur.
638 1872 846 1927 Inimici
884 1887 1013 1928 vero
1051 1872 1189 1942 ejus,
1224 1886 1387 1942 super
1416 1887 1642 1941 quorum
1679 1871 1837 1926 dorsa

254 1983 433 2023 manus
463 1966 585 2036 ejus
624 1976 727 2029 est,
785 1964 861 2019 illi
908 1964 1296 2035 intelliguntur,
1342 1979 1478 2034 quos
1528 1963 1686 2018 Pater
1714 1977 1835 2031 pro«

253 2061 407 2116 mittit
453 2076 515 2116 se
555 2060 659 2115 sub
705 2058 870 2129 pedes
908 2058 1024 2128 ejus
1073 2060 1371 2128 positurum
1420 2057 1627 2121 dicens,
1664 2055 1837 2109 Doncc

252 2168 432 2221 ponam
483 2153 720 2205 inimicos
775 2161 886 2207 tuos
924 2151 1018 2205 sub
1046 2149 1257 2221 pedibus
1309 2150 1407 2203 tuis
1439 2146 1610 2220 (Psal.
1664 2146 1833 2216 109.).

255 2248 536 2317 Suntergo
572 2244 799 2311 inimici,
829 2245 1003 2300 donec
1041 2241 1304 2299 increduli
1333 2250 1457 2298 sunt
1483 2250 1539 2296 et
1573 2238 1836 2304 infideles,

252 2349 303 2394 et
325 2339 443 2392 ideo
475 2336 764 2392 cmdunlur
785 2337 838 2392 in
881 2345 1050 2406 tergo,
1083 2338 1172 2405 qui
1203 2344 1549 2405 posteaquam
1589 2330 1837 2387 conversi

255 2430 470 2495 fuerint,
499 2428 814 2484 efficiuntur
862 2427 1073 2494 fratres,
1104 2436 1156 2481 et
1200 2425 1505 2481 collaudant
1554 2438 1696 2489 eum,
1746 2422 1836 2494 qui

1946 1225 2028 1279 vel
2072 1241 2252 1279 ramus
2284 1238 2429 1281 recte
2478 1227 2882 1297 interpretatur,
2912 1235 2997 1301 qui
3028 1234 3095 1289 de
3128 1237 3305 1292 radice
3344 1242 3523 1306 repul-

1944 1314 2141 1379 lularc,
2169 1314 2251 1370 vel
2278 1316 2348 1371 de
2377 1318 2493 1386 ipso
2523 1319 2714 1375 robore
2741 1321 2947 1375 arboris
2975 1325 3130 1378 solet.
3163 1328 3237 1380 Ex
3266 1344 3371 1396 quo
3397 1347 3522 1400 ergo

1942 1405 2201 1474 virgulto,
2238 1408 2319 1461 vel
2352 1424 2416 1463 es
2448 1424 2557 1478 quo
2586 1425 2737 1464 ramo
2765 1411 2930 1467 Judas
2957 1418 3263 1472 ascendisse
3290 1420 3518 1489 dicetur,

1943 1496 2028 1551 vel
2060 1498 2330 1565 quomodo
2362 1500 2682 1555 recumbens
2711 1502 2976 1557 dormisse
3007 1513 3064 1558 ut
3103 1505 3209 1573 leo,
3254 1519 3307 1562 et
3337 1519 3395 1563 ut
3428 1526 3521 1565 ca-

1944 1592 2085 1643 tu‘us
2134 1588 2327 1655 leonis,
2390 1591 2457 1643 ita
2508 1599 2564 1644 ut
2605 1604 2898 1663 qumrazur,
2931 1595 3052 1661 quis
3094 1611 3212 1650 eum
3262 1600 3520 1655 suscitet?

1941 1676 2051 1730 Nisi
2101 1676 2238 1733 forte
2278 1677 2469 1748 aliquis
2498 1680 2602 1733 vim
2636 1678 2858 1747 faciens,
2903 1682 3033 1736 velit
3060 1686 3128 1737 ita
3157 1685 3473 1744 adseverare
3503 1708 3517 1742 :

1942 1766 2021 1821 Ex
2050 1771 2293 1837 germine
2338 1770 2665 1839 processisse
2709 1772 2926 1839 ludam,
2966 1774 3017 1828 id
3046 1785 3147 1841 est,
3182 1786 3241 1831 ut
3277 1782 3521 1847 superius

1942 1858 2195 1923 diximus,
2220 1874 2285 1915 ex
2331 1859 2560 1931 virgulto
2587 1863 2670 1917 vel
2712 1878 2780 1917 ex
2816 1878 2985 1929 ramo,
3013 1868 3153 1936 quod
3186 1866 3252 1921 de
3280 1867 3392 1937 ipsa
3426 1886 3521 1938 pa-

1947 1948 2043 2002 tris
2076 1948 2389 2006 fortitudine
2416 1961 2470 2006 et
2496 1952 2694 2006 virtute
2734 1955 2999 2023 significet
3037 1972 3049 2008 :
3079 1957 3275 2028 quique
3316 1961 3523 2016 virtutis

1944 2041 2265 2096 confidentia
2296 2043 2515 2097 recubet
2545 2054 2598 2098 et
2624 2046 2887 2115 quiescat,
2930 2058 2983 2102 ut
3015 2050 3099 2103 leo
3132 2060 3185 2105 et
3224 2062 3283 2106 ut
3317 2055 3524 2108 catulus

1941 2131 2140 2197 leonis;
2168 2149 2265 2189 nec
2294 2151 2415 2191 eum
2446 2150 2611 2191 ausus
2640 2141 2710 2192 sit
2739 2138 2928 2208 aliquis
2958 2156 3017 2194 su
3052 2141 3238 2211 citare,
3263 2143 3384 2199 dum
3426 2161 3521 2214 pro

1942 2225 2309 2295 magnitudine
2330 2227 2545 2293 virium,
2570 2238 2625 2282 et
2649 2230 2878 2299 polentia
2907 2240 2929 2268 ε
2959 2230 3234 2287 beatorum
3262 2234 3521 2289 suscitare

1947 2331 2071 2372 eum
2105 2318 2282 2373 nullus
2310 2319 2504 2374 audeat
2529 2321 2595 2375 ad
2629 2321 2830 2389 praelia.
2863 2322 2969 2379 Sed
3003 2323 3171 2378 nzulto
3198 2327 3521 2381 conveniens

1946 2408 2050 2463 tius
2091 2410 2361 2480 optabitur
2400 2411 2525 2467 huic
2568 2412 2684 2467 loco
2714 2413 2937 2484 mySIica
2984 2416 3266 2483 exposito,
3319 2416 3371 2471 in
3418 2434 3520 2483 qua

252 2536 341 2576 eos
370 2522 422 2575 in
455 2521 801 2588 adoptionem
842 2518 1015 2573 Patris
1044 2528 1285 2583 vocatos,
1323 2518 1422 2572 sibi
1451 2527 1505 2572 et
1528 2516 1837 2571 coheredes

1944 2501 2153 2556 catulus
2180 2501 2374 2567 leonis,
2405 2503 2667 2570 Christus,
2701 2517 2805 2557 non
2835 2503 3007 2557 solum
3036 2514 3283 2577 φυσικῶς,
3313 2522 3524 2561 νει-ωηο

252 2616 370 2673 fccit
399 2625 456 2672 et
502 2619 717 2670 fratres.
758 2615 903 2669 Bene
933 2622 1113 2668 autem
1146 2620 1297 2682 terga
1330 2612 1674 2667 inimicorum
1704 2609 1838 2664 ctcdi

254 2711 380 2765 dixit
425 2725 455 2763 a
502 2708 721 2763 Christo
754 2726 767 2761 :
799 2721 986 2762 omnes
1033 2706 1174 2760 enim
1218 2705 1308 2775 qui
1351 2703 1644 2759 adorabant
1673 2701 1834 2768 idola,

253 2813 393 2872 terga
424 2802 629 2855 dabant
658 2801 790 2864 Deo,
842 2799 975 2853 sicut
1010 2808 1064 2853 et
1090 2812 1187 2867 per
1222 2796 1535 2866 pr0phetam
1582 2796 1840 2849 Dominus

252 2896 560 2964 exprobrat,
597 2893 784 2947 dicens
827 2909 842 2947 :
876 2892 1009 2956 Quia
1051 2896 1405 2945 converterunt
1450 2888 1521 2940 ad
1565 2904 1641 2942 me
1685 2888 1841 2941 dorsa

253 3002 363 3049 sua,
416 2993 463 3039 et
509 3000 614 3037 non
662 2982 844 3051 facient
893 2980 1025 3053 (λετ.
1059 2978 1114 3032 2.
1164 2975 1304 3049 ελ).
1352 2979 1473 3031 llaec
1523 2992 1652 3046 ergo
1681 2975 1839 3031 dorsa

252 3079 428 3148 cardit,
460 3090 517 3130 ut
569 3076 817 3131 conversi
865 3073 1153 3143 aliquando
1197 3084 1345 3142 terga
1384 3071 1511 3125 dent
1559 3069 1738 3136 idolis,
1786 3078 1841 3124 et

248 3173 440 3226 faciem
472 3169 682 3239 erigant
711 3168 776 3222 ad
807 3168 998 3236 Deum,
1024 3176 1079 3221 et
1108 3165 1302 3219 faciant
1334 3164 1434 3218 hoc
1461 3162 1603 3232 quod
1634 3163 1685 3215 in
1713 3176 1841 3217 con-

244 3254 607 3332 sequentibus
637 3260 896 3328 scriptum
936 3266 1020 3312 est
1062 3275 1076 3310 :
1124 3254 1189 3308 Et
1221 3255 1434 3308 adorent
1465 3264 1512 3307 te
1546 3251 1644 3322 ﬁlii
1682 3251 1841 3319 patris

242 3356 353 3408 ‘tui.
386 3355 540 3407 Tunc
566 3354 705 3406 enim
735 3364 856 3406 cum
885 3348 1115 3403 adorant
1143 3345 1325 3419 [Forte
1352 3339 1663 3420 adorarunt]
1693 3355 1837 3405 eum,

259 3447 353 3501 lilii
384 3447 559 3502 Patris
589 3447 801 3501 fuerunt
830 3441 1024 3508 effecti,
1058 3448 1112 3495 et
1142 3439 1389 3509 Spiritum
1420 3435 1724 3504 adoptionis
1753 3448 1843 3488 ac-

252 3550 535 3609 ceperunt,
565 3539 616 3592 in
648 3551 754 3608 quo
773 3537 1029 3599 clamant,
1053 3533 1192 3586 Abba
1214 3542 1356 3602 pater
1377 3526 1522 3598 (Cal.
1546 3525 1648 3598 4.).
1675 3526 1841 3581 Nemo

252 3635 394 3687 enim
423 3631 559 3685 dicit
590 3630 873 3684 Dominum
901 3627 1082 3682 Jesum
1115 3624 1405 3687 Christum,
1433 3620 1535 3675 nisi
1559 3621 1610 3674 in
1641 3618 1841 3687 Spiritu

244 3724 448 3780 Sancto
473 3723 535 3795 (ι.
562 3722 686 3777 Cor.
720 3720 856 3788 12.).
888 3720 991 3773 lste
1013 3731 1193 3772 sermo
1215 3715 1373 3784 paulo
1396 3713 1582 3767 durius
1610 3711 1843 3765 refertur

251 3818 314 3872 ad
347 3817 565 3879 ludam.
600 3815 705 3869 nisi
751 3813 973 3868 abusive
1003 3811 1053 3865 id
1084 3802 1349 3868 dicamus.
1390 3815 1415 3842 ⁸
1441 3804 1697 3860 adoratus
1724 3816 1843 3857 esse

1942 2594 2103 2647 etiam
2134 2603 2389 2672 τροπικῶς
2425 2595 2753 2667 designatur.
2785 2597 2914 2652 Nam
2961 2597 3312 2671 Pliysinlogns
3340 2602 3406 2658 de
3435 2618 3525 2658 c.1-

1926 2686 2054 2762 ttuln
2081 2687 2248 2741 leonis
2273 2686 2385 2741 hare
2399 2688 2606 2753 scribit,
2625 2688 2773 2756 Quod
2798 2705 2917 2744 cum
2936 2700 3092 2744 natus
3109 2691 3285 2755 fuerit.
3303 2690 3330 2730 ἀ
3357 2695 3524 2757 tribus

1942 2777 2133 2833 diebus
2156 2794 2217 2834 ac
2245 2780 2414 2835 tribus
2437 2781 2681 2836 noctibus
2703 2782 2935 2836 dormiat
2961 2800 2973 2835 :
2998 2792 3106 2838 tum
3133 2784 3328 2842 deinde
3360 2777 3524 2855 patris

1940 2870 2158 2926 fremitu
2173 2873 2253 2927 vel
2280 2873 2504 2938 mugitu,
2526 2884 2773 2941 tanquam
2796 2874 3139 2945 tremefactus
3152 2878 3336 2933 cubilis
3353 2880 3521 2944 lectis,

1940 2964 2403 3018 suscitetcatulum
2419 2964 2795 3020 dormientem.
2813 2965 2912 3021 Iste
2927 2982 3053 3035 ergo
3068 2970 3271 3023 catulus
3285 2972 3524 3026 ascendit.

1942 3069 2008 3110 ex
2036 3055 2277 3125 germine
2321 3074 2332 3109 :
2360 3072 2425 3111 ex
2456 3056 2667 3127 Virgine
2698 3058 2840 3112 enim
2874 3067 3028 3112 natus
3070 3068 3171 3126 est,
3201 3077 3304 3116 non
3337 3077 3406 3117 ex
3437 3078 3526 3119 se.

1939 3151 2106 3227 mine,
2139 3150 2232 3204 sed
2261 3165 2326 3204 ex
2356 3150 2558 3219 virgine
2584 3151 2784 3217 absque
2814 3151 3097 3206 concubitu
3127 3152 3286 3218 virili,
3319 3164 3372 3210 et
3393 3156 3520 3210 abs-

1942 3259 2047 3312 que
2075 3244 2284 3298 semine
2319 3243 2545 3297 naturali
2583 3242 2845 3295 Christus.
2882 3242 3034 3298 Velut
3072 3245 3379 3313 virgultum,
3412 3246 3523 3302 sive

1944 3349 2144 3399 ramus,
2178 3333 2236 3405 9
2269 3332 2323 3387 in
2372 3349 2477 3401 quo
2518 3331 2958 3388 manifestissime
3012 3340 3069 3388 et
3108 3335 3307 3390 veritas
3343 3338 3523 3392 carnis

1942 3427 2204 3481 adsumta:
2242 3442 2309 3482 ex
2340 3425 2559 3496 Virgine
2588 3426 2890 3482 declaratur
2920 3427 2971 3481 in
3008 3437 3352 3483 sacrosancto
3403 3444 3524 3499 ger-

1945 3518 2110 3584 mine,
2141 3527 2194 3573 et
2221 3535 2249 3572 a
2276 3518 2523 3589 contagio
2567 3517 2799 3573 carnalis
2832 3526 2889 3572 et
2921 3517 3135 3573 lmmani
3164 3520 3387 3575 seminis
3430 3536 3525 3577 ex-

1941 3620 2181 3665 cusatur.
2228 3609 2541 3664 llecumbens
2574 3610 2808 3664 domuisti
2843 3618 2894 3662 ut
2930 3610 3026 3673 leo,
3071 3618 3118 3662 et
3157 3611 3286 3664 sicut
3323 3612 3524 3666 catulus

1944 3704 2126 3756 leonis.
2161 3701 2443 3758 Manifesta
2480 3699 2791 3757 recubuisse
2817 3709 2871 3756 et
2904 3699 3188 3767 dormisse,
3224 3701 3423 3756 dictmn
3456 3703 3524 3759 de

1946 3796 2198 3864 passione
2230 3795 2417 3850 mortis
2452 3793 2777 3849 ostenditur.
2818 3793 2921 3848 Sed
2958 3793 3237 3849 videamus
3274 3810 3439 3863 quare
3470 3806 3525 3850 ut

252 3912 305 3981 Β
330 3909 481 3979 quasi
515 3922 691 3977 reges,
721 3920 753 3959 a
791 3905 1065 3969 fratribus,
1099 3900 1153 3955 id
1191 3908 1295 3967 est,
1332 3898 1441 3953 suis
1469 3897 1678 3951 caeteris
1719 3908 1846 3948 con-
1875 3901 1918 3962 ο
1951 3890 2056 3981 leo,
2092 3896 2148 3942 ct
2184 3898 2243 3942 ut
2282 3888 2493 3944 catulus
2533 3887 2725 3950 leonis,
2755 3886 2972 3941 dormit.
3008 3886 3082 3942 De
3110 3888 3272 3942 catuli
3309 3889 3520 3959 quidem

238 4004 563 4069 tribulibus,
590 4001 733 4055 filios
762 3998 911 4054 Iuda.

318 4097 376 4153 Ξ.
417 4094 635 4150 Catulus
684 4093 844 4146 leonis
874 4090 1030 4151 Iuda.
1066 4089 1129 4142 de
1175 4087 1399 4158 germine
1439 4082 1468 4122 δ
1515 4082 1656 4152 ﬁlius
1702 4093 1842 4133 meus

254 4190 533 4245 ascendisti
554 4203 576 4242 :
601 4188 850 4240 recubans
878 4184 1115 4238 dormisti
1136 4183 1266 4236 sicut
1297 4181 1397 4245 leo,
1418 4186 1465 4231 et
1488 4177 1617 4230 sicut
1640 4176 1842 4227 catulus

255 4284 412 4336 leonis
445 4298 464 4336 :
490 4280 605 4350 quis
630 4278 895 4332 suscitabit
933 4292 1049 4331 eum
1078 4273 1229 4344 (Gen.
1256 4271 1347 4327 49.
1375 4269 1494 4339 9.)?
1518 4268 1572 4321 In
1606 4266 1689 4320 his
1713 4280 1837 4319 ver-

253 4375 457 4438 siculis,
494 4386 601 4426 non
627 4369 738 4440 jam
763 4368 1156 4432 concludimur,
1181 4364 1273 4418 sed
1303 4376 1437 4431 pene
1465 4357 1837 4421 excludimur;

255 4481 373 4520 nam
405 4465 647 4518 catulum
680 4460 850 4515 leonis
871 4459 914 4513 si
946 4471 1303 4527 exponamus,
1332 4453 1521 4508 Judatn
1553 4449 1656 4503 dici
1688 4462 1841 4517 posse

250 4572 348 4625 pro
380 4556 585 4609 virtute
629 4549 888 4619 bellandi,
933 4548 1204 4619 quomodo
1247 4551 1560 4609 exponetur,
1602 4536 1743 4608 quod
1774 4536 1841 4590 de

250 4648 490 4719 germine
520 4645 661 4699 filius
690 4642 887 4697 dicitur
914 4637 1257 4696 ascendisse?
1289 4633 1520 4689 Germen
1550 4639 1727 4685 autem
1756 4629 1842 4683 hic

1948 3972 2139 4035 somno
2170 3979 2279 4049 jam
2312 3979 2562 4049 superius
2593 3979 2792 4032 dictum
2831 3988 2935 4045 est,
2975 3979 3112 4050 quod
3143 3980 3296 4035 valde
3327 3996 3525 4036 conve—

1950 4073 2160 4126 nienter
2179 4072 2463 4139 adoptatur
2487 4068 2728 4134 Christo,
2755 4069 2842 4137 qui
2869 4070 3035 4124 tribus
3057 4070 3245 4125 diebus
3272 4081 3325 4126 et
3356 4073 3523 4127 tribus

1952 4164 2198 4219 noctibus
2239 4164 2291 4217 in
2321 4161 2485 4217 corde
2525 4170 2683 4217 terra:
2732 4161 2995 4230 sepultus,
3043 4176 3292 4215 somnum
3332 4164 3523 4216 mortis

1949 4257 2208 4326 implevit.
2264 4255 2331 4311 Ut
2372 4255 2456 4310 leo
2487 4265 2689 4319 autem,
2733 4253 2833 4307 hoc
2869 4252 3029 4307 modo
3064 4252 3260 4307 debere
3302 4253 3524 4324 intefligi

1948 4349 2178 4402 arbitror
2210 4364 2221 4399 :
2262 4347 2404 4400 Mors
2432 4344 2630 4399 Christi
2669 4345 2946 4413 oppressio
2988 4354 3042 4397 et
3084 4343 3384 4412 triumphus
3415 4343 3522 4397 dae-

1947 4456 2164 4496 monum
2192 4438 2310 4507 fuit,
2342 4452 2555 4491 onmem
2589 4450 2815 4503 namque
2842 4435 3095 4503 praedam,
3127 4451 3284 4504 quam
3320 4436 3403 4490 leo
3432 4437 3522 4491 ille

1943 4532 2246 4589 contrarius
2291 4532 2588 4593 invaserat,
2634 4534 2903 4597 prostrato
2944 4525 3158 4581 homine
3196 4536 3249 4580 et
3285 4527 3518 4596 dejecto,

1948 4628 2030 4682 hic
2062 4626 2148 4679 leo
2190 4629 2371 4678 noster
2399 4620 2596 4691 eripuit
2642 4637 2654 4671 :
2687 4618 2918 4688 denique
2942 4617 3167 4697 rediens
3205 4617 3273 4673 ab
3314 4618 3520 4683 inferis,

321 4796 345 4823 ιι
385 4785 558 4839 Vetus
591 4782 790 4834 Auctor
838 4776 1025 4837 libelli,
1069 4773 1147 4828 De
1185 4768 1626 4826 Benedictionibus
1665 4762 1828 4839 Jacob
1858 4766 1910 4825 D
1934 4758 2296 4839 giusahludit.
2322 4754 2643 4813 Rectissime
2662 4752 2883 4825 Vulgatt
2909 4751 3090 4818 habet,
3120 4752 3198 4820 ﬁli
3224 4753 3314 4820 nti,
3342 4769 3520 4807 ascen-

252 4837 595 4917 Patrinrchw,
628 4851 778 4918 cujus
808 4862 904 4902 nos
942 4846 1211 4918 specimen
1248 4844 1418 4918 Temo
1445 4837 1825 4918 llierunyutia-

457 4904 877 4993 Operum'tertiu
897 4904 1141 4972 dedimus
1162 4916 1214 4969 in
1237 4911 1545 4993 Appendice
1562 4904 1679 4993 pag.
1697 4904 1823 4993 7⁵59Ϊ

250 4980 551 5055 laudandus
603 4992 849 5053 subinde,
895 4998 950 5042 et
998 4980 1391 5055 comparandus
1434 4998 1553 5035 cum
1591 4980 1827 5055 Arictore

252 5052 434 5125 nostro
479 5076 587 5131 est,
642 5075 750 5116 tum
798 5052 877 5114 sui
924 5052 1155 5131 merito,
1204 5069 1312 5109 tum
1343 5055 1502 5131 etiam
1548 5052 1823 5131 novitate:

254 5122 486 5194 nondum
515 5122 684 5199 enim,
725 5145 981 5202 quantum
1012 5129 1146 5202 scio,
1175 5136 1315 5202 totus
1362 5125 1624 5202 publicam
1657 5122 1828 5199 lucem

253 5190 484 5279 aspexit,
525 5190 869 5279 Sedex'Ms.
908 5190 1226 5253 Bononiensi
1257 5190 1419 5279 (quod
1464 5204 1746 5279 narramus
1778 5190 1829 5241 in

254 5263 599 5343 Prae—fulicae)
632 5278 837 5343 integer
862 5278 1118 5343 esceptus
1140 5263 1277 5339 apud
1300 5263 1397 5343 nos
1425 5272 1527 5343 est.
1544 5263 1685 5343 _lleic
1709 5275 1838 5313 vero

433 5332 525 5404 ille
555 5332 785 5408 dubitur,
817 5332 1123 5396 vaticinium
1157 5332 1370 5407 proprie
1416 5336 1481 5389 ad
1534 5332 1722 5408 ludam
1757 5346 1839 5383 re-

257 5402 865 5491 ferre.‘dpertejnq‘uit,
895 5402 1277 5491 regnant-quod
1322 5408 1497 5463 Ruben
1543 5402 1838 5491 abstulerint,

436 5472 672 5545 condidit
699 5472 877 5558 [it-left,
906 5472 1069 5552 dadit]
1088 5472 1278 5558 dicens.
1308 5496 1422 5558 eum
1450 5495 1480 5530 a
1502 5475 1711 5553 reliquis
1723 5472 1843 5558 frit-

258 5542 414 5619 tribus
440 5542 558 5616 suis
589 5542 936 5617 adorandum,
959 5542 1096 5623 quo'd
1124 5553 1275 5623 regia:
1306 5551 1478 5620 utique
1500 5542 1733 5615 congruit
1766 5542 1845 5594 di-

258 5640 829 5765 gngab‘lsftectmmplar,
856 5712 960 5761 quo
989 5695 1132 5759 prior
1154 5691 1343 5765 Editor
1369 5685 1685 5765 Laurentius
1709 5683 1836 5736 Bar-

234 5757 559 5833 ‘t'aeusuSIts
589 5757 1065 5834 est,'pra:fereliat,
1106 5762 1390 5834 ﬁlius_cjus
1421 5757 1684 5834 ascendet,
1718 5768 1837 5834 qum:

260 5826 591 5905 abllebrzei,
631 5826 691 5893 ut
713 5826 767 5891 et
810 5838 920 5906 ipsa
958 5826 1127 5890 Graeci
1160 5826 1432 5900 archetypi
1466 5830 1694 5883 lectoue
1728 5826 1838 5876 luu-

1937 4835 2079 4887 disti.

2013 4914 2036 4943 ο
2081 4902 2256 4957 Malim
2282 4896 2503 4954 rescribi
2534 4894 2808 4963 bellorum,
2837 4910 2957 4951 nam
2987 4897 3268 4962 beatorum,
3301 4895 3524 4950 minime

1940 4977 2004 5031 ad
2038 4988 2149 5029 rem
2183 4971 2340 5027 lectio
2364 4978 2467 5024 est.
3442 5019 3447 5024 .

2013 5044 2042 5084 ἀ
2087 5045 2247 5099 Vetus
2275 5041 2433 5095 modo
2464 5038 2709 5093 laudatus
2742 5038 2942 5092 Auctor
2970 5035 3225 5103 ineditus,
3252 5035 3520 5101 Catulum,

1944 5118 2040 5185 ait,
2066 5116 2225 5185 leonis
2254 5112 2530 5185 Dominum
2558 5109 2880 5185 Saluatorent
2914 5109 3229 5178 appellat....
3267 5105 3529 5185 Benena-

1946 5177 2044 5243 teni
2070 5184 2273 5240 catulus
2304 5181 2462 5235 leonis
2496 5191 2727 5246 vocatur,
2765 5180 2910 5248 cujus
2951 5188 3132 5248 natura
3170 5192 3277 5231 esse
3313 5177 3524 5248 dicitur,

1947 5270 2001 5313 ut
2032 5273 2241 5311 nascens
2272 5253 2433 5307 tribus
2484 5250 2663 5303 diebus
2710 5247 2952 5311 dormint,
3002 5247 3185 5299 deinde
3230 5247 3402 5314 rugitu
3435 5262 3528 5314 pa-

1947 5341 2091 5383 terno
2120 5329 2366 5380 excitatus
2407 5331 2662 5389 assurgat.
2699 5320 2825 5386 Qua:
2863 5319 3032 5389 ﬁgura
3069 5316 3415 5389 pulcherrime
3442 5331 3529 5364 ar-

1948 5401 2077 5453 ridet
2106 5397 2383 5451 Dominicw
2404 5383 2735 5453 dormi-Hom,
2750 5389 2836 5454 qui
2866 5383 3024 5439 tribus
3045 5386 3221 5438 diebus
3243 5383 3526 5454 dormirns,

1950 5451 2275 5524 Ind—Patrem
2328 5466 2534 5518 clamat.
2579 5462 2657 5513 Tu
2707 5451 2911 5518 autem,
2967 5455 3209 5516 Domine,
3269 5451 3531 5524 miserere

1955 5541 2080 5604 tnei,
2115 5549 2167 5593 et
2195 5535 2451 5591 resuscita
2484 5546 2591 5604 me.
2618 5528 2824 5604 Scilicet
2852 5525 3181 5604 resuscitatus
3208 5525 3273 5573 ad
3303 5523 3531 5604 prredani

1955 5593 2199 5671 ascendit,
2224 5606 2345 5677 quia
2377 5602 2668 5667 exspolians
2696 5596 2984 5677 Infert-num,
3012 5593 3073 5671 ju
3104 5596 3531 5677 tos‘quosqtte‘ad

2187 5656 2355 5730 ieiuna
2386 5656 2627 5741 tanquam
2650 5656 2873 5737 prwdam
2896 5656 3148 5729 egregiam
3191 5656 3525 5723 triumphato,

1922 5757 2125 5814 ert-xit,
2150 5758 2254 5803 etc.
