4078 6346
547 352 651 415 503

1581 353 1811 413 llUFlNl
1853 352 2323 422 AQUILEIENSIS
2366 349 2791 409 PRESBYTER!

3711 349 3816 406 505

548 488 601 530 et
631 470 925 528 accendens
954 470 1008 525 in
1038 470 1232 537 altum,
1270 471 1538 542 captivam
1578 471 1729 527 duxit
1769 471 2127 541 captivitatem
2160 472 2207 530 Α
2236 468 2380 521 ribus
2412 467 2631 523 Christi.
2684 467 2794 520 Iloc
2840 466 3000 519 modo
3034 475 3301 534 exponet,
3333 463 3571 518 membra
3614 462 3819 521 Christi

550 564 767 632 (Epltes.
798 563 852 617 4.
884 562 988 632 8.).
1028 562 1141 617 lloc
1167 578 1295 631 ergo
1326 564 1508 627 modo,
1539 564 1668 631 etin
1704 577 1891 617 somno
1920 576 2016 616 suo
2048 561 2131 615 leo

549 656 651 710 fuit
700 655 923 708 vincens
959 653 1139 708 omnia
1176 662 1231 709 et
1261 653 1564 717 debellatis,
1596 663 1651 709 et
1679 652 1939 708 destruxit
1985 666 2130 713 eum,

546 748 639 817 qui
673 746 903 801 habebat
934 747 1126 801 mortis
1155 747 1443 816 imperium
1474 748 1613 819 (Act.
1643 746 1741 817 5.).
1782 746 1845 799 Et
1876 744 2021 799 velut
2046 759 2134 798 ca-

550 840 693 893 tulus
716 840 905 905 leonis,
926 841 1013 894 die
1040 841 1195 894 tertia
1221 841 1527 896 suscitatur.
1557 838 1680 901 Quis
1702 837 1961 892 suscs‘tabit
1986 836 2136 891 eum?

550 932 717 985 Itecte
759 932 912 1001 quasi
964 931 1285 1001 inquirentis
1333 931 1608 1001 prophetae
1664 944 1967 999 personam,
2015 941 2135 997 quas

548 1025 776 1077 suscitet
812 1022 1105 1089 (Ihrismm,
1148 1038 1327 1077 sermo
1364 1022 1649 1091 significat,
1685 1021 1807 1091 quia
1850 1021 2136 1089 Apostolus

548 1113 764 1183 quidem
797 1112 926 1166 dit-it
962 1132 973 1165 :
1016 1114 1154 1180 Quia
1194 1111 1331 1168 Deus
1368 1113 1514 1167 illuni
1549 1113 1807 1167 suscitavit
1840 1128 1871 1165 α
1901 1114 2133 1165 mortuis.

550 1204 636 1269 Et,
672 1202 789 1269 Qui
833 1205 1090 1258 suscitavit
1137 1204 1396 1258 Christum
1438 1220 1469 1257 a
1516 1204 1749 1268 mortuis,
1802 1204 2060 1258 suscitabit
2089 1211 2138 1257 et

550 1298 793 1351 mortalia
822 1313 1037 1365 corpora
1070 1306 1232 1351 vestra
1264 1307 1472 1365 propter
1498 1296 1863 1350 inhabitantem
1899 1298 2139 1365 spiritum

548 1389 662 1457 ejus
692 1389 745 1441 in
770 1388 909 1441 vobis
947 1388 1123 1457 (Rom.
1153 1386 1257 1457 8.).
1295 1388 1359 1441 Et
1382 1388 1573 1443 iterum
1606 1389 1719 1458 ipse
1746 1386 1989 1442 Christus
2010 1389 2141 1443 dicit

548 1479 603 1533 in
635 1479 964 1548 Evangeliis,
998 1478 1193 1533 Solvite
1226 1480 1467 1548 templum
1508 1480 1623 1544 hoc,
1670 1489 1718 1532 et
1762 1495 1854 1551 ego
1898 1480 1949 1533 in
1981 1480 2141 1534 tribus

550 1570 727 1623 diebus
758 1570 1011 1622 suscitabo
1054 1570 1186 1623 illud
1222 1585 1241 1625 :
1271 1569 1368 1623 Itoc
1404 1581 1575 1624 autent
1612 1571 1808 1625 dicebat
1841 1571 1905 1625 de
1951 1572 2140 1637 templo

548 1660 778 1730 corporis
801 1660 892 1729 Isui
934 1658 1116 1728 (Joan.
1158 1660 1262 1731 2.).
1296 1661 1431 1727 Quia
1465 1677 1591 1717 vero
1633 1663 1749 1731 ipse
1778 1661 1928 1728 dicit,
1966 1662 2137 1716 susci-

549 1760 691 1805 tasse
736 1752 994 1820 templum
1046 1767 1227 1819 suum,
1274 1764 1331 1807 et
1380 1754 1520 1809 Deus
1567 1755 1715 1809 illum
1746 1754 1941 1809 dicitur
1971 1754 2141 1808 susci-

2235 581 2361 621 esse,
2395 566 2515 620 sine
2554 564 2718 618 dubio
2760 562 3069 631 spiritaliter
3099 560 3467 631 intelligenda,
3506 575 3624 628 qtae
3671 563 3819 630 Apo-

2236 657 2409 711 stolus
2440 656 2565 709 dit-it
2600 656 2848 724 populum
2884 652 3141 707 Fitlelitnn
3181 653 3256 723 (Ι.
3290 650 3411 705 Cor.
3444 650 3548 722 6.).
3591 652 3820 706 Possunt

2237 762 2365 815 ergo
2394 755 2448 801 et
2498 746 2704 800 femora
2737 744 2852 813 ejus
2899 744 3212 812 Spiritaliter
3256 744 3528 797 intellecta
3580 742 3821 798 indicare

2236 852 2363 903 eos,
2418 837 2508 906 qui
2558 852 2655 907 pro
2710 838 2957 891 firmitate
3004 848 3055 891 et
3110 838 3409 892 constantia
3466 838 3817 902 fortitudinis,

2238 945 2396 983 omne
2418 942 2613 994 corpus
2646 928 2897 983 Ecclesia.
2927 938 3225 983 sustentare
3256 928 3522 996 videntur,
3552 939 3607 984 et
3635 930 3776 984 ferre
3805 946 3819 985 :

2238 1021 2320 1073 vel
2345 1021 2467 1088 quia
2501 1020 2716 1073 humani
2745 1020 2965 1073 seminis
2992 1018 3252 1089 judicium
3286 1021 3423 1075 solet
3466 1020 3517 1073 in
3555 1020 3820 1074 femorum

2238 1108 2596 1177 appellatiOne
2648 1108 2941 1178 figuraliter
2994 1108 3122 1173 diri,
3174 1109 3313 1176 apud
3366 1124 3464 1162 nos
3510 1122 3689 1165 autem
3732 1111 3822 1178 qni

2240 1202 2492 1266 seminat,
2527 1201 2744 1256 verbum
2788 1200 3018 1255 seminat
3057 1201 3209 1271 (Luc.
3240 1200 3319 1271 8.)
3351 1218 3366 1255 :
3400 1212 3651 1271 poterunt
3695 1217 3825 1272 ergo

2242 1296 2327 1360 hi,
2378 1296 2466 1362 qui
2520 1295 2871 1350 ministerium
2914 1294 3064 1349 verbi
3110 1295 3363 1349 Ecclesia!
3415 1294 3704 1358 exhibent,
3755 1298 3824 1350 de

2241 1385 2437 1439 Clll‘lSli
2469 1385 2763 1439 femoribus
2805 1385 3026 1454 intelligi
3057 1386 3239 1440 duces.
3290 1384 3564 1457 Usquequo
3594 1386 3819 1451 ueniant,

2240 1492 2353 1547 qua:
2381 1479 2601 1547 reposita
2645 1487 2763 1529 sunt
2794 1478 2839 1529 ei
2891 1494 2911 1530 .°
2957 1477 3223 1531 videbitur
3268 1477 3337 1531 ita
3386 1493 3544 1547 posse
3577 1478 3821 1547 intelligi,

2241 1569 2381 1636 quod
2414 1583 2580 1637 usque
2607 1570 2671 1622 ad
2696 1569 3215 1624 consummationem
3239 1571 3426 1635 seculi,
3460 1586 3565 1625 non
3594 1572 3823 1626 deerunt.

2244 1661 2328 1716 isti
2362 1662 2551 1727 duces,
2585 1664 2753 1716 donec
2789 1664 3001 1715 veniant
3028 1677 3089 1715 ea
3121 1678 3236 1729 qua:
3267 1666 3496 1731 reposita
3528 1674 3673 1730 sunt,
3705 1681 3822 1733 qua:

2240 1754 2509 1821 apparavit
2544 1753 2684 1807 Deus
2716 1754 2799 1807 his
2828 1755 2916 1823 qui
2946 1754 3174 1822 diligttttt
3201 1770 3344 1808 eum.
3379 1754 3443 1807 Et
3478 1756 3584 1823 ipse
3612 1757 3709 1809 erit
3738 1773 3825 1809 cx-

548 1848 694 1894 tasse
727 1857 738 1893 :
777 1850 925 1895 recte
959 1842 1223 1913 Propheta
1255 1851 1473 1911 stupore
1511 1852 1672 1899 tanta:
1714 1845 1885 1901 Patris
1923 1854 1977 1901 et
2020 1844 2136 1899 Filii
2174 1860 2215 1917 Β
2240 1846 2486 1915 spectatio
2509 1847 2754 1916 gentium.
2793 1847 2846 1898 In
2877 1846 2964 1899 die
2998 1846 3203 1901 scilicet
3239 1844 3447 1915 judicii,
3482 1862 3603 1900 cum
3635 1862 3824 1903 omnes

549 1939 576 1968 ι
610 1931 849 1999 unitatis,
885 1942 1045 2002 atque
1086 1933 1485 1992 indiscretionis
1520 1938 1783 1993 attonitus
1824 1938 1974 2004 dicit,
2009 1937 2134 2003 Quis

546 2023 808 2076 suscitabit
842 2026 996 2078 eum?

616 2113 669 2167 5.
714 2113 838 2168 Non
882 2116 1082 2184 deﬁciet
1127 2116 1376 2185 Princeps
1422 2135 1485 2174 ea:
1526 2118 1689 2189 Juda,
1740 2136 1899 2191 neque
1928 2120 2037 2173 dux
2075 2121 2136 2174 de

549 2207 743 2277 femore
771 2208 905 2279 ejus,
939 2222 1097 2276 usque
1128 2224 1231 2278 quo
1268 2211 1470 2281 veniant
1496 2228 1576 2278 ea,
1605 2227 1717 2279 qua:
1754 2212 1980 2280 reposita
2018 2220 2136 2265 sunt

546 2302 627 2373 (et
654 2300 801 2355 velut
828 2300 881 2354 in
912 2299 1033 2355 aliis
1063 2302 1457 2371 exemplaribus
1486 2300 1513 2341 δ
1556 2304 1801 2368 habetur,
1842 2301 2023 2356 Veniat
2054 2303 2138 2355 cui

546 2393 826 2459 repositum
846 2395 940 2461 est)
965 2400 1013 2445 et
1034 2392 1144 2459 ipse
1167 2395 1263 2446 erit
1289 2395 1596 2461 exspectatio
1618 2396 1842 2465 gentium
1868 2394 2017 2465 (Gen.
2042 2395 2133 2449 49.

547 2483 687 2552 10.).
720 2482 817 2538 llic
847 2483 997 2540 locus
1026 2483 1308 2539 manifeste
1333 2487 1566 2540 refertur
1586 2488 1651 2539 ad
1684 2486 1873 2541 Judatn
1893 2505 1906 2540 :
1929 2497 2137 2541 Constat

545 2579 712 2645 enim,
762 2592 931 2648 usque
980 2578 1046 2633 ad
1095 2580 1429 2633 nativitatem
1470 2578 1671 2634 Christi
1719 2596 1824 2634 non
1873 2578 2137 2635 defecisse

545 2670 813 2740 principes
850 2671 953 2741 ιο
978 2686 1043 2724 ex
1082 2685 1279 2739 genere
1321 2669 1492 2736 Jllda‘,
1541 2685 1641 2724 nec
1669 2670 1835 2725 duces
1862 2671 1929 2725 de
1962 2671 2135 2724 femo-

546 2762 693 2816 ribus
722 2762 861 2831 ejus,
891 2778 1061 2831 usque
1089 2762 1154 2816 ad
1188 2762 1456 2817 Herodem
1489 2778 1689 2832 regem,
1724 2762 1815 2832 qui
1842 2762 2135 2818 secundum

549 2854 708 2908 tidem
741 2854 1000 2921 histotiar,
1035 2870 1191 2924 quam
1228 2854 1498 2923 Josephus
1533 2864 1555 2892 ο
1598 2856 1808 2920 scribit,
1839 2856 2139 2925 alienigena

545 2948 731 3012 fuisse,
758 2956 819 3003 et
850 2963 943 3017 per
978 2948 1327 3002 ambitionem
1363 2949 1417 3001 in
1456 2963 1677 3018 regnum
1708 2948 2015 3003 .ludaeorum
2054 2950 2138 3005 di-

544 3040 684 3096 citur
710 3040 1016 3110 irrepsisse.
1046 3040 1238 3095 Statim
1271 3054 1398 3110 ergo
1430 3049 1487 3093 ut
1511 3039 1613 3095 hoc
1643 3040 1839 3095 factum
1872 3050 1975 3108 est,
2007 3050 2061 3097 et
2084 3051 2139 3096 ttt

543 3131 738 3188 defecit
764 3131 876 3187 dux
914 3132 982 3187 de
1011 3132 1303 3187 femoribus
1332 3132 1509 3199 ludat,
1555 3134 1775 3188 advenit
1802 3134 1891 3190 ille
1928 3136 2015 3190 cui
2053 3150 2137 3191 re-

2240 1947 2429 2008 gentes
2455 1948 2510 1993 et
2539 1940 2715 2008 populi
2743 1939 3011 1993 Christum
3029 1938 3288 2008 judicem,
3321 1942 3369 1994 in
3401 1955 3599 2009 pavore
3621 1942 3822 2007 eordis,

2240 2042 2294 2089 et
2328 2043 2562 2087 tremore
2592 2032 2935 2087 conscientia
2965 2033 3370 2101 exspectabnnt.

2308 2122 2361 2178 ὁ.
2404 2124 2638 2192 Alligans
2664 2124 2734 2177 ad
2762 2125 2911 2178 vitem
2951 2124 3147 2191 pullum
3183 2140 3354 2188 suum,
3394 2128 3491 2195 ιι
3517 2134 3563 2179 et
3604 2124 3673 2177 ad
3716 2124 3826 2194 pal-

2238 2216 2411 2270 mitem
2455 2215 2657 2286 pullunt
2701 2217 2862 2269 asina:
2910 2231 3017 2269 saw
3059 2213 3214 2284 (Gen.
3274 2216 3364 2271 49.
3416 2217 3548 2285 ll.).
3601 2215 3714 2271 Hoc
3761 2217 3827 2271 de

2239 2308 2455 2361 Christo
2502 2318 2555 2361 et
2604 2306 2820 2377 proprie
2858 2304 2883 2343 ά
2924 2316 2979 2361 et
3026 2307 3371 2377 singulariter
3411 2308 3609 2362 dicitur
3651 2325 3665 2361 :
3714 2309 3827 2377 ipse

2238 2404 2381 2457 enim
2429 2402 2671 2470 alligavit
2718 2402 2784 2455 ad
2817 2403 2975 2456 vitem
3029 2401 3231 2470 pullum
3280 2416 3457 2464 suum,
3508 2402 3597 2471 qui
3648 2402 3824 2456 dixit:

2240 2490 2355 2564 Ego
2382 2508 2495 2545 sum
2522 2492 2637 2545 vitis
2665 2489 2991 2562 vera,(Joan.
3022 2490 3164 2561 25.).
3202 2492 3280 2546 Ad
3312 2491 3451 2545 hanc
3478 2507 3608 2562 ergo
3638 2492 3823 2559 vitem,

2240 2594 2295 2638 et
2326 2584 2526 2653 pullum
2559 2598 2713 2637 suum
2737 2584 2943 2653 alligat,
2975 2593 3028 2639 et
3059 2584 3223 2637 asina:
3250 2598 3361 2638 sua:
3394 2586 3591 2653 pullum
3627 2584 3823 2655 (Marc.

2241 2675 2381 2744 ll.).
2412 2676 2595 2731 Pullus
2626 2691 2753 2730 suus
2782 2686 2865 2730 est
2891 2691 2957 2730 ex
2984 2675 3233 2744 gentibus
3259 2676 3505 2745 populus,
3532 2679 3617 2731 cni
3646 2679 3825 2749 utique

2240 2782 2512 2836 nunquam
2561 2770 2736 2822 adhuc
2785 2766 2939 2836 Legis
2987 2782 3123 2821 onus
3167 2766 3338 2821 fuerat
3390 2769 3721 2834 ἰιιιιιυείιιιιιι,
3775 2778 3826 2824 et

2238 2872 2401 2925 supra
2432 2872 2611 2926 quem,
2649 2857 2751 2911 nisi
2782 2858 2895 2925 ipse
2925 2857 3146 2926 primus,
3192 2872 3350 2913 nemo
3379 2858 3647 2913 insederat
3676 2859 3826 2931 (Luc.

2241 2950 2376 3024 η).
2412 2952 2593 3006 Pullus
2622 2966 2750 3006 vero
2778 2953 2943 3007 asina:
2972 2967 3087 3007 suae
3133 2961 3236 3017 est,
3284 2951 3373 3022 qui
3403 2968 3468 3006 ex
3517 2956 3697 3022 priore
3729 2968 3827 3022 po.

2240 3046 2390 3116 pulo,
2424 3046 2512 3117 qui
2562 3061 2706 3099 nttnc
2759 3046 2811 3099 itt
2868 3048 3034 3114 figura
3076 3048 3244 3099 asina:
3296 3047 3623 3111 nominatur,
3674 3045 3826 3101 electi

2240 3149 2394 3195 erant
2422 3138 2485 3193 ad
2512 3138 2764 3206 salutem,
2794 3138 2861 3193 de
2891 3138 3083 3204 quibus
3114 3138 3380 3207 Propheta
3413 3137 3544 3193 dicit
3576 3157 3589 3192 :
3624 3138 3685 3193 Si
3715 3140 3825 3208 [ue-

545 3238 707 3295 gnutn
745 3223 1065 3294 repositum,
1100 3224 1149 3277 in
1188 3237 1314 3288 quo,
1347 3224 1619 3293 quomodo
1650 3223 1854 3280 Gentes
1894 3234 2133 3296 sperent,
2162 3227 2209 3291 C
2240 3230 2343 3283 rint
2370 3230 2467 3299 ﬁlii
2494 3227 2663 3283 Israel
2693 3229 2824 3283 sicut
2862 3244 3017 3282 arena
3045 3229 3225 3297 maris,
3255 3230 3486 3298 reliquit:
3513 3228 3669 3282 salva:
3708 3230 3826 3297 ﬁent

543 3316 821 3387 Evangelii
853 3316 984 3371 fides
1014 3324 1071 3371 et
1096 3315 1453 3370 Ecclesiarutn
1484 3318 1642 3373 docet
1672 3321 2004 3389 propagatio.
2030 3320 2137 3375 Re-

544 3410 717 3479 posita
762 3416 940 3463 autem
984 3409 1236 3463 dicuntur
1283 3422 1345 3463 ea
1378 3424 1498 3478 qua:
1544 3423 1848 3480 opportuno
1893 3421 2137 3480 tempOre

544 3502 864 3574 proferenda
895 3509 1043 3565 sunt,
1073 3501 1211 3555 sicut
1241 3514 1293 3555 et
1324 3500 1570 3558 Christus
1601 3505 1650 3557 in
1681 3504 1787 3559 line
1816 3506 2134 3559 saeculorum

548 3595 837 3651 advenisse
889 3593 1103 3659 dicitur,
1139 3609 1263 3647 cum
1311 3594 1436 3648 dicit
1465 3595 1777 3665 Apostolus,
1832 3596 1963 3650 Ecce
2005 3613 2139 3650 nunc

546 3702 744 3760 tempus
787 3696 1052 3753 acceptum
1102 3685 1179 3755 (2.
1232 3684 1352 3740 Cor.
1402 3686 1502 3756 6.),
1550 3688 1756 3743 scilicet
1800 3688 1865 3742 ad
1909 3672 2136 3744 salutem

546 3782 814 3839 Gentibus
844 3780 1248 3837 conferendam.
1281 3778 1337 3835 Si
1368 3794 1497 3835 vero
1526 3780 1644 3847 quis
1675 3780 1729 3835 in
1770 3781 2018 3837 omnibus
2047 3799 2140 3837 cu—

545 3876 657 3946 piat
695 3887 912 3929 cursum
956 3872 1237 3942 utriusque
1283 3872 1642 3941 expositionis
1690 3882 1910 3943 aptare,
1961 3886 2141 3945 p0'est

544 3973 874 4035 extorquere
913 3963 1180 4031 fortassis,
1224 3972 1283 4017 ut
1314 3964 1475 4017 etiam
1508 3962 1576 4018 de
1610 3962 1828 4019 Christo
1877 3968 1990 4021 haec
2038 3950 2140 4021 hoc

546 4057 711 4114 modo
737 4056 1022 4111 videantur
1052 4054 1271 4123 intelligi
1307 4072 1320 4107 :
1355 4056 1487 4120 Quia
1521 4070 1623 4108 non
1652 4055 1854 4125 deﬁciet
1891 4055 2137 4127 Princeps

546 4162 611 4203 ex
633 4145 796 4213 Iuda,
828 4148 880 4202 id
907 4153 1013 4214 est,
1048 4144 1099 4199 hi
1130 4145 1219 4214 qui
1250 4154 1369 4213 post
1400 4147 1849 4202 resurrectionem
1878 4148 2014 4217 ejus,
2044 4150 2138 4204 Ec-

547 4239 835 4295 clesiarum
866 4237 1136 4307 principes
1158 4236 1474 4291 ordinantur
1500 4255 1516 4292 :
1546 4236 1610 4290 Et
1639 4240 1746 4291 dum
1768 4238 1830 4293 de
1858 4242 2135 4310 feruoribus

548 4332 682 4399 eius,
716 4329 879 4386 duces
914 4345 1125 4401 quoque
1166 4330 1346 4402 pOpuli
1376 4329 1827 4403 Christianorum,
1864 4335 1932 4390 de
1971 4334 2137 4392 femo-

2240 3322 2393 3394 (Osee
2426 3321 2525 3392 1.).
2560 3320 2781 3389 Abjecta
2811 3334 2941 3389 ergo
2970 3320 3142 3385 asina,
3174 3334 3296 3389 quae
3320 3334 3455 3375 onus
3486 3320 3641 3391 chis
3671 3324 3721 3375 in
3752 3322 3825 3376 in-

2243 3414 2501 3469 fidelitate
2535 3423 2747 3481 portare
2787 3413 2992 3478 maluit,
3035 3414 3213 3483 pullus
3260 3430 3325 3467 ex
3370 3414 3479 3482 ipsa
3531 3425 3688 3469 natus
3729 3416 3826 3470 elf-

2241 3509 2405 3579 gitttr,
2440 3507 2489 3562 id
2523 3515 2627 3572 est,
2663 3507 2907 3562 novellus
2941 3523 3003 3561 ex
3051 3507 3220 3563 veteri
3252 3521 3346 3576 per
3395 3508 3549 3561 lhlem
3601 3510 3826 3580 populus

2242 3602 2577 3664 adsciscitur,
2621 3615 2683 3655 ac
2734 3600 2929 3669 populo
2977 3614 3041 3654 ex
3086 3599 3344 3654 Gentibus
3389 3602 3644 3655 sociatur.
3692 3600 3825 3656 Vitis

2241 3708 2371 3763 ergo
2396 3693 2641 3747 Christus
2668 3708 2733 3746 ex
2766 3708 2827 3748 ea
2865 3701 3015 3761 parte
3044 3691 3261 3757 dicitur,
3293 3708 3394 3761 qua
3429 3704 3674 3747 naturam
3706 3708 3825 3748 sus-

2242 3784 2388 3853 cepit
2418 3783 2730 3849 humanam,
2760 3784 2825 3837 ad
2864 3796 3023 3853 quam
3055 3782 3148 3837 Dei
3183 3782 3402 3837 verbum
3433 3784 3633 3853 pullum
3673 3799 3826 3839 suum

2242 3876 2444 3946 alligat,
2481 3876 2532 3929 id
2559 3887 2664 3938 est,
2706 3875 2959 3945 p0pulum
2989 3890 3144 3928 sttum
3176 3874 3453 3943 conjungit
3478 3885 3531 3928 et
3574 3875 3745 3930 sociat
3778 3876 3827 3930 ei

2243 3950 2662 4030 converSutioni,
2704 3981 2863 4034 quam
2913 3966 3024 4031 ipse
3055 3967 3234 4035 exegit
3273 3964 3325 4018 in
3366 3980 3527 4019 carne
3559 3982 3574 4019 :
3608 3974 3666 4019 ut
3708 3965 3829 4019 inti-

2244 4061 2449 4115 tatione
2496 4060 2683 4129 ipsius,
2728 4059 2903 4127 pullus
2943 4057 3033 4127 qtti
3080 4057 3145 4109 ad
3200 4058 3373 4126 ipstttn
3430 4057 3677 4125 alligatus
3724 4068 3827 4123 est,

2244 4153 2510 4209 efficiatur
2552 4167 2672 4206 cum
2721 4152 2815 4204 illo
2843 4160 2897 4204 et
2940 4149 3077 4202 filius
3110 4148 3223 4212 Dei,
3253 4155 3307 4202 et
3348 4148 3591 4202 cohmres
3633 4147 3828 4203 Christi

2243 4245 2421 4316 (Rom.
2456 4244 2557 4311 8.).
2591 4242 2868 4296 Palmitem
2894 4251 3092 4303 autem,
3126 4240 3192 4293 de
3223 4255 3327 4308 quo
3360 4248 3383 4275 ι·
3409 4240 3577 4304 initio,
3602 4240 3727 4308 quid
3760 4240 3829 4294 si-

2246 4337 2552 4407 gnificaret,
2609 4333 2974 4403 exposuimus,
3033 4332 3333 4401 intelligere
3387 4346 3675 4400 possumus
3730 4331 3829 4386 hoc

623 4496 651 4563 ξ
689 4485 922 4541 Sanctus
944 4500 1155 4556 quoque
1174 4487 1511 4563 Ambrosius,
1540 4490 1692 4563 unius
1720 4496 1918 4563 natura:
1942 4487 1989 4541 F
1993 4489 2139 4548 ilium
2170 4500 2217 4559 ι)
2247 4491 2509 4563 dignitatis
2537 4486 2741 4563 amisit.
2766 4484 2829 4540 Et
2875 4484 3121 4563 laudatus
3152 4499 3295 4563 sape
3332 4484 3533 4563 Auctor
3570 4474 3827 4563 inedittts.

551 4558 651 4615 Dei
678 4574 791 4610 cum
828 4568 973 4628 patre
1006 4573 1132 4621 esse,
1166 4559 1337 4611 doceri
1377 4561 1621 4625 presenti
1652 4561 1935 4628 Versiculo,
1965 4572 2132 4618 notat.

553 4637 754 4684 Auctor
793 4627 1045 4690 inedittts,
1090 4629 1238 4694 Quod
1276 4639 1447 4699 autem
1479 4630 1760 4699 subjungit,
1804 4627 1931 4697 Quis
1963 4636 2139 4688 susci-

554 4700 688 4755 tabit
721 4700 882 4753 eum?
912 4700 1239 4767 subauditur,
1272 4700 1368 4753 nisi
1414 4698 1604 4754 Pater?
1646 4700 1699 4754 Ν
1705 4703 1840 4756 ullus
1867 4704 1999 4755 enim
2036 4722 2138 4759 non

555 4774 721 4823 dicam
760 4770 1028 4844 hominum
1067 4772 1399 4844 caducgrum,
1435 4776 1523 4844 sed
1555 4788 1648 4844 nec
1673 4774 1881 4844 quilibet
1920 4774 2141 4844 Angelo-

551 4857 693 4913 ijum,
735 4842 834 4913 nisi
874 4841 940 4904 is,
970 4845 1031 4895 de
1071 4858 1170 4908 quo
1222 4840 1407 4895 Petrus
1440 4840 1711 4906 Apostolus
1754 4843 1885 4897 dixit
1914 4840 2135 4913 luda‘is,

551 4912 722 4979 Qttetn
774 4912 914 4965 Deus
943 4914 1218 4966 suscitavit
1265 4928 1295 4967 a
1336 4914 1587 4979 tnortuis,
1636 4914 1788 4983 cujus
1830 4931 1926 4970 nos
1975 4912 2138 4971 testes

552 4998 763 5050 sumus,
787 4993 893 5036 etc.

624 5052 653 5092 δ
694 5050 897 5123 Οτωιεὶε
924 5054 1129 5123 utique,
1160 5069 1280 5107 nam
1320 5055 1421 5109 etsi
1462 5055 1643 5109 Latina
1678 5053 1904 5111 Ruﬁnus
1937 5058 2138 5123 laudet,

554 5135 665 5198 tota
711 5124 805 5198 illa
845 5122 1176 5198 Crarcorum,
1210 5140 1505 5191 eorumque
1551 5127 1780 5181 maxime
1824 5129 2137 5198 insignium,

553 5196 838 5251 diversitas
865 5195 1121 5249 librorum
1160 5207 1262 5251 est.
1294 5198 1446 5264 Quod
1478 5197 1523 5251 si
1553 5208 1667 5251 erat
1707 5195 2006 5252 communis
2036 5200 2139 5254 La-

556 5268 682 5321 tina:
710 5264 994 5331 Editionis,
1016 5277 1069 5321 et
1095 5282 1253 5335 quam
1278 5278 1470 5321 Vocant
1499 5270 1653 5337 vulgo
1677 5267 1933 5331 Italicam,
1961 5271 2137 5334 lectio.

553 5353 713 5403 quant
737 5338 915 5407 priore
944 5339 1061 5391 loco
1092 5338 1293 5404 laudat,
1324 5354 1443 5392 eam
1467 5340 1785 5406 conjicintus
1814 5341 1882 5391 ab
1910 5342 2143 5397 Alexan-

554 5409 731 5483 drino,
766 5408 962 5483 alicubi
994 5408 1169 5483 minus
1194 5411 1478 5483 emendato
1513 5411 1718 5473 codice,
1750 5411 1815 5463 τὰ
1843 5412 2141 5483 ἀποκείμενα

554 5480 699 5549 αὐτῷ
731 5478 1069 5547 praeferente,
1102 5482 1398 5549 derivatum
1440 5498 1451 5532 :
1501 5482 1705 5535 restitui
1744 5490 1920 5535 autem
1956 5478 2143 5537 rectis-

552 5548 687 5605 sime
706 5565 774 5624 et
808 5549 1061 5624 Vaticano
1148 5553 1435 5624 ἀπόκειτσςι,
1462 5553 1543 5604 cui
1568 5552 1844 5624 repositum
1862 5559 1957 5624 est.

631 5633 651 5658 ε
694 5619 826 5674 Cum
848 5622 999 5680 alibi.
1025 5616 1133 5675 tum
1158 5622 1452 5689 prazsertitn
1475 5616 1859 5689 Antiquitatunt
1881 5622 1973 5673 ltb.
1998 5616 2137 5674 XIV.

554 5692 659 5745 Sed
689 5693 804 5745 [nec
844 5702 984 5762 apud
1018 5699 1236 5755 veteres
1281 5694 1383 5746 loci
1430 5693 1694 5762 expositio
1726 5692 1881 5758 vulgo
1900 5690 2139 5762 obtinet.

555 5764 613 5817 S.
636 5760 970 5830 Ambrosius,
1000 5762 1067 5817 Ut
1089 5764 1377 5828 docuimus,
1405 5760 1594 5830 inquit,
1618 5760 1861 5813 Tractatu
1893 5760 1944 5812 in
1976 5762 2143 5814 Eran-

553 5835 764 5905 geliunt,
788 5850 876 5907 per
894 5828 1154 5891 Herodem
1174 5835 1465 5888 adulterata
1484 5828 1732 5893 successio
1757 5835 2141 5902 prwrogativam

2251 4554 2528 4631 Quousque
2564 4558 2795 4631 Herodes
2831 4556 3119 4631 alienigena
3165 4554 3273 4631 "ea:
3308 4556 3379 4609 eis
3415 4558 3828 4631 constitueretur-

2247 4625 2311 4689 Et
2343 4625 2461 4703 post
2500 4626 2973 4703 itaut~a,_llyrcaito
3017 4629 3195 4678 ultimo
3230 4625 3363 4703 {iege
3404 4625 3710 4703 Judteorum
3735 4645 3828 4703 ex-

2245 4695 2417 4759 tremis
2447 4695 2596 4753 malis
2645 4695 2874 4761 addicto,
2917 4714 3127 4767 regnum
3168 4712 3199 4748 a
3231 4695 3431 4751 Ca'sare
3458 4698 3686 4765 Augusto
3724 4697 3828 4751 lle-

2243 4784 2390 4829 rodes
2436 4772 2729 4840 alienigena
2774 4765 2993 4840 suscepit
3041 4765 3354 4840 Iudaicum,
3405 4769 3560 4840 cujus
3608 4778 3829 4840 tempore

2242 4847 2521 4900 secundum
2548 4837 2681 4893 hanc
2710 4838 3049 4907 praphetiam,
3084 4848 3131 4890 et
3171 4837 3434 4907 Et'angelii
3466 4837 3825 4902 testimonium,

2243 4919 2286 4970 is
2311 4918 2397 4987 qui
2432 4916 2702 4987 mittendus
2729 4921 2858 4975 erat,
2893 4909 3146 4962 Dominus
3180 4918 3225 4962 et
3260 4908 3501 4963 Salvator
3535 4921 3709 4964 noster
3734 4910 3828 4963 ad-

2242 4982 2398 5041 venit.
2434 4986 2580 5039 Mitto
2604 4982 2756 5034 alios.
3216 5024 3217 5027 η

2314 5054 2341 5093 ἀ
2382 5054 2657 5111 Consentit
2686 5052 2813 5119 ipsis
2845 5065 2979 5119 pene
3009 5050 3187 5104 verb’s
3211 5053 3413 5105 Auctor
3444 5052 3680 5107 nondum
3711 5054 3827 5109 vul-

2244 5137 2416 5198 gatus,
2450 5124 2515 5177 In
2535 5125 2647 5198 γΙιὶς,
2682 5122 2950 5191 inquiens,
2982 5122 3144 5198 verbis
3173 5121 3299 5198 nihil
3330 5121 3828 5198 Itisloricuntreqtti-

2242 5191 2409 5262 intur,
2453 5197 2540 5250 sed
2575 5204 2735 5247 totttm
2780 5198 2947 5258 typice
2995 5195 3185 5243 dictum
3234 5191 3578 5260 intelligatur.
3632 5191 3829 5263 Ligarii

2244 5270 2376 5323 enim
2418 5267 2663 5319 Dominus
2708 5271 2754 5315 et
2792 5263 3033 5317 Salvator
3068 5272 3238 5315 noster
3276 5264 3345 5315 ad
3384 5267 3585 5317 vineam
3632 5268 3830 5330 pullum

2243 5356 2414 5401 suum,
2437 5338 2643 5407 quando
2664 5334 2910 5404 populum
2934 5338 3203 5407 nationum
3233 5336 3535 5407 indomitum
3563 5338 3829 5405 pra'ceptis

2242 5404 2469 5463 subdidit
2502 5407 2886 5473 Apostolorum,
2934 5415 3038 5457 etc.
3074 5404 3315 5474 Alligavit
3357 5407 3508 5457 etiam
3551 5404 3619 5457 ad
3660 5410 3828 5467 vitem,

2244 5482 2395 5542 idest,
2427 5476 2731 5534 Ecvlesiatn.
2769 5480 2967 5528 asinam
3000 5491 3166 5537 suam,
3212 5476 3439 5527 videlicet
3475 5478 3826 5547 Synagogam,

2243 5568 2397 5619 quam
2428 5551 2480 5601 in
2528 5552 2630 5615 line
2667 5549 2839 5619 siccati
2878 5564 2923 5619 αν
2952 5547 3476 5619 per/idta_recocans,
3517 5552 3651 5615 jugo
3683 5550 3828 5618 Legi:

2244 5615 2561 5690 oppressam,
2593 5618 2925 5690 discipulatui
2953 5618 3134 5670 sttbdet
3164 5615 3426 5680 Ecclesia,
3455 5629 3605 5688 atque
3634 5622 3705 5673 ita
3743 5615 3826 5687 [iet

2245 5688 2378 5744 unus
2408 5706 2550 5763 grex,
2583 5702 2626 5763 et
2659 5706 2789 5741 unus
2822 5688 3023 5763 Pastor,
3051 5697 3155 5741 etc.

2320 5769 2343 5797 ο
2387 5759 2439 5813 lit
2475 5761 2791 5813 l’rzefatinne
2826 5761 3070 5827 proxime
3103 5759 3446 5826 prmcetlcnti,
3481 5761 3592 5816 sive
3625 5777 3821 5817 nttncu~

2247 5834 2451 5902 patoria
2484 5832 2547 5885 atl
2574 5832 2850 5886 Pdt’llttlllll
2884 5832 3050 5897 Epist.
3089 5846 3234 5881 nntn.
3263 5848 3315 5883 ο.
