4078 6346
288 360 392 421 305

939 364 1028 420 DE
1068 365 1679 428 BENEDlCTIONIBUS
1717 370 2313 432 PATRIARCIIARUM
2355 374 2556 432 LIBER
2598 378 2873 439 PRIMUS.

3418 368 3426 377 ’
3460 389 3565 446 sos

285 476 465 533 modo.
494 473 657 531 Fides
701 492 820 547 quae
859 477 917 535 in
958 480 1176 534 Christo
1217 491 1319 547 est,
1347 492 1401 537 et
1430 484 1709 551 prasentis
1755 486 1877 541 vitae
1903 490 1952 546 A
1980 489 2127 544 verbi
2181 492 2311 558 Dei,
2357 505 2558 563 quanto
2603 498 2853 567 capacior
2907 498 3093 555 ell'ecta
3151 500 3311 557 fuerit
3358 504 3563 574 anima,

286 569 523 639 regulam
569 576 596 605 λ
630 576 799 634 tenet,
846 578 900 623 et
947 570 1136 626 futura:
1176 574 1290 642 spei
1342 573 1589 630 fiduciam
1636 585 1874 644 praestat.

290 662 424 718 Vitis
466 677 599 734 ergo
650 664 859 721 videtur
887 665 1017 719 illud
1052 667 1357 734 ostendere,
1406 669 1548 738 quod
1593 669 1789 725 Christi
1820 670 1874 726 in

284 772 448 813 carne
492 758 652 825 positi
699 768 873 828 gesta,
906 759 959 814 in
1005 759 1124 827 ipso
1156 760 1461 826 credentes,
1493 770 1547 816 et
1575 762 1675 832 ipsi
1708 762 1877 818 inhae-

287 859 469 906 rentes
498 849 779 904 imitantur
812 869 826 904 :
860 852 1062 921 palmes
1092 867 1243 915 vero,
1273 851 1325 907 id
1361 862 1464 917 est,
1488 855 1611 920 ate,
1640 856 1728 925 qui
1764 870 1874 911 non

286 953 392 997 tam
425 944 653 1014 palmes,
683 960 846 1011 quam
883 944 1010 999 illud
1050 945 1381 1016 intelligitur,
1414 962 1521 1016 quo
1552 949 1758 1016 palmes
1788 964 1875 1004 ar-

284 1035 402 1091 bori
435 1035 796 1104 connecdtur,
826 1045 881 1091 et
905 1037 1258 1093 confirmatur
1286 1054 1314 1092 a
1352 1038 1504 1108 lapsu
1543 1040 1676 1111 (quo
1703 1040 1874 1095 admi-

285 1128 465 1183 niculo
497 1138 669 1194 tutus,
698 1137 889 1184 ventos
932 1143 996 1183 ac
1036 1129 1277 1186 turbines
1320 1132 1618 1187 contemnit
1662 1142 1716 1187 et
1757 1149 1874 1189 res-

286 1219 427 1289 puit)
458 1220 759 1275 futurorum
788 1219 816 1258 ι’
837 1220 1104 1277 bonorum
1126 1222 1325 1278 indicat
1344 1239 1518 1293 spem,
1540 1226 1663 1294 quia
1688 1225 1871 1281 fideles

281 1311 479 1382 quique
507 1328 614 1367 non
646 1313 817 1369 solum
849 1314 903 1368 in
932 1314 997 1368 iis
1045 1329 1165 1385 qua:
1203 1325 1446 1386 egerunt,
1476 1317 1571 1371 sed
1597 1326 1652 1373 et
1692 1318 1745 1371 in
1790 1317 1871 1374 his

282 1419 403 1472 qua:
451 1414 674 1473 sperant
722 1414 778 1462 et
824 1406 1051 1462 credunt
1102 1406 1303 1473 futura,
1349 1410 1870 1465 consummationem

282 1495 477 1551 salutis
494 1507 848 1567 exspectant:
879 1499 940 1553 in
961 1513 1071 1569 quo
1096 1500 1247 1570 quasi
1272 1499 1335 1553 ad
1368 1501 1634 1569 quandam
1663 1502 1873 1570 patien-

283 1587 372 1643 tia:
415 1588 691 1658 arborem,
741 1603 837 1659 spe
866 1590 1028 1646 vincti
1080 1604 1145 1645 ac
1187 1591 1489 1647 conﬁrmati
1519 1594 1869 1649 tentationum

284 1680 548 1748 procellas
596 1695 660 1736 ac
710 1682 949 1738 turbines
1013 1682 1210 1738 ferunt.
1276 1682 1429 1751 Quod
1478 1681 1548 1740 de
1600 1685 1869 1741 Historiali

282 1772 416 1830 Juda
447 1776 814 1846 interpretari,
845 1779 987 1833 nulla
1019 1779 1150 1834 mihi
1178 1780 1317 1835 ratio
1344 1784 1444 1852 12
1471 1781 1683 1837 videtur
1711 1795 1869 1851 posse

1978 587 2128 634 tanto
2153 583 2340 649 purior
2370 586 2449 649 lit,
2488 596 2542 641 et
2571 587 2781 642 lavatur
2804 589 3045 659 quotidie
3072 590 3138 645 ad
3169 591 3408 648 scientia:
3435 610 3563 665 pro-

1977 671 2173 727 fectum
2227 685 2331 729 :et
2373 676 2603 747 jungens
2632 694 2693 733 se
2735 681 2987 749 Domino,
3041 697 3149 738 non
3199 684 3374 739 solum
3426 687 3562 741 ami-

1975 776 2093 820 ctus
2141 768 2275 836 ejus.
2334 785 2519 825 verum
2559 773 2720 828 etiam
2772 790 2910 830 ttnus
2953 776 3061 845 jam
3117 793 3238 833 cum
3302 781 3410 857 13
3449 779 3567 848 ipso

1975 860 2195 930 Spiritus
2228 862 2337 916 fiet.
2374 863 2508 919 Huic
2558 867 2857 923 contrarius
2895 880 3011 924 erat
3048 871 3275 927 amictus
3330 875 3423 931 ille
3470 892 3568 945 po-

1976 952 2085 1020 puli
2135 949 2319 1016 lsrael,
2376 953 2430 1007 in
2485 970 2613 1023 quo,
2658 966 2716 1012 ut
2758 960 2930 1029 gentis
2989 961 3373 1031 impudicitiam
3429 966 3550 1025 desi

1975 1055 2180 1115 gnaret,
2211 1060 2315 1097 non
2368 1054 2473 1100 tam
2523 1050 2799 1115 amictum,
2844 1068 3001 1122 quam
3048 1056 3478 1124 prtecinctorium
3510 1060 3564 1115 id

1975 1134 2293 1203 nominavit,
2326 1136 2465 1205 quod
2504 1136 2762 1195 Jeremias
2802 1143 3137 1199 circumdare
3182 1146 3379 1202 lumbis
3429 1149 3565 1215 suis,

1974 1234 2029 1279 et
2048 1224 2259 1280 auferre
2280 1242 2485 1296 rursus,
2504 1237 2665 1299 atque
2680 1230 2731 1285 in
2761 1231 3082 1300 Euphratem
3103 1237 3565 1306 jubcturabscon-

1973 1318 2102 1373 dere
2132 1318 2264 1388 (Jer.
2291 1318 2429 1390 15.).

2046 1412 2099 1467 5.
2137 1410 2393 1481 Gratiﬁci,
2427 1413 2620 1482 inquit,
2651 1418 2787 1471 oculi
2814 1420 2926 1485 eius
2952 1438 2983 1474 a
3016 1422 3153 1488 vino,
3178 1434 3225 1481 et
3251 1426 3427 1483 dentes
3454 1430 3565 1499 ejus

1973 1501 2301 1556 candidiores
2324 1502 2451 1557 lacte
2476 1503 2626 1575 (Gen.
2651 1505 2739 1560 49.
2768 1508 2905 1580 εει).
2923 1510 3083 1567 Vides
3108 1518 3568 1585 quomodollisto-

1974 1592 2162 1647 rialem
2190 1593 2544 1661 intellectum,
2568 1612 2693 1667 erga
2733 1599 2892 1655 linem
2924 1604 3210 1675 prmcipue,
3244 1620 3481 1679 amputat
3513 1621 3569 1668 et

1973 1684 2278 1740 abscindit?
2305 1686 2361 1742 Si
2404 1690 2547 1742 enim
2580 1692 2757 1746 adhuc
2798 1698 3184 1754 comentiosius
3230 1712 3450 1771 agentes
3480 1706 3566 1760 di-

1973 1789 2100 1831 cere
2129 1777 2374 1843 velimus,
2401 1781 2524 1849 quia
2556 1785 2785 1851 gratilici
2819 1797 2945 1842 sunt
2983 1791 3123 1844 oculi
3154 1791 3305 1848 Juda:
3345 1810 3408 1849 ex
3440 1790 3568 1853 vino

286 1867 619 1935 permittere,
648 1869 748 1924 nisi
781 1869 827 1924 si
860 1869 1098 1925 Judaicis
1139 1870 1333 1927 {abuIis
1368 1873 1728 1941 attendentes,
1771 1889 1865 1943 pu-
1900 1873 1949 1934 B
1976 1882 2084 1937 prae
2106 1868 2428 1925 abundantia
2456 1874 2587 1941 viui,
2614 1885 2669 1929 ut
2698 1891 2857 1946 supra
2885 1880 3138 1945 diximus.
3167 1894 3223 1941 ct
3242 1887 3568 1947 abundantia

283 1966 455 2013 temus
485 1958 558 2013 ita
578 1974 738 2029 posse
764 1962 982 2032 intelligi
1012 1978 1107 2033 pro
1132 1978 1200 2018 eo
1225 1964 1364 2032 quod
1386 1964 1591 2035 dicunt,
1612 1976 1637 2007 ο
1658 1976 1862 2037 partem

283 2049 451 2104 tribus
479 2050 657 2117 Iudae,
689 2068 846 2122 quam
896 2053 949 2107 in
982 2063 1141 2110 terra:
1188 2054 1557 2112 [nereditatem
1588 2057 1863 2125 suscepit,

278 2141 349 2196 ita
388 2157 514 2198 esse
544 2142 801 2198 refertam
832 2144 1025 2210 vineis,
1078 2155 1134 2200 ut
1175 2156 1426 2217 tanquam
1470 2149 1614 2203 nullo
1644 2148 1865 2203 alterius

278 2234 493 2303 generis
520 2233 790 2289 existente
819 2236 1071 2305 virgulto,
1105 2245 1247 2291 tanta
1288 2252 1408 2293 esse
1436 2237 1561 2292 vitis
1593 2238 1749 2308 copia
1780 2238 1864 2292 vi-

278 2323 497 2391 deatur,
549 2334 608 2380 ut
668 2340 737 2381 ne
786 2326 986 2381 animal
1026 2327 1241 2397 quidem
1300 2329 1553 2399 alligandi
1602 2329 1668 2383 ad
1719 2328 1865 2385 aliud

275 2430 444 2482 genus
473 2418 687 2472 arboris
715 2417 872 2474 detur
902 2418 1151 2475 facultas.
1198 2420 1305 2476 Sed
1337 2420 1473 2487 haec,
1507 2430 1563 2476 ut
1605 2421 1863 2489 diximus,

278 2507 498 2563 Iudaica
541 2512 713 2581 magis
742 2522 1045 2566 commenta
1089 2513 1445 2581 videbuntur;
1483 2515 1640 2570 nobis
1684 2525 1863 2570 autem

280 2598 502 2672 Mystica
538 2602 678 2670 plus,
709 2604 871 2657 etiam
903 2606 946 2657 si
979 2605 1092 2659 soia
1118 2606 1206 2671 sit,
1238 2606 1444 2675 placeat
1473 2607 1757 2675 espositio.

347 2689 403 2747 5.
444 2691 661 2746 ιαυαὸἅι
692 2694 744 2747 in
773 2694 886 2747 vino
916 2695 1104 2749 stolam
1128 2713 1290 2761 suam,
1322 2707 1370 2751 et
1400 2698 1451 2751 in
1481 2700 1731 2769 sanguine
1757 2715 1868 2755 uva

279 2783 522 2837 amictum
563 2800 714 2838 suum
755 2784 909 2855 (Gen.
956 2784 1045 2840 49.
1096 2787 1233 2856 {l.).
1282 2787 1614 2843 Videbuntur
1650 2800 1704 2845 et
1751 2790 1865 2845 htec

281 2882 484 2929 tantum
505 2874 573 2930 ad
597 2876 915 2930 llistoricam
937 2876 1325 2943 expositionem
1351 2879 1616 2947 pertinere
1640 2896 1652 2931 :
1672 2895 1858 2951 agrum

280 2965 506 3022 fertilem
542 2968 692 3033 vitis,
725 2976 781 3022 ct
822 2968 1208 3040 hyperbolicés
1246 2968 1351 3024 vini
1384 2970 1761 3025 abundantiam
1793 2971 1865 3027 si-

278 3064 567 3132 gniﬁcare;
610 3062 705 3116 sed
737 3063 1055 3118 nobiliorem
1100 3077 1315 3118 sensum
1363 3063 1581 3135 Mystica
1619 3063 1867 3134 producit

281 3154 566 3224 expositio.
602 3154 735 3209 Nam
779 3154 919 3210 stola
960 3154 1185 3220 Christi,
1216 3171 1339 3224 qua:
1376 3156 1582 3210 lavatur
1622 3156 1673 3210 in
1713 3156 1862 3222 vino,

1972 1959 2311 2029 poculorum,
2344 1962 2471 2029 quid
2508 1963 2575 2018 de
2622 1968 2865 2023 candidis
2912 1971 3161 2031 dentibus
3211 1981 3568 2048 respondebi-

1969 2066 2089 2107 mus
2109 2049 2136 2089 ἀ
2162 2092 2178 2118 ,
2208 2063 2261 2108 et
2290 2055 2544 2122 qualitate
2573 2056 2747 2125 lactis,
2776 2062 3036 2128 prolatis?
3065 2065 3119 2119 lu
3145 2083 3250 2136 quo
3273 2070 3567 2129 adtersum

1968 2146 2246 2201 veritatem
2296 2164 2398 2201 non
2442 2159 2524 2203 est
2562 2152 2824 2222 agendum
2856 2155 3212 2224 impudenter.
3248 2162 3351 2219 Sed
3391 2167 3566 2225 inter-

1969 2238 2220 2304 ruptione
2260 2238 2623 2309 intelligentiae
2676 2242 2976 2303 llistorialis
3015 2252 3238 2319 exclusi,
3281 2256 3345 2311 ad
3389 2258 3563 2328 Spiri-

1968 2328 2129 2383 tualis
2170 2328 2524 2398 expositionis
2561 2333 2801 2389 ordinem
2842 2338 3147 2397 redeamus.
3186 2344 3565 2419 Gratiﬁci,in-

1970 2422 2105 2491 quit,
2123 2424 2265 2477 oculi
2278 2426 2391 2495 ejus
2410 2441 2441 2478 a
2460 2425 2594 2480 vino.
2615 2427 2871 2497 Superius
2896 2437 3227 2493 ostendimus
3255 2443 3562 2511 Apostolica

1969 2516 2552 2583 auctoritate,membra
2582 2519 2780 2576 Christi
2810 2522 2912 2579 dici
2945 2525 3137 2597 dignos
3167 2547 3406 2602 quosque
3433 2537 3560 2593 lide-

1969 2605 2118 2675 liutn,
2147 2617 2201 2662 et
2244 2608 2454 2663 diversa
2495 2611 2839 2681 singulariter
2867 2620 3105 2673 membra
3151 2624 3435 2692 nominari,
3466 2644 3563 2697 pro

1968 2714 2035 2755 eo
2064 2700 2203 2770 quod
2232 2704 2593 2773 unusquisque
2619 2708 2763 2761 omni
2790 2707 3045 2766 Ecclesiae
3076 2717 3284 2785 corpori
3312 2718 3564 2789 dependit

1969 2793 2226 2849 officium.
2259 2795 2431 2851 Erunt
2471 2798 2612 2852 enim
2665 2801 2826 2867 pedes
2873 2802 3090 2873 Christi,
3119 2809 3207 2877 qui
3240 2822 3459 2866 currunt
3492 2814 3559 2872 ad

1974 2887 2268 2944 faciendam
2285 2904 2491 2958 pacem,
2509 2891 2598 2960 qui
2614 2896 2911 2962 perguntad
2929 2897 3351 2957 subveniendum
3371 2902 3449 2958 his
3467 2906 3557 2975 qni

1969 2979 2022 3034 in
2061 2983 2381 3037 necessitate
2411 2995 2535 3040 sunt
2564 2987 2740 3053 positi.
2776 2987 2942 3044 Erunt
2978 3006 3165 3046 manus
3192 2993 3409 3060 Christi,
3440 3011 3561 3065 quae

1967 3073 2032 3128 ad
2057 3073 2473 3132 misericordiam
2497 3081 2878 3150 extenduntur,
2895 3100 3013 3153 qnze
3038 3085 3290 3140 auxilium
3314 3088 3557 3158 indigen-

1971 3163 2111 3219 tibus
2142 3166 2336 3231 ferunt,
2366 3182 2484 3235 qua:
2513 3168 2754 3224 invalidis
2776 3171 2839 3224 ad
2868 3172 3247 3228 adminiculum
3280 3178 3561 3246 porrigun-

280 3246 469 3301 merito
519 3244 637 3314 ejus
682 3245 993 3316 intelligitur
1044 3246 1283 3301 Ecclesia
1305 3286 1321 3313 ,
1380 3260 1536 3315 quam
1593 3246 1707 3317 ipse
1757 3247 1858 3301 sibi
1890 3241 1936 3304 C
1969 3262 2072 3309 tur.
2097 3255 2185 3311 Sic
2205 3268 2357 3311 erunt
2381 3259 2520 3313 oculi
2544 3260 2737 3314 Christi
2762 3263 3110 3331 quiscientiae
3139 3241 3314 3319 lumen
3340 3241 3557 3336 corpori

281 3335 562 3390 mandavit
586 3336 845 3405 sanguine
875 3351 994 3401 suo,
1036 3351 1141 3391 non
1172 3336 1456 3392 habentem
1500 3337 1765 3392 maculam
1809 3345 1865 3392 et

284 3439 469 3495 rugam
505 3424 719 3497 (Ep/tes.
749 3426 852 3498 5.).
888 3426 1011 3482 Non
1043 3429 1197 3493 enim,
1234 3428 1408 3498 inquit
1434 3428 1743 3498 Apostolus,
1780 3446 1863 3483 ar-

279 3526 427 3586 gento
467 3518 544 3571 uel
583 3533 711 3571 auro
756 3518 1008 3584 redempti
1049 3519 1187 3585 estis,
1233 3519 1321 3572 sed
1359 3519 1578 3589 pretioso
1616 3519 1865 3591 sanguine

285 3606 545 3678 Unigem‘ti
567 3624 600 3663 a
630 3607 740 3663 Deo
762 3609 835 3679 (l.
877 3607 988 3663 Pet.
1026 3610 1121 3679 l.).
1154 3608 1210 3665 In
1242 3609 1397 3681 hujus
1424 3626 1554 3681 ergo
1589 3612 1865 3684 sanguinis

279 3700 420 3765 vino,
455 3699 507 3754 id
538 3708 643 3765 est,
677 3699 891 3755 lavacro
920 3701 1366 3771 regenerationis,
1401 3718 1435 3756 a
1468 3702 1681 3759 Christo
1720 3704 1863 3759 lava-

281 3802 365 3847 tur
395 3792 663 3848 Ecclesia.
695 3793 1103 3863 Conscpelimur
1128 3794 1270 3848 enim
1300 3795 1373 3850 illi
1410 3809 1504 3862 per
1532 3795 1863 3864 Baptismum

279 3883 330 3938 in
360 3893 535 3940 morte
563 3892 624 3939 et.
646 3887 906 3956 sanguine
947 3885 1137 3955 ipsius,
1171 3886 1221 3940 id
1261 3898 1363 3952 cst,
1396 3887 1450 3941 in
1483 3898 1655 3943 morte
1696 3888 1865 3959 ipsius

282 3975 634 4046 baptisamur.
673 3977 726 4031 In
765 3979 1023 4046 sanguine
1051 3986 1228 4033 autem
1262 3993 1398 4042 υνδε,
1431 3980 1703 4049 quomodo
1731 3980 1865 4035 ami—

280 4080 422 4123 etum
463 4082 619 4121 suum
666 4066 827 4131 lavet,
856 4067 1145 4122 videndum
1187 4077 1288 4123 est.
1336 4068 1600 4133 Amirtus,
1645 4072 1864 4140 propin-

283 4158 435 4224 quior
466 4158 734 4227 quaedam,
767 4158 849 4212 vel
891 4160 1149 4213 secretior
1192 4161 1404 4228 corpori
1449 4161 1611 4214 vestis
1656 4163 1866 4216 videtur

283 4263 401 4307 esse
422 4266 582 4320 quam
611 4252 765 4306 stola.
802 4252 862 4306 lli
888 4267 1017 4322 ergo
1042 4254 1129 4322 qui
1162 4254 1306 4322 prius
1334 4268 1426 4322 per
1450 4252 1719 4308 lavacrum
1747 4254 1863 4321 loti,

283 4340 419 4394 stola
451 4341 570 4410 ejus
604 4340 812 4395 fuerant
842 4341 1040 4405 effecti,
1075 4353 1417 4413 posteaquam
1450 4344 1515 4400 ad
1560 4360 1867 4400 sacramen-

283 4436 391 4486 tum
442 4432 721 4500 sanguinis
767 4449 882 4487 uvae
938 4444 1335 4503 pervenerunt,
1388 4436 1548 4491 veluti
1596 4438 1866 4493 interioris

286 4521 545 4589 mysterii,
580 4522 997 4591 secretiorisque
1026 4525 1253 4580 amictus
1288 4525 1403 4594 ejus
1434 4528 1717 4596 participes
1744 4544 1865 4584 esse

1966 3348 2221 3402 universo
2263 3356 2538 3417 prmstant,
2568 3353 2706 3406 sicut
2754 3353 2806 3406 in
2839 3354 3132 3425 Evangelio
3163 3356 3425 3424 scriptum
3453 3367 3556 3424 est,

1969 3435 2205 3493 Lucerna
2248 3442 2474 3511 corporis
2512 3442 2583 3495 tui
2619 3451 2690 3496 est
2719 3445 2894 3498 oculus
2935 3455 3052 3500 tuus
3083 3445 3295 3518 (Matth.
3327 3446 3379 3503 6.
3414 3447 3555 3517 92.).

1966 3529 2206 3586 Gratifici
2237 3547 2366 3602 ergo
2390 3542 2515 3587 sunt
2544 3534 2684 3588 oculi
2718 3535 2802 3589 iSti
2842 3553 2853 3588 :
2887 3535 3078 3591 Sermo
3106 3536 3246 3591 cnim
3279 3538 3567 3607 sapientiae

1966 3623 2078 3678 sale
2122 3623 2368 3679 conditus
2414 3634 2517 3690 est,
2561 3636 2618 3680 ut
2655 3627 2746 3682 det
2780 3630 3004 3699 gratiam
3043 3631 3401 3686 audientibus.
3439 3632 3557 3687 Non

1967 3729 2097 3787 ergo
2119 3730 2215 3785 pro
2242 3717 2342 3771 hoc
2364 3718 2531 3773 solum
2564 3729 2587 3756 θ
2620 3722 2891 3790 gratificus
2912 3722 3131 3790 dicitur,
3160 3726 3282 3794 quia
3312 3726 3558 3781 scientias

1967 3825 2272 3867 sermonem
2306 3814 2593 3881 ministrat,
2627 3816 2720 3870 sed
2749 3817 2889 3887 quod
2922 3817 3079 3874 habet
3126 3819 3177 3872 in
3219 3834 3279 3874 se
3310 3819 3555 3887 gratiam,
3642 3844 3645 3847 π

1968 3902 2111 3958 facit.
2145 3904 2237 3959 llis
2266 3906 2407 3959 enim
2437 3908 2648 3973 auditis,
2683 3909 2878 3979 inquit,
2909 3911 3115 3979 sapiens
3157 3912 3434 3981 sapientior
3464 3912 3565 3965 erit

1969 3991 2148 4063 (Prov.
2180 3995 2282 4067 5.).
2313 3997 2553 4053 Gratifici
2584 4014 2711 4071 ergo
2741 4010 2865 4054 sunt
2893 4002 3030 4055 oculi
3058 4002 3173 4072 ejus
3203 4018 3231 4055 a
3263 4003 3406 4067 vino,
3434 4003 3558 4072 quia

1969 4084 2100 4139 nihil
2128 4096 2207 4141 est
2230 4088 2532 4155 aquaticum
2561 4090 2611 4142 in
2636 4090 2801 4145 verbo
2831 4093 3126 4161 Sapientiae,
3161 4091 3264 4162 14
3291 4092 3419 4145 nihil
3441 4092 3559 4146 flui-

1968 4176 2115 4241 dum,
2152 4179 2280 4233 nihil
2312 4180 2560 4249 frigidum
2592 4199 2604 4233 :
2639 4182 2732 4235 sed
2767 4184 2944 4237 vinum
2992 4183 3133 4251 quod
3185 4183 3421 4239 laetiﬁcat
3463 4197 3558 4239 cor

1969 4265 2221 4332 hominis,
2249 4277 2301 4321 et
2340 4270 2483 4337 quod
2528 4270 2825 4325 infunditur
2848 4272 3158 4327 vulneribus
3186 4274 3332 4328 illius
3358 4274 3448 4344 qui
3475 4274 3557 4329 in-

1966 4357 2095 4412 cidit
2142 4357 2196 4410 in
2247 4359 2501 4414 latroncs.
2548 4361 2664 4427 Quo
2713 4361 2916 4417 scilicet
2956 4362 3287 4417 audientium
3332 4364 3567 4421 vulnera

1968 4456 2307 4516 peccatorum
2354 4466 2458 4505 non
2491 4453 2662 4505 solum
2697 4451 2798 4507 olei
2849 4453 3070 4509 lenitate
3110 4453 3435 4525 mitigentur,
3468 4473 3558 4513 ve-

1969 4556 2087 4595 rum
2134 4542 2294 4596 etiam
2344 4544 2453 4596 vini
2497 4547 2808 4600 austeritate
2850 4556 3160 4617 purgentur.
3195 4546 3262 4601 Et
3295 4549 3409 4620 quis
3460 4560 3553 4617 est,

284 4609 554 4666 dicuntur.
579 4612 814 4667 Lavatur
831 4616 975 4669 enim
1000 4616 1162 4669 ctiam
1186 4617 1236 4671 in
1257 4633 1369 4671 uva:
1388 4619 1642 4687 sanguine
1662 4622 1860 4688 anima,
1894 4616 1947 4676 Ι)
1972 4633 2141 4700 inquit
2160 4635 2466 4707 Apostolus,
2490 4638 2581 4708 qui
2610 4654 2688 4691 me
2716 4639 2962 4707 laniﬁca},
2993 4641 3092 4694 n'gj
3111 4640 3201 4707 qui
3229 4645 3559 4699 εοηιήδωιυτ

284 4717 402 4755 cum
455 4706 777 4760 sacramenti
837 4707 999 4775 hujus
1053 4710 1279 4777 cmperit
1324 4724 1517 4779 capere
1578 4714 1863 4770 rationem.

283 4792 471 4863 Agnita
504 4810 736 4866 namque
760 4807 813 4852 et
840 4798 1110 4855 intellecta
1138 4799 1335 4857 virtute
1356 4804 1647 4873 sanguinis,
1673 4786 1865 4862 virtute

355 4960 380 4988 η
421 4950 635 5029 Revoca
665 4952 773 5025 Ms.
806 4954 1087 5029 lectionem
1118 4966 1270 5024 tenet,
1319 4973 1475 5029 quam
1509 4963 1627 5013 sine
1676 4975 1862 5017 caussa

286 5020 528 5101 Barrants
554 5020 813 5101 rejecerat
859 5028 922 5101 ad
957 5026 1075 5080 libri
1112 5020 1285 5101 oraui,
1318 5020 1767 5101 substitueratque
1796 5033 1863 5087 de

282 5106 379 5172 suo
399 5094 680 5172 ministrat.
711 5093 967 5172 Regulam
997 5106 1178 5151 tenere
1212 5100 1349 5153 idem
1373 5112 1456 5155 est
1487 5093 1861 5172 ltulino'atque

286 5162 521 5217 habenas
553 5162 841 5229 moderari,
877 5168 1080 5221 frenum
1110 5178 1313 5223 tcncre.

354 5231 381 5271 δ
419 5233 605 5304 Neque
633 5234 733 5308 hoc
772 5251 973 5290 caussa:
1013 5248 1127 5292 erat
1167 5238 1381 5293 Barrzeo
1408 5241 1652 5308 verbum,
1682 5250 1738 5295 ut
1768 5256 1858 5298 re-

284 5314 520 5378 spueret,
555 5306 901 5378 ac_d_onornm
931 5324 993 5361 cx
1028 5309 1241 5378 iugi-nio
1273 5309 1607 5366 rescriberet.

358 5385 379 5411 ι·
422 5374 583 5428 Adito
608 5373 833 5429 Criticos
858 5373 1328 5448 Sacrosfquorum
1364 5382 1476 5435 haec
1504 5389 1587 5435 est
1618 5399 1717 5438 una
1742 5399 1860 5437 om-

285 5445 429 5497 nium
452 5448 986 5518 concorssententia.
1012 5458 1065 5502 et
1087 5445 1182 5503 loci
1212 5453 1581 5518 interpretatio
1609 5455 1673 5507 ad
1707 5463 1857 5509 vete-

285 5528 400 5567 rum
432 5531 537 5583 quo
579 5531 645 5569 ue
675 5515 1005 5583 Scriptorum
1036 5533 1250 5574 sensum
1290 5515 1365 5574 de
1385 5522 1641 5577 immensa
1674 5526 1855 5578 vitium

285 5583 337 5638 in
368 5592 514 5639 sorte
538 5531 693 5640 illum}:
722 5586 1079 5640 abundantia:
1113 5606 1270 5640 uuam
1308 5590 1507 5640 Noster
1532 5596 1596 5640 ad
1636 5592 1855 5640 Iudaica

284 5583 337 5638 in
368 5592 514 5639 sorte
538 5583 693 5640 Iuda:
722 5586 1079 5654 abundantia;
1113 5606 1270 5660 quam
1308 5590 1507 5645 Noster
1532 5596 1598 5647 ad
1636 5592 1859 5648 Iudaica

281 5665 563 5710 commenta
584 5670 682 5710 cur
706 5660 977 5722 amandet,
1007 5674 1110 5711 non
1138 5662 1267 5714 satis
1298 5662 1471 5715 video.

353 5723 380 5763 ἀ
420 5726 474 5780 ld
505 5725 708 5799 scilicet
739 5728 877 5799 quod
906 5743 992 5783 res
1020 5738 1120 5794 est,
1150 5731 1358 5797 dentes,
1385 5747 1504 5785 cum
1538 5732 1619 5786 lac
1644 5732 1859 5799 bibitur,

283 5810 348 5851 es
397 5811 463 5853 eo
490 5796 783 5854 albescere.
814 5796 1079 5854 Cmtcrmn
1108 5800 1305 5858 cubare
1346 5796 1396 5859 iu
1445 5802 1639 5858 mendo
1669 5796 1859 5858 subseQ

1972 4748 2034 4786 ea:
2065 4748 2165 4787 me.
2206 4731 2430 4786 Candidi
2458 4736 2631 4789 dentes
2658 4737 2767 4804 ejus
2811 4752 2963 4807 super
2990 4737 3087 4790 lac.
3122 4738 3328 4805 Stepius
3359 4740 3460 4803 iam
3490 4738 3560 4793 de

1972 4824 2332 4880 membrorum
2357 4825 2558 4883 Christi
2587 4826 2773 4883 ordine
2799 4838 2853 4884 et
2876 4830 3082 4885 ratione
3107 4829 3362 4901 diximus,
3389 4841 3445 4888 et
3468 4846 3558 4888 ea-

1972 5002 2141 5055 qnens
2169 4997 2447 5045 contextus
2484 4991 2715 5058 videtur,
2747 5006 2809 5047 ac
2845 5008 2976 5051 sane
3013 5011 3078 5049 ex
3123 5010 3221 5061 pro
3253 5004 3301 5051 et
3343 4999 3563 5053 οοηείης

1972 5062 2091 5113 nius
2125 5061 2388 5139 legeretur
2415 5079 2429 5115 :
2459 5062 2953 5139 Qttid-defandidis
2983 5067 3217 5139 dentibus
3237 5070 3560 5139 respondebi-

1967 5147 2172 5207 mus_e:c
2208 5134 2450 5207 qualitate
2497 5132 2682 5187 lactis?
2705 5134 2840 5188 Tum
2889 5150 3020 5207 vero
3058 5132 3560 5207 pi'alatis,'verbtim

1966 5201 2105 5276 quod
2124 5203 2509 5276 subsequitur,
2532 5219 2824 5271 cXpungas,
2854 5206 2899 5258 si
2934 5201 3079 5261 libet.
3114 5211 3221 5262 Attt
3250 5217 3395 5261 certe
3424 5223 3560 5276 pra:-

1965 5271 2083 5324 tatis
2124 5272 2405 5342 legendum
2434 5274 2559 5339 erit,
2591 5283 2796 5328 retenta
2834 5284 2881 5328 et
2920 5277 3124 5341 vocula,
3152 5286 3208 5329 ut
3236 5277 3401 5339 dicat,
3424 5271 3560 5328 'deno

1968 5350 2047 5394 tes
2091 5343 2344 5405 candori,
2398 5344 2516 5396 sive
2565 5344 2802 5410 qualitati
2855 5346 3006 5398 laetis
3052 5348 3332 5412 prmlatos,
3381 5347 3553 5413 idest,

1962 5413 2459 5481 candidiores,quod
2484 5415 2701 5468 verbum
2720 5425 2800 5468 est
2826 5417 2960 5468 sacri
2978 5415 3198 5469 Textus.

2041 5492 2064 5519 ε
2113 5482 2327 5541 Vitiose.
2352 5485 2573 5537 etnullo
2597 5499 2755 5537 sensu
2783 5484 2877 5537 Sol
2898 5485 3187 5550 legebatur,
3210 5498 3303 5551 pro
3330 5496 3434 5552 quo
3456 5497 3563 5540 nos

1965 5553 2131 5606 solum
2174 5570 2234 5605 ex
2280 5553 2490 5621 ingenio
2541 5554 2887 5606 restitnimus.
2924 5554 3071 5605 llaud
3111 5554 3308 5606 scimus
3351 5564 3554 5620 tamen,

1967 5639 2092 5675 num
2116 5625 2246 5676 satis
2276 5625 2345 5677 ita
2375 5626 2445 5675 sit
2481 5625 2579 5677 loci
2610 5623 2897 5690 integritati
2922 5622 3250 5675 consultum.
3282 5621 3553 5679 Fortassis

1966 5703 2013 5746 et
2040 5708 2249 5768 quoque
2300 5694 2598 5768 supplenda
2630 5700 2713 5744 est
2749 5690 3054 5768 conjunctio
3099 5691 3152 5767 in
3202 5692 3386 5749 isocoli
3420 5692 3573 5768 fine»,

1966 5761 2104 5832 quod
2136 5760 2280 5817 habet
2305 5760 2439 5817 inse
2467 5763 2706 5831 gratiam,
2735 5769 2786 5814 et
2815 5760 2963 5829 facit.
