4078 6346
555 362 656 416 507
1570 366 1794 422 RUFINI
1834 364 2307 434 AQUlLElENSlS
2344 369 2765 430 PRESBYTER!
2980 404 2983 405 ν
3724 401 3826 460 5οι

556 486 677 534 dem
711 479 1036 549 frequentius
1064 481 1118 535 in
1146 490 1172 519 ι
1201 480 1284 536 his
1315 481 1444 536 lucis
1472 491 1717 552 repetere
1740 485 2029 540 absurdum
2060 486 2139 539 vi-
2167 483 2216 543 A
2243 484 2440 543 Sancto
2464 491 2769 559 conﬁtetur,
2793 507 2981 552 manus
3000 498 3116 569 ejus
3141 515 3301 572 supra
3329 504 3545 565 dorsum
3576 511 3822 573 inimico-

556 571 733 625 detur.
777 571 974 627 Dentes
1010 588 1137 643 ergo
1165 573 1283 642 ejus
1312 588 1473 644 super
1518 574 1601 630 lac
1641 575 1852 636 candidi
1884 585 2045 633 erunt
2086 577 2138 632 bi
2198 614 2203 621 .
2245 593 2362 632 rum
2389 580 2697 638 efﬁciuntur
2727 604 2741 639 :
2768 587 2858 656 qui
2890 590 3031 643 enim
3070 602 3196 648 ante
3235 596 3548 657 exhibuerai
3581 571 3821 666 ηιθιιιρέε

551 664 643 733 ψη
692 664 884 720 [σηοω
916 674 969 720 ει
995 666 1224 721 animum
1268 667 1417 723 νετω
1464 668 1558 723 Dei
1589 671 1769 724 cilium
1802 671 2058 726 mandere
2084 682 2140 727 et
2241 684 2337 724 sua
2365 675 2568 729 servire
2594 677 2858 744 iniquitati
2900 681 2965 735 ad
2992 681 3347 759 iniquitatem,
3378 708 3517 749 nunc
3555 664 3823 756 exhibens

550 757 917 814 cnnminuere
958 759 1022 813 ad
1050 774 1312 814 summam
1360 759 1709 817 subtilitatem
1736 762 1988 817 dentibus
2016 778 2141 833 pos-
2212 794 2213 797 η
2239 762 2449 817 servire
2476 762 2695 831 justitiae
2718 767 2770 822 in
2812 772 3227 832 sanctiﬁcatione
3256 757 3431 837 (Rom.
3466 784 3564 857 6.),
3595 788 3706 856 jam
3738 766 3871 858 [ηαξ

550 857 696 914 sunt,
726 848 795 905 de
831 850 1023 920 quibus
1068 850 1196 905 dicit
1235 852 1525 920 Apostolus
1576 854 1628 908 in
1662 854 1894 922 Epistola
1925 856 1991 910 ad
2033 856 2138 911 lle-

552 940 751 1008 brmos,
780 940 1134 1010 Perfectorum
1169 952 1340 999 autem
1368 954 1442 998 est
1472 944 1666 999 solidus
1686 945 1849 1013 cibus,
1873 948 1961 1016 qui
1987 963 2080 1018 pro
2110 947 2136 986 ι’

505 1018 512 1030 ’
548 1033 882 1099 possibilitate
914 1034 1155 1089 sumendi
1183 1041 1482 1092 exercitatos
1509 1037 1693 1092 habent
1715 1054 1895 1092 sensus
1921 1041 1991 1093 ad
2019 1040 2138 1095 boni

546 1126 903 1181 discretionem
932 1135 978 1182 et
1008 1129 1130 1182 mali
1160 1127 1320 1200 (Heb.
1347 1128 1400 1184 5.
1428 1128 1562 1200 14.).
1596 1130 1670 1186 De
1690 1130 2016 1198 imperfectis
2042 1148 2138 1187 au—

547 1225 653 1270 tem
680 1216 973 1274 Corinthiis
998 1218 1152 1283 dicit,
1177 1218 1284 1273 Lac
1307 1220 1443 1275 vobis
1465 1230 1640 1289 potum
1661 1222 1801 1289 dedi,
1820 1240 1921 1277 non
1937 1239 2098 1279 escam
2114 1243 2133 1280 :

543 1311 775 1365 nondum
802 1314 939 1366 enim
960 1313 1201 1383 poteratis
1234 1311 1311 1382 (Ι.
1335 1311 1456 1367 Cor.
1485 1313 1538 1371 5.
1568 1313 1675 1385 2.).
1704 1313 1832 1370 Haec
1852 1330 2013 1384 super
2041 1331 2134 1371 eos

543 1402 631 1470 qui
686 1402 822 1457 lacte
862 1402 1341 1459 aluntur:Dentes
1392 1418 1577 1459 eorum
1624 1414 1750 1460 suat
1811 1406 2046 1476 candidi,
2080 1408 2131 1463 id

2240 853 2496 920 gientium
2542 874 2601 911 se
2647 861 2984 919 inimicorum
3013 881 3254 934 suorum,
3287 873 3339 927 id
3380 884 3481 944 est,
3516 853 3857 938 daemonumf

2241 952 2385 1014 terga
2409 958 2563 1002 vexat
2591 958 2645 1003 et
2672 952 2848 1007 cazdit.
2874 955 2961 1010 Sic
2988 959 3130 1013 enim
3164 975 3378 1034 pugnat,
3410 982 3514 1023 non
3541 975 3692 1042 quasi
3726 991 3819 1031 ae-

2238 1048 2349 1137 rem
2372 1037 2675 1137 car-densa.
2696 1041 2814 1097 Cor.
2842 1044 2943 1117 9.),
2961 1049 3054 1104 sed
3081 1051 3353 1111 daemones
3374 1037 3599 1130 fugans':
3624 1066 3843 1137 quique'

2238 1124 2525 1224 tib-nimios
2552 1132 2820 1199 profectus
2849 1139 2994 1193 velut
3023 1140 3112 1196 Dei
3152 1144 3261 1213 jam
3310 1149 3360 1202 in
3390 1124 3456 1204 se
3481 1124 3815 1224 participium

2237 1214 2459 1311 habens,
2479 1221 2638 1311 etiam
2669 1225 2883 1284 adorari
2910 1229 3105 1287 dicitur
3130 1250 3159 1289 a
3190 1236 3311 1293 ﬁliis
3336 1214 3501 1309 patris
3530 1247 3632 1300 sui.
3655 1214 3817 1311 filios

2237 1307 2401 1373 patris
2429 1309 2534 1373 sui,
2561 1312 2713 1381 quasi
2743 1314 2794 1368 in
2824 1316 3011 1373 Murali
3036 1321 3177 1389 loco,
3208 1307 3490 1395 possumus
3519 1307 3819 1394 filios-lucis

2233 1395 2505 1496 accipere,
2547 1402 2636 1468 qui
2667 1402 2856 1458 merito
2884 1406 3112 1465 adorant
3140 1422 3192 1467 et
3222 1430 3545 1476 venerantur
3572 1438 3689 1495 eos,
3724 1429 3816 1496 qui

542 1502 648 1559 εει,
690 1492 742 1546 hi
770 1494 860 1563 qui
889 1493 1181 1563 perfectum
1227 1493 1405 1548 cibum
1442 1509 1637 1563 capere
1668 1510 1771 1550 non
1804 1507 2046 1565 possum,
2077 1508 2133 1553 ει
2232 1486 2452 1586 scientia
2477 1498 2531 1544 et
2552 1505 2774 1560 operum
2802 1498 3070 1556 meritoin
3097 1502 3189 1559 Dei
3217 1503 3243 1543 ἀ
3266 1486 3818 1586 εἱιηίιὶιυάἱηειιίριίο-

542 1583 828 1639 comedere
852 1598 1013 1654 super
1036 1584 1287 1655 illos,qui
1305 1594 1553 1656 tanquam
1578 1588 1779 1653 parvuli
1804 1588 2131 1645 adhuclacte
2231 1574 2376 1675 ξ’θοθν
2379 1588 2491 1681 {1"}.-
2509 1582 3061 1681 δξευξιθηξτηίξηΐίεῑυδ
3083 1594 3169 1649 lux
3189 1600 3369 1654 mundi
3398 1612 3479 1657 εει
3505 1574 3812 1681 (λοαηοιὸο).

542 1673 802 1745 indigent.
842 1675 1079 1745 Denique
1117 1683 1172 1730 et
1208 1676 1260 1731 in
1302 1676 1418 1747 lege
1443 1690 1505 1731 ea
1536 1677 1785 1732 animalia
1814 1694 1931 1748 quae
1961 1680 2128 1734 rumi-
2346 1674 2404 1723 θι
2428 1668 2671 1739 discipuli
2700 1676 2933 1768 elusit“
2960 1683 3140 1737 mundi
3171 1698 3293 1742 δυηῑ
3321 1663 3536 1760 (Μαλιέα
3568 1697 3647 1768 5ο)
3680 1714 3695 1753 τ
3722 1663 3813 1757 de";

541 1774 672 1820 nant
695 1764 882 1837 (Levit.
909 1766 1041 1837 it),
1067 1775 1121 1822 et
1140 1775 1409 1837 sumptum
1437 1767 1615 1823 cibum
1643 1767 1709 1823 ad
1731 1767 1921 1824 dentes
1950 1768 2127 1824 denuo
2230 1753 2319 1810 me
2365 1771 2461 1825 Per
2502 1770 2775 1832 naturam,
2828 1766 2911 1822 isti
2946 1786 3043 1837 per
3068 1753 3339 1843 gratiam.‘
3361 1782 3428 1836 Et
3462 1753 3642 1841 Moses,
3679 1753 3816 1847 Dein;

539 1864 817 1924 revocant,
867 1855 1009 1927 quod
1054 1857 1322 1912 subtiliter
1364 1857 1709 1924 minutatum,
1747 1860 2116 1916 sustentationi

2227 1863 2347 1905 esse
2364 1851 2557 1909 dicitur
2577 1855 2869 1915 Pharaonis
2885 1860 3083 1931 (Exod.
3107 1868 3206 1939 7.).
3234 1869 3445 1927 Catulus
3467 1877 3625 1933 leonis
3649 1878 3811 1949 Inda,

539 1944 786 2015 corporis
825 1946 1061 2013 tradunt,
1094 1947 1293 2003 munda
1327 1962 1447 2003 esse
1475 1949 1725 2004 animalia
1754 1950 2125 2021 designantur.
2231 1957 2295 1995 ιε
2334 1946 2575 2014 θενηιεηεν
2607 1949 2687 2017 ﬂ“
2726 1952 2818 2016 mi.
2847 1958 3135 2015 ascendit“.
3178 1958 3363 2019 Merito
3402 1970 3608 2025 catulus
3650 1944 3815 2029 leonis

538 2037 830 2107 Αριίεείπηο
849 2051 977 2093 “me
1005 2038 1166 2093 etiam
1188 2039 1446 2095 candidos
1466 2039 1656 2096 demes
1683 2040 1802 2112 ejus
1825 2043 1974 2100 dicit,
2000 2044 2127 2101 om-
2230 2033 2550 2103 appellatur,
2579 2039 2667 2107 qui
2696 2039 2909 2098 Christo
2937 2052 3321 2110 concruciﬁxus
3348 2069 3433 2112 est
3455 2074 3504 2116 et
3530 2076 3813 2119 conresur-

536 2142 636 2182 ues
674 2129 815 2184 enim
847 2131 935 2198 qui
969 2130 1192 2198 perfecti
1234 2139 1379 2196 sunt,
1407 2138 1463 2186 et
1491 2131 1886 2202 Scriptararum
1918 2135 2071 2191 cibos
2098 2146 2124 2177 ε

537 2218 716 2290 dignis
746 2230 801 2275 et
829 2220 1257 2291 competentibus
1284 2224 1818 2291 interpretationibus
1838 2225 2128 2295 explanan-

538 2319 639 2375 tes,
671 2310 921 2373 subtilem
963 2321 1017 2367 et
1059 2314 1320 2367 minutum
1363 2312 1714 2382 intellectum,
1744 2317 1831 2385 qui
1869 2317 2125 2385 spiritalis

535 2400 748 2461 dicitur.
784 2400 1038 2457 Ecclesia:
1064 2403 1280 2473 corpori
1323 2404 1745 2469 subministrant,
1775 2406 1987 2461 candidi
2026 2409 2119 2463 de-

537 2492 664 2546 hent
693 2508 813 2549 esse
840 2503 893 2549 et
924 2496 1065 2564 puri,
1096 2504 1255 2565 atque
1282 2495 1350 2549 ab
1396 2498 1540 2550 omni
1592 2498 1796 2552 macula
1847 2499 2026 2565 liberi,
2059 2517 2125 2556 ne

536 2583 673 2637 forte
699 2582 903 2637 dicatur
930 2584 1008 2639 eis
1042 2600 1057 2639 :
1092 2584 1191 2652 Qui
1215 2585 1343 2639 alios
1375 2586 1546 2656 doces,
1568 2598 1615 2641 te
1640 2588 1810 2657 ipsum
1844 2606 1943 2643 non
1975 2591 2122 2647 doces

398 2696 419 2745 ί
534 2672 717 2741 (Rom.
740 2672 841 2745 2.).

602 2764 655 2817 6.
702 2764 896 2819 Verum
927 2768 1177 2836 quoniam
1225 2766 1499 2837 Scriptura
1546 2769 1728 2825 divina
1780 2786 1885 2825 non
1946 2774 2119 2830 solum

532 2854 989 2909 Sacramcnlorum
1043 2855 1202 2911 debet
1258 2857 1536 2913 scientiam
1586 2861 1885 2927 continere,
1929 2876 2114 2918 verum

531 2942 694 2997 etiam
722 2959 920 3011 mores,
950 2949 1051 3025 ιδ
1076 2955 1331 3018 gestaque
1354 2949 1644 3006 informare
1674 2950 1993 3006 discentium
2018 2954 2119 3025 (sic

530 3035 672 3088 enim
699 3046 752 3090 et
783 3022 1049 3105 Sapientia
1082 3054 1177 3108 per
1205 3039 1549 3095 Salomonem
1578 3040 1728 3105 dicit,
1763 3038 2001 3096 Describe
2028 3022 2119 3097 tibi

530 3128 638 3181 huic
659 3128 927 3198 dupliciter
955 3139 1001 3184 et
1028 3131 1294 3201 tripliciter
1314 3132 1366 3187 in
1389 3132 1539 3187 corde
1564 3142 1649 3186 tuo
1674 3130 1855 3203 (Prov.
1874 3132 1991 3204 22.)
2020 3150 2034 3188 :
2066 3142 2119 3189 et

2229 2125 2387 2225 rexit,
2415 2127 2552 2181 sicut
2579 2138 2633 2184 et
2663 2130 2857 2189 Paulus
2889 2137 3100 2195 dicebat
3133 2142 3306 2215 (Rom.
3342 2149 3446 2219 6.),
3476 2152 3563 2221 qui
3599 2161 3654 2209 et
3699 2156 3813 2225 ipse

2228 2217 2420 2271 merito
2468 2220 2573 2293 16
2614 2221 2666 2276 iu
2711 2222 2900 2281 Iudam
2945 2232 3225 2302 accipitur,
3275 2217 3626 2298 conﬁtebatur
3670 2217 3811 2303 enim

2229 2316 2502 2375 peccatum
2532 2326 2685 2366 suum
2715 2314 2921 2383 dicens,
2954 2319 3075 2378 Non
3103 2341 3218 2380 sum
3255 2329 3444 2399 dignus
3474 2337 3645 2389 vocari
3673 2338 3812 2405 Αρο-

2228 2400 2411 2501 stglus,
2440 2403 2563 2474 quia
2615 2420 2906 2476 persecutus
2935 2430 3065 2469 sum
3123 2417 3401 2477 Ecclesium
3451 2424 3547 2482 Dei
3576 2429 3655 2501 (Ι.
3689 2400 3804 2490 Cor.

2230 2488 2365 2560 15.).
2382 2492 2447 2595 Et
2469 2495 2661 2595 iterum
2691 2502 2832 2569 quod
2855 2504 3097 2563 Christus
3120 2522 3223 2580 est,
3247 2529 3368 2572 esse
3395 2517 3522 2574 dicit
3550 2488 3804 2595 seipsnm,

2226 2598 2347 2637 cum
2377 2585 2451 2639 ait
2481 2603 2496 2643 :
2528 2586 2734 2644 Christo
2786 2600 3156 2668 concruciﬁxus
3200 2620 3313 2658 sum
3342 2622 3363 2661 :
3390 2608 3496 2663 vivo
3534 2585 3649 2666 vero
3694 2585 3806 2686 jam

2225 2690 2327 2727 non
2369 2693 2480 2749 ego,
2508 2682 2625 2734 vivit
2651 2699 2767 2739 vero
2795 2685 3026 2745 Christus
3052 2694 3105 2747 in
3152 2712 3230 2751 me
3256 2696 3396 2768 (Gal.
3426 2701 3528 2771 2.).
3560 2704 3653 2758 Est
3685 2682 3809 2775 ergo

2225 2768 2436 2824 catulus
2463 2771 2651 2841 leonis,
2677 2779 2766 2846 qui
2795 2780 2990 2837 dormit
3016 2800 3136 2841 eum
3163 2788 3395 2858 Christo,
3414 2768 3537 2850 dum
3565 2768 3807 2858 mortuus

2224 2868 2308 2913 est
2337 2874 2574 2930 peccato,
2598 2875 2649 2921 et
2677 2872 2969 2929 resurrexit
2992 2890 3112 2931 cum
3135 2878 3371 2949 Christo,
3395 2886 3520 2942 dum
3550 2891 3680 2946 vivit
3703 2894 3808 2950 lleo

2226 2950 2401 3053 (liam.
2627 2960 2703 3015 Ex
2734 2967 2977 3033 germine
3022 2980 3199 3028 autem
3248 2976 3389 3034 ﬁlius
3416 2982 3506 3050 qui
3544 2989 3805 3053 ascendit,

2224 3044 2340 3101 sine
2368 3047 2529 3103 dubio
2550 3052 2594 3106 is
2621 3063 2725 3122 est,
2749 3057 2840 3125 qui
2872 3074 2992 3115 cum
3033 3072 3178 3120 esset
3208 3044 3447 3125 oleaster
3466 3072 3699 3130 insertus
3725 3044 3807 3133 est

2225 3137 2277 3192 in
2296 3138 2539 3197 arborem
2559 3142 2741 3217 [Forte
2764 3149 2978 3223 bonam)
3001 3154 3220 3224 olivam,
3239 3169 3289 3214 et
3320 3175 3558 3229 agrestes
3581 3182 3645 3221 ac
3668 3170 3805 3225 feros

527 3232 653 3272 arca
681 3234 798 3289 qum
843 3222 1250 3277 construebatur
1277 3238 1306 3276 a
1340 3222 1473 3291 Noe,
1520 3223 1841 3279 bicamerata
1874 3233 1929 3279 et
1959 3224 2118 3280 trica-
2143 3227 2191 3290 ο
2226 3245 2404 3286 mores
2434 3242 2637 3291 natura:
2667 3242 2894 3299 carnalis
2921 3246 3137 3316 al‘jecit,
3165 3222 3260 3319 per
3287 3222 3533 3323 spiritum
3564 3222 3805 3331 adoptio.

526 3321 727 3367 merata
756 3312 907 3386 (Cen.
934 3312 1013 3384 6.)
1044 3314 1153 3370 ﬁeri
1181 3315 1445 3386 jubetur),
1475 3330 1733 3372 conemur
1749 3325 1804 3372 et
1826 3331 1942 3383 nos,
1969 3326 2117 3387 post-

526 3422 750 3475 eaquam
798 3407 1082 3477 dupliciter
1107 3409 1227 3475 ista,
1263 3423 1357 3478 pro
1385 3418 1441 3463 ut
1475 3411 1744 3479 potuimus
1770 3411 1993 3474 sentire,
2024 3409 2119 3465 deo

526 3500 859 3567 scripsimus,
884 3502 933 3556 ἱιΙ
968 3503 1381 3568 est,secundum
1416 3502 1704 3558 Historiam
1743 3513 1795 3559 et
1827 3502 2117 3557 secundum

527 3588 807 3661 \lystieum
839 3592 1189 3667 intellectum,
1215 3609 1355 3649 nunc
1384 3594 1436 3648 in
1467 3606 1724 3664 quantum
1758 3594 2000 3662 recipere
2032 3593 2113 3649 lo-

526 3696 621 3737 cus
665 3691 858 3752 poteSt,
885 3684 993 3755 jam
1025 3686 1294 3753 Moralem,
1326 3686 1377 3741 in
1400 3701 1464 3742 eo
1484 3686 1750 3742 discutere
1787 3701 2111 3754 sermonem,

526 3784 583 3827 ut
609 3773 1002 3843 Scripturarutn
1031 3778 1279 3845 studiosi,
1303 3793 1407 3833 non
1431 3779 1605 3836 solum
1632 3777 1760 3847 quid
1792 3779 1842 3832 in
1865 3778 2005 3845 aliis,
2028 3779 2113 3834 vel

525 3867 593 3919 ab
629 3866 748 3923 aliis
778 3877 981 3936 gestum
1009 3870 1098 3938 sit,
1132 3869 1224 3923 sed
1254 3868 1415 3923 etiam
1447 3868 1547 3936 ipsi
1579 3868 1715 3922 intra
1746 3882 1826 3934 se,
1857 3868 1981 3934 quid
2016 3884 2110 3938 ge-

524 3975 646 4016 rcre
675 3959 923 4030 debeant,
951 3961 1261 4017 doceantur.
1295 3960 1479 4025 Judas,
1510 3960 1760 4027 confessio
1790 3961 2112 4029 interpreta-

524 4060 610 4107 tur
634 4070 646 4106 :
678 4054 771 4120 qui
798 4068 944 4122 ergo,
973 4054 1052 4108 vel
1085 4060 1298 4123 peccata
1317 4066 1414 4106 sua
1436 4050 1713 4106 confessus
1744 4050 2109 4118 paenitentiam

524 4147 711 4217 egerit,
740 4147 825 4203 vel
864 4145 1136 4202 Christum
1171 4147 1223 4200 in
1254 4146 1627 4215 persecutione
1667 4159 1847 4199 coram
1880 4144 2112 4200 homini-

522 4238 623 4293 bus
640 4238 947 4303 conﬁtetur,
974 4236 1409 4293 collaudabitura
1434 4235 1687 4291 fratribus
1716 4235 1828 4290 suis
1857 4252 1870 4289 :
1904 4235 2109 4294 Latitia

520 4339 593 4387 est
622 4332 755 4384 enim
782 4340 830 4385 et
852 4329 1098 4401 gaudium
1125 4328 1329 4397 Angelis
1359 4328 1414 4381 in
1441 4326 1599 4393 caelis,
1632 4342 1783 4397 super
1806 4343 1907 4380 uno
1929 4343 2111 4398 pecca-

522 4433 631 4479 tore
650 4425 995 4495 paenitentiam
1022 4433 1200 4493 agente
1220 4419 1371 4492 (Luc.
1404 4418 1539 4489 15.).
1569 4420 1649 4474 Ab
1669 4420 1799 4488 ipsis
1825 4437 1973 4491 ergo,
1991 4432 2107 4479 lan-

521 4530 681 4584 quam
707 4529 737 4567 a
770 4513 1040 4577 fratribus,
1074 4513 1258 4581 (unius
1282 4511 1424 4567 enim
1458 4511 1531 4566 illi
1561 4511 1829 4567 Creatoris
1854 4523 1907 4568 et
1940 4516 2106 4583 patris

2226 3318 2309 3422 nis
2338 3319 2510 3377 haras
2524 3324 2713 3422 (Phil.
2738 3329 2842 3401 4.),
2873 3334 3021 3389 radix
3067 3318 3191 3393 vera
3234 3318 3356 3397 vitae
3385 3318 3724 3422 permanens,
3752 3364 3804 3409 et

2218 3409 2453 3467 fructum
2487 3416 2772 3485 plurimum
2803 3438 2865 3479 ex
2893 3426 3008 3495 ejus
3039 3409 3674 3497 insitionibus'adferens.
3710 3409 3807 3499 lie-

2222 3508 2412 3564 cubans
2431 3512 2668 3569 dormisti
2690 3528 2744 3573 ut
2767 3520 2865 3574 leo.
2896 3522 3099 3581 Dormit
3128 3537 3185 3582 ut
3214 3528 3318 3597 leo,
3341 3533 3554 3601 sapiens
3576 3552 3804 3608 namque

2222 3602 2442 3657 conﬁdit
2490 3615 2548 3660 ut
2589 3608 2672 3663 leo
2719 3609 2900 3681 (Prov.
2953 3614 3095 3687 28.),
3128 3620 3358 3678 maxime
3399 3639 3520 3680 cum
3570 3602 3805 3696 potuerit

2220 3696 2552 3753 confidenter
2578 3700 2779 3767 dicere,
2816 3703 3003 3760 Omnia
3029 3726 3237 3779 possum
3265 3712 3321 3766 in
3361 3730 3419 3767 eo
3446 3718 3535 3787 qui
3576 3736 3657 3773 me
3681 3739 3801 3775 con.

2219 3786 2376 3854 fortat
2404 3787 2621 3859 (Philip.
2656 3794 2762 3864 4.).
2811 3794 2924 3851 Non
2970 3800 3283 3865 terroribus,
3332 3786 3663 3875 nonrminis,
3697 3828 3798 3867 non

2218 3878 2344 3934 ullis
2373 3880 2641 3939 illecebris
2664 3888 2956 3954 excitatur,
2981 3891 3074 3945 sed
3103 3893 3342 3948 manebit
3370 3898 3643 3953 immobile
3675 3918 3798 3967 pro-

2217 3970 2449 4039 positum
2481 3982 2533 4027 et
2564 3990 2716 4031 mens
2746 3976 2871 4032 ﬁsa.
2914 3979 3023 4035 Nec
3058 3982 3248 4039 deesse
3279 4001 3509 4055 unquam
3543 3990 3797 4061 Princeps

2217 4062 2500 4126 poteritex
2530 4063 2684 4132 Juda,
2708 4077 2762 4122 et
2791 4068 2899 4123 dux
2926 4070 2994 4125 de
3016 4071 3307 4129 femoribus
3325 4076 3477 4146 ejus;
3508 4095 3635 4137 vere
3656 4085 3796 4140 enim

2216 4157 2305 4211 ille
2332 4160 2529 4225 poterit
2564 4160 2912 4232 principatum
2958 4167 3039 4220 sui
3071 4181 3252 4238 agere,
3283 4178 3336 4223 et
3364 4169 3469 4225 dux
3516 4188 3637 4229 esse
3679 4192 3797 4243 pro-

2214 4250 2429 4317 babilis,
2466 4251 2556 4323 qui
2602 4253 2752 4321 ptius
2783 4270 2877 4323 per
2906 4256 3299 4313 confessionem
3328 4270 3382 4315 et
3426 4264 3793 4330 pmnitentiam

2212 4342 2461 4397 omnibus
2482 4345 2785 4403 carnalibus
2803 4347 2967 4412 vitiis,
2998 4349 3192 4417 quibus
3223 4351 3368 4417 prius
3396 4354 3671 4424 agebatur,
3694 4352 3807 4413 ab?

2210 4436 2415 4502 scissis,
2439 4435 2645 4508 sibique
2673 4438 2949 4508 subjectis,
2979 4441 3334 4510 principatum
3378 4446 3459 4499 sui
3493 4447 3652 4516 gerit,
3699 4464 3797 4505 nee

2212 4528 2466 4597 permittit
2498 4531 2550 4585 in
2589 4545 2649 4587 se
2676 4531 2758 4587 vel
2808 4532 2960 4595 iram,
2986 4533 3069 4587 vel
3100 4534 3466 4602 ambitionem,
3496 4540 3579 4593 vel
3610 4543 3793 4596 avari—
3844 4532 3847 4535 ’

520 4604 615 4659 lilii
655 4612 802 4669 sunt,
829 4612 884 4659 et
924 4603 1169 4657 homines
1196 4600 1487 4671 et'Angeli)
1518 4601 1875 4659 collaudatur.
1909 4603 2103 4660 Verum

2220 4622 2362 4686 tiam,
2385 4626 2470 4677 vel
2501 4623 2775 4679 libidinem
2806 4639 2993 4693 gerere
3025 4600 3517 4694 principatum.Sed
3545 4632 3654 4687 dux
3691 4634 3794 4689 erit

520 4700 568 4755 is
607 4698 696 4768 qui
739 4696 1025 4751 conﬁtetur
1074 4695 1356 4749 Dominum
1396 4694 1595 4760 Jesum,
1631 4696 1755 4765 quia
1795 4696 1847 4751 in
1906 4697 2106 4764 Spiritu

594 4841 619 4870 ⁸
658 4831 831 4900 Atque
875 4831 993 4885 heZe
1022 4829 1211 4885 vitiose
1239 4830 1397 4886 scribi
1428 4830 1597 4886 visum
1624 4839 1707 4886 est
1734 4832 1975 4901 reperire,
2008 4847 2106 4903 pro

519 4918 625 4973 quo
657 4919 754 4973 nos
780 4912 1022 4969 repetere.

593 4971 619 5010 ιι
659 4972 820 5038 ldest,
849 4973 1091 5038 corporis
1111 4970 1435 5040 habitudine,
1460 4987 1524 5027 ex
1554 4972 1739 5029 Grazco
1763 4971 1846 5028 διὰ
1871 4978 1958 5033 τήν
1985 4976 2104 5040 ἕξιν.

520 5042 764 5112 Vulgata,
810 5042 1193 5101 consuetudine.
2044 5096 2047 5099 ,

595 5124 617 5151 ε
660 5115 859 5166 Auctor
908 5113 1154 5175 iueditus,
1200 5113 1299 5167 Per
1345 5113 1541 5176 dentes,
1574 5112 1944 5168 Prwdicatores
1990 5118 2105 5171 novi

520 5182 826 5237 Testamenti
855 5181 1035 5235 debent
1064 5184 1300 5251 intelligi,
1342 5186 1429 5251 qui
1466 5186 1602 5239 cibos
1638 5187 1933 5253 spirituales
1961 5203 2104 5241 com-

518 5253 816 5314 minuendo.
863 5254 1015 5315 idest,
1057 5256 1355 5323 exponendo
1393 5257 1553 5308 multa
1597 5257 1738 5309 nobis
1786 5259 2010 5322 parvulis
2050 5260 2104 5311 in

518 5334 738 5378 ventrem
781 5326 1038 5377 memoria:
1089 5327 1449 5379 transmittunt.
1502 5325 1605 5381 Lac
1653 5336 1822 5382 autem
1872 5329 2105 5382 doctrina

518 5395 694 5467 veteris
728 5393 1035 5467 Testamenti
1064 5412 1166 5448 non
1204 5397 1480 5467 incongrue
1506 5399 1773 5465 accipitur,
1816 5414 1930 5465 qua:
1967 5400 2101 5453 inri-

518 5465 677 5536 pienti
697 5465 887 5535 papula
910 5465 1085 5536 adhuc
1112 5467 1180 5519 ad
1211 5465 1485 5533 perfectum
1510 5468 1676 5522 cibum
1703 5468 1950 5536 invalido,
1979 5486 2105 5523 con-

518 5535 747 5610 d_ita_es_t.
773 5535 1247 5610 Candidioresergo
1280 5538 1410 5591 lacte
1430 5538 1598 5593 dentes
1616 5538 1767 5594 Jesus
1793 5535 1963 5605 habet,
1987 5542 2103 5610 quia

521 5604 914 5679 Ecclesitesute
958 5608 1311 5672 prcedicatores
1343 5609 1575 5676 puritatis
1605 5612 1859 5666 munditia
1893 5604 2101 5679 conspi-

516 5693 640 5744 cuos
664 5675 910 5744 prwfecit,
935 5687 1036 5729 etc.

534 5748 541 5756 '
589 5743 616 5782 ἀ
640 5743 907 5821 _Subolet_
929 5746 1163 5821 magistri
1193 5819 1201 5821 _
1230 5748 1309 5804 sui
1357 5749 1602 5821 Origenis
1650 5760 1971 5821 commenta,
2013 5752 2101 5810 qui

520 5814 789 5875 conditum
820 5814 1039 5887 quidem
1062 5819 1328 5877 hominem
1361 5822 1425 5877 ad
1451 5814 1732 5894 imaginem
1765 5820 1857 5877 Dei
1888 5820 2099 5885 docuit,

2213 4715 2264 4769 ei
2308 4714 2376 4770 tle
2418 4712 2711 4770 femoribus
2735 4716 2895 4785 Juda,
2928 4714 2978 4770 id
3027 4725 3137 4782 est,
3164 4716 3281 4785 ejus
3324 4718 3412 4788 qui
3453 4720 3791 4780 confessione

2212 4866 2328 4918 ejus
2354 4866 2482 4922 vero
2508 4851 2910 4906 similitudinem
2938 4849 3039 4905 sibi
3068 4852 3258 4905 merito
3287 4853 3544 4907 bonorum
3569 4870 3789 4922 operum

2211 4932 2264 4998 et
2295 4921 2627 4998 profectuum
2659 4936 2989 4998 comparare.
3016 4922 3133 4998 Lib.
3162 4922 3253 4998 _lll.
3298 4927 3418 4998 περὶ
3457 4921 3643 4998 ᾇρχῶν
3664 4942 3788 4998 gap.

2212 4993 2265 5048 6.
2292 5009 2360 5046 ex
2390 4993 2657 5059 llujttStllPl
2682 4993 2849 5046 nostri
2884 4993 3131 5046 Auctoris
3160 4993 3618 5059 interpretatione.
3653 4993 3789 5061 Hoc,

2211 5065 2303 5129 ait,
2328 5080 2448 5132 ergo
2474 5063 2608 5128 quod
2638 5062 2791 5128 dixit,
2814 5063 2895 5116 Ad
2924 5063 3195 5127 imaginem
3226 5062 3317 5116 Dei
3342 5065 3457 5131 fecit
3488 5081 3626 5128 eum,
3657 5076 3704 5119 et
3729 5069 3791 5122 ιΙο

2206 5134 2544 5188 sintilitudine
2570 5133 2734 5197 siluit,
2765 5150 2864 5186 non
2892 5134 3035 5186 aliud
3075 5132 3288 5205 indicat,
3319 5134 3418 5186 nisi
3442 5136 3577 5201 quod
3608 5138 3789 5205 imagi-

2208 5208 2285 5259 nis
2325 5206 2625 5277 diguitatem
2671 5205 2721 5277 in
2754 5205 2919 5277 prima
2962 5203 3248 5255 conditione
3285 5206 3578 5273 perceperit,
3605 5203 3787 5259 simili-

2207 5275 2398 5329 tudinis
2436 5292 2551 5330 vero
2592 5276 2834 5344 perfectio
2870 5275 2923 5326 in
2967 5277 3396 5326 consummatione
3436 5284 3635 5328 servata
3666 5286 3789 5333 est:

2206 5349 2393 5402 scilicet
2422 5356 2474 5398 ut
2502 5348 2609 5408 ipse
2650 5346 2747 5399 sibi
2773 5361 2888 5399 eam
2930 5344 3150 5412 proprite
3187 5344 3462 5396 industria
3502 5347 3689 5398 studiis
3726 5361 3789 5400 ea:

2208 5417 2304 5471 Dei
2326 5417 2607 5471 imitatione
2632 5416 2985 5478 conscisceret,
3004 5430 3119 5466 cum
3152 5413 3529 5485 possibilitatem
3560 5416 3655 5468 sibi
3675 5432 3791 5485 per-

2209 5489 2442 5557 fectionis
2485 5488 2725 5540 divinitus
2777 5486 2948 5537 datam
2989 5499 3080 5557 per
3096 5483 3343 5557 imaginis
3375 5483 3692 5557 dignitatem;
3735 5488 3787 5540 ίιι

2207 5554 2310 5626 ﬁne
2344 5559 2548 5612 demum
2579 5574 2665 5625 per
2693 5572 2897 5623 cperam
2922 5554 3251 5626 expletionem
3272 5557 3547 5626 perfectam
3572 5556 3667 5607 sibi
3682 5560 3788 5625 ipse

2207 5621 2593 5683 similitudinem
2622 5621 3017 5685 consummaret,
3038 5632 3141 5677 etc.
3168 5621 3312 5675 Paria
3341 5622 3560 5681 habetet
3587 5621 3782 5678 llouiil.

2208 5700 2245 5753 l.
2279 5702 2329 5752 in
2363 5698 2634 5761 Geuesim,
2663 5706 2715 5751 et
2744 5697 2835 5751 lib.
2878 5694 2967 5748 IV.
3011 5693 3062 5746 in
3099 5692 3266 5759 Epist.
3298 5692 3363 5747 ad
3396 5693 3687 5758 liotnauos,
3718 5705 3787 5751 ah

2207 5783 2307 5841 quc
2339 5768 2486 5836 alibi,
2516 5776 2617 5820 etc.
