4078 6346
242 370 345 430 309

896 361 982 417 DE
1025 361 1644 420 BENEDICTIONlBUS
1685 361 2285 421 PATRIARCIIARUM
2326 363 2528 419 LIBER
2573 361 2850 417 PRIMUS.

3383 373 3387 377 ’
3416 366 3521 421 510

245 483 567 542 emendatus
594 490 677 538 est
705 489 760 537 et
784 490 1082 549 correctus,
1112 497 1179 536 ne
1207 481 1255 535 si
1283 494 1461 535 cacus
1486 493 1633 534 caeco
1662 478 1825 534 duca-
1858 481 1908 538 Α
1936 494 2093 547 quem
2140 495 2300 547 supra
2344 479 2687 548 exposuimus
2732 478 2891 545 ἕλικα,
2948 492 3230 547 possumus
3276 478 3526 533 subtilem

220 587 352 649 tum
378 577 618 645 praabeat
643 573 859 646 (Matth.
889 572 1027 644 l5.),
1061 572 1113 627 id
1138 582 1241 637 est,
1268 573 1476 626 animus
1498 571 1675 625 adhuc
1696 570 1839 625 vitiis

242 672 549 726 obcaecatus
574 682 775 723 caecum
819 674 1007 720 natura
1040 679 1235 734 corpus
1266 672 1439 734 regat,
1471 662 1630 718 ambo
1672 664 1724 717 in
1757 661 1838 716 fo-

246 778 393 818 veam
422 762 640 817 cadant.
678 760 853 815 Donec
885 762 1089 814 veniant
1114 775 1173 813 ea
1200 774 1313 829 qua
1351 758 1576 831 reposita
1617 764 1738 811 sunt
1767 755 1836 820 ei,

245 857 396 914 sicuti
427 864 483 911 et
510 855 602 910 ille
630 835 763 908 dixit
790 869 805 908 :
840 854 974 919 Quia
1000 868 1102 906 non
1131 861 1250 905 sunt
1273 851 1540 923 condigna:
1572 851 1836 919 passiones

247 949 399 1015 liuius
432 946 673 1017 temporis
702 945 772 999 ad
800 947 1027 1015 futuram
1052 942 1289 1015 gloriam,
1322 958 1437 1013 qua:
1463 942 1766 996 revelabitur
1790 942 1845 995 in

247 1039 385 1094 nobis
410 1037 591 1107 (Rom.
614 1036 718 1106 8.).
742 1041 845 1091 Aut
875 1047 1023 1091 certe
1050 1036 1122 1089 ita
1167 1034 1349 1089 taudiu
1377 1032 1730 1104 principatum
1762 1032 1843 1087 sui

252 1133 385 1203 gerit
426 1132 793 1201 unusquisque
826 1140 1157 1195 sanctorum,
1183 1138 1238 1184 et
1276 1129 1383 1183 dux
1412 1130 1517 1182 erit
1552 1143 1663 1182 sua:
1695 1128 1842 1192 vitze,

251 1225 418 1278 donec
460 1222 641 1277 veniet
667 1222 820 1288 illud,
854 1229 911 1275 ut
960 1220 1031 1274 sit
1075 1219 1218 1275 Deus
1263 1220 1442 1273 omnia
1476 1218 1529 1271 in
1572 1216 1839 1280 omnibus,

253 1314 350 1372 hoc
372 1313 515 1368 enim
566 1312 619 1365 in
661 1310 766 1366 line
806 1310 1098 1379 repositum
1146 1307 1341 1365 est.Et
1384 1309 1492 1379 ipse
1536 1310 1628 1362 erit
1667 1322 1845 1377 exspes

232 1403 403 1457 'ctatio
430 1403 678 1473 gentium.
707 1400 967 1469 Quoniam
1010 1400 1174 1453 semel
1220 1397 1475 1454 Moralem
1507 1399 1680 1452 locum
1724 1394 1846 1466 pero

251 1497 397 1567 sequi
450 1497 868 1566 preposuitnus,
898 1494 1061 1550 etiam
1106 1502 1298 1563 gentes
1347 1492 1481 1548 istas
1543 1492 1681 1545 intra
1741 1505 1841 1545 nos

258 1589 351 1660 17
375 1586 651 1656 requirere
670 1586 949 1651 debemus,
967 1600 1087 1655 qua:
1120 1582 1583 1652 exspectationem
1616 1581 1839 1636 habent.

255 1689 281 1719 ι
308 1680 475 1749 llujus
527 1688 639 1735 tam
691 1678 961 1735 emendati
1000 1692 1069 1733 eo
1118 1675 1458 1731 confessione
1500 1672 1833 1745 perfectique

256 1785 539 1843 possumus
564 1780 755 1843 gentes
778 1771 918 1830 intra
950 1785 1050 1827 nos
1077 1770 1401 1839 intelligere,
1432 1782 1623 1824 omnes
1648 1766 1845 1822 animre

1946 582 1999 626 et
2033 572 2325 627 ﬂexuosam
2378 573 2620 627 scientiae
2665 572 2868 627 sentire
2913 570 3343 639 intelligentiam.
3374 569 3527 638 cujus

1951 663 2125 729 pullus
2153 666 2338 729 asinre,
2374 665 2554 730 idest,
2596 664 2790 718 anima:
2830 675 3020 716 sensus
3059 660 3326 727 adfectus,
3355 660 3526 729 ipsam

1947 752 2179 806 animam
2210 763 2390 807 servat
2411 769 2441 807 ιι
2475 754 2645 824 lapsu.
2679 751 2891 806 Lavabit
2919 754 2970 805 in
2996 753 3112 805 vino
3140 749 3346 805 stolam.
3380 750 3531 805 Sicut

1948 858 2077 898 caro
2105 843 2267 898 Verbi
2301 844 2418 908 Dei.
2449 845 2808 914 perfectorum
2854 844 3007 898 cibus
3040 852 3123 897 est
3151 861 3164 895 :
3199 842 3271 897 ita
3310 850 3367 897 et
3406 857 3501 897 san

1952 933 2071 1003 guis
2121 934 2259 1003 ejus.
2292 934 2650 1003 perfectorum
2689 937 2795 1007 ιε
2822 943 2907 989 est
2956 935 3228 1005 poculum.
3257 934 3356 1002 Qui
3399 948 3529 1003 ergo

1951 1039 2049 1093 per
2079 1022 2307 1078 Verbum
2340 1024 2435 1080 Dei
2475 1036 2841 1096 expurgantur
2870 1036 2925 1081 et
2974 1036 3300 1081 renovantur
3332 1025 3402 1080 de
3441 1025 3531 1080 die

1949 1116 2003 1169 in
2033 1114 2195 1181 diem,
2229 1115 2282 1170 bi
2310 1115 2560 1171 dicuntur
2590 1120 2767 1172 lavare
2806 1120 2859 1172 in
2897 1118 3022 1173 vino
3046 1119 3237 1173 stolam
3267 1131 3438 1183 suam,
3477 1118 3529 1172 id

1950 1216 2055 1273 εει,
2080 1220 2229 1262 actus
2255 1223 2382 1263 suos
2413 1209 2651 1264 visibiles
2681 1226 2696 1264 :
2720 1219 2768 1264 et
2794 1211 2848 1267 in
2870 1211 3118 1282 sanguine
3149 1226 3260 1265 uva:
3285 1210 3532 1264 amictum

1950 1316 2123 1368 suum,
2180 1300 2464 1356 interiores
2503 1302 2890 1371 cogitationes,
2944 1305 3084 1355 sicut
3136 1311 3191 1355 et
3243 1299 3531 1370 Apostolus

1950 1390 2088 1445 dixit
2118 1408 2131 1444 :
2166 1389 2511 1463 Cogitationes
2553 1403 2846 1465 purgantes,
2887 1404 2933 1447 et
2961 1409 3161 1448 omnem
3214 1393 3533 1448 altitudinem

1950 1482 2271 1537 extollentem
2286 1501 2341 1538 se
2367 1484 2636 1539 adversum
2664 1486 2929 1539 scientiam
2951 1483 3140 1538 Christi
3162 1483 3379 1556 (l.Cor.
3397 1483 3533 1553 10.).

1952 1572 2137 1629 Potest
2188 1584 2366 1629 tamen
2421 1583 2477 1629 et
2526 1574 2642 1629 sola
2698 1573 2924 1643 intelligi
2976 1572 3211 1644 Martyrii
3260 1572 3429 1644 gloria
3482 1582 3538 1627 et

1954 1665 2151 1734 passio,
2178 1679 2341 1735 quam
2366 1665 2477 1737 pati
2513 1674 2695 1734 sperat
2723 1664 2963 1735 quotidie
2982 1662 3160 1734 justus
3185 1664 3237 1717 in
3267 1676 3450 1729 carne,
3484 1670 3539 1716 et

1953 1758 2181 1811 amictus
2210 1757 2359 1815 solus
2412 1758 2468 1812 in
2514 1758 2798 1828 sanguine.
2825 1756 3186 1812 Nihilominus
3228 1756 3537 1827 Martyrium

259 1875 455 1921 nostrae
486 1875 689 1930 motus,
712 1864 805 1934 qui
832 1862 1064 1920 ferocius
1092 1863 1145 1918 in
1166 1862 1325 1917 nobis
1351 1869 1635 1915 moventur
1653 1873 1851 1915 secun—
1887 1868 1927 1926 Β
1953 1852 2301 1910 Conscientia:
2330 1850 2549 1921 accipit,
2579 1852 2724 1921 quod
2758 1854 2893 1908 intra
2920 1866 2979 1907 se
3011 1851 3200 1907 tolerat
3234 1849 3542 1905 indesinen-

256 1956 377 2011 dum
417 1954 648 2024 primam
677 1963 915 2021 aetatem,
940 1964 993 2009 et
1022 1954 1175 2025 quasi
1202 1952 1491 2010 Gentiliter
1512 1960 1671 2020 agunt
1696 1966 1713 2008 :
1738 1950 1842 2013 his,

259 2048 430 2102 omnis
457 2045 853 2103 emendationis
880 2060 1005 2116 spes
1027 2054 1131 2111 est,
1164 2055 1220 2101 et
1254 2044 1607 2115 exspectatio,
1639 2044 1684 2097 si
1723 2058 1846 2098 sen-

246 2154 369 2205 sus,
399 2138 494 2209 qui
525 2146 609 2193 est
640 2139 887 2207 princeps
916 2147 971 2192 et
993 2138 1097 2191 dus
1133 2137 1385 2205 hominis,
1411 2136 1684 2191 Christum
1705 2149 1841 2189 con-

261 2230 450 2299 fessus,
483 2242 539 2286 et
562 2231 629 2287 ab
658 2246 723 2286 eo
752 2232 1104 2297 illuminatus,
1138 2239 1351 2291 actuum
1395 2244 1613 2285 suorum
1642 2228 1843 2301 guber-

261 2322 444 2378 nacula
489 2322 822 2377 moderatur.
865 2321 1101 2393 Alligans
1142 2322 1211 2375 ad
1244 2324 1392 2377 vitem
1437 2320 1635 2392 pullum
1666 2336 1839 2375 suum.

248 2408 472 2481 fPullum
507 2412 594 2470 hic
630 2416 805 2486 ipsum
839 2429 1056 2470 sensum
1090 2430 1187 2485 pro
1216 2415 1561 2471 innovatione
1589 2414 1713 2468 vita:
1762 2415 1847 2467 in-

252 2508 592 2578 telligamus,
639 2508 729 2577 qui
778 2507 907 2562 alibi
955 2522 985 2562 a
1022 2507 1251 2563 Domino
1302 2505 1477 2562 infans
1525 2505 1846 2575 appellatur,

251 2612 381 2653 cum
420 2598 549 2653 dicit
580 2613 594 2651 :
628 2597 752 2653 Nisi
790 2600 1022 2656 conversi
1074 2601 1201 2670 facti
1231 2599 1455 2669 fueritis,
1485 2599 1612 2655 sicut
1660 2599 1851 2670 infans,

268 2710 368 2747 non
397 2693 654 2747 intrabitis
677 2710 891 2766 regnum
913 2693 1385 2765 cwlomm(Matth.
1414 2694 1550 2764 19.).
1571 2692 1702 2749 Cum
1728 2709 1854 2763 ergo

254 2784 387 2852 .qtn's
411 2782 695 2855 conjungit
731 2798 791 2837 se
817 2784 1068 2851 Domino,
1110 2794 1164 2839 et
1191 2786 1423 2841 efficitur
1453 2799 1591 2840 unus
1631 2783 1853 2853 spiritus

269 2890 385 2931 cum
441 2876 582 2947 ipso,
633 2877 815 2947 alligat
859 2878 926 2933 ad
968 2879 1126 2933 vitem
1174 2879 1372 2947 pullum
1422 2893 1576 2933 suum
1625 2878 1848 2933 dicens:

270 2965 399 3021 llilii
424 2978 595 3021 autem
615 2968 876 3025 adluerere
898 2968 1029 3034 Deo,
1047 2969 1231 3023 bonum
1252 2980 1322 3025 est
1342 2970 1359 3041 (
1372 2966 1516 3024 Psal.
1539 2969 1676 3039 72.).
1699 2967 1766 3025 Et
1786 2970 1855 3025 ad

270 3059 527 3130 palmitem
549 3060 750 3132 pullum
782 3064 942 3117 asina:
966 3079 1092 3121 sum.
1121 3063 1397 3118 Paltnitem
1430 3063 1613 3130 istum,
1647 3064 1698 3119 id
1743 3073 1846 3131 est,

1952 1952 2053 2000 ter.
2086 1943 2347 2014 Denique,
2383 1953 2436 1999 et
2468 1943 2521 1998 in
2548 1942 3028 2014 consequentibus,
3059 1942 3331 2013 gratificos
3353 1940 3540 1996 oculus

1948 2039 2065 2106 ejus
2086 2052 2205 2092 esse
2237 2036 2365 2091 dicit
2385 2051 2413 2090 a
2444 2036 2587 2102 tino,
2616 2047 2669 2093 et
2700 2035 2889 2091 dentes
2918 2038 3037 2105 ejus
3079 2034 3337 2092 candidos
3379 2047 3541 2103 super

1950 2130 2055 2183 lac.
2092 2129 2207 2183 Non
2255 2137 2339 2183 est
2387 2136 2563 2183 autem
2612 2127 2832 2182 dubium
2875 2128 3153 2181 ocu'orum
3193 2125 3429 2188 laudem,
3474 2138 3539 2178 es

1936 2216 2313 2286 prospiciendi
2343 2225 2401 2272 et
2427 2231 2590 2286 porro
2633 2216 2845 2271 videndi
2878 2218 3074 2271 virtute
3115 2213 3365 2283 proferri,
3396 2213 3539 2282 quod

1949 2310 2136 2378 utique
2172 2322 2266 2378 per
2296 2308 2535 2363 scientia
2566 2307 2651 2363 vel
2690 2307 2941 2378 gratiam,
2973 2306 3057 2362 vel
3088 2306 3323 2361 studium
3368 2304 3540 2359 venit.

1953 2402 2157 2457 Idcirco
2186 2402 2330 2457 enim
2369 2410 2424 2456 et
2462 2400 2653 2457 dentes
2685 2401 2922 2469 candidi,
2953 2402 3043 2472 qui
3075 2416 3235 2471 puros
3268 2409 3324 2457 et
3355 2400 3543 2454 imma-

1953 2496 2161 2551 culatos
2188 2505 2244 2551 et
2270 2495 2473 2551 solidos
2498 2496 2662 2551 edant
2688 2496 2841 2552 verbi
2874 2495 2971 2553 Dei
3013 2496 3186 2561 cibos,
3218 2510 3319 2551 nec
3348 2510 3544 2567 parva.

1958 2588 2131 2644 lorum
2174 2590 2312 2644 lacte
2352 2589 2425 2644 ali
2481 2590 2713 2645 animam
2747 2590 3037 2660 patiantur,
3063 2589 3157 2645 sed
3207 2589 3394 2644 solidis
3420 2603 3539 2645 eam

1958 2681 2219 2748 nutriant,
2268 2688 2323 2735 et
2375 2679 2563 2735 validis
2613 2680 2768 2747 cibis,
2825 2680 2877 2736 id
2931 2690 3038 2749 est,
3071 2696 3098 2735 a
3141 2680 3428 2736 Moralibus
3474 2679 3541 2736 ad

1960 2770 2181 2842 Mystica
2213 2778 2271 2826 et
2296 2769 2596 2841 dogmatica
2625 2786 2743 2826 eam
2774 2771 3177 2836 transferentes,
3207 2770 3399 2838 quibus
3426 2770 3545 2824 illus

1964 2862 2163 2916 minata
2195 2860 2385 2930 possit,
2432 2862 2667 2919 revelata
2715 2861 2874 2934 facie,
2913 2861 3134 2934 gloriam
3165 2861 3378 2919 Domini
3422 2874 3544 2931 spe-

1962 2951 2155 3011 culari.

342 3192 708 3282 "Legendum’
727 3195 940 3282 Barrnro
969 3196 1207 3282 videtur,
1237 3196 1391 3279 usta
1438 3198 1696 3282 emendati
1734 3216 1853 3269 ergo
1879 3204 1925 3265 ο
1961 3200 2247 3282 possumus
2273 3209 2443 3282 gentes
2469 3200 2608 3253 intra
2629 3214 2720 3252 nos
2746 3198 3053 3282 intelligere,
3085 3206 3190 3282 etc.
3214 3196 3548 3282 Certe'idem

274 3267 607 3334 confessione,
633 3275 741 3321 etc.
774 3266 894 3321 Mihi
942 3269 1110 3323 multo
1151 3268 1352 3323 leviore
1399 3269 1682 3322 verborum
1736 3266 1853 3323 ntu-

273 3337 493 3401 tatinne,
541 3340 705 3391 immo
751 3352 880 3392 vero
928 3341 1085 3393 unius
1136 3339 1384 3407 literni-.2,
1414 3338 1502 3394 ubi
1553 3355 1614 3392 eo
1655 3340 1852 3395 dicitur

281 3421 374 3474 pro
403 3422 483 3480 ea,
506 3420 664 3480 sensu
711 3418 887 3461 autem
942 3410 1224 3479 perspicuo
1275 3414 1445 3480 magis
1498 3419 1552 3464 et
1594 3425 1852 3479 congruo,

281 3476 633 3530 continuanda
672 3480 840 3533 series
878 3476 1137 3534 orationis
1174 3476 1390 3535 videtur
1432 3481 1497 3534 ad
1550 3476 1855 3535 Itunc'mo-

280 3546 426 3622 dum,
455 3545 899 3622 Exspectationem
946 3550 1128 3605 habent
1159 3552 1312 3622 hujus
1353 3560 1457 3604 tam
1496 3552 1749 3606 emendati
1795 3569 1855 3607 ea

278 3618 609 3686 confessione,
639 3620 967 3690 perfectique.
996 3622 1130 3676 Tum
1163 3618 1404 3692 adposita
1442 3624 1609 3700 τελείᾳ
1641 3632 1854 3700 στιγμῇ.

1960 3274 2052 3326 ille
2078 3273 2230 3343 juxta
2261 3266 2516 3325 moralem
2546 3284 2762 3343 sensum
2810 3266 3002 3343 Rufino
3032 3279 3115 3323 est
3143 3269 3248 3343 dux
3277 3266 3548 3343 deft-mo-

1957 3338 2105 3398 ribus
2143 3343 2306 3406 Juda,
2346 3350 2400 3396 et
2436 3341 2673 3409 gentium
2712 3340 3061 3407 exspectatio,
3101 3339 3190 3409 qui
3232 3338 3549 3406 confessione

1956 3413 2252 3468 emendatus
2269 3420 2364 3480 est,
2385 3420 2429 3465 et
2458 3409 2750 3464 carnalibus
2771 3410 2903 3463 vitiis
2921 3410 3175 3473 abscissis,
3202 3409 3549 3480 principatum

1957 3485 2039 3538 sui
2068 3485 2219 3556 gerit,
2236 3478 2524 3556 etc."Hau_c
2554 3492 2610 3556 et
2627 3480 3171 3556 subsequentilibro
3192 3478 3546 3556 tropulngiam

1962 3550 2322 3609 estfominum
2360 3551 2786 3608 Patriarcbarum
2833 3550 3131 3620 significatu
3186 3553 3545 3620 persequitur,

1966 3634 2131 3697 atque
2151 3625 2216 3681 ad
2248 3640 2412 3681 unum
2440 3623 2780 3678 continenter
2808 3621 3077 3676 hominem
3109 3620 3294 3675 refert.

280 3780 3550 3817 mw

1594 3925 2070 4032 PAULIN
2078 3926 2246 4031 US

1424 4107 1718 4167 FRATRI
1765 4108 2062 4169 RUFINO
2106 4108 2408 4168 Salutem.

358 4233 596 4304 19-20
626 4229 733 4283 latst
762 4231 1007 4285 incertum
1035 4232 1156 4285 mihi
1178 4232 1299 4303 fecit
1324 4233 1466 4301 filius
1508 4231 1754 4297 Cerealis,
1782 4234 1919 4300 quod
1950 4242 1973 4270 α
1997 4232 2066 4285 ad
2094 4242 2143 4285 te
2166 4242 2491 4304 perrecturus
2528 4233 2659 4302 fere!
2699 4234 2758 4287 in.
2780 4243 3021 4302 tempore,
3052 4248 3152 4302 quo
3200 4231 3270 4284 ad
3319 4240 3559 4286 sanctum

285 4318 494 4376 Petrum
518 4318 807 4394 [Romam]
832 4321 1130 4377 revertitur:
1160 4330 1328 4375 tamen
1359 4338 1451 4391 per
1471 4338 1587 4376 eum
1614 4322 1702 4391 qui
1730 4339 1872 4391 atque
1902 4333 2020 4379 tuus
2044 4338 2104 4375 uc
2135 4331 2306 4376 noster
2326 4332 2424 4389 est,
2459 4339 2561 4375 non
2591 4322 2808 4377 scribere
2838 4321 2948 4385 tibi,
2971 4332 3077 4375 tam
3102 4322 3357 4393 culpabile
3384 4322 3550 4390 nobis,

285 4435 433 4487 quam
473 4420 561 4473 tibi
610 4419 771 4482 triste,
816 4420 1047 4487 futurum
1094 4417 1463 4489 judicavimus.
1497 4418 1684 4490 Itaque
1723 4420 1973 4475 chartula:
2009 4419 2275 4484 damnum,
2306 4418 2350 4472 si
2376 4426 2424 4471 te
2445 4418 2575 4487 forte
2604 4434 2703 4470 non
2755 4418 2982 4483 vidisset,
3009 4434 3161 4487 quam
3210 4419 3391 4491 ofﬁcii,
3425 4421 3559 4473 sicut

287 4512 555 4573 credimus,
584 4512 629 4565 si
658 4520 706 4565 te
750 4510 950 4573 viseret,
1001 4519 1343 4579 prwoplantes
1373 4527 1655 4577 capessere,
1690 4511 2060 4565 commissimus
2114 4507 2386 4579 epistolam
2427 4511 2597 4572 istam,
2631 4525 2733 4562 non
2772 4512 2937 4571 casui,
2987 4510 3078 4563 sed
3116 4511 3257 4577 ﬁdei.
3293 4510 3559 4565 Credimus

291 4605 422 4659 enim
450 4607 502 4657 in
534 4601 754 4657 Domino
783 4601 1102 4670 dirigentium
1131 4602 1197 4653 ad
1219 4608 1268 4654 te
1306 4602 1440 4654 viam
1477 4602 1747 4667 sermonis,
1770 4616 1830 4654 ac
1852 4600 1949 4670 filii
1980 4602 2160 4665 nostri,
2185 4600 2306 4669 quia
2334 4600 2740 4654 desiderantibus
2767 4600 2969 4667 bonum,
2992 4604 3162 4656 omnia
3189 4607 3464 4672 precedent
3505 4607 3565 4661 in

292 4701 474 4751 bonum
497 4713 517 4752 :
545 4697 804 4751 desiderat
828 4696 964 4748 enim
1008 4703 1054 4748 te
1082 4703 1327 4763 quantum
1361 4693 1507 4747 debes
1552 4692 1835 4748 desiderari
1871 4694 1935 4746 ab
1972 4693 2286 4766 intelligente
2313 4693 2630 4747 commodum
2657 4711 2812 4748 suum
2838 4695 2901 4749 de
2940 4698 3194 4751 consortio
3225 4700 3319 4753 tui.
3351 4698 3419 4754 Et
3446 4700 3566 4755 ideo

293 4810 564 4865 praesumo,
594 4794 717 4863 quia
744 4791 1026 4846 secundum
1050 4791 1204 4860 [idem
1231 4806 1291 4844 ac
1311 4790 1548 4861 pietatem
1575 4805 1719 4843 suam
1742 4784 2021 4844 salvabitur
2043 4790 2097 4844 in
2127 4790 2270 4844 bonis
2295 4788 2603 4843 desiderium
2625 4792 2756 4860 ejus,
2783 4800 2830 4843 et
2861 4792 3112 4859 perveniet
3141 4794 3294 4862 adte,
3325 4804 3372 4849 et
3397 4803 3564 4851 tecum

292 4890 531 4955 manebit,
562 4896 609 4942 et
630 4886 970 4954 geminabitur
997 4886 1141 4940 nobis
1170 4884 1311 4956 apud
1342 4884 1618 4939 Dominum
1641 4886 1694 4939 in
1716 4885 1856 4939 vobis
1878 4887 2105 4940 salutare
2130 4884 2449 4956 praesidium,
2477 4900 2594 4939 cum
2642 4894 2690 4939 et
2733 4886 2824 4939 tibi
2852 4896 2958 4940 tam
2988 4890 3147 4942 bonus
3175 4890 3337 4959 filius,
3371 4907 3561 4957 comes,

285 4980 578 5052 discipulus
630 4978 841 5049 adjutor
877 4977 1161 5042 accesserit,
1193 4984 1242 5029 et
1271 4987 1325 5029 tu
1376 4976 1456 5030 illi
1495 4986 1636 5047 pater
1664 4991 1725 5029 ac
1764 4977 2005 5046 magister
2034 4975 2198 5029 omnis
2229 4974 2345 5028 boni
2386 4976 2605 5028 donatus
2642 4991 2673 5028 ει
2697 4974 2937 5044 Domino,
2981 4980 3049 5032 ad
3077 4980 3337 5048 efﬁcacem
3369 4984 3565 5037 oratio.

287 5090 411 5127 rrum
435 5070 734 5143 potentiam,
756 5070 885 5124 vires
913 5069 1093 5140 gratia
1112 5069 1363 5140 spiritalis
1388 5069 1671 5123 addideris.
1708 5067 1759 5121 Ν
1766 5069 1874 5124 obis
1899 5077 2090 5133 autem,
2120 5069 2213 5123 etsi
2236 5084 2330 5140 pro
2356 5077 2442 5122 tua
2472 5071 2685 5124 caritate
2737 5076 3029 5140 prtesumtio
3067 5077 3150 5137 sit,
3174 5078 3294 5141 quia
3321 5089 3565 5134 remeatu-

291 5185 381 5224 rus
403 5167 431 5207 ¹³
454 5168 525 5222 ad
559 5165 840 5233 Orientem,
864 5182 967 5220 non
995 5166 1125 5237 feres
1152 5164 1427 5220 invisitatis
1456 5164 1597 5219 nobis
1624 5165 1803 5220 abire:
1838 5174 2009 5217 tamen
2038 5163 2101 5217 de
2127 5166 2348 5234 peccatis
2377 5166 2567 5219 nostris
2596 5176 2761 5220 metus
2804 5178 2899 5233 est,
2936 5183 2999 5221 ne
3028 5170 3229 5223 etiamsi
3274 5180 3378 5223 tam
3417 5175 3565 5228 nobis

296 5352 297 5355 η
329 5352 339 5355 Α
366 5290 391 5321 ι
420 5282 627 5355 Agebat
648 5280 823 5355 adh_nc
846 5279 1067 5355 Rnilnus
1094 5283 1151 5355 in
1174 5282 1339 5336 l’ineti
1369 5282 1711 5355 Monasterio,
1731 5282 1873 5351 quod
1906 5285 1953 5344 ι)
1980 5298 2126 5355 mum
2161 5283 2211 5337 in
2239 5281 2515 5339 Orientem
2546 5284 2879 5355 remigraret.
2921 5284 3099 5339 statim
3132 5295 3291 5353 atque
3321 5301 3384 5338 ex
3416 5285 3560 5355 Urbe

300 5352 458 5409 situm
496 5353 547 5407 in
577 5366 707 5419 agro
733 5351 1108 5406 Tarracinensi
1133 5352 1283 5422 juxta
1327 5369 1495 5415 mare,
1536 5353 1687 5408 honis
1717 5368 1873 5418 arau-
1987 5354 2449 5420 rediisset,quose
2477 5351 2723 5408 conferre
2746 5356 3072 5413 decreverat.
3093 5351 3235 5418 cum,
3263 5365 3317 5406 ut
3350 5356 3463 5422 ipse
3487 5352 3569 5411 ait

296 5424 521 5482 ‘ntentis.
564 5421 760 5489 quibus
800 5429 855 5475 et
906 5436 1003 5477 nos
1036 5422 1359 5490 persuadere
1403 5424 1519 5478 aliis
1558 5424 1731 5477 conati
1785 5440 1873 5476 su-

307 5509 447 5562 mus,
481 5493 812 5562 Fontaninus
841 5493 1130 5548 contendit.
1168 5492 1317 5547 Adeo
1347 5495 1549 5547 Cereali
1588 5495 1717 5549 Nola
1761 5493 1870 5546 Ro-

305 5561 443 5619 mam
476 5564 543 5618 ad
580 5561 638 5618 S.
673 5562 887 5615 Petrum
936 5566 1243 5628 revertenti,
1276 5563 1514 5617 nonnihil
1555 5574 1671 5619 erat
1704 5580 1732 5616 a
1769 5564 1873 5616 Ro-

306 5649 459 5688 mana
492 5636 575 5687 via
612 5631 1013 5702 declinandum,
1060 5648 1228 5702 eaque
1253 5633 1320 5686 de
1364 5648 1574 5694 caussa.
1626 5649 1751 5687 num
1784 5634 1870 5686 illa

306 5705 589 5760 occasione
639 5702 705 5754 ad
760 5701 1006 5756 Ruﬁnum
1054 5702 1365 5760 diverteret.
1419 5705 1675 5757 ἱηριτιυιιι
1725 5704 1871 5757 fecit.

376 5772 402 5811 δ
436 5771 689 5828 llabuerit
726 5770 777 5823 id
824 5772 1037 5838 quidem
1071 5772 1121 5825 in
1166 5773 1344 5827 animo
1373 5772 1611 5835 Ruﬁnus,
1646 5773 1874 5827 fortasse

306 5846 462 5900 etiam
508 5843 688 5899 amico
718 5841 939 5897 l’aulino
991 5841 1321 5912 significarit,
1353 5843 1465 5897 fore
1495 5854 1547 5896 ut
1594 5844 1871 5913 quampri-

1982 5423 2034 5479 in
2084 5424 2401 5489 praecedenti
2454 5424 2709 5491 Epistula,
2727 5426 2781 5478 in
2804 5433 2929 5487 tritu
2949 5425 3261 5476 sollicitudin
3284 5441 3309 5477 s
3331 5433 3377 5476 et
3404 5426 3455 5476 in
3479 5429 3560 5477 in-

1982 5501 2117 5547 certo
2134 5494 2777 5547 ntorarumesset.Timere
2803 5510 2862 5545 se
2882 5493 3017 5545 adeo
3041 5492 3291 5545 Paulinus
3320 5492 3467 5552 dicit.
3493 5510 3563 5549 ne

1981 5564 2151 5629 illum,
2185 5567 2227 5615 si
2260 5580 2325 5616 eo
2367 5574 2567 5630 pergat,
2605 5564 2707 5616 filia
2752 5561 3043 5631 Babylonis
3086 5561 3343 5631 detineat.
3384 5563 3559 5617 Aliter

1980 5643 2158 5687 autem
2187 5634 2357 5686 multo
2386 5633 2567 5685 Itahu:t
2598 5648 2657 5685 se
2686 5647 2793 5693 res,
2827 5630 2945 5682 nam
2993 5630 3178 5682 Pineto
3206 5630 3427 5683 Romam
3460 5649 3559 5687 ve-

1983 5710 2135 5758 n'ens
2161 5702 2403 5765 Rufinus,
2428 5703 2581 5769 paulo
2611 5709 2759 5769 post,
2783 5698 3102 5769 hoc_scilicet
3128 5701 3241 5766 ipso
3268 5716 3409 5753 anno
3430 5702 3561 5759 398.

1983 5774 2122 5827 circa
2150 5766 2525 5827 Novembrem.
2554 5771 2604 5822 iu
2634 5768 2853 5835 patriam
2871 5766 3221 5823 Concordiam
3256 5772 3554 5836 contendit,

1979 5850 2089 5896 tum
2120 5840 2379 5912 Aquilejn:
2407 5855 2577 5893 annos
2606 5845 2840 5892 moratus
2863 5846 2945 5891 cst
2982 5838 3151 5894 ferme
3188 5839 3399 5899 decem.
3431 5841 3561 5902 lites
