4078 6346
559 368 658 424 3H
1555 366 1786 426 RUFINI
1831 366 2310 435 AQUiI.EIEN$lS
2351 360 2781 423 PRESBYTER!
3726 364 3827 420 519

555 480 725 537 uicina
747 482 902 551 ﬁlia"l
924 481 1082 554 [Αιιι.
1111 482 1266 556 ﬁlim]
1298 482 1578 551 Babylonis
1618 491 1832 537 avertat.
1866 485 2038 550 Quare
2076 480 2295 536 Domino
2326 482 2578 535 desideria
2627 491 2803 535 nostra
2837 496 2899 534 ac
2936 488 3052 535 vota
3094 480 3420 547 mandamus,
3447 495 3512 536 ne
3547 483 3825 538 secundum

553 576 788 631 meritum
836 579 1003 643 nobis,
1032 578 1122 632 sed
1139 578 1415 633 secundum
1441 578 1748 631 desiderium
1779 580 1955 647 faciat,
1984 586 2031 629 et
2063 577 2252 645 dirigat
2282 577 2351 629 ad
2377 591 2467 628 nos
2487 576 2619 628 viam
2651 584 2787 627 tuam
2826 574 2880 627 in
2907 573 2985 626 via
3013 573 3154 642 pacis
3184 588 3312 641 sum,
3338 575 3458 642 quia
3492 588 3596 628 non
3644 575 3826 629 ambu-

553 667 718 722 lantes
744 669 797 721 in
819 672 963 733 ea,in
993 669 1258 739 reprobum
1284 685 1486 723 sensum
1507 669 1737 721 damnati
1758 679 1895 737 sunt,
1920 684 2010 721 nec
2031 678 2077 721 te
2103 669 2390 721 desiderare
2412 675 2681 719 merentur.

624 756 688 814 ll.
721 760 864 814 Sane
899 759 1304 829 importunitate,
1333 775 1433 827 qua
1473 761 1657 812 ostium
1697 772 1859 823 tuum,
1894 759 1973 812 vel
2001 760 2169 812 media
2197 768 2361 821 nocte,
2395 758 2600 829 pulsare
2626 772 2881 820 consuetu,
2918 756 3134 827 repulsa:
3172 766 3332 822 metu,
3362 769 3429 810 aa
3460 758 3821 812 verecundiam

547 860 596 905 et
622 850 831 904 madum
858 850 1151 920 postulandi
1182 860 1406 917 coactus,
1430 866 1568 903 nunc
1591 851 1686 903 hoc
1729 851 1865 903 circa
1905 865 1983 901 me
2011 851 2200 920 negotii
2232 850 2322 903 tibi
2362 850 2534 913 trado,
2563 859 2617 902 ut
2652 849 3037 902 Benediction‘es
3067 848 3337 901 duodecim
3366 847 3820 922 Patriarcharum,

551 945 701 1014 cujus
722 945 837 1012 jam
866 942 1169 1012 principium
1201 941 1328 995 mihi
1374 946 1605 1010 exposita
1650 942 1786 994 circa
1829 957 2098 1008 personam
2143 941 2299 995 Iuda:
2352 940 2647 1011 Prophetia,
2681 941 2871 1009 triplici
2920 952 2974 994 ut
3011 944 3218 1013 jussum
3268 952 3342 996 est
3384 944 3822 1011 interpretatione,

549 1036 846 1105 conscriptis
877 1035 1096 1105 paginis,
1129 1035 1336 1089 edidisti
1365 1049 1384 1088 :
1408 1050 1500 1105 per
1538 1035 1762 1104 reliquos
1791 1036 1925 1104 ﬁlios
1955 1036 2275 1089 distributum
2321 1036 2549 1102 digneris
2588 1050 2861 1102 exponere,
2904 1044 2957 1085 ut
2986 1042 3034 1087 et
3074 1036 3181 1104 ipse
3212 1051 3300 1104 per
3331 1044 3377 1087 te
3418 1035 3542 1103 ﬁam
3591 1037 3824 1089 conscius

548 1129 793 1194 veritatis,
826 1136 872 1179 et
904 1143 1102 1197 magna
1124 1128 1304 1196 gratia!
1332 1144 1391 1181 ac
1413 1127 1579 1181 laudis
1600 1141 1858 1181 auctorem
1882 1129 2108 1192 habeam,
2133 1128 2177 1181 si
2197 1128 2275 1181 his
2300 1129 2388 1197 qui
2415 1128 2477 1181 de
2507 1143 2586 1179 me
2612 1143 2769 1193 supra
2800 1144 2878 1180 me
2904 1125 2932 1164 ἱ)
2960 1140 3169 1197 propter
3199 1128 3367 1197 operis
3393 1138 3415 1166 ο
3447 1129 3823 1185 consulendum

547 1233 626 1273 me
650 1227 970 1287 putaverunt,
1004 1218 1175 1272 divina
1204 1218 1373 1289 potius
1403 1226 1449 1273 et
1478 1226 1564 1271 tuo
1592 1220 1800 1289 spiritu,
1833 1235 1983 1288 quam
2013 1221 2075 1273 de
2099 1235 2208 1272 meo
2237 1235 2387 1272 sensu
2418 1220 2590 1286 inepta
2615 1222 2973 1287 respondeam.

548 1355 668 1410 ideo
712 1357 973 1410 mouenda
1020 1365 1194 1419 erant,
1224 1355 1347 1425 quia
1387 1372 1493 1412 non
1544 1357 1756 1411 videtur
1805 1356 2134 1411 Fontanious
2163 1363 2212 1421 Α
2240 1355 2551 1419 explicatio,
2582 1362 2641 1407 ut
2679 1362 2733 1408 et
2762 1370 2861 1408 nos
2893 1355 2956 1407 ad
2990 1357 3377 1424 praecedentem
3410 1358 3653 1425 ejusdem
3688 1359 3823 1417 Pau-

545 1426 671 1489 loci,
716 1440 835 1479 cum
872 1425 1049 1493 hujus,
1083 1436 1193 1480 tum
1235 1430 1527 1492 sutieriorts
1558 1442 1771 1482 sensum
1822 1427 1955 1481 bene
1986 1442 2132 1481 asse-

545 1508 743 1563 quutus
776 1514 789 1551 :
828 1506 1113 1563 utrumque
1140 1497 1281 1551 enim
1314 1512 1418 1551 non
1442 1499 1508 1552 de
1536 1499 1704 1552 Roma
1739 1499 1992 1561 explicat,
2026 1513 2131 1561 quo

546 1568 773 1623 Ruﬁnus
826 1569 931 1620 iter
981 1578 1215 1635 pararet,
1266 1570 1360 1623 sed
1420 1570 1646 1636 primum
1694 1569 1762 1623 de
1818 1567 2128 1629 Concordia,

547 1639 795 1709 hancque
849 1637 983 1709 adeo
1031 1638 1099 1691 de
1153 1636 1334 1702 Italia,
1391 1655 1455 1694 es
1510 1654 1613 1709 qua
1673 1646 2034 1693 remeaturum
2078 1641 2129 1692 in

546 1708 822 1831 Ursentcm
872 1708 1123 1762 Paulinus
1167 1724 1287 1764 eum
1331 1718 1504 1780 roget,
1538 1725 1605 1764 ne
1630 1724 1689 1764 se
1718 1710 1990 1763 invisitato
2020 1709 2129 1764 dis-

548 1794 612 1831 ce
655 1787 727 1831 ut.

548 1787 727 1833 cedat.

625 1858 653 1886 ⁸
674 1848 789 1904 Νοη
819 1849 1058 1916 dubium,
1086 1850 1215 1920 quin
1251 1850 1470 1904 Romam
1504 1850 1770 1913 intelligat
1803 1868 1814 1904 :
1851 1865 1972 1904 nam
2001 1863 2130 1903 con-

547 1921 717 2005 ceptis
738 1921 1343 2009 uerbisin‘prazcedenrt‘i
1377 1923 1636 2009 Spistola,
1668 1922 1913 2009 Roma‘t’n‘,
1930 1922 2127 2009 ξειηυίιῖ

547 1992 652 2058 peti
670 1991 1263 2063 judicastiserterum
1298 1993 1532 2061 Epistola
1568 2008 1781 2063 quoque
1824 1992 2129 2063 XXIXZad

549 2061 806 2116 Severum
839 2062 905 2115 de
945 2061 1185 2116 Melania
1233 2063 1419 2117 Nolam
1476 2061 1729 2127 adventu,
1780 2065 1976 2117 deinde
2024 2061 2131 2115 Ro-

547 2147 713 2198 mam,
749 2134 995 2199 loquens,
1023 2131 1197 2194 lianc,
1236 2132 1329 2200 ait,
1356 2134 1467 2201 ﬁlia
1501 2134 1630 2188 Sion
1653 2134 1897 2187 hactenus
1927 2134 2129 2198 habuit,

546 2213 594 2254 et
622 2204 873 2256 desiderat
897 2218 916 2255 .°
940 2220 1077 2257 nunc
1097 2205 1211 2272 ﬁlia
1237 2203 1514 2273 Babylonis
1541 2206 1708 2266 habet,
1741 2214 1789 2258 et
1819 2205 2126 2267 admiratur,

544 2273 666 2339 quia
686 2275 799 2343 jam
823 2284 867 2326 et
889 2273 1168 2341 ipsalUrbs
1198 2276 1251 2328 in
1284 2276 1517 2343 pluribus
1547 2275 1659 2341 [i‘ia
1688 2276 1815 2327 Sion
1840 2285 1937 2338 est,
1978 2290 2129 2342 quam

544 2343 657 2409 ﬁlia
692 2342 1099 2413 Babylonis,....
1150 2342 1457 2414 quamquam
1485 2346 1577 2397 illa
1612 2346 1794 2414 quietis
1839 2356 1886 2399 et
1926 2344 2132 2397 latebra:

543 2429 654 2467 suae
716 2416 857 2484 apud
929 2414 1236 2482 Jerusalem,
1288 2417 1343 2468 in
1418 2416 1667 2470 Romanis
1739 2416 1892 2468 modo
1971 2416 2130 2467 turbis

543 2493 791 2549 wsluans,
823 2495 928 2538 etc.

616 2552 742 2626 b_Et
769 2554 1081 2626 cumprimis
1139 2555 1419 2609 Desiderio
1449 2555 1793 2625 Presbytero,
1821 2571 1849 2609 a
1880 2570 1986 2626 quo
2016 2570 2133 2623 pro-

545 2624 716 2692 posita
739 2624 841 2679 sibi
871 2625 1016 2679 istaec
1040 2625 1215 2680 fuerat
1232 2624 1673 2681 Benedictionutn
1697 2624 2126 2682 Patriar‘charum

2240 1426 2333 1479 lini
2366 1428 2430 1478 ad
2467 1426 2712 1478 Ruﬁnum
2759 1426 3047 1493 lfpistolam
3076 1427 3447 1493 observamus,
3487 1439 3542 1483 et
3578 1431 3821 1485 luculen-

2238 1498 2354 1568 tius
2374 1497 2488 1564 ipse
2512 1496 2737 1568 exponit
2762 1496 2822 1550 S.
2848 1494 3006 1568 Pater
3029 1497 3199 1568 Epist.
3227 1497 3409 1552 XLIII.
3436 1499 3499 1552 ad
3532 1500 3821 1568 ipsummet

2212 1566 2588 1629 .Dcsiderium,
2622 1566 2674 1619 in
2706 1582 2809 1634 qua
2839 1567 3120 1620 excellenti
3153 1568 3473 1623 humilitatis
3521 1566 3640 1625 arte
3693 1572 3820 1626 sub-

2239 1638 2401 1690 trahit
2430 1654 2489 1691 se
2511 1640 2686 1696 oneri,
2711 1637 2852 1705 quod
2885 1640 2935 1690 in
2968 1638 3139 1702 ipsum
3180 1641 3467 1693 Auctorem
3509 1641 3708 1707 rejicit.
3741 1640 3816 1697 De

2234 1723 2354 1779 quo,
2387 1708 2572 1777 inquit,
2590 1708 2713 1759 mihi
2738 1708 3232 1777 scripseras,aquam
3259 1709 3459 1763 dulcem
3484 1720 3531 1763 et
3559 1712 3818 1779 copiosam

2234 1778 2286 1830 in
2312 1795 2511 1853 amaro,
2535 1789 2582 1832 et
2608 1790 2780 1853 arente
2809 1779 2973 1853 rivulo
3000 1794 3253 1853 quit'rens‘,
3279 1788 3399 1853 tute
3426 1780 3594 1843 potius
3627 1778 3820 1853 gratia:

2231 1850 2593 1918 explicandum
2635 1850 2888 1919 relinquo.
2928 1848 2969 1900 Τ
2974 1866 3005 1900 u
3050 1864 3187 1907 vero.
3222 1849 3499 1919 benedicte,
3529 1867 3621 1904 vas
3639 1848 3814 1905 'mnn-

2234 1920 2355 1971 dum
2386 1930 2432 1972 et
2468 1934 2645 1987 aptum
2676 1918 2800 1982 Deo,
2826 1921 2870 1972 si
2899 1920 3139 1985 accepisti
3169 1918 3491 1974 intellectum
3511 1920 3819 1977 benedictio-

2235 1990 2313 2042 nis
2336 1989 2495 2054 illius,
2524 2008 2625 2058 qua
2649 1990 2783 2057 ﬁlios
2813 2006 2932 2043 suos
2964 1990 3262 2057 prophetico
3287 1992 3471 2058 spiritu
3512 1992 3819 2046 Patriarcha

2234 2060 2287 2112 in
2313 2064 2537 2113 cwcitate
2567 2062 2795 2126 corporis
2824 2061 3103 2113 luminatus
3134 2061 3433 2128 alloquitur,
3461 2078 3659 2129 expone
3695 2063 3819 2117 mihi

2233 2134 2478 2203 rescripto
2507 2133 2745 2201 mysteria
2775 2133 2940 2201 regni,
2973 2139 3021 2183 et
3041 2136 3632 2187 sacramentaasauulis
3671 2149 3819 2203 repo-

2234 2202 2351 2265 sita,
2382 2213 2489 2255 etc.

2308 2283 2329 2310 ε
2367 2272 2530 2325 Recte
2560 2271 2754 2325 Brunio
2780 2272 3087 2327 adnotatum
3120 2282 3223 2339 est,
3254 2273 3480 2329 fertasse
3506 2272 3813 2329 addendum

2234 2338 2357 2396 heic
2386 2345 2674 2408 opinantes.
2711 2344 2865 2397 Certe
2905 2354 2997 2396 aut
3025 2345 3125 2398 hoc
3154 2344 3397 2405 verbum,
3424 2357 3510 2397 aut
3537 2344 3644 2398 tale
3667 2346 3818 2409 quid-

2236 2413 2397 2480 piam,
2426 2424 2535 2466 tum
2565 2412 2733 2482 exigit
2752 2414 2866 2483 glori
2901 2428 3112 2481 sensus,
3136 2422 3244 2466 tum
3272 2414 3429 2467 modo
3454 2415 3665 2468 laudata
3692 2416 3817 2483 Epi-

2178 2534 2183 2540 _
2234 2485 2367 2535 stula
2421 2483 2702 2550 ipsiusmet
2742 2482 2947 2538 Paulini
3005 2485 3068 2536 ad
3126 2484 3458 2538 Desiderium
3490 2482 3815 2540 subindicat.

2234 2553 2352 2626 lito;
2400 2569 2617 2622 quoque
2649 2569 2734 2608 res
2766 2554 2979 2626 clamat,
3029 2555 3193 2610 verbo
3242 2556 3412 2625 operis
3457 2556 3817 2626 supplendum

2234 2624 2623 2693 difficultatem,
2647 2632 2739 2677 aut
2767 2625 2889 2694 quid
2924 2625 3119 2679 simile.

549 2789 3817 2814 ———-————-——————————-—————_———_——u—‘

1085 2923 1162 2983 IN
1196 2908 1511 2988 LIBRUM
1554 2926 1628 2989 ll.
1675 2928 1780 2988 DE
1828 2927 2539 2990 BENEDICTIONIBUS
2584 2927 3273 2993 PATRIARCHARUM

903 3111 1391 3231 RUFINI
1495 3116 2483 3254 AQUILEIENSIS
2550 3122 3427 3240 PRESBYTERI

1276 3337 1438 3422 AD
1494 3338 2129 3428 PAULINUM
2188 3340 3073 3429 PRESBYTERUM

1836 3519 2515 3701 aﬂrafatio.

1271 3902 1665 4011 RUFIN
1673 3905 1833 4010 US
1915 3902 2393 4008 FRATRI
2469 3902 3041 4017 PAULINO

1746 4112 2039 4174 HOMINI
2096 4113 2229 4174 DEI
2278 4115 2583 4179 Salutem.

591 4260 832 4333 21-22
859 4261 1207 4318 Communem
1240 4264 1455 4334 quidem
1487 4264 1653 4318 lilium
1694 4262 1971 4319 Cerealem
2007 4264 2241 4319 nondum
2272 4265 2535 4332 videram,
2567 4266 2662 4322 sed
2694 4268 2739 4322 is
2768 4267 3036 4334 conscius,
3069 4269 3196 4339 quid
3227 4270 3356 4326 mihi
3392 4270 3597 4329 doloris
3640 4274 3785 4341 inm:

520 4366 694 4425 geret,
718 4356 764 4410 si
795 4356 1020 4411 reddere
1044 4366 1346 4412 moraretur
1376 4358 1558 4412 literas
1598 4366 1738 4421 tuas,
1772 4365 1794 4392 ο
1825 4355 2087 4424 praemisit
2115 4357 2180 4410 ad
2216 4371 2303 4411 me
2329 4374 2344 4410 :
2374 4371 2506 4426 quas
2535 4373 2655 4412 cum
2700 4358 2882 4428 legens
2915 4374 3039 4428 erga
3068 4360 3139 4414 tui
3172 4360 3253 4431 (ut
3281 4361 3450 4433 soleo)
3479 4362 3803 4426 desiderium

520 4450 691 4517 magis
718 4463 781 4503 ac
811 4449 978 4519 magis
1009 4465 1332 4515 crescerem,
1366 4450 1547 4505 inveni
1576 4449 1642 4527 ad
1687 4449 1930 4502 ultimum
1964 4448 2093 4503 illud
2131 4458 2182 4503 te
2211 4449 2499 4518 imperare,
2530 4450 2669 4505 unde
2699 4452 2951 4506 excusavi
3000 4451 3314 4522 frequenter
3346 4456 3485 4524 apud
3518 4465 3592 4523 te,
3640 4474 3710 4514 ne
3736 4460 3805 4518 de

519 4540 919 4610 Scripturarum
951 4543 1157 4598 scilicet
1188 4542 1725 4611 interpretationibus
1755 4541 1953 4609 aliquid
1984 4556 2012 4595 a
2058 4556 2141 4596 me
2173 4557 2423 4611 posceres
2467 4558 2563 4612 per
2606 4543 2786 4599 literas
2827 4544 3152 4612 respondere
3183 4561 3196 4599 :
3222 4556 3276 4600 et
3304 4561 3410 4616 quo
3452 4549 3621 4617 magis
3651 4564 3681 4604 a
3710 4566 3805 4620 po-

523 4634 727 4688 scendo
757 4633 1069 4703 desisteres,
1103 4635 1315 4705 signum
1348 4636 1443 4691 tibi
1475 4635 1757 4705 imperitiae
1786 4650 1939 4701 mete,
1971 4644 2026 4691 et
2058 4635 2311 4691 ineruditi
2342 4637 2609 4692 sermonis
2640 4636 2805 4692 semel
2836 4646 2996 4704 atque
3024 4635 3051 4674 δ
3086 4637 3275 4691 iterum
3301 4638 3445 4693 dedi.

595 4751 658 4805 ll.
695 4749 799 4807 Sed
832 4752 955 4821 quia
989 4758 1040 4805 tu
1086 4768 1186 4806 nec
1214 4753 1292 4806 sic
1321 4752 1539 4822 quidem
1578 4762 1599 4789 ο
1634 4752 1819 4806 ttedias
1850 4753 2134 4821 imperare,
2170 4764 2221 4809 ut
2267 4756 2409 4824 potui
2461 4755 2619 4810 etiam
2654 4768 2813 4820 nunc,
2848 4753 2914 4808 de
2944 4752 3164 4822 reliquis
3194 4751 3440 4807 undecim
3473 4752 3800 4812 Patriarchis

521 4842 705 4896 addidi
739 4843 804 4897 ad
833 4843 946 4897 haec
976 4860 1094 4913 qum
1125 4844 1192 4899 de
1219 4845 1369 4900 Judro
1393 4845 1770 4899 benedictione
1796 4847 1941 4915 prius
1976 4847 2068 4901 tibi
2095 4848 2479 4917 responderam
2511 4866 2523 4901 :
2554 4847 2820 4901 arbitrans
2849 4846 2989 4914 quod
3023 4845 3185 4912 patris
3215 4844 3378 4909 illius.
3401 4845 3487 4900 cui
3513 4847 3719 4914 iubenti
3747 4859 3803 4905 ut

520 4936 654 4991 irem
688 4936 739 4990 in
787 4938 1021 5004 vineam,
1058 4939 1192 5005 dixi,
1236 4939 1358 4994 Non
1388 4956 1446 4994 eo
1477 4939 1695 5010 (Matth.
1729 4922 1867 5009 ἰδέ),
1901 4951 1956 4996 et
1984 4942 2089 4996 abii
2136 4943 2477 5012 pos:modum
2513 4960 2525 4994 :
2557 4942 2772 4995 fecerim
2804 4945 3149 4993 voluntatem.
3184 4938 3241 4992 Si
3273 4938 3395 5006 quid
3425 4954 3557 4993 sane
3589 4944 3803 4997 temeri-

521 5029 650 5080 tatis
683 5028 735 5081 in
766 5027 907 5082 facto
936 5040 1040 5090 εει,
1065 5030 1208 5099 quod
1237 5045 1356 5085 cum
1388 5030 1566 5085 minus
1598 5031 1772 5086 idonei
1821 5035 2010 5097 simus,
2045 5042 2151 5088 tam
2194 5049 2384 5104 magna
2427 5032 2808 5101 contingimus,
2841 5045 2961 5085 cum
2993 5029 3066 5083 tui
3099 5030 3249 5083 venia
3278 5028 3530 5096 dixerim,
3564 5033 3659 5088 tibi
3686 5034 3803 5105 jus-

521 5116 727 5173 tiSsime
755 5119 1111 5189 reputabitur,
1142 5121 1232 5191 qui
1279 5136 1388 5189 pra:
1429 5123 1593 5177 nimio
1622 5137 1828 5191 amore,
1861 5140 2143 5181 mensuras
2185 5125 2239 5201 in
2291 5126 2446 5182 nobis
2492 5124 2755 5193 scientiae,
2790 5132 2848 5179 ut
2889 5132 2944 5178 et
2989 5122 3315 5191 reliquarum
3349 5124 3629 5194 virtutum,
3671 5130 3801 5186 satis

592 5287 619 5316 ⁸
650 5277 765 5334 Huc
794 5276 939 5350 refer
965 5291 1085 5350 qua:
1106 5277 1172 5350 ad
1202 5278 1590 5346 prtecedentem
1621 5282 1864 5348 proxime
1897 5282 2100 5337 Paulini
2135 5285 2182 5345 B
2211 5282 2353 5350 quod
2400 5282 2676 5350 superiore
2706 5280 2978 5342 Tractatu,
3023 5278 3114 5345 qui
3159 5278 3361 5350 primus
3391 5280 3554 5337 Liber
3583 5294 3666 5340 est
3696 5285 3796 5341 hu-

520 5350 815 5423 Epistolam
862 5348 933 5423 de
975 5349 1215 5423 (ierealis
1240 5352 1472 5423 itinere,
1522 5363 1574 5406 et
1619 5347 1789 5407 i’ineti
1844 5355 1980 5419 loco,
2015 5356 2103 5409 ubi
2158 5398 2161 5399 ν
2207 5347 2362 5423 jnsre
2392 5347 2795 5415 commentarii,
2828 5352 3151 5423 continetur.
3185 5347 3362 5423 Facile
3389 5354 3527 5423 quod
3561 5354 3676 5421 ipse
3702 5360 3797 5423 ait,

521 5419 1223 5495 ﬁttﬁnusagebat,diximus
1240 5419 1523 5495 Notaa(ar_l
1542 5425 1729 5477 calcem
1754 5425 2099 5495 p.prwced.).
2208 5419 2367 5478 semel
2393 5434 2544 5491 atque
2584 5426 2788 5486 iterum,
2826 5420 3115 5495 Epistulam
3161 5419 3593 5495 prioremjllam
3630 5419 3795 5491 notat,

518 5492 656 5565 Tum
703 5491 888 5565 licebit
926 5494 1188 5565 castigare
1218 5489 1454 5565 nuperos
1494 5489 1794 5560 Scriptores
1824 5489 1979 5558 alios,
2012 5489 2101 5563 qui
2212 5510 2311 5562 qua
2359 5510 2418 5547 se
2446 5489 2514 5547 de
2558 5495 2831 5565 proposita
2870 5491 3165 5560 qnznstio:.e
3211 5489 3523 5558 excusabat,
3554 5504 3609 5549 et
3636 5489 3803 5565 quam

519 5562 589 5635 de
612 5560 824 5635 Rufino,
844 5560 1017 5635 deque
1055 5559 1272 5635 historia
1302 5559 1628 5635 Aquilrejensi
1654 5575 1959 5632 tractantes,
1985 5559 2104 5635 ejus
2210 5559 2443 5619 diximus
2481 5559 2833 5635 intercidisse.

520 5631 856 5708 ignoratione
888 5629 986 5708 rei,
1013 5632 1223 5708 passim
1239 5639 1294 5684 et
1320 5629 1632 5708 graviSSime
1674 5646 1916 5704 peccant.
1947 5629 1953 5632 ’
1983 5705 1989 5708 Α
2015 5629 2031 5635 ⁷
2283 5646 2303 5708 ξε
2338 5634 2746 5708 Fuitquicessas
2768 5629 2988 5708 rescribi
3008 5629 3445 5708 gellet,_autquid
3468 5633 3665 5708 simile.
3684 5650 3795 5708 ego

592 5699 621 5739 δ
653 5699 805 5775 Haud
832 5700 1051 5775 scimus,
1080 5700 1225 5775 aliud
1268 5704 1472 5770 peritia:
1511 5722 1621 5761 suae
1666 5699 1937 5775 specimen
1973 5705 2101 5773 (non
2207 5706 2381 5759 nullus
2412 5703 2619 5766 dubito,
2655 5703 2784 5775 quin
2813 5702 2884 5754 ita
2926 5701 3118 5775 Ruﬁno
3160 5700 3228 5775 ab
3267 5703 3403 5775 ipso,
3439 5707 3651 5760 tametsi
3686 5699 3794 5764 non

522 5778 669 5847 certe
691 5769 974 5847 imperitiae,
1001 5779 1057 5847 ut
1077 5771 1190 5847 ip_se
1212 5769 1281 5847 ob
1311 5776 1661 5832 humilitatem
1686 5769 1863 5847 uocat)
1886 5778 1939 5831 in
1962 5769 2105 5832 Scri.
2209 5776 2416 5837 Latine,
2446 5769 2705 5847 scripturn
2744 5774 2811 5825 sit
2836 5788 2849 5824 :
2877 5778 2931 5824 et
2961 5770 3131 5837 magis
3173 5771 3417 5847 intelligit
3445 5788 3656 5831 mecum
3687 5777 3794 5837 Le-

522 5839 695 5911 pturis
741 5838 1071 5911 explicandis
1100 5838 1336 5903 'Paulino
1371 5847 1620 5905 Ruﬁnum
1670 5838 1903 5918 dedisse,
1938 5864 2099 5921 quam

2229 5855 2343 5914 τιον,
2380 5844 2499 5913 quid
2533 5841 3000 5913 signiiicet,.qttattt
3034 5850 3089 5894 ut
3118 5838 3385 5910 explicare
3411 5852 3662 5914 oporteat
