4078 6346
291 348 393 407 5Ιό

921 355 1011 410 DE
1054 346 1667 417 BENEDICTIDNIBUS
1709 358 2294 415 PATRIARCIIARUM
2336 356 2538 412 LlBER
2577 353 2958 411 SECUNDUS.

3467 347 3573 404 5H

290 464 481 520 breves
512 478 661 529 esse,
693 478 796 519 non
842 466 1058 534 aspicis.
1090 468 1223 537 Quia
1253 481 1429 526 autem
1461 472 1894 541 Quadragesimae
1928 481 1953 508 ει
1984 470 2200 537 diebus,
2229 471 2282 524 in
2314 466 2644 523 monasterio
2692 463 2866 518 Pineti
2897 462 3127 533 positus,
3170 461 3285 516 haec
3321 460 3571 529 rescripsi

292 559 352 609 ad
377 566 448 620 te,
483 557 653 609 etiam
687 555 966 615 Fratribus
996 558 1086 629 qui
1119 558 1363 626 aderant,
1398 561 1624 630 ineptias
1673 577 1819 616 meas
1850 560 2026 616 celare
2071 576 2177 616 non
2230 560 2375 629 potui
2402 577 2418 625 ;
2444 562 2539 613 sed
2573 567 2627 611 et
2668 556 2769 625 ipsi
2800 568 3051 624 magnum
3097 561 3344 623 putantes
3371 549 3574 621 aliquid

284 661 428 710 esse,
464 648 608 713 quod
639 649 732 702 tibi
778 649 989 716 placere
1021 661 1217 719 potest,
1252 662 1593 708 extorserunt
1622 663 1823 718 tamen,
1860 662 1919 707 ut
1962 653 2075 706 hate
2101 651 2471 707 describerent
2517 649 2644 703 sibi.
2692 649 2781 703 Sic
2813 662 2899 701 me
2948 652 3007 701 et
3044 659 3166 699 cum
3205 656 3358 697 escas
3388 639 3415 679 δ
3446 651 3572 697 tuas

292 740 487 808 poscis,
522 748 687 793 etiam
715 740 837 794 aliis
865 743 1141 810 prepinas.
1177 743 1305 798 Vale
1338 744 1389 798 in
1441 758 1591 811 pace.
1624 742 1791 798 frater
1817 742 2206 809 amantissime,
2239 740 2520 797 verissime
2550 739 2642 793 Dei
2670 739 2866 805 cultor,
2892 746 2947 792 et
2976 733 3217 790 Israelita
3245 731 3297 788 in
3335 748 3441 802 quo
3470 734 3573 790 do-

292 829 370 883 lus
400 843 503 880 non
533 839 633 896 e5t,
672 830 882 901 meique
910 846 1119 887 memor
1147 842 1287 901 esto,
1313 833 1481 904 gratia
1510 835 1666 903 plene
1699 834 1859 888 homo
1892 833 2005 888 Dei.
3144 823 3155 831 ’

360 969 382 998 α
409 956 540 1014 Com

290 1031 407 1089 398.
440 1048 549 1098 quo
576 1035 782 1102 priores
806 1038 942 1090 duos
984 1036 1146 1090 libros
1179 1038 1500 1093 l’eriarcbon
1533 1039 1583 1091 in
1621 1031 1866 1093 Latinum

292 1107 463 1169 vei-tit,
497 1104 642 1158 hunc
673 1123 884 1173 quoque
930 1107 1146 1160 Librum
1178 1109 1492 1172 adornasse,
1539 1119 1596 1162 ιιι
1631 1112 1869 1177 pluribus

291 1177 620 1249 ostendimus
642 1178 706 1249 a‘d
740 1177 946 1249 llumlat.
982 1179 1331 1244 praecedentis
1355 1180 1497 1232 Libri
1531 1196 1648 1249 pag.
1676 1179 1728 1233 5.
1753 1191 1865 1234 not.

292 1261 318 1297 ο
344 1248 484 1315 (siip.
512 1249 621 1298 col.
660 1245 799 1307 299,
827 1258 933 1301 not.
970 1250 1042 1315 e).
1076 1261 1128 1302 et
1160 1245 1572 1303 luculentissima
1603 1245 1870 1305 'Fontatti-

291 1330 384 1369 nus
415 1319 466 1371 in
511 1316 650 1371 Vita.
705 1317 805 1382 Qui
850 1319 1138 1373 etiamnum
1174 1320 1270 1373 viri
1301 1336 1404 1375 non
1435 1321 1682 1375 ineruditi
1716 1323 1871 1376 aliter

546 972 756 1036 portum
780 980 842 1019 ex
873 965 974 1020 hoc
1016 965 1134 1019 loco
1162 976 1265 1031 est,
1296 967 1484 1021 eodem
1513 983 1675 1030 anno,
1710 968 1867 1033 idest,
1900 977 1945 1032 Α
1977 969 2208 1023 rationes
2238 967 2451 1031 ineunt,
2500 975 2554 1023 et
2605 968 2667 1021 ad
2700 982 2895 1022 annum
2935 981 3104 1036 usque
3140 963 3395 1020 diﬂ'erunt
3440 960 3568 1019 408.

1976 1049 2067 1092 aut
2111 1041 2503 1107 insequentem,
2540 1049 2651 1093 toto
2677 1040 2815 1093 cmlo
2853 1040 3126 1093 aberrant.
3522 1070 3523 1075 η

2048 1109 2075 1148 δ
2110 1110 2177 1163 Ita
2210 1102 2633 1171 einendavimus,
2679 1126 2839 1173 escas,
2887 1124 2984 1179 pro
3007 1110 3172 1161 nescis
3200 1106 3387 1169 verbo,
3419 1102 3559 1173 quod

1977 1186 2195 1233 omnino
2225 1181 2472 1232 vitiosum
2506 1190 2639 1233 erat.
2691 1180 2764 1233 lia
2795 1181 2955 1233 etiam
2996 1179 3244 1232 liarrmus
3272 1180 3399 1229 olim
3431 1189 3560 1228 eon-

1971 1252 2178 1320 jeeerat
2200 1250 2628 1313 rescribendum,
2654 1264 2972 1320 quamquam
2997 1250 3083 1304 ille
3110 1259 3243 1316 tuas,
3274 1245 3412 1316 quod
3436 1244 3565 1299 sub-

1976 1325 2239 1391 sequitur,
2268 1322 2624 1389 eXpungcbut.

1223 1600 1705 1712 LIBER
1786 1596 2636 1707 SECUNDUS.

610 1787 709 1863 DE
764 1799 1481 1864 BENEDICTIONIBUS
1535 1799 2061 1874 RELIQUORUM
2120 1799 2480 1861 UNDECIM
2528 1795 3240 1859 PATRIARCHARUM.
3354 1752 3373 1813 ‘-

354 2038 454 2109 23
483 2034 773 2091 Sciendum
798 2042 880 2088 est
904 2032 1097 2103 primo,
1130 2031 1272 2102 quod
1303 2032 1354 2086 in
1387 2031 1614 2103 singulis
1647 2033 1860 2100 quibns-
1904 2038 1944 2095 Β
1971 2047 2117 2098 care,
2151 2047 2269 2102 qua:
2317 2033 2370 2085 in
2420 2030 2882 2086 benedictionibus
2918 2044 3052 2099 quas
3108 2036 3299 2085 mortis
3329 2036 3568 2095 tempore

286 2147 383 2202 que
424 2130 575 2195 locis,
619 2128 707 2183 ubi
764 2127 1039 2196 Scriptura
1088 2127 1156 2182 de
1214 2127 1496 2180 duodecim
1547 2127 1868 2181 Patriarcbis

286 2230 695 2283 commemorat,
722 2219 885 2272 multa
913 2229 993 2273 est
1020 2219 1071 2272 in
1106 2219 1219 2288 ipsa
1240 2218 1448 2273 ordinis
1470 2220 1870 2288 conscriptione

285 2313 588 2367 diversitas.
619 2311 769 2364 Alius
816 2309 949 2364 ordo
974 2310 1135 2364 estin
1186 2310 1302 2378 ipsa
1349 2326 1535 2364 eorum
1593 2311 1869 2366 nativitate

284 2403 616 2472 c0nscriptus
664 2401 819 2472 (Gen.
867 2401 983 2470 35.)
1012 2420 1025 2454 :
1054 2402 1188 2455 alius
1237 2416 1357 2456 cum
1406 2412 1599 2456 terram
1652 2403 1868 2473 ,λΕεγριί

284 2510 386 2548 una
414 2510 538 2548 cum
579 2503 729 2560 patre
758 2508 855 2547 suo
886 2492 1084 2547 Israele
1114 2502 1169 2547 et
1210 2492 1395 2547 sobole
1427 2495 1752 2560 posteritatis
1785 2511 1871 2549 re-

286 2588 530 2643 feruntur
561 2589 765 2642 intrare
797 2584 949 2655 (Cm.
982 2586 1101 2655 46.)
1131 2587 1300 2641 :alius
1322 2603 1480 2651 nunc,
1503 2603 1623 2643 cum
1646 2585 1870 2644 benedi-

282 2680 484 2736 Cfionrs
499 2680 695 2735 obituri
724 2680 956 2745 parentis
970 2680 1406 2749 excipiunt(Gen.
1425 2682 1541 2750 i9.)
1563 2683 1727 2735 :alius
1745 2697 1867 2736 cum

281 2788 506 2841 egressa:
539 2772 608 2827 de
641 2771 870 2843 .Egypto
886 2771 1074 2838 tribus,
1105 2774 1187 2826 vel
1221 2772 1273 2826 in
1304 2773 1518 2828 deserto
1542 2789 1870 2831 commemo-

283 2872 465 2917 rantnr
497 2862 699 2931 aliquid
740 2877 898 2932 agere
938 2860 1143 2930 (Exod.
1170 2863 1254 2919 14.
1277 2872 1325 2917 et
1358 2866 1646 2935 seqq.),vel
1671 2877 1867 2922 terram

285 2956 721 3024 repromissionis
762 2957 1038 3025 ingressae,
1090 2957 1141 3010 in
1193 2966 1373 3012 monte
1423 2956 1658 3026 Garizin,
1706 2970 1761 3015 et
1815 2961 1870 3015 in

283 3055 463 3100 monte
494 3046 662 3101 Gebal
700 3060 795 3114 pro
825 3047 1287 3102 benedictionibus
1317 3057 1371 3103 et
1402 3049 1870 3107 maledictionibus

284 3143 586 3190 Statuuntur
614 3135 793 3207 (Deut.
820 3135 957 3205 27.).
1003 3137 1155 3191 Alius
1190 3138 1351 3191 etiam
1383 3153 1506 3192 cum
1550 3139 1869 3197 divisionem

284 3231 441 3280 terrae
468 3225 803 3281 haereditatis
825 3236 971 3281 sorte
991 3228 1289 3297 suscipiunt
1313 3227 1512 3299 (Josue.
1550 3232 1683 3301 l5.),
1718 3242 1772 3288 et
1815 3234 1868 3287 in

287 3324 488 3371 tantum
518 3317 653 3372 ordo
698 3318 799 3371 iste
827 3317 1083 3385 variatur,
1138 3328 1195 3374 ut
1245 3321 1510 3375 interdum
1560 3322 1772 3392 quidam
1804 3339 1867 3378 ex

1972 2138 2001 2176 a
2036 2132 2185 2188 patre
2216 2122 2537 2191 suscipiunt,
2571 2123 2918 2175 continentur
2943 2139 2955 2172 :
2982 2137 3099 2190 qua-
3134 2121 3348 2189 quidem
3399 2121 3569 2177 Bene-

1972 2212 2263 2281 dictiones,
2291 2227 2356 2268 ex
2385 2228 2451 2268 eo
2490 2212 2716 2267 fortasse
2756 2211 3095 2265 solummodo
3124 2212 3379 2281 appellari
3419 2221 3569 2279 pote-

1971 2320 2115 2373 runt,
2146 2310 2286 2378 quod
2330 2312 2380 2363 in
2412 2309 2717 2363 novissimis
2759 2308 2953 2362 dicitur
2979 2325 2991 2361 :
3020 2307 3084 2361 Et
3114 2308 3221 2361 hare
3265 2309 3463 2361 locutus
3492 2316 3568 2361 est

1969 2400 2073 2453 illis
2101 2410 2245 2470 pater
2268 2416 2465 2467 eorum,
2497 2410 2543 2452 et
2570 2399 2819 2452 benedixit
2858 2400 3005 2460 illos,
3050 2414 3456 2468 unumquemque
3489 2415 3569 2451 se-

1969 2492 2192 2545 cundum
2225 2491 2619 2545 benedictionem
2659 2505 2805 2544 suam
2836 2490 3086 2543 benedixit
3117 2489 3233 2541 illos
3265 2488 3420 2559 (Gen.
3470 2489 3562 2545 49.

1973 2584 2115 2655 28.).
2140 2582 2407 2638 Carternm
2439 2586 2489 2638 in
2521 2584 2709 2652 initiis,
2734 2582 2821 2637 ubi
2853 2593 3111 2637 convocat
3134 2598 3227 2637 eos
3256 2594 3427 2651 pater,
3460 2599 3567 2639 non

1981 2677 2132 2745 quasi
2167 2678 2231 2730 ad
2265 2676 2692 2731 benedictionem
2729 2684 2907 2739 vocat,
2934 2674 3026 2729 sed
3060 2676 3130 2728 ita
3162 2675 3417 2744 scriptum
3446 2686 3568 2730 est:

1978 2768 2187 2823 Vocavit
2210 2780 2376 2823 autem
2397 2768 2557 2823 Jacob
2580 2770 2717 2837 filios
2741 2785 2878 2831 suos,
2906 2778 2951 2822 et
2975 2769 3106 2821 dixit
3130 2784 3149 2823 :
3171 2767 3568 2840 Congreqamini

1972 2871 2029 2915 ut
2058 2864 2363 2915 annunciem
2391 2863 2547 2928 vobis,
2583 2876 2697 2929 qua:
2728 2877 3007 2914 occursura
3027 2869 3144 2914 sunt
3162 2860 3298 2914 vobis
3318 2863 3370 2914 in
3397 2862 3568 2915 novis-

1970 2954 2113 3007 simis
2157 2953 2321 3016 (ibid.
2374 2953 2496 3021 2.);
2543 2953 2683 3021 quod
2732 2952 2915 3022 utique
2960 2952 3128 3021 magis
3169 2961 3194 2990 ³
3228 2936 3568 3023 Proplietiam

1977 3044 2266 3114 signiﬁcat,
2310 3060 2404 3113 per
2430 3060 2587 3113 quam
2616 3060 2735 3115 qua}
2761 3045 2839 3098 eis
2868 3054 3124 3099 eventura
3157 3043 3265 3098 sint
3295 3044 3569 3114 praesigni—

1981 3136 2229 3189 ﬁcantur.
2274 3135 2328 3189 ln
2380 3135 2493 3201 ipsa
2546 3146 2724 3189 autem
2774 3134 3044 3203 corporali
3093 3135 3231 3189 serie
3258 3136 3567 3199 verborum,

1976 3244 2154 3299 neque
2198 3229 2602 3284 benedictiones
2634 3238 2860 3295 tantum,
2894 3243 3072 3299 neque
3122 3229 3420 3283 futurorum
3453 3230 3567 3285 sola

1979 3322 2389 3391 praeminciatio,
2422 3338 2523 3390 qua
2556 3322 2641 3375 vel
2675 3337 2843 3386 mors,
2883 3323 2967 3376 vel
2999 3322 3329 3392 propositum
3356 3336 3565 3388 eorum,

288 3408 419 3477 ipsis
441 3424 539 3464 nec
576 3409 832 3479 adscripti
864 3412 1202 3466 inveniantur
1231 3413 1283 3467 in
1317 3428 1561 3479 numero,
1596 3416 1734 3484 quod
1766 3418 1870 3469 uti-
1900 3417 1945 3479 C
1978 3414 2059 3468 vel
2093 3414 2252 3467 etiam
2275 3413 2521 3483 quaedam
2547 3413 2615 3467 ab
2641 3413 2722 3467 eis
2751 3421 2897 3482 gesta
2928 3412 3232 3467 notabiliter
3250 3418 3566 3480 arguuntur.

285 3514 390 3569 que
417 3508 619 3555 certum
652 3509 753 3567 est,
792 3516 896 3556 non
930 3503 1155 3573 absque-
1178 3503 1353 3573 aliqua
1405 3506 1610 3560 ratione
1655 3507 1869 3573 variari,

283 3598 338 3645 et
359 3591 591 3647 existere
627 3606 846 3647 caussas
872 3594 1196 3661 probabiles,
1230 3595 1420 3664 quibus
1450 3598 1500 3648 in
1527 3595 1618 3649 illo
1646 3597 1763 3651 loco
1789 3597 1874 3653 ilie

282 3684 623 3749 praeteratur,
677 3684 730 3738 in
777 3684 881 3739 alio
912 3700 1042 3739 vero
1080 3686 1215 3740 alius
1245 3695 1602 3754 praeponatur.
1648 3687 1756 3742 Sed
1807 3688 1876 3743 de

283 3768 366 3827 bis
387 3772 540 3829 nobis
565 3788 707 3828 nunc
726 3788 755 3828 a
779 3784 829 3829 te
856 3774 969 3846 [Fr.
1001 3775 1239 3847 Pauline]
1276 3779 1604 3846 propositum
1633 3789 1875 3844 nonest,

282 3862 382 3920 nisi
412 3880 473 3921 ea
507 3866 899 3938 tantummodo,
934 3874 1092 3937 prout
1138 3869 1278 3925 Deus
1309 3869 1417 3941 24
1445 3870 1672 3937 dederit,
1706 3872 1875 3940 expli-

1978 3506 2108 3573 Qua:
2140 3520 2226 3558 res
2257 3504 2413 3558 nobis
2454 3513 2506 3559 et
2539 3504 2883 3575 tripartitam,
2917 3514 2972 3557 ut
3003 3511 3057 3559 et
3085 3503 3137 3556 in
3178 3501 3295 3556 aliis
3320 3501 3564 3566 fecimus,

1977 3595 2374 3664 explanationis
2407 3597 2688 3650 materiam
2718 3593 2954 3661 subiicit,
2981 3592 3053 3647 ita
3080 3600 3140 3647 ut
3165 3588 3568 3648 benedictiones

1981 3689 2232 3744 Historiae
2277 3689 2455 3743 locum
2488 3698 2703 3744 servent
2734 3706 2746 3741 :
2776 3686 3055 3759 prophetia
3094 3701 3221 3742 vero
3248 3684 3522 3756 Mysticum
3546 3721 3566 3749 ,

1978 3791 2139 3851 atque
2167 3783 2529 3852 dogmatieum
2567 3800 2578 3834 :
2610 3797 2819 3837 morum
2850 3779 3142 3851 correptio,
3181 3786 3239 3835 et
3264 3776 3567 3850 obiurgatio

1978 3875 2234 3929 Moralem
2263 3875 2455 3946 dirigat
2479 3874 2699 3948 slylum.

1294 4018 1525 4103 BEN
1532 4022 2031 4107 EDICTIO
2109 4024 2551 4109 RUBEN.

350 4176 401 4229 l.
426 4176 612 4231 Reum
640 4174 857 4245 (inquit)
881 4175 1249 4246 primogenitus
1271 4193 1410 4231 meus
1432 4194 1448 4229 :
1473 4187 1526 4232 tu
1551 4180 1710 4233 virtus
1736 4197 1866 4247 mea,

276 4278 324 4321 et
352 4267 555 4321 initium
602 4266 831 4335 filiorum
881 4283 1123 4331 nieorum,
1176 4267 1339 4321 durus
1386 4272 1780 4338 conversatione,
1823 4282 1871 4325 et

276 4359 475 4425 durus,
528 4360 831 4413 tenterarius
877 4373 893 4412 :
938 4359 1271 4413 contumelias
1319 4361 1577 4431 irrogasti,
1631 4375 1870 4432 tanquam

274 4466 407 4519 aqua
422 4467 523 4504 non
539 4449 862 4517 elfervescas.
880 4451 1167 4504 Ascendisti
1188 4453 1321 4505 enim
1345 4470 1497 4521 super
1517 4454 1679 4508 cubile
1707 4459 1868 4525 patris

275 4542 367 4605 tui,
387 4550 508 4594 tunc
533 4539 763 4607 polluisti
788 4541 1006 4608 litorum,
1025 4544 1109 4595 ubi
1128 4545 1404 4598 ascendisti
1420 4545 1570 4616 (Gen.
1586 4549 1672 4600 49.
1688 4549 1740 4603 5.
1762 4549 1863 4618 4.).

268 4625 464 4685 Incesti
496 4632 716 4685 historia
751 4632 1016 4687 neminem
1048 4633 1193 4703 latet,
1224 4635 1490 4704 quomodo
1519 4634 1546 4673 ι’
1580 4638 1765 4692 [iuben
1814 4640 1869 4694 in

272 4720 631 4776 concubinam
664 4722 828 4790 patris
856 4722 939 4777 sui
962 4723 1270 4779 ell'erbuerit
1294 4724 1509 4781 ﬂamma
1532 4728 1787 4796 libidinis,
1814 4739 1865 4786 et

271 4822 557 4881 paternum
593 4814 937 4869 maculaverit
981 4816 1192 4870 tbornm
1226 4816 1380 4889 (Gen.
1420 4819 1556 4891 54.).
1589 4820 1693 4877 Sed
1725 4823 1866 4895 quod

1982 4179 2059 4233 Tu
2089 4181 2249 4234 virtus
2276 4199 2406 4246 mea,
2436 4181 2633 4235 ideirco
2664 4184 2771 4254 25
2803 4191 2857 4235 ut
2886 4180 3100 4249 gravius
3130 4188 3345 4233 notetur
3373 4177 3425 4230 in
3451 4177 3563 4231 cri-

1976 4270 2144 4335 mine,
2169 4272 2257 4339 qui
2288 4286 2409 4324 cum
2438 4272 2607 4325 virtus
2638 4274 2802 4339 patris
2836 4271 3141 4335 haberetur,
3167 4279 3222 4324 et
3265 4270 3470 4322 initium
3504 4268 3564 4321 li-

1974 4363 2188 4427 liorum,
2220 4363 2390 4416 nescit
2435 4378 2650 4417 servare
2681 4361 3037 4417 reverentiam
3090 4359 3261 4429 patri;
3293 4357 3449 4427 quale
3481 4366 3566 4412 est

1973 4471 2025 4516 et
2049 4457 2176 4515 illud
2208 4455 2347 4522 quod
2380 4456 2576 4509 dicitur
2609 4468 2701 4522 per
2727 4451 3052 4521 Proplietam
3078 4468 3092 4506 :
3120 4449 3310 4523 Ego-te
3336 4450 3565 4521 plantavi

1971 4552 2166 4605 vineam
2216 4546 2539 4618 frugiferam,
2570 4554 2727 4597 totam
2766 4546 3005 4613 feracem,
3037 4541 3296 4611 quomodo
3322 4557 3564 4595 conversa

1971 4659 2022 4696 es
2052 4640 2103 4693 in
2132 4637 2523 4692 amaritudinem
2555 4636 2666 4688 ritis
2709 4636 2892 4689 alienae
2923 4632 3055 4704 (Jer.
3087 4632 3206 4704 2.)?
3542 4628 3545 4635 ’

2039 4732 2095 4786 ’2.
2120 4728 2422 4786 Secundum
2449 4726 2720 4798 Mysticam
2741 4741 2871 4782 vero
2894 4726 3318 4795 intelligentiam,
3343 4724 3555 4779 videtur

1972 4824 2098 4880 mihi
2124 4824 2309 4878 Ruben
2337 4822 2528 4892 prioris
2554 4821 2730 4890 p0puli
2761 4820 3065 4875 Judmorum
3091 4820 3231 4875 ferre
3256 4834 3410 4889 posse
3438 4834 3561 4888 per~

271 4901 326 4959 iu
350 4904 539 4968 initiis,
566 4904 737 4959 laudis
759 4905 807 4960 ei
839 4907 1037 4976 aliquid
1064 4908 1278 4962 videtur
1304 4908 1632 4981 adscribere,
1660 4913 1867 4982 dicens,
1899 4927 1947 4988 υ
1974 4933 2182 4983 sonam,
2213 4917 2300 4988 qui
2345 4925 2400 4971 et
2444 4914 2833 4985 primogenitus
2858 4921 2964 4981 est,
2991 4920 3045 4968 et
3074 4911 3281 4967 initium
3314 4911 3549 4967 tiliorunt

343 5049 372 5079 ἰ
400 5042 554 5110 Quod
583 5042 814 5096 maxima
844 5058 907 5099 ex
935 5055 1103 5110 parte.
1126 5047 1237 5101 sive
1268 5064 1459 5105 novem
1486 5051 1552 5106 de
1578 5051 1860 5108 duodecim

273 5110 394 5189 ﬁliis
426 5113 753 5189 suis_.|acob_
794 5116 1151 5189 benedixerit,
1205 5122 1414 5174 tametsi
1463 5124 1644 5189 primis
1695 5124 1863 5180 tribus

272 5180 484 5244 Ruben,
514 5184 865 5261 Simeimiac
908 5186 1029 5261 Levi
1083 5180 1436 5261 nlilllitllllllls
1464 5180 1632 5261 'quam
1689 5194 1859 5251 fausta

272 5264 643 5332 comprecatus
660 5256 751 5332 sit,
774 5256 1090 5332 jampridem
1115 5260 1250 5332 apud
1279 5256 1527 5332 Ecclesia:
1556 5264 1737 5317 Patres
1764 5266 1861 5319 0b-

272 5324 450 5385 tinuit,
476 5335 534 5377 ut
563 5324 863 5391 l’rophetite
888 5327 1014 5391 illte,
1038 5324 1420 5385 Benedictiones
1446 5331 1587 5385 XII.
1618 5333 1845 5389 Patriar-

269 5393 481 5447 charum
527 5394 795 5449 dicantur.
851 5397 1012 5451 Addit
1051 5399 1269 5453 llulinus
1313 5402 1468 5455 aliain
1515 5418 1760 5460 caussam
1791 5423 1856 5461 ex

270 5466 596 5544 sacrohipso
640 5465 834 5544 Testa,
884 5467 972 5544 ubi
1019 5468 1235 5534 dicitur,
1283 5470 1652 5544 Bened‘xitque
1690 5474 1857 5531 Jacob

267 5533 999 5610 simulis,_Benedictio‘nibus
1038 5533 1278 5610 prapriis.
1336 5542 1508 5598 Probe
1563 5533 1737 5599 autem
1788 5562 1855 5602 ex

268 5617 451 5681 earum
482 5604 961 5681 signiﬁcationibus
1006 5604 1175 5673 notat,
1219 5610 1525 5681 Pmplietias
1565 5616 1851 5671 vocandas.

270 5672 656 5748 ld_S.quoique
679 5675 1015 5748 Ambrosius,
1048 5688 1104 5730 ut
1131 5672 1263 5735 alios
1295 5672 1434 5735 nunc
1467 5694 1689 5748 taceam,
1746 5702 1852 5739 ma-

268 5742 472 5801 luisset.
509 5745 721 5818 Merito,
766 5746 960 5812 inquit,
989 5749 1151 5818 magis
1184 5753 1626 5807 annuntiationem
1657 5742 1829 5808 eorum

264 5828 381 5887 qua:
405 5813 775 5888 posterio’ribus
795 5825 957 5870 essent
985 5813 1195 5874 rentura
1221 5822 1549 5893 temporibus,
1579 5840 1734 5895 quam
1758 5824 1853 5879 Be-

1972 5057 2312 5111 nedictionem
2353 5055 2586 5125 conferre
2613 5052 2853 5125 se‘dicit.
2879 5050 2946 5125 Et
2979 5052 3149 5125 paulo
3182 5059 3322 5125 post,
3350 5061 3403 5125 et
3442 5050 3557 5125 ideo

1973 5128 2251 5198 Prophetia
2282 5122 2461 5191 magis
2480 5141 2635 5195 quam
2668 5122 3073 5198 anedictio-est.
3112 5122 3391 5192 Prop/retia
3421 5123 3554 5198 enini

1968 5192 2296 5253 anitimtiatio
2334 5192 2627 5269 futurorum
2657 5206 2749 5269 est,
2794 5192 3090 5269 Benedictio
3118 5203 3290 5248 autem
3325 5192 3556 5259 sanctiﬁ-

1968 5272 2182 5323 cationis
2210 5280 2257 5324 et
2285 5256 2760 5339 gratiarum'votiva
2782 5264 3011 5339 _col_lat_io_.

2039 5339 2066 5379 ι’
2101 5330 2366 5396 ῡθηιιο’8.
2396 5337 2735 5395 Ambrosius.
2767 5333 2960 5393 Judaii,
2986 5333 3175 5401 inquit,
3202 5339 3406 5398 putant,
3435 5330 3555 5399 quia

1967 5422 2236 5480 propterea
2266 5413 2371 5465 Iiwc
2400 5423 2551 5463 senex
2569 5408 2646 5480 ad
2680 5404 3063 5480 Ruben/ilium
3094 5403 3257 5480 dicat,
3288 5401 3406 5469 quia
3437 5417 3554 5480 cum

1962 5469 2092 5535 Data
2123 5483 2402 5535 concubina
2443 5479 2603 5547 patris
2640 5475 2925 5533 concubuit,
2950 5482 3022 5547 __et
3065 5473 3270 5547 (horum
3319 5469 3545 5547 patrium

1961 5553 2166 5622 polluit.
2198 5552 2324 5614 Sed,
2356 5539 2884 5622 etc'.APuriaﬂhabe‘nt
2912 5542 3022 5622 alii,
3053 5551 3116 5622 et.
3136 5539 3367 5618 ineditus
3404 5541 3544 5622 apud

1962 5610 2058 5675 nos
2090 5610 2319 5684 Auctor,
2346 5618 2619 5683 Manifesta
2645 5618 2706 5669 iis
2735 5613 2891 5684 verbis
2939 5610 3116 5684 incesti
3160 5610 3375 5684 crimen,
3404 5610 3543 5674 quod

1959 5692 2047 5747 ille
2070 5694 2124 5747 in
2158 5680 2342 5748 Balain
2376 5680 2710 5744 conc-ubinam
2731 5681 2892 5755 patris
2920 5680 3000 5732 sui
3029 5680 3300 5747 commisit,
3328 5694 3556 5753 exagge-

1959 5772 2126 5820 ratur.
