4078 6346
526 363 668 419 ‘335

1603 364 1833 422 RUFINI
1876 366 2359 432 AQUILEIENSIS
2398 368 2821 426 PﬂESBYTEm

3734 371 3837 429 316

561 478 701 532 sicut
741 486 796 531 et
843 457 1106 547 Propheta
1153 475 1283 533 dicit
1315 495 1327 529 :
1360 474 1527 531 Israel
1580 480 1951 550 primogenitus
2002 496 2140 534 meus
2168 485 2219 542 Α
2248 496 2350 547 tur,
2381 483 2478 537 hoc
2502 495 2603 547 εει,
2637 484 2864 538 visibilis
2889 492 2944 539 et
2970 484 3199 539 carnalis
3226 499 3241 540 :
3273 485 3387 555 ipse
3424 486 3611 556 credo,
3640 486 3709 544 de
3733 503 3839 559 quo

524 566 758 640 (Exod.
806 567 908 637 4.).
961 568 1154 622 Primis
1199 584 1427 639 namque
1475 568 1582 623 illis
1609 570 1732 624 data
1772 582 1894 624 sunt
1941 572 2153 640 eloquia

563 658 681 713 Dei.
716 658 866 726 Quod
908 668 1083 713 autem
1115 659 1281 713 durus
1332 660 1497 714 luerit
1528 661 1614 715 ille
1646 666 1871 731 popu'us
1903 674 1956 717 et
1988 673 2155 718 teme-

560 748 758 815 rarius,
806 750 1099 817 Scriptura:
1150 750 1476 803 denunciant
1520 766 1532 803 :
1572 750 1701 805 dicit
1762 753 1905 805 enim
1957 753 2024 808 de
2073 755 2154 809 eis

561 837 851 908 Propheta,
883 840 1045 894 Omne
1062 841 1200 911 quod
1223 841 1449 911 loquitur
1475 842 1695 913 populus
1727 843 1829 908 hic,
1861 846 2050 897 durum
2078 854 2153 899 est

528 996 531 1003 η
561 928 743 999 (Isaia
768 931 873 1001 8.).
908 932 975 985 Et
1005 932 1129 986 item
1166 931 1295 988 alibi
1336 932 1404 987 de
1435 933 1564 1001 ipsis
1600 932 1770 987 dicit:
1808 933 1907 988 Vos
1954 952 2154 1001 semper

558 1022 689 1074 dura
720 1023 928 1088 cervice,
960 1029 1007 1077 et
1045 1038 1146 1077 non
1179 1023 1466 1076 circumcisi
1509 1024 1661 1079 rorde
1704 1024 1842 1096 (Act.
1876 1026 1974 1095 7.).
2010 1026 2151 1081 Patri

558 1127 689 1168 vero
719 1115 827 1169 Deo
878 1117 1137 1187 irrogavit
1180 1117 1431 1186 injurias,
1478 1130 1599 1171 cum
1632 1119 1895 1171 convertit
1927 1118 1994 1173 ad
2026 1134 2148 1175 eum

528 1204 773 1273 .dorsum
803 1224 981 1276 suum,
1015 1217 1069 1263 et
1099 1224 1204 1262 non
1238 1218 1263 1245 ⁸
1296 1208 1484 1262 faciem
1516 1224 1664 1262 suam
1691 1207 1822 1279 (Jer.
1854 1208 1957 1280 2.).
2001 1211 2149 1266 Tho-

555 1315 675 1353 rum
703 1309 878 1355 autem
904 1302 1223 1356 concubina:
1255 1302 1467 1370 polluit,
1493 1317 1654 1372 quem
1682 1303 1946 1370 ascendit,
1972 1304 2022 1357 id
2043 1313 2147 1374 est,

553 1390 728 1463 legem
763 1393 960 1448 veteris
987 1393 1339 1459 Testatnenti,
1370 1410 1528 1463 quam
1570 1410 1713 1464 saepe
1742 1397 2151 1465 prtcvaricando

524 1470 861 1537 -maculavit.
903 1483 1057 1551 Quod
1106 1495 1284 1539 autem
1328 1486 1379 1539 in
1411 1485 1727 1541 concubinas
1776 1502 2005 1556 persona
2058 1490 2141 1543 lex

555 1575 757 1630 veteris
800 1574 1128 1631 Testamenti
1162 1586 1412 1645 ponatur,
1444 1578 1638 1634 Paulus
1668 1579 1881 1635 edocuit
1908 1581 2094 1636 dicens
2130 1600 2141 1633 :

552 1666 808 1718 Abraham
839 1667 969 1722 ducs
995 1668 1131 1736 ﬁlios
1159 1669 1359 1734 habuit,
1387 1686 1547 1723 unum
1577 1670 1641 1725 de
1669 1671 1880 1737 ancilla,
1913 1683 1960 1725 et
1986 1688 2143 1726 unum

552 1758 616 1809 de
648 1757 807 1812 libera
838 1775 858 1812 .·
885 1759 993 1813 haec
1034 1770 1201 1813 autem
1248 1770 1366 1815 sunt
1416 1761 1735 1817 Testamenta
1768 1762 1911 1831 (Gal.
1953 1762 2055 1834 4.),
2088 1765 2139 1819 in

2257 574 2701 642 dicitApostolus,
2727 575 2937 630 Primus
2957 578 3107 630 homo
3126 577 3190 631 de
3209 587 3343 632 terra
3357 588 3585 633 terrenus
3612 581 3689 649 (Ι.
3715 580 3839 638 Cor.

2259 666 2391 737 15.).
2419 667 2523 723 Sed
2541 668 2748 733 etalibi,
2773 667 2833 723 Si
2854 670 2985 722 enim
3006 672 3091 736 qui
3109 670 3327 734 videtur,
3351 680 3518 724 noster
3546 671 3698 725 homo
3726 687 3841 726 cor-

2254 761 2535 826 rumpitur;
2559 761 2648 812 sed
2673 760 2757 829 qui
2782 761 2917 813 intus
2947 768 3040 822 est,
3063 769 3336 815 renovatur
3356 759 3520 831 (Ibid.
3552 761 3655 833 4.).
3686 762 3839 819 llunc
3908 820 3911 823 ,

2255 851 2485 906 eundem
2518 851 2609 921 qui
2640 851 2868 917 videtur,
2914 852 3237 908 exteriorem
3285 854 3553 909 hominem
3585 855 3836 923 appellat.

2256 943 2325 997 Et
2353 943 2542 998 iterum
2566 944 2694 997 dicit
2718 963 2729 995 :
2763 944 2897 1008 Quia
2928 961 3031 998 non
3063 945 3284 1013 primum
3314 947 3451 1016 quod
3476 947 3712 1015 spiritale
3740 960 3837 1015 est,

2250 1036 2341 1088 sed
2389 1036 2526 1105 quod
2570 1034 2791 1089 animale
2837 1046 2908 1089 est
2958 1037 3178 1105 primum
3218 1035 3435 1107 (Ibid)
3481 1040 3620 1109 Ergo
3661 1037 3840 1094 omnis

2254 1126 2416 1182 homo
2452 1144 2574 1183 cum
2614 1122 2673 1182 in
2708 1128 2809 1184 hoc
2840 1128 3040 1183 mundo
3068 1129 3354 1185 carnaliter
3382 1130 3531 1195 vivtt,
3565 1140 3616 1185 et
3647 1146 3839 1186 secun-

2252 1218 2379 1274 dum
2413 1233 2631 1275 carnem
2671 1229 2915 1276 movetur
2940 1238 2955 1275 :
2980 1230 3034 1275 et
3064 1222 3268 1289 primus
3294 1231 3377 1276 est
3397 1223 3628 1277 carnalis
3660 1230 3838 1279 motus

2254 1310 2307 1368 in
2339 1313 2771 1381 concupiscentia
2811 1311 3068 1377 libidinis,
3099 1313 3185 1366 cui
3211 1312 3318 1381 jam
3361 1314 3549 1382 prima:
3584 1314 3839 1383 juventu-

2251 1406 2319 1460 tis
2346 1414 2555 1476 tempus
2579 1404 2863 1471 obedierit,
2887 1406 3077 1459 durutn
3105 1416 3158 1461 et
3199 1408 3537 1461 temerarium
3562 1408 3754 1476 simul,
3785 1416 3837 1464 et

2251 1498 2509 1553 lascivum
2541 1498 2809 1552 hominem
2846 1498 3042 1561 reddit,
3074 1499 3451 1554 ascendentem
3478 1497 3639 1553 etiam
3678 1492 3837 1569 super

2248 1590 2426 1644 cubile
2455 1590 2617 1659 patris
2640 1599 2695 1644 et
2720 1589 3045 1658 polluentem
3076 1589 3291 1643 thorum
3317 1598 3623 1657 paternum,
3652 1588 3704 1644 id
3732 1598 3834 1655 est,

2247 1683 2406 1738 etiam
2440 1689 2706 1751 praecepta
2732 1693 2782 1736 et
2809 1684 3010 1736 monita
3034 1682 3296 1736 naturalis
3324 1681 3478 1751 legis,
3509 1697 3629 1751 qua!
3658 1681 3711 1736 in
3744 1697 3835 1737 no—

2248 1774 2330 1828 bis
2360 1784 2441 1829 est
2470 1773 2634 1846 (quod
2661 1788 2801 1827 nunc
2834 1786 3084 1842 paternus
3114 1775 3301 1829 thorus
3328 1773 3548 1842 dicitur)
3582 1774 3835 1844 prtevari-

551 1864 658 1918 quo
690 1853 850 1920 Agar,
874 1868 992 1920 qua!
1019 1854 1310 1907 concubina
1363 1854 1480 1920 l'uit,
1508 1857 1561 1909 in
1590 1857 1787 1911 veteris
1813 1856 2140 1912 Testamenti
2179 1857 2220 1915 Β
2249 1879 2481 1923 cantem.
2534 1867 2629 1923 Est
2659 1867 2803 1921 enim
2841 1866 2977 1920 intra
3008 1881 3106 1921 nos
3150 1869 3231 1921 lex
3264 1865 3507 1937 quaedam
3553 1867 3832 1932 naturalia,

550 1942 768 2011 ponitur
817 1955 959 2015 typo.
1014 1944 1125 1999 Una
1183 1944 1386 1998 etenim
1436 1955 1551 2000 erat
1606 1945 1837 2015 perfecta
1893 1947 2140 2002 columba

549 2035 658 2104 26
687 2035 1010 2104 genitrixve,
1035 2051 1158 2106 quae
1184 2035 1333 2105 virgo
1360 2048 1527 2103 casta,
1563 2038 1744 2109 regina
1774 2053 1972 2108 sponso
2004 2038 2139 2111 regi,

549 2127 789 2182 Ecclesia
824 2144 920 2198 per
951 2130 1299 2198 Evangelium
1326 2130 1566 2198 jungitur
1594 2130 1833 2186 Christo.

519 2234 526 2241 ·
618 2217 671 2271 3.
696 2219 800 2273 Sed
824 2228 879 2272 et
902 2219 1117 2275 Moralis
1142 2222 1297 2275 nobis
1319 2221 1372 2276 in
1398 2222 1502 2276 hac
1527 2222 1597 2276 ita
1629 2221 1943 2274 tractabitur
1964 2220 2134 2274 locus.

544 2308 732 2365 Ruben
765 2310 1154 2381 interpretatus
1183 2322 1266 2368 e.-t
1307 2311 1623 2382 majoribus,
1649 2310 1676 2350 δ
1699 2312 1843 2382 ﬁlius
1883 2312 1972 2383 qui
1998 2311 2138 2364 vide-

2247 1974 2367 2029 qtnn
2394 1959 2571 2027 arguit
2602 1973 3035 2026 unumquemque
3083 1968 3415 2028 peccantem,
3447 1965 3503 2013 et
3553 1960 3754 2012 malum
3785 1958 3835 2014 ei

2246 2065 2365 2105 esse
2389 2049 2649 2121 suggerit,
2675 2049 2817 2121 quod
2858 2050 3139 2119 delinquit.
3172 2050 3359 2105 Cubile
3389 2064 3519 2120 ergo
3547 2050 3704 2119 Legis
3732 2048 3831 2105 bu-

2241 2159 2330 2215 ιιις
2357 2154 2604 2207 temerat,
2642 2157 2707 2197 ac
2731 2142 2913 2197 sedem
2940 2142 3134 2197 secreti
3167 2142 3283 2213 ejus
3314 2141 3567 2211 maculat,
3589 2142 3679 2215 qui
3705 2155 3834 2212 prm

2244 2255 2370 2311 ceps
2394 2247 2451 2295 et
2470 2238 2688 2294 infrenis
2718 2236 2889 2293 fertur
2909 2236 2976 2291 ad
3001 2236 3151 2292 vitis.

1229 2469 1951 2558 BENEDICTIO
2032 2468 2483 2557 SIMEON
2560 2461 2713 2549 ET
2785 2465 3089 2551 LEVI.

619 2653 668 2705 l.
698 2652 911 2707 Svnsox
946 2664 991 2707 et
1035 2654 1161 2709 Law
1205 2658 1409 2722 fra'res,
1450 2658 1767 2725 perfecerunt
1808 2653 2127 2720 iniquitatem

542 2744 819 2798 voluntatis
840 2762 967 2799 sum.
994 2744 1059 2799 In
1080 2748 1348 2799 consilium
1378 2763 1552 2800 eorum
1579 2764 1678 2801 non
1709 2749 1923 2801 introeat
1958 2747 2130 2799 anima

522 2851 670 2899 mea,
696 2846 741 2890 et
772 2838 823 2890 in
846 2839 1057 2892 consilio
1080 2857 1253 2893 eorum
1281 2850 1301 2878 ε
1328 2840 1598 2894 invitentur
1619 2842 1810 2894 viscera
1836 2858 1945 2893 mea
1969 2838 2125 2912 (Cen.

540 2925 629 2981 49.
664 2927 715 2983 5.
751 2929 851 2997 6.).
876 2930 1141 2999 Quantum
1172 2933 1385 2999 quidem
1432 2934 1498 2988 ad
1554 2934 1829 2989 historiam
1870 2935 2123 3005 pertinet,

522 3019 750 3073 videtur
772 3018 797 3056 ά
822 3022 947 3076 illud
977 3039 1159 3077 eorum
1183 3025 1401 3091 culpare
1426 3026 1794 3090 commissum,
1819 3026 1961 3097 quod
1998 3025 2125 3080 Ent-

522 3127 658 3179 ‘mor
686 3114 848 3169 ﬁlium
881 3115 1133 3186 Sycltem,
1159 3119 1245 3185 qui
1279 3128 1398 3188 post
1420 3121 1620 3173 sororis
1655 3135 1840 3174 eorum
1872 3119 2125 3175 concubi-

2237 2648 2383 2703 falsis
2422 2649 2643 2704 teStibus
2671 2646 2950 2713 adhibitis,
2981 2647 3407 2702 condemnabant
3450 2648 3659 2717 Iesum,
3702 2666 3827 2718 non,

2238 2742 2432 2812 inquit,
2458 2750 2483 2779 ⁸
2514 2742 2788 2794 invitentur
2816 2740 3005 2793 viscera
3035 2755 3170 2793 mea.
3211 2739 3324 2794 Non
3357 2739 3450 2794 tibi
3485 2742 3587 2795 hoc
3620 2741 3827 2797 videtur

2238 2832 2440 2894 dicere,
2485 2829 2716 2884 Mundus
2753 2845 2847 2901 ego
2877 2846 2910 2883 a
2949 2830 3195 2899 sanguine
3229 2830 3362 2900 justi
3406 2830 3563 2903 hujus
3608 2831 3825 2903 (Matth.

2234 2926 2353 2997 27.)
2386 2942 2399 2978 :
2430 2924 2660 2979 mundus
2688 2938 2787 2994 ego
2828 2939 2856 2977 a
2886 2925 3174 2988 sententia,
3206 2938 3363 2992 quam
3410 2923 3699 2980 decernitis
3732 2927 3825 2979 ad-

2234 3032 2449 3072 versum
2495 3013 2873 3069 innocentem?
2906 3015 3039 3079 Quia
3071 3015 3121 3067 in
3154 3015 3230 3067 ira
3255 3031 3381 3080 sua,
3414 3016 3599 3084 inquit,
3634 3017 3822 3070 occide-

2233 3119 2351 3163 runt
2378 3108 2624 3161 homines.
2650 3104 2885 3175 Requiro
2911 3119 3044 3174 quos
3075 3108 3677 3173 ltiitttinesocciderunt,
3702 3124 3821 3164 cum

539 3210 670 3267 tum,
697 3203 907 3259 familiae
930 3207 1089 3261 Israel
1116 3209 1351 3262 voluerat
1372 3210 1588 3275 sociari,
1616 3209 1801 3264 fraude
1825 3220 1876 3264 et
1895 3210 2124 3264 circum-
2152 3188 2198 3251 Ο
2232 3211 2437 3258 certum
2466 3200 2535 3254 Sit
2562 3208 2688 3254 3016
2716 3198 3016 3268 Ρειεδίοηεηι
3044 3199 3274 3261 mmini.
3301 3200 3569 3255 ηθηιίιιεηι
3594 3202 3820 3257 credem-

536 3295 1139 3367 ventlonejugulurunt,
1171 3310 1330 3369 atque
1360 3317 1573 3357 onmem
1610 3302 1725 3367 ejus
1759 3302 2012 3371 populum
2046 3300 2127 3355 in-

536 3396 756 3440 teremet
772 3398 883 3451 unt,
903 3390 1115 3458 quando
1137 3401 1193 3445 et
1213 3393 1421 3448 dicebat
1444 3395 1521 3448 eis
1546 3404 1697 3463 pater
1717 3411 1901 3449 eorum
1928 3394 2123 3448 Israel:

537 3477 670 3542 Quia
708 3480 944 3533 odibilem
994 3498 1071 3536 me
1112 3484 1303 3549 fecistis
1346 3486 1397 3539 in
1432 3486 1527 3539 hoc
1573 3488 1763 3539 mundo
1798 3484 1951 3555 (Gen.
1985 3484 2124 3553 δι).

520 3568 872 3633 Maledictum
901 3588 1027 3643 erga
1057 3589 1241 3629 eorum
1297 3576 1535 3631 furorem
1579 3578 1879 3631 temeritate
1926 3575 2129 3642 impre-

533 3670 704 3728 ratur,
737 3672 791 3716 et
820 3663 1135 3719 dividendos
1164 3682 1257 3720 eos
1290 3684 1383 3736 per
1413 3668 1635 3737 populos
1663 3668 1825 3721 Israel
1860 3673 2126 3735 protesta-

522 3763 641 3822 ‘tur,
668 3764 851 3823 utpote
882 3771 947 3810 ex
1002 3758 1128 3826 ipsis
1178 3758 1391 3815 Levitas
1433 3772 1484 3814 et
1524 3761 1846 3815 Sacerdotes
1893 3759 2121 3826 futuros,

531 3844 618 3912 qni
643 3856 840 3900 sortem
867 3856 1022 3903 terra:
1052 3850 1424 3918 promissionis
1455 3866 1559 3904 non
1588 3850 1905 3904 habuerunt.

599 3936 654 3988 2.
684 3936 952 4005 Spiritalis
1003 3950 1178 3994 autem
1236 3940 1305 3995 de
1338 3941 1418 3996 his
1463 3939 1766 4007 explanatio
1819 3941 1940 3994 talis
1991 3939 2123 3994 mibi

530 4027 770 4094 qua-dant
806 4043 963 4098 posse
995 4031 1206 4085 videtur
1246 4031 1440 4099 aptari,
1472 4029 1611 4100 quod
1649 4033 1883 4101 Sytnenn
1911 4039 1967 4085 et
1997 4030 2123 4087 Levi

526 4118 835 4175 Scribarum
880 4132 934 4176 et
985 4123 1375 4177 Pbarismorum
1419 4121 1626 4176 Iudaici
1674 4122 1857 4191 populi
1912 4123 2124 4191 pos-int

528 4211 668 4267 l'erre
719 4229 997 4280 personas,
1049 4215 1117 4269 de
1160 4216 1354 4281 quibus
1397 4216 1655 4282 scriptum
1703 4216 1809 4287 27
1837 4224 1956 4270 est:
1987 4217 2122 4282 Quia

525 4305 793 4356 consilium
832 4304 1059 4373 fecerunt
1092 4304 1289 4358 Scriba:
1313 4314 1360 4359 et
1394 4303 1667 4370 Pharistei,
1712 4315 1763 4358 ut
1790 4304 1967 4360 Iesum
2001 4311 2120 4363 dolo

526 4404 747 4450 lt’ncrent
777 4396 993 4467 (Matth.
1021 4396 1163 4467 26.),
1191 4397 1257 4450 de
1292 4413 1396 4465 quo
1418 4396 1644 4451 consilio
1674 4412 1813 4453 nunc
1844 4399 1972 4453 dicit
1994 4416 2119 4454 san-

524 4501 661 4556 ctus,
694 4492 781 4559 qui
824 4502 1002 4546 mente
1056 4492 1219 4545 Deum
1258 4490 1471 4545 videbat
1502 4509 1513 4543 :
1550 4490 1615 4544 In
1644 4493 1911 4547 consilium
1938 4510 2113 4548 eurum

2230 3295 2363 3347 tium
2398 3306 2520 3348 esse
2570 3292 2810 3361 punitum
2844 3308 2858 3346 :
2887 3291 2985 3345 nisi
3022 3292 3157 3347 forte
3201 3294 3321 3361 quis
3367 3294 3497 3363 ipsis
3550 3293 3821 3350 adscribet

2228 3389 2391 3443 etiam
2432 3387 2746 3456 sanguinem
2781 3386 3188 3454 Prophetarum.
3217 3386 3349 3455 Quia
3381 3398 3434 3443 et
3459 3388 3718 3442 Dominus
3742 3388 3820 3444 ἀί·

2210 3476 2319 3543 δὴ,
2354 3480 2505 3546 Quod
2534 3497 2567 3532 α
2595 3481 2845 3551 sanguine
2874 3480 2999 3533 Abel
3036 3482 3164 3549 justi
3213 3498 3373 3552 usque
3403 3481 3471 3534 ad
3514 3483 3815 3551 sanguinem

2228 3572 2494 3627 Zacharias
2521 3569 2700 3643 (Ibid.
2741 3569 2882 3640 23.),
2915 3572 3089 3625 omnis
3126 3573 3214 3641 qui
3254 3570 3457 3626 eﬂ'usus
3483 3580 3568 3627 est
3602 3573 3817 3642 sanguis

2225 3665 2512 3731 justorum,
2562 3663 2629 3715 ab
2676 3664 2786 3730 ipsa
2836 3664 3183 3728 generatione
3224 3662 3549 3731 requiratur.
3595 3664 3704 3720 Sed
3737 3666 3815 3719 vi-

2227 3756 2467 3820 deamus,
2498 3770 2568 3810 an
2611 3753 2750 3809 forte
2799 3765 2854 3808 et
2892 3754 3012 3809 illus
3044 3756 3291 3811 homines
3331 3757 3652 3823 occiderint,
3682 3772 3817 3827 quos

2227 3856 2608 3917 persuaserunt
2658 3847 2928 3909 clamare,
2985 3847 3212 3919 Sanguis
3243 3849 3385 3903 illius
3431 3865 3589 3914 super
3630 3866 3724 3903 nos
3768 3858 3816 3915 et

2225 3956 2379 4005 super
2423 3939 2561 4008 ﬁlios
2599 3949 2796 3993 nostros
2846 3937 3007 4009 (Ibid.
3039 3938 3176 4007 27.).
3228 3938 3293 3993 Et
3322 3941 3373 3993 in
3414 3942 3695 4006 cupiditate
3721 3958 3816 3995 sua

2224 4026 2650 4085 subnervaverunt
2673 4040 2895 4085 taurum.
2918 4029 3152 4085 Taurum
3172 4032 3433 4100 appellari
3468 4032 3661 4087 Filium
3694 4034 3811 4098 Dei,

2226 4125 2449 4195 legimus
2480 4128 2533 4178 in
2565 4123 2965 4192 Scripturarum
3000 4123 3205 4193 ﬁguris,
3244 4124 3295 4177 in
3328 4123 3623 4193 Evangelia
3654 4126 3812 4180 nimi-

2225 4234 2363 4282 rum,
2398 4218 2484 4272 ubi
2524 4217 2781 4286 scriptum
2812 4224 2896 4271 est
2938 4216 3017 4271 bis
3046 4216 3144 4270 sub
3175 4230 3403 4285 persona
3451 4216 3543 4271 filii
3586 4219 3813 4272 senioris

2223 4309 2449 4365 dicentis
2476 4309 2541 4364 ad
2573 4318 2798 4377 patrem,
2832 4306 2940 4379 Ego
2970 4324 3167 4375 semper
3196 4316 3357 4361 tecum
3387 4308 3484 4379 fui,
3518 4317 3565 4362 et
3598 4310 3810 4363 manda-

2223 4411 2332 4457 tum
2362 4413 2504 4455 tuum
2534 4418 2793 4471 nunruam
2833 4401 3076 4469 prmterii,
3109 4408 3157 4454 sl
3189 4417 3453 4471 nunquam
3475 4405 3663 4457 dedisti
3692 4404 3814 4458 miln

2222 4495 2451 4562 haedum,
2486 4504 2539 4548 ut
2568 4510 2683 4547 cum
2716 4492 2895 4546 amicis
2926 4492 3051 4545 meis
3092 4492 3326 4559 epularer
3348 4507 3366 4546 :
3388 4509 3502 4546 cum
3531 4504 3703 4549 autem
3731 4512 3812 4549 ve-

523 4600 624 4637 non
664 4585 879 4638 introeat
906 4585 1078 4638 anima
1106 4601 1249 4650 mea;
1272 4595 1317 4638 et
1340 4586 1392 4639 in
1415 4584 1631 4639 consilio
1663 4601 1860 4652 eorum,
1894 4586 1945 4640 itt
1979 4603 2109 4658 quo,
2146 4565 2192 4623 ί)
2219 4587 2295 4642 nit
2325 4588 2465 4657 ﬁlius
2496 4595 2615 4641 tuus
2662 4585 2743 4639 hic
2771 4585 2973 4657 junior,
2999 4582 3090 4655 qui
3119 4582 3424 4654 dilapidauit
3466 4602 3666 4641 omnem
3696 4587 3812 4643 sub.

594 4731 623 4759 ιι
656 4723 899 4774 Barraaus
928 4719 1116 4773 vitiose
1140 4720 1363 4774 omnino
1391 4720 1569 4787 legere
1592 4719 1740 4775 visus
1769 4729 1873 4788 est,
1898 4736 1998 4774 non
2031 4721 2114 4789 fa-

518 4795 663 4851 ciens
692 4792 903 4854 bonum,
946 4805 1041 4856 pro
1083 4801 1133 4843 et
1166 4807 1269 4844 non
1308 4793 1492 4861 [aciem
1520 4809 1664 4844 suam
1693 4810 1703 4843 :
1734 4808 1891 4860 quam
1924 4793 2111 4847 lectio-

525 4881 645 4917 nem
677 4871 730 4915 et
785 4872 1006 4931 noverat
1044 4862 1157 4929 ipse
1204 4863 1270 4914 ab
1300 4863 1417 4916 aliis
1457 4861 1719 4931 praeferri,
1752 4874 1806 4916 et
1852 4865 1916 4917 ad
1960 4879 2110 4919 oram

526 4934 648 4989 libri
696 4931 904 4994 reiecit.
944 4930 1050 4985 Nos
1088 4930 1734 4999 restituimus,’.leremi:c
1771 4937 2110 4991 adrerteutes

524 5007 697 5058 Ithllm
750 5002 972 5078 laudari
1006 5017 1125 5078 cap.
1257 5020 1304 5056 v.
1334 5003 1424 5058 27.
1474 5004 1707 5058 Dicentes
1747 5009 1905 5078 l‘gno,
1956 5006 2110 5060 Pater

524 5092 664 5129 meus
686 5091 737 5127 es
764 5084 817 5126 tu
844 5087 863 5126 :
885 5084 929 5125 et
955 5073 1138 5147 lapidi,
1172 5073 1246 5126 Tu
1275 5092 1352 5128 me
1374 5078 1625 5147 genuisti;
1657 5073 1911 5130 verterunt
1940 5079 2007 5130 ad
2032 5094 2110 5131 me

523 5157 743 5217 tergum,
770 5152 816 5198 et
847 5161 947 5197 non
969 5145 1170 5213 faciem,
1200 5157 1307 5201 etc.
1338 5145 1390 5201 lti
1417 5146 1625 5214 Gneco,
1660 5152 1741 5203 καὶ
1768 5152 1823 5205 οὐ
1853 5150 2110 5224 πρόσωπα

521 5221 708 5273 αὐτῶν.
1468 5248 1492 5273 α

596 5287 621 5326 b
655 5289 725 5341 Ita
742 5287 999 5358 Origenes
1018 5285 1611 5352 interpretaturllnmil.
1640 5289 1801 5345 XVII.
1830 5291 1882 5345 in
1905 5290 2104 5347 Genes.

521 5357 662 5431 ﬁlius
687 5358 778 5429 qui
824 5357 1044 5423 ridetur,
1086 5358 1188 5431 ltoc
1230 5368 1326 5431 est,
1374 5359 1603 5425 visibilis,
1656 5363 2105 5431 queinatlmodum

520 5427 830 5504 adnotatum
876 5437 960 5483 est
1009 5427 1162 5504 nobis
1207 5430 1273 5504 ad
1322 5432 1569 5504 Lexicum
1604 5427 2102 5504 llieronymianum,

520 5501 662 5566 quod
692 5511 867 5553 tamen
917 5500 1090 5570 active
1141 5501 1369 5570 praefert,
1400 5500 1573 5556 videns
1603 5506 1766 5570 ﬁlius.
1806 5500 2006 5557 Noster
2039 5505 2105 5557 li-

521 5570 793 5693 brntanui
816 5570 974 5639 vulgo
1001 5569 1293 5639 obtinebat,
1327 5590 1394 5628 ex
1424 5569 1712 5645 Majoribus
1740 5575 1936 5628 laudat.
1972 5574 2105 5629 Vide

521 5655 619 5693 nos
651 5657 660 5691 l
706 5656 742 5693 ι.

521 5655 619 5693 1108
651 5655 742 5694 IDI.

594 5720 617 5749 ε
644 5710 774 5784 Mihi
802 5710 1017 5780 quidem
1039 5712 1339 5784 supplenda
1370 5717 1599 5784 primum
1632 5716 1843 5772 videtur
1868 5713 2099 5781 negandi

522 5780 803 5855 particula,
826 5792 936 5836 ttttn
961 5780 1239 5851 irritentur,
1268 5802 1361 5855 pro
1373 5780 1655 5842 invitantur
1674 5780 2099 5841 rescribetnlnm.

523 5852 741 5909 Graecus
781 5859 851 5925 μή
889 5855 1074 5930 ἐρίσαι,
1105 5857 1198 5913 sed
1231 5852 1281 5913 ct
1320 5858 1377 5915 S.
1416 5860 1727 5915 Ambrosius
1769 5874 1865 5910 non
1896 5868 2104 5911 conten-

2216 4722 2553 4848 “fugiam
2582 4791 2717 4845 hanc
2748 4788 2933 4854 probat
2964 4785 3023 4842 S.
3054 4786 3369 4843 Ambrosius
3397 4786 3807 4857 interpretatio-

2217 4880 2362 4926 nem,
2406 4877 2564 4928 quam
2611 4870 2850 4912 autumat
2896 4873 2923 4910 a
2966 4857 3168 4912 Judteis
3198 4855 3577 4928 excngitatam.
3632 4859 3805 4915 Inter—

2213 4936 2569 5007 ρνριαιὶοηεηι,
2604 4931 2796 5007 inquit,
2827 4928 3222 4998 pulcherrimam
3245 4930 3709 5007 derivantludati,
3751 4943 3808 5007 ut

2213 5000 2542 5069 arbitrentur,
2585 5004 2708 5067 quia
2753 5008 3023 5069 promeret:
3061 5011 3244 5069 arguat
3276 5000 3413 5069 ﬁlios
3460 5002 3648 5066 Jacub,
3689 5005 3810 5068 quia

2213 5087 2421 5147 propter
2450 5066 2684 5147 stuprum
2706 5066 2922 5147 sororis,
2952 5066 3377 5147 Sycltimitas'isti
3405 5072 3509 5125 duo
3533 5090 3639 5135 pra'
3660 5066 3808 5128 τάξια-

2212 5140 2283 5201 ris
2311 5140 2553 5216 fratribus
2581 5144 2746 5197 ultum
2775 5141 2848 5216 ire
2875 5140 3151 5216 cupientes,
3178 5140 3544 5216 simulu_ver_u_nl
3565 5160 3699 5216 _cum
3720 5146 3806 5210 ip-

2210 5222 2279 5272 sis
2311 5209 2439 5273 inire
2468 5216 2591 5271 velle
2619 5230 2671 5266 se
2694 5210 3015 5282 gratiam,_et
3042 5209 3177 5275 ideo,
3208 5220 3311 5265 etc.
3349 5210 3455 5265 Sed
3477 5214 3529 5266 in
3555 5211 3653 5268 hoc
3684 5209 3808 5279 quo-

2210 5306 2308 5359 que
2337 5300 2508 5343 errant
2528 5280 2722 5359 Iudici.
2755 5280 2851 5335 Isti
2873 5280 3007 5359 enim
3035 5294 3241 5359 caussas
3275 5283 3488 5359 doloris,
3512 5295 3624 5359 etc.
3671 5285 3807 5359 Pro:

2212 5350 2342 5414 bant
2376 5374 2504 5413 vero
2528 5357 2871 5424 Tractatores
2899 5350 2988 5424 alii
3033 5352 3292 5419 plerique,
3320 5362 3371 5404 et
3396 5354 3639 5424 ineditus
3662 5356 3804 5424 apud

2212 5447 2308 5484 nos
2338 5430 2553 5484 Αυειοιι,
2582 5426 2755 5490 Patet,
2783 5421 2877 5483 ait,
2908 5418 3071 5472 litera:
3091 5418 3290 5495 sensus,
3317 5423 3439 5492 quia
3462 5424 3516 5477 hi
3545 5425 3651 5479 duo
3688 5418 3800 5495 fra-

2210 5511 2308 5554 tres
2337 5505 2397 5553 ob
2423 5498 2765 5552 ulciscendum
2787 5501 3031 5565 stuprum_
3034 5493 3246 5565 sororis,
3268 5495 3545 5565 subornata
3577 5493 3724 5565 pace,
3756 5506 3805 5551 et

2208 5573 2343 5640 ﬁctis
2372 5569 2629 5633 amicitiis,
2655 5558 2957 5633 deceperunt
2992 5558 3216 5631 Sychem
3248 5574 3293 5617 ct
3329 5563 3482 5618 Emor
3504 5558 3801 5635 patrenril-

2212 5642 2327 5697 lius.
2352 5652 2455 5695 etc.

2282 5682 2579 5765 ξ’ὄίίῖηιιιε
2608 5706 2873 5761 irritentur
2915 5702 3311 5761 rescribendum
3355 5704 3543 5762 videri.
3579 5706 3799 5761 Interim

2208 5799 2308 5835 non
2337 5781 2673 5851 particulam,
2703 5792 2860 5851 quam
2884 5778 3117 5830 diximus
3142 5776 3535 5851 subiciendam,
3556 5777 3797 5849 suppleri

2209 5844 2374 5909 vides.
2410 5850 2603 5907 llecole
2639 5848 3027 5919 przecedentem
3060 5844 3308 5915 proxime
3353 5846 3540 5900 Notam
3566 5864 3614 5901 ε.
