  <div class='ocr_page' id='page_1' title='image "/cluster/home/n/w/nwhite01/storage/ocr_20150623/21/hvd.32044015471360/164.png"; bbox 0 0 4078 6346; ppageno 0'>
   <div class='ocr_carea' id='block_1_1' title="bbox 238 316 407 411">
    <p class='ocr_par' dir='ltr' id='par_1_1' title="bbox 238 316 407 411">
     <span class='ocr_line' id='line_1_1' title="bbox 238 316 407 411; baseline 0 -1"><span class='ocrx_word' id='word_1_1' title='bbox 238 355 334 411; x_wconf 71' lang='lat' dir='ltr'><strong>5n</strong></span> <span class='ocrx_word' id='word_1_2' title='bbox 402 316 407 317; x_wconf 18' lang='grc' dir='ltr'>ί</span> 
     </span>
    </p>
   </div>
   <div class='ocr_carea' id='block_1_2' title="bbox 831 356 2881 427">
    <p class='ocr_par' dir='ltr' id='par_1_2' title="bbox 831 356 2881 427">
     <span class='ocr_line' id='line_1_2' title="bbox 831 356 2881 427; baseline 0.006 -13"><span class='ocrx_word' id='word_1_3' title='bbox 831 359 919 414; x_wconf 83' lang='lat' dir='ltr'><strong>DE</strong></span> <span class='ocrx_word' id='word_1_4' title='bbox 961 356 1572 418; x_wconf 78' lang='lat' dir='ltr'><strong>BENEDICTIONIBUS</strong></span> <span class='ocrx_word' id='word_1_5' title='bbox 1610 359 2207 422; x_wconf 76' lang='lat' dir='ltr'><strong>PATRIARCIIARUM</strong></span> <span class='ocrx_word' id='word_1_6' title='bbox 2246 366 2452 425; x_wconf 77' lang='lat' dir='ltr'><strong>LIBER</strong></span> <span class='ocrx_word' id='word_1_7' title='bbox 2493 367 2881 427; x_wconf 83' lang='lat' dir='ltr'><strong>SECUNDUS.</strong></span> 
     </span>
    </p>
   </div>
   <div class='ocr_carea' id='block_1_3' title="bbox 3412 377 3510 433">
    <p class='ocr_par' dir='ltr' id='par_1_3' title="bbox 3412 377 3510 433">
     <span class='ocr_line' id='line_1_3' title="bbox 3412 377 3510 433; baseline 0 -1"><span class='ocrx_word' id='word_1_8' title='bbox 3412 377 3510 433; x_wconf 76' lang='lat'><strong>518</strong></span> 
     </span>
    </p>
   </div>
   <div class='ocr_carea' id='block_1_4' title="bbox 236 471 3511 560">
    <p class='ocr_par' dir='ltr' id='par_1_4' title="bbox 236 471 3511 560">
     <span class='ocr_line' id='line_1_4' title="bbox 236 471 3511 560; baseline 0.008 -38"><span class='ocrx_word' id='word_1_9' title='bbox 236 472 495 537; x_wconf 79' lang='lat' dir='ltr'><strong>stantiam,</strong></span> <span class='ocrx_word' id='word_1_10' title='bbox 529 471 767 526; x_wconf 74' lang='lat' dir='ltr'><strong>occidisti</strong></span> <span class='ocrx_word' id='word_1_11' title='bbox 807 474 884 526; x_wconf 88' lang='lat' dir='ltr'><strong>illi</strong></span> <span class='ocrx_word' id='word_1_12' title='bbox 921 476 1129 528; x_wconf 84' lang='lat' dir='ltr'><strong>vitulum</strong></span> <span class='ocrx_word' id='word_1_13' title='bbox 1170 476 1457 546; x_wconf 83' lang='lat' dir='ltr'><strong>saginatum</strong></span> <span class='ocrx_word' id='word_1_14' title='bbox 1496 476 1650 529; x_wconf 81' lang='lat' dir='ltr'><strong>istum</strong></span> <span class='ocrx_word' id='word_1_15' title='bbox 1672 475 1824 545; x_wconf 85' lang='lat' dir='ltr'><strong>(Luc.</strong></span> <span class='ocrx_word' id='word_1_16' title='bbox 1854 484 1903 540; x_wconf 79' lang='grc' dir='ltr'>Α</span> <span class='ocrx_word' id='word_1_17' title='bbox 1931 479 2102 537; x_wconf 88' lang='lat' dir='ltr'><strong>Omne</strong></span> <span class='ocrx_word' id='word_1_18' title='bbox 2129 483 2271 538; x_wconf 88' lang='lat' dir='ltr'><strong>enim</strong></span> <span class='ocrx_word' id='word_1_19' title='bbox 2303 499 2409 553; x_wconf 87' lang='lat' dir='ltr'><strong>quo</strong></span> <span class='ocrx_word' id='word_1_20' title='bbox 2439 485 2700 553; x_wconf 73' lang='lat' dir='ltr'><strong>innititur,</strong></span> <span class='ocrx_word' id='word_1_21' title='bbox 2732 488 2817 541; x_wconf 85' lang='lat' dir='ltr'><strong>vel</strong></span> <span class='ocrx_word' id='word_1_22' title='bbox 2861 497 3121 555; x_wconf 88' lang='lat' dir='ltr'><strong>movetur,</strong></span> <span class='ocrx_word' id='word_1_23' title='bbox 3154 497 3246 545; x_wconf 84' lang='lat' dir='ltr'><strong>aut</strong></span> <span class='ocrx_word' id='word_1_24' title='bbox 3275 490 3387 560; x_wconf 67' lang='lat' dir='ltr'><strong>iraa,</strong></span> <span class='ocrx_word' id='word_1_25' title='bbox 3419 502 3511 548; x_wconf 90' lang='lat' dir='ltr'><strong>aut</strong></span> 
     </span>
    </p>
   </div>
   <div class='ocr_carea' id='block_1_5' title="bbox 237 560 1828 632">
    <p class='ocr_par' dir='ltr' id='par_1_5' title="bbox 237 560 1828 632">
     <span class='ocr_line' id='line_1_5' title="bbox 237 560 1828 632; baseline 0.006 -16"><span class='ocrx_word' id='word_1_26' title='bbox 237 560 374 632; x_wconf 78' lang='lat'><strong>15.).</strong></span> <span class='ocrx_word' id='word_1_27' title='bbox 408 563 550 632; x_wconf 85' lang='lat' dir='ltr'><strong>Ergo</strong></span> <span class='ocrx_word' id='word_1_28' title='bbox 578 574 816 631; x_wconf 87' lang='lat' dir='ltr'><strong>taurum,</strong></span> <span class='ocrx_word' id='word_1_29' title='bbox 842 568 955 621; x_wconf 86' lang='lat' dir='ltr'><strong>sive</strong></span> <span class='ocrx_word' id='word_1_30' title='bbox 991 569 1214 623; x_wconf 84' lang='lat' dir='ltr'><strong>vitulum</strong></span> <span class='ocrx_word' id='word_1_31' title='bbox 1247 570 1473 624; x_wconf 76' lang='lat' dir='ltr'><strong>consilio</strong></span> <span class='ocrx_word' id='word_1_32' title='bbox 1493 584 1593 624; x_wconf 90' lang='lat' dir='ltr'><strong>suo</strong></span> <span class='ocrx_word' id='word_1_33' title='bbox 1625 569 1828 625; x_wconf 71' lang='lat' dir='ltr'><strong>Scriba:</strong></span> 
     </span>
    </p>
   </div>
   <div class='ocr_carea' id='block_1_6' title="bbox 216 648 1829 731">
    <p class='ocr_par' dir='ltr' id='par_1_6' title="bbox 216 648 1829 731">
     <span class='ocr_line' id='line_1_6' title="bbox 216 648 1829 731; baseline 0.004 -23"><span class='ocrx_word' id='word_1_34' title='bbox 216 648 221 653; x_wconf 63' lang='grc'><strong><em>’</em></strong></span> <span class='ocrx_word' id='word_1_35' title='bbox 235 664 289 708; x_wconf 90' lang='lat' dir='ltr'><strong>et</strong></span> <span class='ocrx_word' id='word_1_36' title='bbox 306 653 561 709; x_wconf 69' lang='lat' dir='ltr'><strong>Pharisaei</strong></span> <span class='ocrx_word' id='word_1_37' title='bbox 581 657 939 713; x_wconf 84' lang='lat' dir='ltr'><strong>subnervasse</strong></span> <span class='ocrx_word' id='word_1_38' title='bbox 956 661 1205 715; x_wconf 89' lang='lat' dir='ltr'><strong>dicuntur</strong></span> <span class='ocrx_word' id='word_1_39' title='bbox 1219 670 1501 731; x_wconf 46' lang='lat' dir='ltr'><strong>aquarum</strong></span> <span class='ocrx_word' id='word_1_40' title='bbox 1516 661 1829 717; x_wconf 83' lang='lat' dir='ltr'><strong>maledictus</strong></span> 
     </span>
    </p>
   </div>
   <div class='ocr_carea' id='block_1_7' title="bbox 237 745 1835 823">
    <p class='ocr_par' dir='ltr' id='par_1_7' title="bbox 237 745 1835 823">
     <span class='ocr_line' id='line_1_7' title="bbox 237 745 1835 823; baseline 0.005 -24"><span class='ocrx_word' id='word_1_41' title='bbox 237 745 407 812; x_wconf 91' lang='lat' dir='ltr'><strong>furor,</strong></span> <span class='ocrx_word' id='word_1_42' title='bbox 448 748 574 817; x_wconf 86' lang='lat' dir='ltr'><strong>quia</strong></span> <span class='ocrx_word' id='word_1_43' title='bbox 607 750 930 805; x_wconf 85' lang='lat' dir='ltr'><strong>temerarius</strong></span> <span class='ocrx_word' id='word_1_44' title='bbox 972 760 1057 805; x_wconf 90' lang='lat' dir='ltr'><strong>est</strong></span> <span class='ocrx_word' id='word_1_45' title='bbox 1086 770 1100 805; x_wconf 91' lang='lat'>:</span> <span class='ocrx_word' id='word_1_46' title='bbox 1128 763 1181 807; x_wconf 86' lang='lat' dir='ltr'><strong>et</strong></span> <span class='ocrx_word' id='word_1_47' title='bbox 1219 753 1294 806; x_wconf 82' lang='lat' dir='ltr'><strong>ira</strong></span> <span class='ocrx_word' id='word_1_48' title='bbox 1330 755 1561 821; x_wconf 88' lang='lat' dir='ltr'><strong>illorum,</strong></span> <span class='ocrx_word' id='word_1_49' title='bbox 1593 760 1716 823; x_wconf 84' lang='lat' dir='ltr'><strong>quia</strong></span> <span class='ocrx_word' id='word_1_50' title='bbox 1750 755 1835 807; x_wconf 87' lang='lat' dir='ltr'><strong>in-</strong></span> 
     </span>
    </p>
   </div>
   <div class='ocr_carea' id='block_1_8' title="bbox 236 837 1833 916">
    <p class='ocr_par' dir='ltr' id='par_1_8' title="bbox 236 837 1833 916">
     <span class='ocr_line' id='line_1_8' title="bbox 236 837 1833 916; baseline 0.009 -27"><span class='ocrx_word' id='word_1_51' title='bbox 236 837 425 891; x_wconf 81' lang='lat' dir='ltr'><strong>tlurata</strong></span> <span class='ocrx_word' id='word_1_52' title='bbox 458 848 563 893; x_wconf 87' lang='lat' dir='ltr'><strong>est.</strong></span> <span class='ocrx_word' id='word_1_53' title='bbox 602 840 845 894; x_wconf 77' lang='lat' dir='ltr'><strong>Dividunt</strong></span> <span class='ocrx_word' id='word_1_54' title='bbox 890 842 1007 897; x_wconf 86' lang='lat' dir='ltr'><strong>illos</strong></span> <span class='ocrx_word' id='word_1_55' title='bbox 1034 844 1087 897; x_wconf 87' lang='lat' dir='ltr'><strong>in</strong></span> <span class='ocrx_word' id='word_1_56' title='bbox 1124 843 1307 913; x_wconf 56' lang='lat' dir='ltr'><strong>Luceb,</strong></span> <span class='ocrx_word' id='word_1_57' title='bbox 1340 857 1387 900; x_wconf 92' lang='lat' dir='ltr'><strong>et</strong></span> <span class='ocrx_word' id='word_1_58' title='bbox 1417 848 1707 916; x_wconf 70' lang='lat' dir='ltr'><strong>dispergam</strong></span> <span class='ocrx_word' id='word_1_59' title='bbox 1747 868 1833 905; x_wconf 79' lang='lat' dir='ltr'><strong>eos</strong></span> 
     </span>
    </p>
   </div>
   <div class='ocr_carea' id='block_1_9' title="bbox 236 928 1834 1013">
    <p class='ocr_par' dir='ltr' id='par_1_9' title="bbox 236 928 1834 1013">
     <span class='ocr_line' id='line_1_9' title="bbox 236 928 1834 1013; baseline 0.01 -32"><span class='ocrx_word' id='word_1_60' title='bbox 236 931 288 981; x_wconf 87' lang='lat' dir='ltr'><strong>in</strong></span> <span class='ocrx_word' id='word_1_61' title='bbox 329 928 521 985; x_wconf 88' lang='lat' dir='ltr'><strong>Israel.</strong></span> <span class='ocrx_word' id='word_1_62' title='bbox 574 932 873 988; x_wconf 79' lang='lat' dir='ltr'><strong>Videndum</strong></span> <span class='ocrx_word' id='word_1_63' title='bbox 921 945 1024 1001; x_wconf 88' lang='lat' dir='ltr'><strong>est,</strong></span> <span class='ocrx_word' id='word_1_64' title='bbox 1074 952 1139 990; x_wconf 90' lang='lat' dir='ltr'><strong>ne</strong></span> <span class='ocrx_word' id='word_1_65' title='bbox 1190 939 1326 993; x_wconf 88' lang='lat' dir='ltr'><strong>forte</strong></span> <span class='ocrx_word' id='word_1_66' title='bbox 1372 941 1562 996; x_wconf 85' lang='lat' dir='ltr'><strong>divisio</strong></span> <span class='ocrx_word' id='word_1_67' title='bbox 1589 943 1685 996; x_wconf 91' lang='lat' dir='ltr'><strong>ista</strong></span> <span class='ocrx_word' id='word_1_68' title='bbox 1715 959 1834 1013; x_wconf 73' lang='lat' dir='ltr'><strong>qua:</strong></span> 
     </span>
    </p>
   </div>
   <div class='ocr_carea' id='block_1_10' title="bbox 241 1019 1833 1105">
    <p class='ocr_par' dir='ltr' id='par_1_10' title="bbox 241 1019 1833 1105">
     <span class='ocr_line' id='line_1_10' title="bbox 241 1019 1833 1105; baseline 0.012 -35"><span class='ocrx_word' id='word_1_69' title='bbox 241 1019 329 1073; x_wconf 89' lang='lat' dir='ltr'><strong>hic</strong></span> <span class='ocrx_word' id='word_1_70' title='bbox 356 1034 837 1091; x_wconf 72' lang='lat' dir='ltr'><strong>commemoratur,</strong></span> <span class='ocrx_word' id='word_1_71' title='bbox 872 1027 992 1081; x_wconf 82' lang='lat' dir='ltr'><strong>Iulis</strong></span> <span class='ocrx_word' id='word_1_72' title='bbox 1022 1030 1111 1094; x_wconf 94' lang='lat' dir='ltr'><strong>sit,</strong></span> <span class='ocrx_word' id='word_1_73' title='bbox 1145 1031 1319 1099; x_wconf 81' lang='lat' dir='ltr'><strong>qualis</strong></span> <span class='ocrx_word' id='word_1_74' title='bbox 1351 1043 1404 1085; x_wconf 92' lang='lat' dir='ltr'><strong>et</strong></span> <span class='ocrx_word' id='word_1_75' title='bbox 1433 1033 1520 1087; x_wconf 86' lang='lat' dir='ltr'><strong>illa</strong></span> <span class='ocrx_word' id='word_1_76' title='bbox 1550 1036 1615 1089; x_wconf 89' lang='lat' dir='ltr'><strong>de</strong></span> <span class='ocrx_word' id='word_1_77' title='bbox 1644 1052 1746 1105; x_wconf 87' lang='lat' dir='ltr'><strong>qua</strong></span> <span class='ocrx_word' id='word_1_78' title='bbox 1780 1036 1833 1090; x_wconf 92' lang='lat' dir='ltr'><strong>in</strong></span> 
     </span>
    </p>
   </div>
   <div class='ocr_carea' id='block_1_11' title="bbox 240 1108 1833 1179">
    <p class='ocr_par' dir='ltr' id='par_1_11' title="bbox 240 1108 1833 1179">
     <span class='ocr_line' id='line_1_11' title="bbox 240 1108 1833 1179; baseline 0.01 -20"><span class='ocrx_word' id='word_1_79' title='bbox 240 1108 537 1179; x_wconf 88' lang='lat' dir='ltr'><strong>Evangelio</strong></span> <span class='ocrx_word' id='word_1_80' title='bbox 584 1112 783 1167; x_wconf 90' lang='lat' dir='ltr'><strong>dicitur</strong></span> <span class='ocrx_word' id='word_1_81' title='bbox 811 1134 821 1166; x_wconf 91' lang='lat'>:</span> <span class='ocrx_word' id='word_1_82' title='bbox 850 1115 986 1179; x_wconf 80' lang='lat' dir='ltr'><strong>Quia</strong></span> <span class='ocrx_word' id='word_1_83' title='bbox 1035 1134 1149 1170; x_wconf 88' lang='lat' dir='ltr'><strong>cum</strong></span> <span class='ocrx_word' id='word_1_84' title='bbox 1191 1122 1380 1172; x_wconf 78' lang='lat' dir='ltr'><strong>venerit</strong></span> <span class='ocrx_word' id='word_1_85' title='bbox 1426 1123 1666 1177; x_wconf 87' lang='lat' dir='ltr'><strong>dominus</strong></span> <span class='ocrx_word' id='word_1_86' title='bbox 1704 1125 1833 1177; x_wconf 83' lang='lat' dir='ltr'><strong>serri</strong></span> 
     </span>
    </p>
   </div>
   <div class='ocr_carea' id='block_1_12' title="bbox 235 1201 1834 1286">
    <p class='ocr_par' dir='ltr' id='par_1_12' title="bbox 235 1201 1834 1286">
     <span class='ocr_line' id='line_1_12' title="bbox 235 1201 1834 1286; baseline 0.011 -34"><span class='ocrx_word' id='word_1_87' title='bbox 235 1201 399 1267; x_wconf 86' lang='lat' dir='ltr'><strong>illius,</strong></span> <span class='ocrx_word' id='word_1_88' title='bbox 432 1204 628 1257; x_wconf 81' lang='lat' dir='ltr'><strong>dividet</strong></span> <span class='ocrx_word' id='word_1_89' title='bbox 659 1222 796 1274; x_wconf 86' lang='lat' dir='ltr'><strong>eum,</strong></span> <span class='ocrx_word' id='word_1_90' title='bbox 829 1217 875 1261; x_wconf 86' lang='lat' dir='ltr'><strong>et</strong></span> <span class='ocrx_word' id='word_1_91' title='bbox 903 1221 1097 1278; x_wconf 79' lang='lat' dir='ltr'><strong>portent</strong></span> <span class='ocrx_word' id='word_1_92' title='bbox 1133 1211 1244 1281; x_wconf 82' lang='lat' dir='ltr'><strong>ejus</strong></span> <span class='ocrx_word' id='word_1_93' title='bbox 1275 1228 1389 1265; x_wconf 86' lang='lat' dir='ltr'><strong>cum</strong></span> <span class='ocrx_word' id='word_1_94' title='bbox 1418 1214 1710 1283; x_wconf 84' lang='lat' dir='ltr'><strong>inﬁdelibus</strong></span> <span class='ocrx_word' id='word_1_95' title='bbox 1741 1233 1834 1286; x_wconf 83' lang='lat' dir='ltr'><strong>po-</strong></span> 
     </span>
    </p>
   </div>
   <div class='ocr_carea' id='block_1_13' title="bbox 237 1292 1831 1374">
    <p class='ocr_par' dir='ltr' id='par_1_13' title="bbox 237 1292 1831 1374">
     <span class='ocr_line' id='line_1_13' title="bbox 237 1292 1831 1374; baseline 0.011 -30"><span class='ocrx_word' id='word_1_96' title='bbox 237 1301 321 1346; x_wconf 83' lang='lat' dir='ltr'><strong>net</strong></span> <span class='ocrx_word' id='word_1_97' title='bbox 344 1292 511 1362; x_wconf 87' lang='lat' dir='ltr'><strong>(Ibid.</strong></span> <span class='ocrx_word' id='word_1_98' title='bbox 541 1295 673 1363; x_wconf 74' lang='lat'><strong>12.).</strong></span> <span class='ocrx_word' id='word_1_99' title='bbox 702 1299 808 1368; x_wconf 79' lang='lat'><strong>28</strong></span> <span class='ocrx_word' id='word_1_100' title='bbox 842 1298 934 1352; x_wconf 88' lang='lat' dir='ltr'><strong>Vel</strong></span> <span class='ocrx_word' id='word_1_101' title='bbox 958 1308 1124 1367; x_wconf 87' lang='lat' dir='ltr'><strong>certe,</strong></span> <span class='ocrx_word' id='word_1_102' title='bbox 1154 1310 1209 1354; x_wconf 85' lang='grc' dir='ltr'>ιιι</span> <span class='ocrx_word' id='word_1_103' title='bbox 1240 1302 1417 1357; x_wconf 85' lang='lat' dir='ltr'><strong>audivi</strong></span> <span class='ocrx_word' id='word_1_104' title='bbox 1446 1306 1731 1374; x_wconf 84' lang='lat' dir='ltr'><strong>quemdam</strong></span> <span class='ocrx_word' id='word_1_105' title='bbox 1764 1324 1831 1362; x_wconf 84' lang='lat' dir='ltr'><strong>ex</strong></span> 
     </span>
    </p>
   </div>
   <div class='ocr_carea' id='block_1_14' title="bbox 236 1384 1833 1462">
    <p class='ocr_par' dir='ltr' id='par_1_14' title="bbox 236 1384 1833 1462">
     <span class='ocr_line' id='line_1_14' title="bbox 236 1384 1833 1462; baseline 0.009 -26"><span class='ocrx_word' id='word_1_106' title='bbox 236 1384 435 1439; x_wconf 77' lang='lat' dir='ltr'><strong>sanctis</strong></span> <span class='ocrx_word' id='word_1_107' title='bbox 468 1387 712 1453; x_wconf 85' lang='lat' dir='ltr'><strong>patribus</strong></span> <span class='ocrx_word' id='word_1_108' title='bbox 740 1386 767 1426; x_wconf 71' lang='grc' dir='ltr'>δ</span> <span class='ocrx_word' id='word_1_109' title='bbox 796 1388 1172 1457; x_wconf 77' lang='lat' dir='ltr'><strong>disserentem,</strong></span> <span class='ocrx_word' id='word_1_110' title='bbox 1210 1393 1329 1462; x_wconf 83' lang='lat' dir='ltr'><strong>quia</strong></span> <span class='ocrx_word' id='word_1_111' title='bbox 1358 1394 1550 1448; x_wconf 91' lang='lat' dir='ltr'><strong>divisio</strong></span> <span class='ocrx_word' id='word_1_112' title='bbox 1594 1396 1750 1450; x_wconf 81' lang='lat' dir='ltr'><strong>simul</strong></span> <span class='ocrx_word' id='word_1_113' title='bbox 1781 1406 1833 1451; x_wconf 88' lang='lat' dir='ltr'><strong>et</strong></span> 
     </span>
    </p>
   </div>
   <div class='ocr_carea' id='block_1_15' title="bbox 240 1473 1832 1556">
    <p class='ocr_par' dir='ltr' id='par_1_15' title="bbox 240 1473 1832 1556">
     <span class='ocr_line' id='line_1_15' title="bbox 240 1473 1832 1556; baseline 0.009 -30"><span class='ocrx_word' id='word_1_114' title='bbox 240 1473 507 1544; x_wconf 83' lang='lat' dir='ltr'><strong>dispersio</strong></span> <span class='ocrx_word' id='word_1_115' title='bbox 540 1480 869 1543; x_wconf 87' lang='lat' dir='ltr'><strong>nominatur,</strong></span> <span class='ocrx_word' id='word_1_116' title='bbox 916 1494 1014 1549; x_wconf 90' lang='lat' dir='ltr'><strong>pro</strong></span> <span class='ocrx_word' id='word_1_117' title='bbox 1055 1496 1121 1535; x_wconf 91' lang='lat' dir='ltr'><strong>eo</strong></span> <span class='ocrx_word' id='word_1_118' title='bbox 1152 1484 1292 1551; x_wconf 91' lang='lat' dir='ltr'><strong>quod</strong></span> <span class='ocrx_word' id='word_1_119' title='bbox 1328 1486 1565 1538; x_wconf 88' lang='lat' dir='ltr'><strong>nonnulli</strong></span> <span class='ocrx_word' id='word_1_120' title='bbox 1598 1503 1661 1541; x_wconf 78' lang='lat' dir='ltr'><strong>ex</strong></span> <span class='ocrx_word' id='word_1_121' title='bbox 1696 1487 1832 1556; x_wconf 85' lang='lat' dir='ltr'><strong>ipsis</strong></span> 
     </span>
    </p>
   </div>
   <div class='ocr_carea' id='block_1_16' title="bbox 245 1566 1836 1647">
    <p class='ocr_par' dir='ltr' id='par_1_16' title="bbox 245 1566 1836 1647">
     <span class='ocr_line' id='line_1_16' title="bbox 245 1566 1836 1647; baseline 0.009 -27"><span class='ocrx_word' id='word_1_122' title='bbox 245 1566 469 1621; x_wconf 89' lang='lat' dir='ltr'><strong>Domino</strong></span> <span class='ocrx_word' id='word_1_123' title='bbox 495 1570 862 1637; x_wconf 86' lang='lat' dir='ltr'><strong>crediderunt,</strong></span> <span class='ocrx_word' id='word_1_124' title='bbox 889 1582 942 1627; x_wconf 92' lang='lat' dir='ltr'><strong>et</strong></span> <span class='ocrx_word' id='word_1_125' title='bbox 970 1574 1057 1631; x_wconf 87' lang='lat' dir='ltr'><strong>alii</strong></span> <span class='ocrx_word' id='word_1_126' title='bbox 1103 1575 1155 1628; x_wconf 92' lang='lat' dir='ltr'><strong>in</strong></span> <span class='ocrx_word' id='word_1_127' title='bbox 1188 1575 1498 1632; x_wconf 79' lang='lat' dir='ltr'><strong>infidelitate</strong></span> <span class='ocrx_word' id='word_1_128' title='bbox 1526 1594 1836 1647; x_wconf 86' lang='lat' dir='ltr'><strong>permanse-</strong></span> 
     </span>
    </p>
   </div>
   <div class='ocr_carea' id='block_1_17' title="bbox 239 1659 1836 1739">
    <p class='ocr_par' dir='ltr' id='par_1_17' title="bbox 239 1659 1836 1739">
     <span class='ocr_line' id='line_1_17' title="bbox 239 1659 1836 1739; baseline 0.011 -30"><span class='ocrx_word' id='word_1_129' title='bbox 239 1668 385 1711; x_wconf 87' lang='lat' dir='ltr'><strong>runt.</strong></span> <span class='ocrx_word' id='word_1_130' title='bbox 438 1659 607 1715; x_wconf 78' lang='lat' dir='ltr'><strong>Divisi</strong></span> <span class='ocrx_word' id='word_1_131' title='bbox 663 1662 908 1717; x_wconf 91' lang='lat' dir='ltr'><strong>dicuntur</strong></span> <span class='ocrx_word' id='word_1_132' title='bbox 951 1665 1004 1717; x_wconf 89' lang='lat' dir='ltr'><strong>bi</strong></span> <span class='ocrx_word' id='word_1_133' title='bbox 1037 1665 1127 1734; x_wconf 86' lang='lat' dir='ltr'><strong>qui</strong></span> <span class='ocrx_word' id='word_1_134' title='bbox 1174 1667 1242 1721; x_wconf 88' lang='lat' dir='ltr'><strong>ab</strong></span> <span class='ocrx_word' id='word_1_135' title='bbox 1290 1668 1369 1722; x_wconf 90' lang='lat' dir='ltr'><strong>eis</strong></span> <span class='ocrx_word' id='word_1_136' title='bbox 1415 1683 1753 1739; x_wconf 80' lang='lat' dir='ltr'><strong>separantur,</strong></span> <span class='ocrx_word' id='word_1_137' title='bbox 1782 1682 1836 1726; x_wconf 88' lang='lat' dir='ltr'><strong>et</strong></span> 
     </span>
    </p>
   </div>
   <div class='ocr_carea' id='block_1_18' title="bbox 220 1749 1833 1829">
    <p class='ocr_par' dir='ltr' id='par_1_18' title="bbox 220 1749 1833 1829">
     <span class='ocr_line' id='line_1_18' title="bbox 220 1749 1833 1829; baseline 0.01 -29"><span class='ocrx_word' id='word_1_138' title='bbox 220 1749 460 1804; x_wconf 86' lang='lat' dir='ltr'><strong>‘veniunt</strong></span> <span class='ocrx_word' id='word_1_139' title='bbox 482 1752 546 1805; x_wconf 87' lang='lat' dir='ltr'><strong>ad</strong></span> <span class='ocrx_word' id='word_1_140' title='bbox 576 1753 735 1807; x_wconf 87' lang='lat' dir='ltr'><strong>fidem</strong></span> <span class='ocrx_word' id='word_1_141' title='bbox 765 1770 780 1808; x_wconf 93' lang='lat'><strong>:</strong></span> <span class='ocrx_word' id='word_1_142' title='bbox 806 1765 855 1807; x_wconf 90' lang='lat' dir='ltr'><strong>et</strong></span> <span class='ocrx_word' id='word_1_143' title='bbox 880 1756 1105 1823; x_wconf 80' lang='lat' dir='ltr'><strong>dispersi</strong></span> <span class='ocrx_word' id='word_1_144' title='bbox 1135 1758 1211 1821; x_wconf 92' lang='lat' dir='ltr'><strong>bi,</strong></span> <span class='ocrx_word' id='word_1_145' title='bbox 1233 1774 1460 1829; x_wconf 88' lang='lat' dir='ltr'><strong>quorum</strong></span> <span class='ocrx_word' id='word_1_146' title='bbox 1488 1764 1674 1829; x_wconf 68' lang='lat' dir='ltr'><strong>patria.</strong></span> <span class='ocrx_word' id='word_1_147' title='bbox 1701 1774 1833 1817; x_wconf 82' lang='lat' dir='ltr'><strong>teni-</strong></span> 
     </span>
    </p>
   </div>
   <div class='ocr_carea' id='block_1_19' title="bbox 1939 574 3516 645">
    <p class='ocr_par' dir='ltr' id='par_1_19' title="bbox 1939 574 3516 645">
     <span class='ocr_line' id='line_1_19' title="bbox 1939 574 3516 645; baseline 0.008 -18"><span class='ocrx_word' id='word_1_148' title='bbox 1939 574 2213 641; x_wconf 81' lang='lat' dir='ltr'><strong>desiderii,</strong></span> <span class='ocrx_word' id='word_1_149' title='bbox 2257 587 2348 632; x_wconf 90' lang='lat' dir='ltr'><strong>aut</strong></span> <span class='ocrx_word' id='word_1_150' title='bbox 2376 579 2599 634; x_wconf 85' lang='lat' dir='ltr'><strong>rationis</strong></span> <span class='ocrx_word' id='word_1_151' title='bbox 2627 591 2733 645; x_wconf 88' lang='lat' dir='ltr'><strong>est,</strong></span> <span class='ocrx_word' id='word_1_152' title='bbox 2764 591 2818 636; x_wconf 89' lang='lat' dir='ltr'><strong>et</strong></span> <span class='ocrx_word' id='word_1_153' title='bbox 2848 581 2970 635; x_wconf 88' lang='lat' dir='ltr'><strong>ideo</strong></span> <span class='ocrx_word' id='word_1_154' title='bbox 3000 582 3161 637; x_wconf 86' lang='lat' dir='ltr'><strong>totius</strong></span> <span class='ocrx_word' id='word_1_155' title='bbox 3183 584 3308 637; x_wconf 63' lang='lat' dir='ltr'><strong>vitae</strong></span> <span class='ocrx_word' id='word_1_156' title='bbox 3331 589 3516 639; x_wconf 83' lang='lat' dir='ltr'><strong>buma-</strong></span> 
     </span>
    </p>
   </div>
   <div class='ocr_carea' id='block_1_20' title="bbox 1940 670 3515 733">
    <p class='ocr_par' dir='ltr' id='par_1_20' title="bbox 1940 670 3515 733">
     <span class='ocr_line' id='line_1_20' title="bbox 1940 670 3515 733; baseline 0.007 -12"><span class='ocrx_word' id='word_1_157' title='bbox 1940 682 2021 721; x_wconf 63' lang='grc' dir='ltr'><strong><em>ηε</em></strong></span> <span class='ocrx_word' id='word_1_158' title='bbox 2050 678 2221 724; x_wconf 85' lang='lat' dir='ltr'><strong>status</strong></span> <span class='ocrx_word' id='word_1_159' title='bbox 2250 671 2301 724; x_wconf 93' lang='lat' dir='ltr'><strong>in</strong></span> <span class='ocrx_word' id='word_1_160' title='bbox 2346 670 2461 725; x_wconf 86' lang='lat' dir='ltr'><strong>istis</strong></span> <span class='ocrx_word' id='word_1_161' title='bbox 2502 672 2668 727; x_wconf 88' lang='lat' dir='ltr'><strong>tribus</strong></span> <span class='ocrx_word' id='word_1_162' title='bbox 2701 673 2823 727; x_wconf 83' lang='lat' dir='ltr'><strong>filiis</strong></span> <span class='ocrx_word' id='word_1_163' title='bbox 2852 674 3019 729; x_wconf 77' lang='lat' dir='ltr'><strong>Iacob</strong></span> <span class='ocrx_word' id='word_1_164' title='bbox 3046 674 3350 731; x_wconf 82' lang='lat' dir='ltr'><strong>adumbrari</strong></span> <span class='ocrx_word' id='word_1_165' title='bbox 3385 676 3515 733; x_wconf 85' lang='lat' dir='ltr'><strong>milii</strong></span> 
     </span>
    </p>
   </div>
   <div class='ocr_carea' id='block_1_21' title="bbox 1937 760 3517 833">
    <p class='ocr_par' dir='ltr' id='par_1_21' title="bbox 1937 760 3517 833">
     <span class='ocr_line' id='line_1_21' title="bbox 1937 760 3517 833; baseline 0.007 -22"><span class='ocrx_word' id='word_1_166' title='bbox 1937 760 2168 823; x_wconf 85' lang='lat' dir='ltr'><strong>videtur,</strong></span> <span class='ocrx_word' id='word_1_167' title='bbox 2200 770 2253 813; x_wconf 92' lang='lat' dir='ltr'><strong>ct</strong></span> <span class='ocrx_word' id='word_1_168' title='bbox 2286 777 2380 829; x_wconf 88' lang='lat' dir='ltr'><strong>per</strong></span> <span class='ocrx_word' id='word_1_169' title='bbox 2422 764 2566 831; x_wconf 84' lang='lat' dir='ltr'><strong>ipSns</strong></span> <span class='ocrx_word' id='word_1_170' title='bbox 2615 765 2912 833; x_wconf 76' lang='lat' dir='ltr'><strong>tripertitus</strong></span> <span class='ocrx_word' id='word_1_171' title='bbox 2964 767 3065 821; x_wconf 89' lang='lat' dir='ltr'><strong>iste</strong></span> <span class='ocrx_word' id='word_1_172' title='bbox 3103 777 3278 822; x_wconf 83' lang='lat' dir='ltr'><strong>motus</strong></span> <span class='ocrx_word' id='word_1_173' title='bbox 3321 769 3517 822; x_wconf 62' lang='lat' dir='ltr'><strong>animm</strong></span> 
     </span>
    </p>
   </div>
   <div class='ocr_carea' id='block_1_22' title="bbox 1936 850 3515 927">
    <p class='ocr_par' dir='ltr' id='par_1_22' title="bbox 1936 850 3515 927">
     <span class='ocr_line' id='line_1_22' title="bbox 1936 850 3515 927; baseline 0.009 -25"><span class='ocrx_word' id='word_1_174' title='bbox 1936 850 2227 927; x_wconf 81' lang='lat' dir='ltr'><strong>designari,</strong></span> <span class='ocrx_word' id='word_1_175' title='bbox 2270 853 2321 905; x_wconf 92' lang='lat' dir='ltr'><strong>in</strong></span> <span class='ocrx_word' id='word_1_176' title='bbox 2352 855 2543 923; x_wconf 89' lang='lat' dir='ltr'><strong>quibus</strong></span> <span class='ocrx_word' id='word_1_177' title='bbox 2592 867 2771 911; x_wconf 85' lang='lat' dir='ltr'><strong>servat</strong></span> <span class='ocrx_word' id='word_1_178' title='bbox 2802 857 3022 924; x_wconf 81' lang='lat' dir='ltr'><strong>primam</strong></span> <span class='ocrx_word' id='word_1_179' title='bbox 3066 858 3515 924; x_wconf 64' lang='lat' dir='ltr'><strong>concupiscentiis</strong></span> 
     </span>
    </p>
   </div>
   <div class='ocr_carea' id='block_1_23' title="bbox 1937 941 3520 1016">
    <p class='ocr_par' dir='ltr' id='par_1_23' title="bbox 1937 941 3520 1016">
     <span class='ocr_line' id='line_1_23' title="bbox 1937 941 3520 1016; baseline 0.006 -20"><span class='ocrx_word' id='word_1_180' title='bbox 1937 941 2169 1009; x_wconf 74' lang='lat' dir='ltr'><strong>Speciem</strong></span> <span class='ocrx_word' id='word_1_181' title='bbox 2202 943 2409 1013; x_wconf 79' lang='lat' dir='ltr'><strong>Ruben,</strong></span> <span class='ocrx_word' id='word_1_182' title='bbox 2442 946 2492 999; x_wconf 90' lang='lat' dir='ltr'><strong>in</strong></span> <span class='ocrx_word' id='word_1_183' title='bbox 2538 962 2696 1016; x_wconf 87' lang='lat' dir='ltr'><strong>quam</strong></span> <span class='ocrx_word' id='word_1_184' title='bbox 2743 966 2864 1003; x_wconf 89' lang='lat' dir='ltr'><strong>cum</strong></span> <span class='ocrx_word' id='word_1_185' title='bbox 2910 951 3115 1005; x_wconf 86' lang='lat' dir='ltr'><strong>macula</strong></span> <span class='ocrx_word' id='word_1_186' title='bbox 3146 960 3365 1015; x_wconf 88' lang='lat' dir='ltr'><strong>notatur</strong></span> <span class='ocrx_word' id='word_1_187' title='bbox 3387 952 3520 1008; x_wconf 76' lang='lat' dir='ltr'><strong>effu-</strong></span> 
     </span>
    </p>
   </div>
   <div class='ocr_carea' id='block_1_24' title="bbox 1938 1024 3517 1119">
    <p class='ocr_par' dir='ltr' id='par_1_24' title="bbox 1938 1024 3517 1119">
     <span class='ocr_line' id='line_1_24' title="bbox 1938 1024 3517 1119; baseline 0.012 -34"><span class='ocrx_word' id='word_1_188' title='bbox 1938 1049 2049 1090; x_wconf 59' lang='lat' dir='ltr'><strong>sus.</strong></span> <span class='ocrx_word' id='word_1_189' title='bbox 2094 1024 2391 1091; x_wconf 73' lang='lat' dir='ltr'><strong>Sceptidam</strong></span> <span class='ocrx_word' id='word_1_190' title='bbox 2440 1039 2535 1092; x_wconf 78' lang='lat' dir='ltr'><strong>ira:</strong></span> <span class='ocrx_word' id='word_1_191' title='bbox 2592 1042 2671 1095; x_wconf 86' lang='lat' dir='ltr'><strong>vel</strong></span> <span class='ocrx_word' id='word_1_192' title='bbox 2725 1043 2921 1098; x_wconf 86' lang='lat' dir='ltr'><strong>furoris</strong></span> <span class='ocrx_word' id='word_1_193' title='bbox 2960 1046 3192 1113; x_wconf 86' lang='lat' dir='ltr'><strong>speciem</strong></span> <span class='ocrx_word' id='word_1_194' title='bbox 3223 1055 3365 1102; x_wconf 86' lang='lat' dir='ltr'><strong>tenet</strong></span> <span class='ocrx_word' id='word_1_195' title='bbox 3411 1046 3517 1119; x_wconf 80' lang='lat' dir='ltr'><strong>Sy-</strong></span> 
     </span>
    </p>
   </div>
   <div class='ocr_carea' id='block_1_25' title="bbox 1940 1131 3521 1210">
    <p class='ocr_par' dir='ltr' id='par_1_25' title="bbox 1940 1131 3521 1210">
     <span class='ocr_line' id='line_1_25' title="bbox 1940 1131 3521 1210; baseline 0.011 -32"><span class='ocrx_word' id='word_1_196' title='bbox 1940 1141 2118 1197; x_wconf 86' lang='lat' dir='ltr'><strong>mcoo,</strong></span> <span class='ocrx_word' id='word_1_197' title='bbox 2150 1145 2267 1196; x_wconf 75' lang='grc' dir='ltr'><strong>(μιςυ</strong></span> <span class='ocrx_word' id='word_1_198' title='bbox 2297 1140 2350 1183; x_wconf 90' lang='lat' dir='ltr'><strong>ct</strong></span> <span class='ocrx_word' id='word_1_199' title='bbox 2383 1131 2491 1200; x_wconf 85' lang='lat' dir='ltr'><strong>ipsa</strong></span> <span class='ocrx_word' id='word_1_200' title='bbox 2521 1147 2585 1186; x_wconf 82' lang='lat' dir='ltr'><strong>ex</strong></span> <span class='ocrx_word' id='word_1_201' title='bbox 2630 1134 2822 1189; x_wconf 88' lang='lat' dir='ltr'><strong>luroris</strong></span> <span class='ocrx_word' id='word_1_202' title='bbox 2849 1136 2965 1205; x_wconf 82' lang='lat' dir='ltr'><strong>ejus</strong></span> <span class='ocrx_word' id='word_1_203' title='bbox 2994 1138 3396 1194; x_wconf 81' lang='lat' dir='ltr'><strong>demmtstratur</strong></span> <span class='ocrx_word' id='word_1_204' title='bbox 3421 1153 3521 1210; x_wconf 86' lang='lat' dir='ltr'><strong>op-</strong></span> 
     </span>
    </p>
   </div>
   <div class='ocr_carea' id='block_1_26' title="bbox 1940 1214 3520 1285">
    <p class='ocr_par' dir='ltr' id='par_1_26' title="bbox 1940 1214 3520 1285">
     <span class='ocr_line' id='line_1_26' title="bbox 1940 1214 3520 1285; baseline 0.013 -21"><span class='ocrx_word' id='word_1_205' title='bbox 1940 1214 2177 1282; x_wconf 77' lang='lat' dir='ltr'><strong>piobiio.</strong></span> <span class='ocrx_word' id='word_1_206' title='bbox 2212 1217 2446 1273; x_wconf 77' lang='lat' dir='ltr'><strong>Tertiam</strong></span> <span class='ocrx_word' id='word_1_207' title='bbox 2501 1223 2721 1277; x_wconf 87' lang='lat' dir='ltr'><strong>formam</strong></span> <span class='ocrx_word' id='word_1_208' title='bbox 2770 1238 2945 1281; x_wconf 82' lang='lat' dir='ltr'><strong>nimus</strong></span> <span class='ocrx_word' id='word_1_209' title='bbox 2994 1229 3325 1285; x_wconf 88' lang='lat' dir='ltr'><strong>rationabilis</strong></span> <span class='ocrx_word' id='word_1_210' title='bbox 3374 1240 3520 1285; x_wconf 88' lang='lat' dir='ltr'><strong>tenet</strong></span> 
     </span>
    </p>
   </div>
   <div class='ocr_carea' id='block_1_27' title="bbox 1939 1302 3511 1386">
    <p class='ocr_par' dir='ltr' id='par_1_27' title="bbox 1939 1302 3511 1386">
     <span class='ocr_line' id='line_1_27' title="bbox 1939 1302 3511 1386; baseline 0.012 -27"><span class='ocrx_word' id='word_1_211' title='bbox 1939 1302 2087 1372; x_wconf 83' lang='lat' dir='ltr'><strong>Levi,</strong></span> <span class='ocrx_word' id='word_1_212' title='bbox 2119 1310 2312 1378; x_wconf 88' lang='lat' dir='ltr'><strong>quippe</strong></span> <span class='ocrx_word' id='word_1_213' title='bbox 2354 1314 2436 1365; x_wconf 91' lang='lat' dir='ltr'><strong>cui</strong></span> <span class='ocrx_word' id='word_1_214' title='bbox 2484 1312 2644 1368; x_wconf 88' lang='lat' dir='ltr'><strong>etiam</strong></span> <span class='ocrx_word' id='word_1_215' title='bbox 2694 1316 2861 1386; x_wconf 84' lang='lat' dir='ltr'><strong>legem</strong></span> <span class='ocrx_word' id='word_1_216' title='bbox 2907 1335 3124 1375; x_wconf 84' lang='lat' dir='ltr'><strong>servare</strong></span> <span class='ocrx_word' id='word_1_217' title='bbox 3161 1325 3511 1378; x_wconf 88' lang='lat' dir='ltr'><strong>commissum</strong></span> 
     </span>
    </p>
   </div>
   <div class='ocr_carea' id='block_1_28' title="bbox 1939 1399 3521 1485">
    <p class='ocr_par' dir='ltr' id='par_1_28' title="bbox 1939 1399 3521 1485">
     <span class='ocr_line' id='line_1_28' title="bbox 1939 1399 3521 1485; baseline 0.012 -34"><span class='ocrx_word' id='word_1_218' title='bbox 1939 1406 2041 1453; x_wconf 59' lang='lat' dir='ltr'><strong>est.</strong></span> <span class='ocrx_word' id='word_1_219' title='bbox 2076 1399 2183 1455; x_wconf 89' lang='lat' dir='ltr'><strong>llas</strong></span> <span class='ocrx_word' id='word_1_220' title='bbox 2211 1418 2340 1473; x_wconf 83' lang='lat' dir='ltr'><strong>ergo</strong></span> <span class='ocrx_word' id='word_1_221' title='bbox 2370 1414 2478 1459; x_wconf 90' lang='lat' dir='ltr'><strong>tres</strong></span> <span class='ocrx_word' id='word_1_222' title='bbox 2504 1406 2712 1476; x_wconf 81' lang='lat' dir='ltr'><strong>species</strong></span> <span class='ocrx_word' id='word_1_223' title='bbox 2744 1410 2953 1465; x_wconf 86' lang='lat' dir='ltr'><strong>videtur</strong></span> <span class='ocrx_word' id='word_1_224' title='bbox 2980 1413 3106 1467; x_wconf 89' lang='lat' dir='ltr'><strong>mibi</strong></span> <span class='ocrx_word' id='word_1_225' title='bbox 3150 1416 3325 1469; x_wconf 88' lang='lat' dir='ltr'><strong>omnis</strong></span> <span class='ocrx_word' id='word_1_226' title='bbox 3354 1431 3521 1485; x_wconf 87' lang='lat' dir='ltr'><strong>prope</strong></span> 
     </span>
    </p>
   </div>
   <div class='ocr_carea' id='block_1_29' title="bbox 1938 1490 3518 1574">
    <p class='ocr_par' dir='ltr' id='par_1_29' title="bbox 1938 1490 3518 1574">
     <span class='ocr_line' id='line_1_29' title="bbox 1938 1490 3518 1574; baseline 0.014 -33"><span class='ocrx_word' id='word_1_227' title='bbox 1938 1490 2134 1556; x_wconf 80' lang='lat' dir='ltr'><strong>anima,</strong></span> <span class='ocrx_word' id='word_1_228' title='bbox 2167 1508 2285 1560; x_wconf 78' lang='lat' dir='ltr'><strong>qua:</strong></span> <span class='ocrx_word' id='word_1_229' title='bbox 2316 1494 2366 1547; x_wconf 91' lang='lat' dir='ltr'><strong>in</strong></span> <span class='ocrx_word' id='word_1_230' title='bbox 2400 1496 2540 1552; x_wconf 84' lang='lat' dir='ltr'><strong>hunc</strong></span> <span class='ocrx_word' id='word_1_231' title='bbox 2583 1501 2838 1554; x_wconf 77' lang='lat' dir='ltr'><strong>mandunt</strong></span> <span class='ocrx_word' id='word_1_232' title='bbox 2867 1504 3033 1568; x_wconf 84' lang='lat' dir='ltr'><strong>venit,</strong></span> <span class='ocrx_word' id='word_1_233' title='bbox 3068 1506 3252 1574; x_wconf 89' lang='lat' dir='ltr'><strong>primis</strong></span> <span class='ocrx_word' id='word_1_234' title='bbox 3283 1508 3518 1564; x_wconf 75' lang='lat' dir='ltr'><strong>luctibus</strong></span> 
     </span>
    </p>
   </div>
   <div class='ocr_carea' id='block_1_30' title="bbox 1937 1583 3521 1670">
    <p class='ocr_par' dir='ltr' id='par_1_30' title="bbox 1937 1583 3521 1670">
     <span class='ocr_line' id='line_1_30' title="bbox 1937 1583 3521 1670; baseline 0.013 -35"><span class='ocrx_word' id='word_1_235' title='bbox 1937 1583 2280 1651; x_wconf 86' lang='lat' dir='ltr'><strong>culpabiliter</strong></span> <span class='ocrx_word' id='word_1_236' title='bbox 2308 1602 2487 1658; x_wconf 83' lang='lat' dir='ltr'><strong>agere,</strong></span> <span class='ocrx_word' id='word_1_237' title='bbox 2524 1604 2799 1661; x_wconf 88' lang='lat' dir='ltr'><strong>usquequo</strong></span> <span class='ocrx_word' id='word_1_238' title='bbox 2836 1606 3171 1662; x_wconf 87' lang='lat' dir='ltr'><strong>peccatorum</strong></span> <span class='ocrx_word' id='word_1_239' title='bbox 3202 1598 3341 1653; x_wconf 89' lang='lat' dir='ltr'><strong>vitiis</strong></span> <span class='ocrx_word' id='word_1_240' title='bbox 3383 1617 3521 1670; x_wconf 78' lang='lat' dir='ltr'><strong>pra:-</strong></span> 
     </span>
    </p>
   </div>
   <div class='ocr_carea' id='block_1_31' title="bbox 1938 1681 3520 1761">
    <p class='ocr_par' dir='ltr' id='par_1_31' title="bbox 1938 1681 3520 1761">
     <span class='ocr_line' id='line_1_31' title="bbox 1938 1681 3520 1761; baseline 0.013 -33"><span class='ocrx_word' id='word_1_241' title='bbox 1938 1685 2175 1746; x_wconf 87' lang='lat' dir='ltr'><strong>gravata,</strong></span> <span class='ocrx_word' id='word_1_242' title='bbox 2199 1688 2252 1732; x_wconf 88' lang='lat' dir='ltr'><strong>et</strong></span> <span class='ocrx_word' id='word_1_243' title='bbox 2279 1681 2542 1736; x_wconf 86' lang='lat' dir='ltr'><strong>malorum</strong></span> <span class='ocrx_word' id='word_1_244' title='bbox 2575 1684 2821 1741; x_wconf 88' lang='lat' dir='ltr'><strong>satietate</strong></span> <span class='ocrx_word' id='word_1_245' title='bbox 2844 1686 3078 1755; x_wconf 83' lang='lat' dir='ltr'><strong>defessa,</strong></span> <span class='ocrx_word' id='word_1_246' title='bbox 3101 1688 3167 1744; x_wconf 87' lang='lat' dir='ltr'><strong>ad</strong></span> <span class='ocrx_word' id='word_1_247' title='bbox 3192 1689 3366 1745; x_wconf 90' lang='lat' dir='ltr'><strong>locum</strong></span> <span class='ocrx_word' id='word_1_248' title='bbox 3397 1706 3520 1761; x_wconf 76' lang='lat' dir='ltr'><strong>pos-</strong></span> 
     </span>
    </p>
   </div>
   <div class='ocr_carea' id='block_1_32' title="bbox 1936 1768 3521 1851">
    <p class='ocr_par' dir='ltr' id='par_1_32' title="bbox 1936 1768 3521 1851">
     <span class='ocr_line' id='line_1_32' title="bbox 1936 1768 3521 1851; baseline 0.01 -29"><span class='ocrx_word' id='word_1_249' title='bbox 1936 1768 2008 1822; x_wconf 86' lang='lat' dir='ltr'><strong>sit</strong></span> <span class='ocrx_word' id='word_1_250' title='bbox 2039 1769 2364 1836; x_wconf 54' lang='lat' dir='ltr'><strong>renitentia:</strong></span> <span class='ocrx_word' id='word_1_251' title='bbox 2414 1776 2712 1839; x_wconf 78' lang='lat' dir='ltr'><strong>pervenire.</strong></span> <span class='ocrx_word' id='word_1_252' title='bbox 2746 1776 2911 1835; x_wconf 81' lang='lat' dir='ltr'><strong>ludas</strong></span> <span class='ocrx_word' id='word_1_253' title='bbox 2938 1780 3080 1835; x_wconf 88' lang='lat' dir='ltr'><strong>enim</strong></span> <span class='ocrx_word' id='word_1_254' title='bbox 3132 1793 3248 1851; x_wconf 92' lang='lat' dir='ltr'><strong>post</strong></span> <span class='ocrx_word' id='word_1_255' title='bbox 3294 1784 3398 1838; x_wconf 85' lang='lat' dir='ltr'><strong>Iioe</strong></span> <span class='ocrx_word' id='word_1_256' title='bbox 3434 1798 3521 1838; x_wconf 78' lang='lat' dir='ltr'><strong>se-</strong></span> 
     </span>
    </p>
   </div>
   <div class='ocr_carea' id='block_1_33' title="bbox 240 1840 3522 1942">
    <p class='ocr_par' dir='ltr' id='par_1_33' title="bbox 240 1840 3522 1942">
     <span class='ocr_line' id='line_1_33' title="bbox 240 1840 3522 1942; baseline 0.012 -50"><span class='ocrx_word' id='word_1_257' title='bbox 240 1840 435 1909; x_wconf 89' lang='lat' dir='ltr'><strong>ploque</strong></span> <span class='ocrx_word' id='word_1_258' title='bbox 465 1844 746 1909; x_wconf 88' lang='lat' dir='ltr'><strong>subverso,</strong></span> <span class='ocrx_word' id='word_1_259' title='bbox 779 1860 869 1915; x_wconf 86' lang='lat' dir='ltr'><strong>per</strong></span> <span class='ocrx_word' id='word_1_260' title='bbox 909 1847 1094 1903; x_wconf 87' lang='lat' dir='ltr'><strong>orbem</strong></span> <span class='ocrx_word' id='word_1_261' title='bbox 1145 1857 1300 1905; x_wconf 75' lang='lat' dir='ltr'><strong>teme</strong></span> <span class='ocrx_word' id='word_1_262' title='bbox 1348 1851 1682 1913; x_wconf 80' lang='lat' dir='ltr'><strong>incredulum</strong></span> <span class='ocrx_word' id='word_1_263' title='bbox 1725 1854 1829 1910; x_wconf 81' lang='lat' dir='ltr'><strong>dis-</strong></span> <span class='ocrx_word' id='word_1_264' title='bbox 1865 1846 1906 1903; x_wconf 79' lang='grc' dir='ltr'><strong>Β</strong></span> <span class='ocrx_word' id='word_1_265' title='bbox 1936 1862 2136 1930; x_wconf 89' lang='lat' dir='ltr'><strong>quitur,</strong></span> <span class='ocrx_word' id='word_1_266' title='bbox 2166 1863 2253 1931; x_wconf 87' lang='lat' dir='ltr'><strong>qni</strong></span> <span class='ocrx_word' id='word_1_267' title='bbox 2303 1875 2490 1934; x_wconf 84' lang='lat' dir='ltr'><strong>purget</strong></span> <span class='ocrx_word' id='word_1_268' title='bbox 2520 1868 2857 1926; x_wconf 80' lang='lat' dir='ltr'><strong>confessione</strong></span> <span class='ocrx_word' id='word_1_269' title='bbox 2898 1840 3144 1942; x_wconf 55' lang='lat' dir='ltr'><strong>pecttata;</strong></span> <span class='ocrx_word' id='word_1_270' title='bbox 3185 1877 3310 1942; x_wconf 88' lang='lat' dir='ltr'><strong>quia</strong></span> <span class='ocrx_word' id='word_1_271' title='bbox 3351 1874 3522 1932; x_wconf 77' lang='lat' dir='ltr'><strong>Iudas</strong></span> 
     </span>
    </p>
   </div>
   <div class='ocr_carea' id='block_1_34' title="bbox 239 1937 699 2003">
    <p class='ocr_par' dir='ltr' id='par_1_34' title="bbox 239 1937 699 2003">
     <span class='ocr_line' id='line_1_34' title="bbox 239 1937 699 2003; baseline 0.009 -17"><span class='ocrx_word' id='word_1_272' title='bbox 239 1937 479 2003; x_wconf 83' lang='lat' dir='ltr'><strong>pergitur</strong></span> <span class='ocrx_word' id='word_1_273' title='bbox 506 1950 699 2003; x_wconf 86' lang='lat' dir='ltr'><strong>genus.</strong></span> 
     </span>
    </p>
   </div>
   <div class='ocr_carea' id='block_1_35' title="bbox 230 2029 1828 2107">
    <p class='ocr_par' dir='ltr' id='par_1_35' title="bbox 230 2029 1828 2107">
     <span class='ocr_line' id='line_1_35' title="bbox 230 2029 1828 2107; baseline 0.009 -25"><span class='ocrx_word' id='word_1_274' title='bbox 230 2042 231 2045; x_wconf 75' lang='lat'>‘</span> <span class='ocrx_word' id='word_1_275' title='bbox 309 2030 358 2083; x_wconf 81' lang='grc'><strong>5.</strong></span> <span class='ocrx_word' id='word_1_276' title='bbox 390 2029 607 2085; x_wconf 77' lang='lat' dir='ltr'><strong>Muralis</strong></span> <span class='ocrx_word' id='word_1_277' title='bbox 640 2045 768 2085; x_wconf 79' lang='lat' dir='ltr'><strong>vero</strong></span> <span class='ocrx_word' id='word_1_278' title='bbox 796 2040 982 2100; x_wconf 88' lang='lat' dir='ltr'><strong>tropus</strong></span> <span class='ocrx_word' id='word_1_279' title='bbox 1023 2035 1095 2089; x_wconf 89' lang='lat' dir='ltr'><strong>ita</strong></span> <span class='ocrx_word' id='word_1_280' title='bbox 1142 2033 1372 2091; x_wconf 83' lang='lat' dir='ltr'><strong>fortasse</strong></span> <span class='ocrx_word' id='word_1_281' title='bbox 1401 2039 1604 2092; x_wconf 86' lang='lat' dir='ltr'><strong>servari</strong></span> <span class='ocrx_word' id='word_1_282' title='bbox 1634 2049 1828 2107; x_wconf 85' lang='lat' dir='ltr'><strong>potest.</strong></span> 
     </span>
    </p>
   </div>
   <div class='ocr_carea' id='block_1_36' title="bbox 238 2119 1832 2199">
    <p class='ocr_par' dir='ltr' id='par_1_36' title="bbox 238 2119 1832 2199">
     <span class='ocr_line' id='line_1_36' title="bbox 238 2119 1832 2199; baseline 0.009 -26"><span class='ocrx_word' id='word_1_283' title='bbox 238 2119 585 2188; x_wconf 85' lang='lat' dir='ltr'><strong>Tripartitam</strong></span> <span class='ocrx_word' id='word_1_284' title='bbox 632 2136 754 2178; x_wconf 87' lang='lat' dir='ltr'><strong>esse</strong></span> <span class='ocrx_word' id='word_1_285' title='bbox 799 2124 990 2178; x_wconf 79' lang='lat' dir='ltr'><strong>anima:</strong></span> <span class='ocrx_word' id='word_1_286' title='bbox 1031 2126 1303 2191; x_wconf 83' lang='lat' dir='ltr'><strong>virtutem,</strong></span> <span class='ocrx_word' id='word_1_287' title='bbox 1349 2129 1529 2184; x_wconf 86' lang='lat' dir='ltr'><strong>multis</strong></span> <span class='ocrx_word' id='word_1_288' title='bbox 1576 2134 1832 2199; x_wconf 85' lang='lat' dir='ltr'><strong>sapienti-</strong></span> 
     </span>
    </p>
   </div>
   <div class='ocr_carea' id='block_1_37' title="bbox 240 2211 1824 2290">
    <p class='ocr_par' dir='ltr' id='par_1_37' title="bbox 240 2211 1824 2290">
     <span class='ocr_line' id='line_1_37' title="bbox 240 2211 1824 2290; baseline 0.008 -28"><span class='ocrx_word' id='word_1_289' title='bbox 240 2211 337 2263; x_wconf 91' lang='lat' dir='ltr'><strong>bus</strong></span> <span class='ocrx_word' id='word_1_290' title='bbox 364 2221 385 2250; x_wconf 77' lang='grc' dir='ltr'><strong>ε</strong></span> <span class='ocrx_word' id='word_1_291' title='bbox 411 2214 590 2265; x_wconf 90' lang='lat' dir='ltr'><strong>visum</strong></span> <span class='ocrx_word' id='word_1_292' title='bbox 621 2222 723 2277; x_wconf 87' lang='lat' dir='ltr'><strong>est,</strong></span> <span class='ocrx_word' id='word_1_293' title='bbox 754 2212 804 2266; x_wconf 88' lang='lat' dir='ltr'><strong>id</strong></span> <span class='ocrx_word' id='word_1_294' title='bbox 834 2223 938 2279; x_wconf 89' lang='lat' dir='ltr'><strong>est,</strong></span> <span class='ocrx_word' id='word_1_295' title='bbox 965 2225 1071 2270; x_wconf 89' lang='lat' dir='ltr'><strong>tres</strong></span> <span class='ocrx_word' id='word_1_296' title='bbox 1097 2231 1216 2271; x_wconf 89' lang='lat' dir='ltr'><strong>esse</strong></span> <span class='ocrx_word' id='word_1_297' title='bbox 1247 2219 1456 2285; x_wconf 85' lang='lat' dir='ltr'><strong>species</strong></span> <span class='ocrx_word' id='word_1_298' title='bbox 1488 2234 1663 2274; x_wconf 83' lang='lat' dir='ltr'><strong>motus</strong></span> <span class='ocrx_word' id='word_1_299' title='bbox 1686 2220 1824 2290; x_wconf 84' lang='lat' dir='ltr'><strong>ejus,</strong></span> 
     </span>
    </p>
   </div>
   <div class='ocr_carea' id='block_1_38' title="bbox 240 2304 1823 2379">
    <p class='ocr_par' dir='ltr' id='par_1_38' title="bbox 240 2304 1823 2379">
     <span class='ocr_line' id='line_1_38' title="bbox 240 2304 1823 2379; baseline 0.008 -23"><span class='ocrx_word' id='word_1_300' title='bbox 240 2319 333 2371; x_wconf 85' lang='lat' dir='ltr'><strong>per</strong></span> <span class='ocrx_word' id='word_1_301' title='bbox 363 2304 518 2370; x_wconf 85' lang='lat' dir='ltr'><strong>iram,</strong></span> <span class='ocrx_word' id='word_1_302' title='bbox 554 2319 652 2372; x_wconf 90' lang='lat' dir='ltr'><strong>per</strong></span> <span class='ocrx_word' id='word_1_303' title='bbox 681 2305 1047 2373; x_wconf 79' lang='lat' dir='ltr'><strong>cupiditatem,</strong></span> <span class='ocrx_word' id='word_1_304' title='bbox 1081 2323 1174 2374; x_wconf 86' lang='lat' dir='ltr'><strong>per</strong></span> <span class='ocrx_word' id='word_1_305' title='bbox 1220 2310 1503 2370; x_wconf 85' lang='lat' dir='ltr'><strong>rationem,</strong></span> <span class='ocrx_word' id='word_1_306' title='bbox 1536 2327 1635 2365; x_wconf 91' lang='lat' dir='ltr'><strong>nec</strong></span> <span class='ocrx_word' id='word_1_307' title='bbox 1664 2315 1823 2379; x_wconf 77' lang='lat' dir='ltr'><strong>alius,</strong></span> 
     </span>
    </p>
   </div>
   <div class='ocr_carea' id='block_1_39' title="bbox 237 2395 1824 2470">
    <p class='ocr_par' dir='ltr' id='par_1_39' title="bbox 237 2395 1824 2470">
     <span class='ocr_line' id='line_1_39' title="bbox 237 2395 1824 2470; baseline 0.008 -22"><span class='ocrx_word' id='word_1_308' title='bbox 237 2407 291 2449; x_wconf 90' lang='lat' dir='ltr'><strong>ut</strong></span> <span class='ocrx_word' id='word_1_309' title='bbox 316 2405 465 2465; x_wconf 91' lang='lat' dir='ltr'><strong>puto,</strong></span> <span class='ocrx_word' id='word_1_310' title='bbox 489 2395 686 2451; x_wconf 77' lang='lat' dir='ltr'><strong>anima:</strong></span> <span class='ocrx_word' id='word_1_311' title='bbox 710 2407 905 2464; x_wconf 91' lang='lat' dir='ltr'><strong>motus,</strong></span> <span class='ocrx_word' id='word_1_312' title='bbox 937 2399 1177 2469; x_wconf 83' lang='lat' dir='ltr'><strong>exceptis</strong></span> <span class='ocrx_word' id='word_1_313' title='bbox 1210 2398 1311 2464; x_wconf 89' lang='lat' dir='ltr'><strong>bis,</strong></span> <span class='ocrx_word' id='word_1_314' title='bbox 1350 2403 1542 2470; x_wconf 78' lang='lat' dir='ltr'><strong>poterit</strong></span> <span class='ocrx_word' id='word_1_315' title='bbox 1573 2404 1824 2461; x_wconf 88' lang='lat' dir='ltr'><strong>inveniri.</strong></span> 
     </span>
    </p>
   </div>
   <div class='ocr_carea' id='block_1_40' title="bbox 1916 1952 3521 2036">
    <p class='ocr_par' dir='ltr' id='par_1_40' title="bbox 1916 1952 3521 2036">
     <span class='ocr_line' id='line_1_40' title="bbox 1916 1952 3521 2036; baseline 0.011 -31"><span class='ocrx_word' id='word_1_316' title='bbox 1916 1952 2110 2036; x_wconf 77' lang='lat' dir='ltr'><strong>lingua</strong></span> <span class='ocrx_word' id='word_1_317' title='bbox 2132 1953 2377 2022; x_wconf 71' lang='lat' dir='ltr'><strong>Hebriea,</strong></span> <span class='ocrx_word' id='word_1_318' title='bbox 2406 1956 2433 1993; x_wconf 76' lang='grc' dir='ltr'>ά</span> <span class='ocrx_word' id='word_1_319' title='bbox 2459 1960 2711 2027; x_wconf 76' lang='lat' dir='ltr'><strong>confessio</strong></span> <span class='ocrx_word' id='word_1_320' title='bbox 2732 1960 3136 2031; x_wconf 83' lang='lat' dir='ltr'><strong>interpretatur,</strong></span> <span class='ocrx_word' id='word_1_321' title='bbox 3154 1979 3275 2034; x_wconf 67' lang='lat' dir='ltr'><strong>quae</strong></span> <span class='ocrx_word' id='word_1_322' title='bbox 3296 1981 3322 2019; x_wconf 85' lang='lat' dir='ltr'><strong>a</strong></span> <span class='ocrx_word' id='word_1_323' title='bbox 3346 1978 3521 2024; x_wconf 83' lang='lat' dir='ltr'><strong>morte</strong></span> 
     </span>
    </p>
   </div>
   <div class='ocr_carea' id='block_1_41' title="bbox 1933 2043 3516 2128">
    <p class='ocr_par' dir='ltr' id='par_1_41' title="bbox 1933 2043 3516 2128">
     <span class='ocr_line' id='line_1_41' title="bbox 1933 2043 3516 2128; baseline 0.011 -31"><span class='ocrx_word' id='word_1_324' title='bbox 1933 2043 2128 2099; x_wconf 91' lang='lat' dir='ltr'><strong>dicitur</strong></span> <span class='ocrx_word' id='word_1_325' title='bbox 2154 2046 2402 2107; x_wconf 86' lang='lat' dir='ltr'><strong>liberare.</strong></span> <span class='ocrx_word' id='word_1_326' title='bbox 2435 2050 2510 2106; x_wconf 92' lang='lat' dir='ltr'><strong>De</strong></span> <span class='ocrx_word' id='word_1_327' title='bbox 2541 2050 2678 2107; x_wconf 78' lang='lat' dir='ltr'><strong>Juila</strong></span> <span class='ocrx_word' id='word_1_328' title='bbox 2725 2064 2900 2109; x_wconf 87' lang='lat' dir='ltr'><strong>autem</strong></span> <span class='ocrx_word' id='word_1_329' title='bbox 2931 2056 3093 2111; x_wconf 70' lang='lat' dir='ltr'><strong>credi</strong></span> <span class='ocrx_word' id='word_1_330' title='bbox 3123 2057 3372 2114; x_wconf 78' lang='lat' dir='ltr'><strong>sufficere</strong></span> <span class='ocrx_word' id='word_1_331' title='bbox 3402 2059 3516 2128; x_wconf 85' lang='lat' dir='ltr'><strong>illa,</strong></span> 
     </span>
    </p>
   </div>
   <div class='ocr_carea' id='block_1_42' title="bbox 1933 2140 3517 2221">
    <p class='ocr_par' dir='ltr' id='par_1_42' title="bbox 1933 2140 3517 2221">
     <span class='ocr_line' id='line_1_42' title="bbox 1933 2140 3517 2221; baseline 0.011 -31"><span class='ocrx_word' id='word_1_332' title='bbox 1933 2153 2053 2206; x_wconf 73' lang='lat' dir='ltr'><strong>quae</strong></span> <span class='ocrx_word' id='word_1_333' title='bbox 2080 2152 2111 2192; x_wconf 89' lang='lat' dir='ltr'><strong>a</strong></span> <span class='ocrx_word' id='word_1_334' title='bbox 2146 2140 2321 2209; x_wconf 87' lang='lat' dir='ltr'><strong>nobis,</strong></span> <span class='ocrx_word' id='word_1_335' title='bbox 2352 2149 2409 2195; x_wconf 90' lang='lat' dir='ltr'><strong>ut</strong></span> <span class='ocrx_word' id='word_1_336' title='bbox 2446 2144 2741 2212; x_wconf 82' lang='lat' dir='ltr'><strong>potuimus,</strong></span> <span class='ocrx_word' id='word_1_337' title='bbox 2769 2156 2895 2203; x_wconf 86' lang='lat' dir='ltr'><strong>ante</strong></span> <span class='ocrx_word' id='word_1_338' title='bbox 2918 2148 3027 2217; x_wconf 87' lang='lat' dir='ltr'><strong>jam</strong></span> <span class='ocrx_word' id='word_1_339' title='bbox 3054 2149 3192 2203; x_wconf 85' lang='lat' dir='ltr'><strong>dicta</strong></span> <span class='ocrx_word' id='word_1_340' title='bbox 3222 2160 3365 2219; x_wconf 89' lang='lat' dir='ltr'><strong>sunt,</strong></span> <span class='ocrx_word' id='word_1_341' title='bbox 3397 2167 3517 2221; x_wconf 69' lang='lat' dir='ltr'><strong>quae</strong></span> 
     </span>
    </p>
   </div>
   <div class='ocr_carea' id='block_1_43' title="bbox 1932 2228 3516 2316">
    <p class='ocr_par' dir='ltr' id='par_1_43' title="bbox 1932 2228 3516 2316">
     <span class='ocr_line' id='line_1_43' title="bbox 1932 2228 3516 2316; baseline 0.011 -32"><span class='ocrx_word' id='word_1_342' title='bbox 1932 2231 2091 2285; x_wconf 87' lang='lat' dir='ltr'><strong>etiam</strong></span> <span class='ocrx_word' id='word_1_343' title='bbox 2123 2232 2169 2289; x_wconf 93' lang='lat' dir='ltr'><strong>si</strong></span> <span class='ocrx_word' id='word_1_344' title='bbox 2197 2228 2477 2303; x_wconf 84' lang='lat' dir='ltr'><strong>placuerit,</strong></span> <span class='ocrx_word' id='word_1_345' title='bbox 2522 2238 2607 2294; x_wconf 88' lang='lat' dir='ltr'><strong>bis</strong></span> <span class='ocrx_word' id='word_1_346' title='bbox 2629 2239 2710 2296; x_wconf 84' lang='lat' dir='ltr'><strong>vel</strong></span> <span class='ocrx_word' id='word_1_347' title='bbox 2750 2240 2899 2311; x_wconf 87' lang='lat' dir='ltr'><strong>jungi</strong></span> <span class='ocrx_word' id='word_1_348' title='bbox 2945 2250 3214 2311; x_wconf 87' lang='lat' dir='ltr'><strong>poterunt,</strong></span> <span class='ocrx_word' id='word_1_349' title='bbox 3243 2244 3328 2299; x_wconf 89' lang='lat' dir='ltr'><strong>vel</strong></span> <span class='ocrx_word' id='word_1_350' title='bbox 3374 2260 3516 2316; x_wconf 67' lang='lat' dir='ltr'><strong>prte-</strong></span> 
     </span>
    </p>
   </div>
   <div class='ocr_carea' id='block_1_44' title="bbox 1931 2322 2081 2381">
    <p class='ocr_par' dir='ltr' id='par_1_44' title="bbox 1931 2322 2081 2381">
     <span class='ocr_line' id='line_1_44' title="bbox 1931 2322 2081 2381; baseline 0.033 -5"><span class='ocrx_word' id='word_1_351' title='bbox 1931 2322 2081 2381; x_wconf 88' lang='lat' dir='ltr'><strong>ferri.</strong></span> 
     </span>
    </p>
   </div>
   <div class='ocr_carea' id='block_1_45' title="bbox 1161 2542 2560 2647">
    <p class='ocr_par' dir='ltr' id='par_1_45' title="bbox 1161 2542 2560 2647">
     <span class='ocr_line' id='line_1_45' title="bbox 1161 2542 2560 2647; baseline 0.009 -21"><span class='ocrx_word' id='word_1_352' title='bbox 1161 2542 1885 2635; x_wconf 85' lang='lat' dir='ltr'><strong>BENEDICTIO</strong></span> <span class='ocrx_word' id='word_1_353' title='bbox 1962 2557 2560 2647; x_wconf 89' lang='lat' dir='ltr'><strong>ZABULON.</strong></span> 
     </span>
    </p>
   </div>
   <div class='ocr_carea' id='block_1_46' title="bbox 300 2703 1812 2782">
    <p class='ocr_par' dir='ltr' id='par_1_46' title="bbox 300 2703 1812 2782">
     <span class='ocr_line' id='line_1_46' title="bbox 300 2703 1812 2782; baseline 0.008 -27"><span class='ocrx_word' id='word_1_354' title='bbox 300 2705 407 2776; x_wconf 72' lang='lat'><strong>29</strong></span> <span class='ocrx_word' id='word_1_355' title='bbox 442 2703 494 2757; x_wconf 85' lang='lat'><strong>1.</strong></span> <span class='ocrx_word' id='word_1_356' title='bbox 548 2703 797 2760; x_wconf 72' lang='lat' dir='ltr'><strong>ZABULON</strong></span> <span class='ocrx_word' id='word_1_357' title='bbox 840 2709 998 2778; x_wconf 85' lang='lat' dir='ltr'><strong>juxta</strong></span> <span class='ocrx_word' id='word_1_358' title='bbox 1020 2725 1158 2762; x_wconf 80' lang='lat' dir='ltr'><strong>mare</strong></span> <span class='ocrx_word' id='word_1_359' title='bbox 1188 2709 1459 2781; x_wconf 81' lang='lat' dir='ltr'><strong>habitabit,</strong></span> <span class='ocrx_word' id='word_1_360' title='bbox 1505 2720 1552 2765; x_wconf 87' lang='lat' dir='ltr'><strong>et</strong></span> <span class='ocrx_word' id='word_1_361' title='bbox 1594 2712 1704 2782; x_wconf 84' lang='lat' dir='ltr'><strong>ipse</strong></span> <span class='ocrx_word' id='word_1_362' title='bbox 1734 2722 1812 2767; x_wconf 88' lang='lat' dir='ltr'><strong>est</strong></span> 
     </span>
    </p>
   </div>
   <div class='ocr_carea' id='block_1_47' title="bbox 236 2798 1818 2870">
    <p class='ocr_par' dir='ltr' id='par_1_47' title="bbox 236 2798 1818 2870">
     <span class='ocr_line' id='line_1_47' title="bbox 236 2798 1818 2870; baseline 0.003 -19"><span class='ocrx_word' id='word_1_363' title='bbox 236 2811 464 2851; x_wconf 84' lang='lat' dir='ltr'><strong>accessus</strong></span> <span class='ocrx_word' id='word_1_364' title='bbox 512 2798 756 2860; x_wconf 84' lang='lat' dir='ltr'><strong>navium,</strong></span> <span class='ocrx_word' id='word_1_365' title='bbox 805 2808 852 2851; x_wconf 87' lang='lat' dir='ltr'><strong>et</strong></span> <span class='ocrx_word' id='word_1_366' title='bbox 901 2800 1198 2853; x_wconf 70' lang='lat' dir='ltr'><strong>extenditur</strong></span> <span class='ocrx_word' id='word_1_367' title='bbox 1244 2816 1402 2870; x_wconf 87' lang='lat' dir='ltr'><strong>usque</strong></span> <span class='ocrx_word' id='word_1_368' title='bbox 1443 2801 1512 2853; x_wconf 86' lang='lat' dir='ltr'><strong>ad</strong></span> <span class='ocrx_word' id='word_1_369' title='bbox 1564 2800 1818 2856; x_wconf 84' lang='lat' dir='ltr'><strong>Sidonam</strong></span> 
     </span>
    </p>
   </div>
   <div class='ocr_carea' id='block_1_48' title="bbox 239 2885 1816 2959">
    <p class='ocr_par' dir='ltr' id='par_1_48' title="bbox 239 2885 1816 2959">
     <span class='ocr_line' id='line_1_48' title="bbox 239 2885 1816 2959; baseline 0.004 -19"><span class='ocrx_word' id='word_1_370' title='bbox 239 2885 395 2953; x_wconf 77' lang='lat' dir='ltr'><strong>(Gen.</strong></span> <span class='ocrx_word' id='word_1_371' title='bbox 431 2887 522 2942; x_wconf 65' lang='grc'><strong>49.</strong></span> <span class='ocrx_word' id='word_1_372' title='bbox 558 2887 696 2956; x_wconf 81' lang='lat'><strong>15.).</strong></span> <span class='ocrx_word' id='word_1_373' title='bbox 727 2887 978 2955; x_wconf 87' lang='lat' dir='ltr'><strong>Ilistoria,</strong></span> <span class='ocrx_word' id='word_1_374' title='bbox 1013 2892 1313 2959; x_wconf 87' lang='lat' dir='ltr'><strong>portionem</strong></span> <span class='ocrx_word' id='word_1_375' title='bbox 1362 2891 1555 2947; x_wconf 67' lang='lat' dir='ltr'><strong>futura</strong></span> <span class='ocrx_word' id='word_1_376' title='bbox 1585 2892 1816 2947; x_wconf 72' lang='lat' dir='ltr'><strong>haeredi-</strong></span> 
     </span>
    </p>
   </div>
   <div class='ocr_carea' id='block_1_49' title="bbox 239 2978 1819 3056">
    <p class='ocr_par' dir='ltr' id='par_1_49' title="bbox 239 2978 1819 3056">
     <span class='ocr_line' id='line_1_49' title="bbox 239 2978 1819 3056; baseline 0.008 -26"><span class='ocrx_word' id='word_1_377' title='bbox 239 2979 357 3033; x_wconf 81' lang='lat' dir='ltr'><strong>tatis</strong></span> <span class='ocrx_word' id='word_1_378' title='bbox 386 2978 636 3047; x_wconf 77' lang='lat' dir='ltr'><strong>designat</strong></span> <span class='ocrx_word' id='word_1_379' title='bbox 660 2989 715 3035; x_wconf 91' lang='lat' dir='ltr'><strong>et</strong></span> <span class='ocrx_word' id='word_1_380' title='bbox 743 2991 969 3035; x_wconf 90' lang='lat' dir='ltr'><strong>sortem.</strong></span> <span class='ocrx_word' id='word_1_381' title='bbox 1001 2982 1082 3037; x_wconf 88' lang='lat' dir='ltr'><strong>Ad</strong></span> <span class='ocrx_word' id='word_1_382' title='bbox 1114 2983 1429 3054; x_wconf 83' lang='lat' dir='ltr'><strong>mysterium</strong></span> <span class='ocrx_word' id='word_1_383' title='bbox 1468 2995 1645 3040; x_wconf 90' lang='lat' dir='ltr'><strong>autem</strong></span> <span class='ocrx_word' id='word_1_384' title='bbox 1675 2986 1819 3056; x_wconf 85' lang='lat' dir='ltr'><strong>quod</strong></span> 
     </span>
    </p>
   </div>
   <div class='ocr_carea' id='block_1_50' title="bbox 236 3070 1820 3146">
    <p class='ocr_par' dir='ltr' id='par_1_50' title="bbox 236 3070 1820 3146">
     <span class='ocr_line' id='line_1_50' title="bbox 236 3070 1820 3146; baseline 0.006 -23"><span class='ocrx_word' id='word_1_385' title='bbox 236 3080 459 3137; x_wconf 87' lang='lat' dir='ltr'><strong>spectat,</strong></span> <span class='ocrx_word' id='word_1_386' title='bbox 514 3070 741 3139; x_wconf 84' lang='lat' dir='ltr'><strong>legimus</strong></span> <span class='ocrx_word' id='word_1_387' title='bbox 797 3072 853 3125; x_wconf 91' lang='lat' dir='ltr'><strong>in</strong></span> <span class='ocrx_word' id='word_1_388' title='bbox 902 3072 1219 3143; x_wconf 84' lang='lat' dir='ltr'><strong>Evangelio,</strong></span> <span class='ocrx_word' id='word_1_389' title='bbox 1268 3090 1333 3130; x_wconf 83' lang='lat' dir='ltr'><strong>ex</strong></span> <span class='ocrx_word' id='word_1_390' title='bbox 1387 3077 1469 3130; x_wconf 85' lang='lat' dir='ltr'><strong>liis</strong></span> <span class='ocrx_word' id='word_1_391' title='bbox 1512 3077 1820 3146; x_wconf 78' lang='lat' dir='ltr'><strong>regionibus</strong></span> 
     </span>
    </p>
   </div>
   <div class='ocr_carea' id='block_1_51' title="bbox 236 3161 1820 3236">
    <p class='ocr_par' dir='ltr' id='par_1_51' title="bbox 236 3161 1820 3236">
     <span class='ocr_line' id='line_1_51' title="bbox 236 3161 1820 3236; baseline 0.003 -18"><span class='ocrx_word' id='word_1_392' title='bbox 236 3161 510 3219; x_wconf 81' lang='lat' dir='ltr'><strong>adsumtos</strong></span> <span class='ocrx_word' id='word_1_393' title='bbox 540 3176 663 3217; x_wconf 87' lang='lat' dir='ltr'><strong>esse</strong></span> <span class='ocrx_word' id='word_1_394' title='bbox 706 3163 913 3232; x_wconf 87' lang='lat' dir='ltr'><strong>aliquos</strong></span> <span class='ocrx_word' id='word_1_395' title='bbox 942 3165 1324 3231; x_wconf 84' lang='lat' dir='ltr'><strong>Apostolorum</strong></span> <span class='ocrx_word' id='word_1_396' title='bbox 1357 3184 1370 3223; x_wconf 91' lang='lat'><strong>:</strong></span> <span class='ocrx_word' id='word_1_397' title='bbox 1405 3178 1459 3225; x_wconf 91' lang='lat' dir='ltr'><strong>et</strong></span> <span class='ocrx_word' id='word_1_398' title='bbox 1490 3170 1541 3223; x_wconf 92' lang='lat' dir='ltr'><strong>in</strong></span> <span class='ocrx_word' id='word_1_399' title='bbox 1588 3169 1719 3236; x_wconf 87' lang='lat' dir='ltr'><strong>ipsis</strong></span> <span class='ocrx_word' id='word_1_400' title='bbox 1747 3170 1820 3224; x_wconf 95' lang='lat' dir='ltr'><strong>lo-</strong></span> 
     </span>
    </p>
   </div>
   <div class='ocr_carea' id='block_1_52' title="bbox 1998 2721 3505 2806">
    <p class='ocr_par' dir='ltr' id='par_1_52' title="bbox 1998 2721 3505 2806">
     <span class='ocr_line' id='line_1_52' title="bbox 1998 2721 3505 2806; baseline 0.011 -30"><span class='ocrx_word' id='word_1_401' title='bbox 1998 2721 2052 2776; x_wconf 77' lang='grc'><strong>2.</strong></span> <span class='ocrx_word' id='word_1_402' title='bbox 2078 2722 2130 2778; x_wconf 92' lang='lat' dir='ltr'><strong>Si</strong></span> <span class='ocrx_word' id='word_1_403' title='bbox 2163 2739 2291 2780; x_wconf 90' lang='lat' dir='ltr'><strong>vero</strong></span> <span class='ocrx_word' id='word_1_404' title='bbox 2319 2728 2480 2781; x_wconf 85' lang='lat' dir='ltr'><strong>etiam</strong></span> <span class='ocrx_word' id='word_1_405' title='bbox 2512 2728 2564 2783; x_wconf 90' lang='lat' dir='ltr'><strong>in</strong></span> <span class='ocrx_word' id='word_1_406' title='bbox 2599 2729 2720 2795; x_wconf 85' lang='lat' dir='ltr'><strong>hoc,</strong></span> <span class='ocrx_word' id='word_1_407' title='bbox 2754 2734 2973 2788; x_wconf 85' lang='lat' dir='ltr'><strong>moralis</strong></span> <span class='ocrx_word' id='word_1_408' title='bbox 3001 2735 3288 2803; x_wconf 88' lang='lat' dir='ltr'><strong>requiritur</strong></span> <span class='ocrx_word' id='word_1_409' title='bbox 3336 2736 3505 2806; x_wconf 88' lang='lat' dir='ltr'><strong>locus,</strong></span> 
     </span>
    </p>
   </div>
   <div class='ocr_carea' id='block_1_53' title="bbox 1928 2810 3514 2899">
    <p class='ocr_par' dir='ltr' id='par_1_53' title="bbox 1928 2810 3514 2899">
     <span class='ocr_line' id='line_1_53' title="bbox 1928 2810 3514 2899; baseline 0.013 -35"><span class='ocrx_word' id='word_1_410' title='bbox 1928 2810 2167 2868; x_wconf 88' lang='lat' dir='ltr'><strong>Zabulou</strong></span> <span class='ocrx_word' id='word_1_411' title='bbox 2189 2824 2214 2862; x_wconf 76' lang='grc' dir='ltr'><strong><em>Β</em></strong></span> <span class='ocrx_word' id='word_1_412' title='bbox 2231 2818 2407 2886; x_wconf 82' lang='lat' dir='ltr'><strong>ﬂuxus</strong></span> <span class='ocrx_word' id='word_1_413' title='bbox 2430 2830 2708 2875; x_wconf 87' lang='lat' dir='ltr'><strong>nocturnus</strong></span> <span class='ocrx_word' id='word_1_414' title='bbox 2739 2822 3141 2893; x_wconf 80' lang='lat' dir='ltr'><strong>interpretatur.</strong></span> <span class='ocrx_word' id='word_1_415' title='bbox 3164 2825 3514 2899; x_wconf 77' lang='lat' dir='ltr'><strong>Consequens</strong></span> 
     </span>
    </p>
   </div>
   <div class='ocr_carea' id='block_1_54' title="bbox 1928 2905 3508 2985">
    <p class='ocr_par' dir='ltr' id='par_1_54' title="bbox 1928 2905 3508 2985">
     <span class='ocr_line' id='line_1_54' title="bbox 1928 2905 3508 2985; baseline 0.011 -28"><span class='ocrx_word' id='word_1_416' title='bbox 1928 2919 2056 2975; x_wconf 83' lang='lat' dir='ltr'><strong>ergo</strong></span> <span class='ocrx_word' id='word_1_417' title='bbox 2102 2905 2275 2962; x_wconf 88' lang='lat' dir='ltr'><strong>videri</strong></span> <span class='ocrx_word' id='word_1_418' title='bbox 2326 2919 2520 2977; x_wconf 74' lang='lat' dir='ltr'><strong>potest,</strong></span> <span class='ocrx_word' id='word_1_419' title='bbox 2568 2913 2691 2980; x_wconf 84' lang='lat' dir='ltr'><strong>quia</strong></span> <span class='ocrx_word' id='word_1_420' title='bbox 2740 2922 3084 2983; x_wconf 85' lang='lat' dir='ltr'><strong>posteaquam</strong></span> <span class='ocrx_word' id='word_1_421' title='bbox 3132 2918 3264 2972; x_wconf 84' lang='lat' dir='ltr'><strong>vidit</strong></span> <span class='ocrx_word' id='word_1_422' title='bbox 3308 2921 3508 2985; x_wconf 89' lang='lat' dir='ltr'><strong>anima,</strong></span> 
     </span>
    </p>
   </div>
   <div class='ocr_carea' id='block_1_55' title="bbox 1926 2997 3511 3073">
    <p class='ocr_par' dir='ltr' id='par_1_55' title="bbox 1926 2997 3511 3073">
     <span class='ocr_line' id='line_1_55' title="bbox 1926 2997 3511 3073; baseline 0.007 -21"><span class='ocrx_word' id='word_1_423' title='bbox 1926 2997 2034 3067; x_wconf 85' lang='lat' dir='ltr'><strong>3o</strong></span> <span class='ocrx_word' id='word_1_424' title='bbox 2074 3012 2193 3067; x_wconf 68' lang='lat' dir='ltr'><strong>quae</strong></span> <span class='ocrx_word' id='word_1_425' title='bbox 2238 2999 2459 3054; x_wconf 88' lang='lat' dir='ltr'><strong>sedebat</strong></span> <span class='ocrx_word' id='word_1_426' title='bbox 2490 3002 2542 3055; x_wconf 92' lang='lat' dir='ltr'><strong>in</strong></span> <span class='ocrx_word' id='word_1_427' title='bbox 2576 3001 2835 3069; x_wconf 89' lang='lat' dir='ltr'><strong>tenebris,</strong></span> <span class='ocrx_word' id='word_1_428' title='bbox 2870 3005 3042 3060; x_wconf 88' lang='lat' dir='ltr'><strong>lucem</strong></span> <span class='ocrx_word' id='word_1_429' title='bbox 3080 3006 3312 3073; x_wconf 89' lang='lat' dir='ltr'><strong>Domini,</strong></span> <span class='ocrx_word' id='word_1_430' title='bbox 3352 3022 3404 3064; x_wconf 90' lang='lat' dir='ltr'><strong>et</strong></span> <span class='ocrx_word' id='word_1_431' title='bbox 3443 3008 3511 3063; x_wconf 90' lang='lat' dir='ltr'><strong>ad</strong></span> 
     </span>
    </p>
   </div>
   <div class='ocr_carea' id='block_1_56' title="bbox 1928 3089 3515 3163">
    <p class='ocr_par' dir='ltr' id='par_1_56' title="bbox 1928 3089 3515 3163">
     <span class='ocr_line' id='line_1_56' title="bbox 1928 3089 3515 3163; baseline 0.008 -21"><span class='ocrx_word' id='word_1_432' title='bbox 1928 3089 2305 3158; x_wconf 78' lang='lat' dir='ltr'><strong>ptenitentiam</strong></span> <span class='ocrx_word' id='word_1_433' title='bbox 2335 3107 2402 3145; x_wconf 82' lang='lat' dir='ltr'><strong>ex</strong></span> <span class='ocrx_word' id='word_1_434' title='bbox 2450 3093 2791 3149; x_wconf 81' lang='lat' dir='ltr'><strong>confessione</strong></span> <span class='ocrx_word' id='word_1_435' title='bbox 2838 3110 3097 3151; x_wconf 82' lang='lat' dir='ltr'><strong>conversa</strong></span> <span class='ocrx_word' id='word_1_436' title='bbox 3129 3108 3232 3163; x_wconf 90' lang='lat' dir='ltr'><strong>est,</strong></span> <span class='ocrx_word' id='word_1_437' title='bbox 3263 3100 3515 3154; x_wconf 85' lang='lat' dir='ltr'><strong>auferan-</strong></span> 
     </span>
    </p>
   </div>
   <div class='ocr_carea' id='block_1_57' title="bbox 1932 3181 3512 3259">
    <p class='ocr_par' dir='ltr' id='par_1_57' title="bbox 1932 3181 3512 3259">
     <span class='ocr_line' id='line_1_57' title="bbox 1932 3181 3512 3259; baseline 0.009 -27"><span class='ocrx_word' id='word_1_438' title='bbox 1932 3189 2017 3233; x_wconf 90' lang='lat' dir='ltr'><strong>tur</strong></span> <span class='ocrx_word' id='word_1_439' title='bbox 2037 3181 2105 3235; x_wconf 88' lang='lat' dir='ltr'><strong>ab</strong></span> <span class='ocrx_word' id='word_1_440' title='bbox 2134 3196 2218 3246; x_wconf 90' lang='lat' dir='ltr'><strong>ea,</strong></span> <span class='ocrx_word' id='word_1_441' title='bbox 2251 3192 2305 3237; x_wconf 91' lang='lat' dir='ltr'><strong>et</strong></span> <span class='ocrx_word' id='word_1_442' title='bbox 2331 3183 2567 3237; x_wconf 88' lang='lat' dir='ltr'><strong>defluant</strong></span> <span class='ocrx_word' id='word_1_443' title='bbox 2589 3185 2674 3239; x_wconf 89' lang='lat' dir='ltr'><strong>illa</strong></span> <span class='ocrx_word' id='word_1_444' title='bbox 2704 3188 2903 3251; x_wconf 90' lang='lat' dir='ltr'><strong>omnia,</strong></span> <span class='ocrx_word' id='word_1_445' title='bbox 2933 3204 3051 3257; x_wconf 70' lang='lat' dir='ltr'><strong>quae</strong></span> <span class='ocrx_word' id='word_1_446' title='bbox 3081 3190 3131 3243; x_wconf 90' lang='lat' dir='ltr'><strong>in</strong></span> <span class='ocrx_word' id='word_1_447' title='bbox 3156 3200 3329 3245; x_wconf 86' lang='lat' dir='ltr'><strong>morte</strong></span> <span class='ocrx_word' id='word_1_448' title='bbox 3354 3188 3512 3259; x_wconf 75' lang='lat' dir='ltr'><strong>igno-</strong></span> 
     </span>
    </p>
   </div>
   <div class='ocr_carea' id='block_1_58' title="bbox 235 3247 3510 3347">
    <p class='ocr_par' dir='ltr' id='par_1_58' title="bbox 235 3247 3510 3347">
     <span class='ocr_line' id='line_1_58' title="bbox 235 3247 3510 3347; baseline 0.01 -43"><span class='ocrx_word' id='word_1_449' title='bbox 235 3250 332 3317; x_wconf 91' lang='lat' dir='ltr'><strong>cis,</strong></span> <span class='ocrx_word' id='word_1_450' title='bbox 363 3251 650 3306; x_wconf 89' lang='lat' dir='ltr'><strong>Dominum</strong></span> <span class='ocrx_word' id='word_1_451' title='bbox 700 3268 843 3321; x_wconf 74' lang='lat' dir='ltr'><strong>saepe</strong></span> <span class='ocrx_word' id='word_1_452' title='bbox 899 3254 1166 3324; x_wconf 81' lang='lat' dir='ltr'><strong>docuisse,</strong></span> <span class='ocrx_word' id='word_1_453' title='bbox 1194 3259 1332 3313; x_wconf 89' lang='lat' dir='ltr'><strong>sicut</strong></span> <span class='ocrx_word' id='word_1_454' title='bbox 1378 3260 1634 3328; x_wconf 82' lang='lat' dir='ltr'><strong>scriptum</strong></span> <span class='ocrx_word' id='word_1_455' title='bbox 1686 3271 1816 3316; x_wconf 90' lang='lat' dir='ltr'><strong>est:</strong></span> <span class='ocrx_word' id='word_1_456' title='bbox 1848 3247 1894 3308; x_wconf 68' lang='grc' dir='ltr'><strong>(ἶ</strong></span> <span class='ocrx_word' id='word_1_457' title='bbox 1930 3271 2116 3324; x_wconf 79' lang='lat' dir='ltr'><strong>rantiae</strong></span> <span class='ocrx_word' id='word_1_458' title='bbox 2151 3282 2420 3341; x_wconf 87' lang='lat' dir='ltr'><strong>gesserat;</strong></span> <span class='ocrx_word' id='word_1_459' title='bbox 2466 3284 2519 3327; x_wconf 91' lang='lat' dir='ltr'><strong>et</strong></span> <span class='ocrx_word' id='word_1_460' title='bbox 2568 3285 2911 3343; x_wconf 72' lang='lat' dir='ltr'><strong>posteaquam</strong></span> <span class='ocrx_word' id='word_1_461' title='bbox 2976 3280 3249 3347; x_wconf 78' lang='lat' dir='ltr'><strong>praecessit</strong></span> <span class='ocrx_word' id='word_1_462' title='bbox 3292 3282 3341 3334; x_wconf 90' lang='lat' dir='ltr'><strong>in</strong></span> <span class='ocrx_word' id='word_1_463' title='bbox 3373 3281 3510 3336; x_wconf 84' lang='lat' dir='ltr'><strong>Juda</strong></span> 
     </span>
    </p>
   </div>
   <div class='ocr_carea' id='block_1_59' title="bbox 239 3339 1813 3419">
    <p class='ocr_par' dir='ltr' id='par_1_59' title="bbox 239 3339 1813 3419">
     <span class='ocr_line' id='line_1_59' title="bbox 239 3339 1813 3419; baseline 0.009 -25"><span class='ocrx_word' id='word_1_464' title='bbox 239 3339 396 3396; x_wconf 83' lang='lat' dir='ltr'><strong>Terra</strong></span> <span class='ocrx_word' id='word_1_465' title='bbox 445 3342 676 3399; x_wconf 79' lang='lat' dir='ltr'><strong>Zsbulon</strong></span> <span class='ocrx_word' id='word_1_466' title='bbox 711 3354 758 3398; x_wconf 93' lang='lat' dir='ltr'><strong>et</strong></span> <span class='ocrx_word' id='word_1_467' title='bbox 800 3357 935 3400; x_wconf 84' lang='lat' dir='ltr'><strong>terra</strong></span> <span class='ocrx_word' id='word_1_468' title='bbox 978 3346 1300 3419; x_wconf 81' lang='lat' dir='ltr'><strong>Nephtalim,</strong></span> <span class='ocrx_word' id='word_1_469' title='bbox 1355 3351 1439 3403; x_wconf 84' lang='lat' dir='ltr'><strong>via</strong></span> <span class='ocrx_word' id='word_1_470' title='bbox 1473 3353 1630 3405; x_wconf 87' lang='lat' dir='ltr'><strong>maris</strong></span> <span class='ocrx_word' id='word_1_471' title='bbox 1673 3362 1813 3408; x_wconf 86' lang='lat' dir='ltr'><strong>trans</strong></span> 
     </span>
    </p>
   </div>
   <div class='ocr_carea' id='block_1_60' title="bbox 235 3431 1812 3509">
    <p class='ocr_par' dir='ltr' id='par_1_60' title="bbox 235 3431 1812 3509">
     <span class='ocr_line' id='line_1_60' title="bbox 235 3431 1812 3509; baseline 0.009 -23"><span class='ocrx_word' id='word_1_472' title='bbox 235 3431 517 3487; x_wconf 84' lang='lat' dir='ltr'><strong>Jordanem</strong></span> <span class='ocrx_word' id='word_1_473' title='bbox 544 3434 762 3490; x_wconf 71' lang='lat' dir='ltr'><strong>Galilew</strong></span> <span class='ocrx_word' id='word_1_474' title='bbox 809 3439 1055 3508; x_wconf 85' lang='lat' dir='ltr'><strong>gentium.</strong></span> <span class='ocrx_word' id='word_1_475' title='bbox 1088 3437 1319 3508; x_wconf 68' lang='lat' dir='ltr'><strong>Populus</strong></span> <span class='ocrx_word' id='word_1_476' title='bbox 1371 3442 1459 3509; x_wconf 88' lang='lat' dir='ltr'><strong>qui</strong></span> <span class='ocrx_word' id='word_1_477' title='bbox 1508 3443 1709 3498; x_wconf 75' lang='lat' dir='ltr'><strong>sedebat</strong></span> <span class='ocrx_word' id='word_1_478' title='bbox 1758 3447 1812 3500; x_wconf 87' lang='lat' dir='ltr'><strong>in</strong></span> 
     </span>
    </p>
   </div>
   <div class='ocr_carea' id='block_1_61' title="bbox 234 3524 1818 3605">
    <p class='ocr_par' dir='ltr' id='par_1_61' title="bbox 234 3524 1818 3605">
     <span class='ocr_line' id='line_1_61' title="bbox 234 3524 1818 3605; baseline 0.009 -27"><span class='ocrx_word' id='word_1_479' title='bbox 234 3524 466 3593; x_wconf 73' lang='lat' dir='ltr'><strong>tenebris,</strong></span> <span class='ocrx_word' id='word_1_480' title='bbox 509 3527 634 3581; x_wconf 82' lang='lat' dir='ltr'><strong>vidit</strong></span> <span class='ocrx_word' id='word_1_481' title='bbox 684 3527 848 3580; x_wconf 86' lang='lat' dir='ltr'><strong>lucem</strong></span> <span class='ocrx_word' id='word_1_482' title='bbox 897 3545 1134 3599; x_wconf 89' lang='lat' dir='ltr'><strong>magnam</strong></span> <span class='ocrx_word' id='word_1_483' title='bbox 1169 3529 1350 3601; x_wconf 78' lang='lat' dir='ltr'><strong>(Isaia:</strong></span> <span class='ocrx_word' id='word_1_484' title='bbox 1377 3532 1465 3598; x_wconf 84' lang='lat'><strong>9.;</strong></span> <span class='ocrx_word' id='word_1_485' title='bbox 1495 3532 1684 3590; x_wconf 80' lang='lat' dir='ltr'><strong>Matth.</strong></span> <span class='ocrx_word' id='word_1_486' title='bbox 1713 3535 1818 3605; x_wconf 74' lang='grc'><strong>4.).</strong></span> 
     </span>
    </p>
   </div>
   <div class='ocr_carea' id='block_1_62' title="bbox 234 3612 1813 3692">
    <p class='ocr_par' dir='ltr' id='par_1_62' title="bbox 234 3612 1813 3692">
     <span class='ocr_line' id='line_1_62' title="bbox 234 3612 1813 3692; baseline 0.009 -25"><span class='ocrx_word' id='word_1_487' title='bbox 234 3612 334 3667; x_wconf 85' lang='lat' dir='ltr'><strong>Sed</strong></span> <span class='ocrx_word' id='word_1_488' title='bbox 366 3615 507 3684; x_wconf 85' lang='lat' dir='ltr'><strong>quod</strong></span> <span class='ocrx_word' id='word_1_489' title='bbox 537 3616 688 3678; x_wconf 79' lang='lat' dir='ltr'><strong>dixit.</strong></span> <span class='ocrx_word' id='word_1_490' title='bbox 710 3617 773 3670; x_wconf 84' lang='lat' dir='ltr'><strong>Et</strong></span> <span class='ocrx_word' id='word_1_491' title='bbox 796 3618 903 3686; x_wconf 80' lang='lat' dir='ltr'><strong>ipse</strong></span> <span class='ocrx_word' id='word_1_492' title='bbox 925 3621 1214 3674; x_wconf 83' lang='lat' dir='ltr'><strong>extenditur</strong></span> <span class='ocrx_word' id='word_1_493' title='bbox 1237 3638 1395 3692; x_wconf 86' lang='lat' dir='ltr'><strong>usque</strong></span> <span class='ocrx_word' id='word_1_494' title='bbox 1419 3624 1488 3675; x_wconf 87' lang='lat' dir='ltr'><strong>ad</strong></span> <span class='ocrx_word' id='word_1_495' title='bbox 1514 3624 1769 3679; x_wconf 86' lang='lat' dir='ltr'><strong>Sidonam</strong></span> <span class='ocrx_word' id='word_1_496' title='bbox 1792 3642 1813 3682; x_wconf 92' lang='lat'><strong><em>:</em></strong></span> 
     </span>
    </p>
   </div>
   <div class='ocr_carea' id='block_1_63' title="bbox 234 3702 1822 3778">
    <p class='ocr_par' dir='ltr' id='par_1_63' title="bbox 234 3702 1822 3778">
     <span class='ocr_line' id='line_1_63' title="bbox 234 3702 1822 3778; baseline 0.011 -19"><span class='ocrx_word' id='word_1_497' title='bbox 234 3702 392 3759; x_wconf 83' lang='lat' dir='ltr'><strong>Sidon</strong></span> <span class='ocrx_word' id='word_1_498' title='bbox 425 3707 811 3771; x_wconf 75' lang='lat' dir='ltr'><strong>interpretatur</strong></span> <span class='ocrx_word' id='word_1_499' title='bbox 844 3719 867 3747; x_wconf 76' lang='grc'><strong><em>⁸</em></strong></span> <span class='ocrx_word' id='word_1_500' title='bbox 890 3722 1117 3778; x_wconf 83' lang='lat' dir='ltr'><strong>venator,</strong></span> <span class='ocrx_word' id='word_1_501' title='bbox 1138 3714 1220 3768; x_wconf 90' lang='lat' dir='ltr'><strong>vel</strong></span> <span class='ocrx_word' id='word_1_502' title='bbox 1252 3718 1501 3770; x_wconf 73' lang='lat' dir='ltr'><strong>venatrix.</strong></span> <span class='ocrx_word' id='word_1_503' title='bbox 1526 3717 1822 3776; x_wconf 78' lang='lat' dir='ltr'><strong>Venatores</strong></span> 
     </span>
    </p>
   </div>
   <div class='ocr_carea' id='block_1_64' title="bbox 233 3799 1821 3869">
    <p class='ocr_par' dir='ltr' id='par_1_64' title="bbox 233 3799 1821 3869">
     <span class='ocr_line' id='line_1_64' title="bbox 233 3799 1821 3869; baseline 0.009 -20"><span class='ocrx_word' id='word_1_504' title='bbox 233 3806 430 3861; x_wconf 90' lang='lat' dir='ltr'><strong>autem,</strong></span> <span class='ocrx_word' id='word_1_505' title='bbox 455 3815 593 3867; x_wconf 85' lang='lat' dir='ltr'><strong>quos</strong></span> <span class='ocrx_word' id='word_1_506' title='bbox 617 3799 749 3854; x_wconf 89' lang='lat' dir='ltr'><strong>alios</strong></span> <span class='ocrx_word' id='word_1_507' title='bbox 784 3802 1086 3869; x_wconf 83' lang='lat' dir='ltr'><strong>putabimus</strong></span> <span class='ocrx_word' id='word_1_508' title='bbox 1116 3805 1168 3857; x_wconf 90' lang='lat' dir='ltr'><strong>in</strong></span> <span class='ocrx_word' id='word_1_509' title='bbox 1204 3804 1305 3859; x_wconf 85' lang='lat' dir='ltr'><strong>hoc</strong></span> <span class='ocrx_word' id='word_1_510' title='bbox 1336 3806 1453 3862; x_wconf 90' lang='lat' dir='ltr'><strong>loco</strong></span> <span class='ocrx_word' id='word_1_511' title='bbox 1479 3806 1497 3845; x_wconf 73' lang='grc' dir='ltr'><strong>ί</strong></span> <span class='ocrx_word' id='word_1_512' title='bbox 1536 3808 1821 3865; x_wconf 69' lang='lat' dir='ltr'><strong>laudabili-</strong></span> 
     </span>
    </p>
   </div>
   <div class='ocr_carea' id='block_1_65' title="bbox 235 3891 1816 3972">
    <p class='ocr_par' dir='ltr' id='par_1_65' title="bbox 235 3891 1816 3972">
     <span class='ocr_line' id='line_1_65' title="bbox 235 3891 1816 3972; baseline 0.009 -29"><span class='ocrx_word' id='word_1_513' title='bbox 235 3897 312 3943; x_wconf 91' lang='lat' dir='ltr'><strong>ter</strong></span> <span class='ocrx_word' id='word_1_514' title='bbox 357 3891 722 3959; x_wconf 77' lang='lat' dir='ltr'><strong>accipiendos,</strong></span> <span class='ocrx_word' id='word_1_515' title='bbox 771 3894 872 3947; x_wconf 89' lang='lat' dir='ltr'><strong>nisi</strong></span> <span class='ocrx_word' id='word_1_516' title='bbox 908 3896 1197 3963; x_wconf 80' lang='lat' dir='ltr'><strong>Apostolus</strong></span> <span class='ocrx_word' id='word_1_517' title='bbox 1242 3898 1474 3964; x_wconf 88' lang='lat' dir='ltr'><strong>Domini,</strong></span> <span class='ocrx_word' id='word_1_518' title='bbox 1507 3900 1575 3956; x_wconf 90' lang='lat' dir='ltr'><strong>de</strong></span> <span class='ocrx_word' id='word_1_519' title='bbox 1621 3902 1816 3972; x_wconf 83' lang='lat' dir='ltr'><strong>quibus</strong></span> 
     </span>
    </p>
   </div>
   <div class='ocr_carea' id='block_1_66' title="bbox 236 3984 1824 4063">
    <p class='ocr_par' dir='ltr' id='par_1_66' title="bbox 236 3984 1824 4063">
     <span class='ocr_line' id='line_1_66' title="bbox 236 3984 1824 4063; baseline 0.011 -27"><span class='ocrx_word' id='word_1_520' title='bbox 236 3984 481 4050; x_wconf 66' lang='lat' dir='ltr'><strong>praedixit</strong></span> <span class='ocrx_word' id='word_1_521' title='bbox 511 3986 795 4055; x_wconf 88' lang='lat' dir='ltr'><strong>propheta,</strong></span> <span class='ocrx_word' id='word_1_522' title='bbox 831 3987 967 4053; x_wconf 84' lang='lat' dir='ltr'><strong>Quia</strong></span> <span class='ocrx_word' id='word_1_523' title='bbox 994 3990 1193 4043; x_wconf 86' lang='lat' dir='ltr'><strong>mittam</strong></span> <span class='ocrx_word' id='word_1_524' title='bbox 1232 4001 1495 4049; x_wconf 77' lang='lat' dir='ltr'><strong>venatores</strong></span> <span class='ocrx_word' id='word_1_525' title='bbox 1535 3996 1743 4063; x_wconf 85' lang='lat' dir='ltr'><strong>multos,</strong></span> <span class='ocrx_word' id='word_1_526' title='bbox 1774 4005 1824 4052; x_wconf 87' lang='lat' dir='ltr'><strong>et</strong></span> 
     </span>
    </p>
   </div>
   <div class='ocr_carea' id='block_1_67' title="bbox 234 4078 1473 4155">
    <p class='ocr_par' dir='ltr' id='par_1_67' title="bbox 234 4078 1473 4155">
     <span class='ocr_line' id='line_1_67' title="bbox 234 4078 1473 4155; baseline 0.007 -23"><span class='ocrx_word' id='word_1_527' title='bbox 234 4078 548 4132; x_wconf 76' lang='lat' dir='ltr'><strong>venabantur</strong></span> <span class='ocrx_word' id='word_1_528' title='bbox 568 4095 653 4133; x_wconf 87' lang='lat' dir='ltr'><strong>eos</strong></span> <span class='ocrx_word' id='word_1_529' title='bbox 681 4080 733 4133; x_wconf 90' lang='lat' dir='ltr'><strong>in</strong></span> <span class='ocrx_word' id='word_1_530' title='bbox 762 4082 900 4135; x_wconf 87' lang='lat' dir='ltr'><strong>omni</strong></span> <span class='ocrx_word' id='word_1_531' title='bbox 926 4091 1095 4137; x_wconf 90' lang='lat' dir='ltr'><strong>monte</strong></span> <span class='ocrx_word' id='word_1_532' title='bbox 1124 4084 1270 4155; x_wconf 83' lang='lat' dir='ltr'><strong>(Jer.</strong></span> <span class='ocrx_word' id='word_1_533' title='bbox 1303 4085 1424 4155; x_wconf 89' lang='lat'><strong>16.)</strong></span> <span class='ocrx_word' id='word_1_534' title='bbox 1448 4086 1473 4141; x_wconf 67' lang='grc' dir='ltr'><strong>ἓ</strong></span> 
     </span>
    </p>
   </div>
   <div class='ocr_carea' id='block_1_68' title="bbox 302 4209 1816 4273">
    <p class='ocr_par' dir='ltr' id='par_1_68' title="bbox 302 4209 1816 4273">
     <span class='ocr_line' id='line_1_68' title="bbox 302 4209 1816 4273; baseline 0.008 -12"><span class='ocrx_word' id='word_1_535' title='bbox 302 4217 329 4247; x_wconf 79' lang='grc' dir='ltr'>ι</span> <span class='ocrx_word' id='word_1_536' title='bbox 354 4209 487 4265; x_wconf 83' lang='lat' dir='ltr'><strong>Heio</strong></span> <span class='ocrx_word' id='word_1_537' title='bbox 525 4218 704 4264; x_wconf 81' lang='lat' dir='ltr'><strong>autem</strong></span> <span class='ocrx_word' id='word_1_538' title='bbox 732 4210 920 4267; x_wconf 88' lang='lat' dir='ltr'><strong>iisdem</strong></span> <span class='ocrx_word' id='word_1_539' title='bbox 960 4216 1070 4268; x_wconf 82' lang='lat' dir='ltr'><strong>fere</strong></span> <span class='ocrx_word' id='word_1_540' title='bbox 1097 4215 1274 4269; x_wconf 74' lang='lat' dir='ltr'><strong>verbis</strong></span> <span class='ocrx_word' id='word_1_541' title='bbox 1319 4215 1564 4272; x_wconf 81' lang='lat' dir='ltr'><strong>laudatus</strong></span> <span class='ocrx_word' id='word_1_542' title='bbox 1589 4220 1816 4273; x_wconf 77' lang='lat' dir='ltr'><strong>Ambro-</strong></span> 
     </span>
    </p>
   </div>
   <div class='ocr_carea' id='block_1_69' title="bbox 234 4280 1819 4357">
    <p class='ocr_par' dir='ltr' id='par_1_69' title="bbox 234 4280 1819 4357">
     <span class='ocr_line' id='line_1_69' title="bbox 234 4280 1819 4357; baseline 0.007 -24"><span class='ocrx_word' id='word_1_543' title='bbox 234 4280 342 4334; x_wconf 83' lang='lat' dir='ltr'><strong>sius</strong></span> <span class='ocrx_word' id='word_1_544' title='bbox 372 4291 655 4357; x_wconf 64' lang='lat' dir='ltr'><strong>consonat,</strong></span> <span class='ocrx_word' id='word_1_545' title='bbox 694 4281 848 4357; x_wconf 70' lang='lat' dir='ltr'><strong>Quia,</strong></span> <span class='ocrx_word' id='word_1_546' title='bbox 874 4284 1065 4357; x_wconf 55' lang='lat' dir='ltr'><strong>inquit,</strong></span> <span class='ocrx_word' id='word_1_547' title='bbox 1098 4285 1164 4339; x_wconf 86' lang='lat' dir='ltr'><strong>de</strong></span> <span class='ocrx_word' id='word_1_548' title='bbox 1190 4287 1325 4340; x_wconf 88' lang='lat' dir='ltr'><strong>tribu</strong></span> <span class='ocrx_word' id='word_1_549' title='bbox 1358 4288 1580 4357; x_wconf 83' lang='lat' dir='ltr'><strong>Symeon</strong></span> <span class='ocrx_word' id='word_1_550' title='bbox 1623 4288 1819 4344; x_wconf 68' lang='lat' dir='ltr'><strong>Scribat</strong></span> 
     </span>
    </p>
   </div>
   <div class='ocr_carea' id='block_1_70' title="bbox 234 4350 1821 4430">
    <p class='ocr_par' dir='ltr' id='par_1_70' title="bbox 234 4350 1821 4430">
     <span class='ocr_line' id='line_1_70' title="bbox 234 4350 1821 4430; baseline 0.006 -25"><span class='ocrx_word' id='word_1_551' title='bbox 234 4359 368 4414; x_wconf 84' lang='lat' dir='ltr'><strong>sunt,</strong></span> <span class='ocrx_word' id='word_1_552' title='bbox 398 4362 443 4405; x_wconf 88' lang='lat' dir='ltr'><strong>et</strong></span> <span class='ocrx_word' id='word_1_553' title='bbox 471 4354 536 4404; x_wconf 91' lang='lat' dir='ltr'><strong>de</strong></span> <span class='ocrx_word' id='word_1_554' title='bbox 561 4352 695 4430; x_wconf 73' lang='lat' dir='ltr'><strong>tribu</strong></span> <span class='ocrx_word' id='word_1_555' title='bbox 726 4350 845 4406; x_wconf 87' lang='lat' dir='ltr'><strong>Levi</strong></span> <span class='ocrx_word' id='word_1_556' title='bbox 873 4353 1137 4430; x_wconf 54' lang='lat' dir='ltr'><strong>Principes</strong></span> <span class='ocrx_word' id='word_1_557' title='bbox 1163 4350 1506 4430; x_wconf 72' lang='lat' dir='ltr'><strong>sacerdotum,</strong></span> <span class='ocrx_word' id='word_1_558' title='bbox 1537 4360 1625 4430; x_wconf 86' lang='lat' dir='ltr'><strong>qui</strong></span> <span class='ocrx_word' id='word_1_559' title='bbox 1654 4365 1821 4430; x_wconf 77' lang='lat' dir='ltr'><strong>perfe-</strong></span> 
     </span>
    </p>
   </div>
   <div class='ocr_carea' id='block_1_71' title="bbox 234 4423 1823 4498">
    <p class='ocr_par' dir='ltr' id='par_1_71' title="bbox 234 4423 1823 4498">
     <span class='ocr_line' id='line_1_71' title="bbox 234 4423 1823 4498; baseline 0.006 -22"><span class='ocrx_word' id='word_1_560' title='bbox 234 4434 405 4476; x_wconf 84' lang='lat' dir='ltr'><strong>cerunt</strong></span> <span class='ocrx_word' id='word_1_561' title='bbox 433 4423 709 4498; x_wconf 73' lang='lat' dir='ltr'><strong>nequitiam</strong></span> <span class='ocrx_word' id='word_1_562' title='bbox 729 4440 876 4498; x_wconf 71' lang='lat' dir='ltr'><strong>suam</strong></span> <span class='ocrx_word' id='word_1_563' title='bbox 892 4424 944 4498; x_wconf 70' lang='lat' dir='ltr'><strong>in</strong></span> <span class='ocrx_word' id='word_1_564' title='bbox 965 4423 1172 4479; x_wconf 85' lang='lat' dir='ltr'><strong>Domini</strong></span> <span class='ocrx_word' id='word_1_565' title='bbox 1188 4430 1442 4498; x_wconf 80' lang='lat' dir='ltr'><strong>passione,</strong></span> <span class='ocrx_word' id='word_1_566' title='bbox 1459 4440 1564 4483; x_wconf 87' lang='lat' dir='ltr'><strong>etc.</strong></span> <span class='ocrx_word' id='word_1_567' title='bbox 1586 4423 1823 4498; x_wconf 39' lang='lat' dir='ltr'><strong>lte&#39;niq&#39;ue</strong></span> 
     </span>
    </p>
   </div>
   <div class='ocr_carea' id='block_1_72' title="bbox 236 4492 1820 4564">
    <p class='ocr_par' dir='ltr' id='par_1_72' title="bbox 236 4492 1820 4564">
     <span class='ocr_line' id='line_1_72' title="bbox 236 4492 1820 4564; baseline 0.005 -20"><span class='ocrx_word' id='word_1_568' title='bbox 236 4498 436 4546; x_wconf 80' lang='lat' dir='ltr'><strong>Auctor</strong></span> <span class='ocrx_word' id='word_1_569' title='bbox 464 4493 717 4556; x_wconf 86' lang='lat' dir='ltr'><strong>ineditus,</strong></span> <span class='ocrx_word' id='word_1_570' title='bbox 752 4492 855 4564; x_wconf 68' lang='lat' dir='ltr'><strong>Per</strong></span> <span class='ocrx_word' id='word_1_571' title='bbox 878 4493 1104 4563; x_wconf 83' lang='lat' dir='ltr'><strong>Symeon</strong></span> <span class='ocrx_word' id='word_1_572' title='bbox 1133 4492 1332 4551; x_wconf 40' lang='lat' dir='ltr'><strong>et&#39;Levi</strong></span> <span class='ocrx_word' id='word_1_573' title='bbox 1356 4499 1575 4564; x_wconf 81' lang='lat' dir='ltr'><strong>Scribte,</strong></span> <span class='ocrx_word' id='word_1_574' title='bbox 1603 4510 1649 4553; x_wconf 87' lang='lat' dir='ltr'><strong>et</strong></span> <span class='ocrx_word' id='word_1_575' title='bbox 1676 4492 1820 4552; x_wconf 74' lang='lat' dir='ltr'><strong>Plia-</strong></span> 
     </span>
    </p>
   </div>
   <div class='ocr_carea' id='block_1_73' title="bbox 1926 3361 3508 3440">
    <p class='ocr_par' dir='ltr' id='par_1_73' title="bbox 1926 3361 3508 3440">
     <span class='ocr_line' id='line_1_73' title="bbox 1926 3361 3508 3440; baseline 0.009 -27"><span class='ocrx_word' id='word_1_576' title='bbox 1926 3361 2203 3431; x_wconf 77' lang='lat' dir='ltr'><strong>confessio,</strong></span> <span class='ocrx_word' id='word_1_577' title='bbox 2238 3364 2397 3416; x_wconf 88' lang='lat' dir='ltr'><strong>etiam</strong></span> <span class='ocrx_word' id='word_1_578' title='bbox 2430 3362 2484 3417; x_wconf 89' lang='lat' dir='ltr'><strong>in</strong></span> <span class='ocrx_word' id='word_1_579' title='bbox 2524 3363 2942 3421; x_wconf 80' lang='lat' dir='ltr'><strong>boccouversio</strong></span> <span class='ocrx_word' id='word_1_580' title='bbox 2974 3368 3353 3440; x_wconf 82' lang='lat' dir='ltr'><strong>subsequetur,</strong></span> <span class='ocrx_word' id='word_1_581' title='bbox 3386 3378 3508 3428; x_wconf 88' lang='lat' dir='ltr'><strong>cum</strong></span> 
     </span>
    </p>
   </div>
   <div class='ocr_carea' id='block_1_74' title="bbox 1918 3451 3514 3525">
    <p class='ocr_par' dir='ltr' id='par_1_74' title="bbox 1918 3451 3514 3525">
     <span class='ocr_line' id='line_1_74' title="bbox 1918 3451 3514 3525; baseline 0.008 -20"><span class='ocrx_word' id='word_1_582' title='bbox 1918 3453 2033 3521; x_wconf 81' lang='lat' dir='ltr'><strong>jam</strong></span> <span class='ocrx_word' id='word_1_583' title='bbox 2060 3451 2246 3508; x_wconf 84' lang='lat' dir='ltr'><strong>deﬂuit</strong></span> <span class='ocrx_word' id='word_1_584' title='bbox 2276 3469 2434 3509; x_wconf 90' lang='lat' dir='ltr'><strong>omne</strong></span> <span class='ocrx_word' id='word_1_585' title='bbox 2468 3454 2719 3525; x_wconf 69' lang='lat' dir='ltr'><strong>quitquid</strong></span> <span class='ocrx_word' id='word_1_586' title='bbox 2763 3460 2936 3513; x_wconf 81' lang='lat' dir='ltr'><strong>noctis</strong></span> <span class='ocrx_word' id='word_1_587' title='bbox 2976 3457 3149 3515; x_wconf 87' lang='lat' dir='ltr'><strong>fuerat</strong></span> <span class='ocrx_word' id='word_1_588' title='bbox 3184 3473 3238 3515; x_wconf 89' lang='lat' dir='ltr'><strong>et</strong></span> <span class='ocrx_word' id='word_1_589' title='bbox 3266 3464 3514 3518; x_wconf 89' lang='lat' dir='ltr'><strong>tenebra-</strong></span> 
     </span>
    </p>
   </div>
   <div class='ocr_carea' id='block_1_75' title="bbox 1928 3545 3515 3617">
    <p class='ocr_par' dir='ltr' id='par_1_75' title="bbox 1928 3545 3515 3617">
     <span class='ocr_line' id='line_1_75' title="bbox 1928 3545 3515 3617; baseline 0.008 -18"><span class='ocrx_word' id='word_1_590' title='bbox 1928 3562 2070 3612; x_wconf 89' lang='lat' dir='ltr'><strong>rum,</strong></span> <span class='ocrx_word' id='word_1_591' title='bbox 2104 3545 2156 3600; x_wconf 89' lang='lat' dir='ltr'><strong>in</strong></span> <span class='ocrx_word' id='word_1_592' title='bbox 2188 3546 2379 3617; x_wconf 90' lang='lat' dir='ltr'><strong>quibus</strong></span> <span class='ocrx_word' id='word_1_593' title='bbox 2409 3548 2550 3604; x_wconf 90' lang='lat' dir='ltr'><strong>velut</strong></span> <span class='ocrx_word' id='word_1_594' title='bbox 2586 3565 2783 3605; x_wconf 83' lang='lat' dir='ltr'><strong>exuere</strong></span> <span class='ocrx_word' id='word_1_595' title='bbox 2822 3566 2883 3607; x_wconf 86' lang='lat' dir='ltr'><strong>se</strong></span> <span class='ocrx_word' id='word_1_596' title='bbox 2926 3562 3097 3607; x_wconf 88' lang='lat' dir='ltr'><strong>tcnlat</strong></span> <span class='ocrx_word' id='word_1_597' title='bbox 3123 3566 3361 3611; x_wconf 90' lang='lat' dir='ltr'><strong>veterem</strong></span> <span class='ocrx_word' id='word_1_598' title='bbox 3411 3556 3515 3611; x_wconf 84' lang='lat' dir='ltr'><strong>bo-</strong></span> 
     </span>
    </p>
   </div>
   <div class='ocr_carea' id='block_1_76' title="bbox 1927 3639 3510 3712">
    <p class='ocr_par' dir='ltr' id='par_1_76' title="bbox 1927 3639 3510 3712">
     <span class='ocr_line' id='line_1_76' title="bbox 1927 3639 3510 3712; baseline 0.008 -19"><span class='ocrx_word' id='word_1_599' title='bbox 1927 3639 2150 3705; x_wconf 80' lang='lat' dir='ltr'><strong>niinem,</strong></span> <span class='ocrx_word' id='word_1_600' title='bbox 2182 3652 2235 3695; x_wconf 91' lang='lat' dir='ltr'><strong>et</strong></span> <span class='ocrx_word' id='word_1_601' title='bbox 2264 3642 2535 3711; x_wconf 87' lang='lat' dir='ltr'><strong>deponere</strong></span> <span class='ocrx_word' id='word_1_602' title='bbox 2579 3658 2696 3712; x_wconf 77' lang='lat' dir='ltr'><strong>qua:</strong></span> <span class='ocrx_word' id='word_1_603' title='bbox 2737 3645 2909 3699; x_wconf 88' lang='lat' dir='ltr'><strong>noctis</strong></span> <span class='ocrx_word' id='word_1_604' title='bbox 2955 3656 3099 3710; x_wconf 92' lang='lat' dir='ltr'><strong>sunt,</strong></span> <span class='ocrx_word' id='word_1_605' title='bbox 3132 3658 3187 3701; x_wconf 92' lang='lat' dir='ltr'><strong>ut</strong></span> <span class='ocrx_word' id='word_1_606' title='bbox 3219 3650 3269 3703; x_wconf 93' lang='lat' dir='ltr'><strong>in</strong></span> <span class='ocrx_word' id='word_1_607' title='bbox 3302 3650 3388 3705; x_wconf 87' lang='lat' dir='ltr'><strong>die</strong></span> <span class='ocrx_word' id='word_1_608' title='bbox 3420 3651 3510 3705; x_wconf 75' lang='grc' dir='ltr'><strong>Ιιοι</strong></span> 
     </span>
    </p>
   </div>
   <div class='ocr_carea' id='block_1_77' title="bbox 1926 3733 3513 3813">
    <p class='ocr_par' dir='ltr' id='par_1_77' title="bbox 1926 3733 3513 3813">
     <span class='ocr_line' id='line_1_77' title="bbox 1926 3733 3513 3813; baseline 0.008 -26"><span class='ocrx_word' id='word_1_609' title='bbox 1926 3742 2082 3788; x_wconf 89' lang='lat' dir='ltr'><strong>neste</strong></span> <span class='ocrx_word' id='word_1_610' title='bbox 2132 3733 2574 3803; x_wconf 86' lang='lat' dir='ltr'><strong>ambulet(Rom.</strong></span> <span class='ocrx_word' id='word_1_611' title='bbox 2629 3735 2905 3807; x_wconf 79' lang='lat'><strong>15.15.).</strong></span> <span class='ocrx_word' id='word_1_612' title='bbox 2953 3736 3056 3793; x_wconf 79' lang='lat' dir='ltr'><strong>Sed</strong></span> <span class='ocrx_word' id='word_1_613' title='bbox 3107 3739 3228 3807; x_wconf 84' lang='lat' dir='ltr'><strong>hoc,</strong></span> <span class='ocrx_word' id='word_1_614' title='bbox 3261 3743 3405 3813; x_wconf 83' lang='lat' dir='ltr'><strong>quod</strong></span> <span class='ocrx_word' id='word_1_615' title='bbox 3452 3760 3513 3809; x_wconf 68' lang='lat' dir='ltr'><strong>se</strong></span> 
     </span>
    </p>
   </div>
   <div class='ocr_carea' id='block_1_78' title="bbox 1927 3826 3507 3904">
    <p class='ocr_par' dir='ltr' id='par_1_78' title="bbox 1927 3826 3507 3904">
     <span class='ocr_line' id='line_1_78' title="bbox 1927 3826 3507 3904; baseline 0.009 -25"><span class='ocrx_word' id='word_1_616' title='bbox 1927 3842 2098 3896; x_wconf 88' lang='lat' dir='ltr'><strong>usque</strong></span> <span class='ocrx_word' id='word_1_617' title='bbox 2126 3826 2380 3883; x_wconf 88' lang='lat' dir='ltr'><strong>Sidonem</strong></span> <span class='ocrx_word' id='word_1_618' title='bbox 2413 3830 2635 3895; x_wconf 80' lang='lat' dir='ltr'><strong>excutit,</strong></span> <span class='ocrx_word' id='word_1_619' title='bbox 2671 3830 2772 3884; x_wconf 86' lang='lat' dir='ltr'><strong>Iioc</strong></span> <span class='ocrx_word' id='word_1_620' title='bbox 2801 3841 2903 3899; x_wconf 84' lang='lat' dir='ltr'><strong>est,</strong></span> <span class='ocrx_word' id='word_1_621' title='bbox 2927 3848 3096 3901; x_wconf 89' lang='lat' dir='ltr'><strong>usque</strong></span> <span class='ocrx_word' id='word_1_622' title='bbox 3126 3833 3189 3887; x_wconf 89' lang='lat' dir='ltr'><strong>ad</strong></span> <span class='ocrx_word' id='word_1_623' title='bbox 3223 3847 3507 3904; x_wconf 82' lang='lat' dir='ltr'><strong>venatores,</strong></span> 
     </span>
    </p>
   </div>
   <div class='ocr_carea' id='block_1_79' title="bbox 1928 3918 3516 3993">
    <p class='ocr_par' dir='ltr' id='par_1_79' title="bbox 1928 3918 3516 3993">
     <span class='ocr_line' id='line_1_79' title="bbox 1928 3918 3516 3993; baseline 0.009 -21"><span class='ocrx_word' id='word_1_624' title='bbox 1928 3918 2156 3974; x_wconf 83' lang='lat' dir='ltr'><strong>fortasse</strong></span> <span class='ocrx_word' id='word_1_625' title='bbox 2176 3919 2431 3976; x_wconf 82' lang='lat' dir='ltr'><strong>declaret</strong></span> <span class='ocrx_word' id='word_1_626' title='bbox 2460 3920 2587 3975; x_wconf 89' lang='lat' dir='ltr'><strong>illud</strong></span> <span class='ocrx_word' id='word_1_627' title='bbox 2619 3924 2757 3990; x_wconf 87' lang='lat' dir='ltr'><strong>quod</strong></span> <span class='ocrx_word' id='word_1_628' title='bbox 2790 3930 2843 3977; x_wconf 93' lang='lat' dir='ltr'><strong>et</strong></span> <span class='ocrx_word' id='word_1_629' title='bbox 2874 3923 3117 3993; x_wconf 75' lang='lat' dir='ltr'><strong>ipseiam</strong></span> <span class='ocrx_word' id='word_1_630' title='bbox 3144 3938 3371 3983; x_wconf 89' lang='lat' dir='ltr'><strong>conetur</strong></span> <span class='ocrx_word' id='word_1_631' title='bbox 3391 3944 3516 3986; x_wconf 86' lang='lat' dir='ltr'><strong>esse</strong></span> 
     </span>
    </p>
   </div>
   <div class='ocr_carea' id='block_1_80' title="bbox 1927 4010 3505 4087">
    <p class='ocr_par' dir='ltr' id='par_1_80' title="bbox 1927 4010 3505 4087">
     <span class='ocr_line' id='line_1_80' title="bbox 1927 4010 3505 4087; baseline 0.004 -20"><span class='ocrx_word' id='word_1_632' title='bbox 1927 4026 1991 4067; x_wconf 81' lang='lat' dir='ltr'><strong>ex</strong></span> <span class='ocrx_word' id='word_1_633' title='bbox 2022 4010 2146 4076; x_wconf 87' lang='lat' dir='ltr'><strong>illis,</strong></span> <span class='ocrx_word' id='word_1_634' title='bbox 2170 4011 2363 4079; x_wconf 84' lang='lat' dir='ltr'><strong>quibus</strong></span> <span class='ocrx_word' id='word_1_635' title='bbox 2384 4011 2576 4066; x_wconf 89' lang='lat' dir='ltr'><strong>dicitur</strong></span> <span class='ocrx_word' id='word_1_636' title='bbox 2603 4028 2616 4066; x_wconf 88' lang='lat'><strong>:</strong></span> <span class='ocrx_word' id='word_1_637' title='bbox 2647 4010 2893 4067; x_wconf 88' lang='lat' dir='ltr'><strong>Prendite</strong></span> <span class='ocrx_word' id='word_1_638' title='bbox 2917 4017 3043 4068; x_wconf 87' lang='lat' dir='ltr'><strong>mihi</strong></span> <span class='ocrx_word' id='word_1_639' title='bbox 3065 4018 3241 4085; x_wconf 88' lang='lat' dir='ltr'><strong>vulpes</strong></span> <span class='ocrx_word' id='word_1_640' title='bbox 3266 4020 3505 4087; x_wconf 84' lang='lat' dir='ltr'><strong>pusillas,</strong></span> 
     </span>
    </p>
   </div>
   <div class='ocr_carea' id='block_1_81' title="bbox 1928 4101 3511 4179">
    <p class='ocr_par' dir='ltr' id='par_1_81' title="bbox 1928 4101 3511 4179">
     <span class='ocr_line' id='line_1_81' title="bbox 1928 4101 3511 4179; baseline 0.001 -19"><span class='ocrx_word' id='word_1_641' title='bbox 1928 4104 2323 4161; x_wconf 72' lang='lat' dir='ltr'><strong>exterminantes</strong></span> <span class='ocrx_word' id='word_1_642' title='bbox 2351 4104 2520 4155; x_wconf 85' lang='lat' dir='ltr'><strong>vineas</strong></span> <span class='ocrx_word' id='word_1_643' title='bbox 2548 4118 2684 4155; x_wconf 82' lang='lat' dir='ltr'><strong>meas</strong></span> <span class='ocrx_word' id='word_1_644' title='bbox 2700 4101 2991 4175; x_wconf 73' lang='lat' dir='ltr'><strong>(Cant.2.).</strong></span> <span class='ocrx_word' id='word_1_645' title='bbox 3018 4106 3142 4161; x_wconf 90' lang='lat' dir='ltr'><strong>Ideo</strong></span> <span class='ocrx_word' id='word_1_646' title='bbox 3169 4123 3298 4179; x_wconf 84' lang='lat' dir='ltr'><strong>ergo</strong></span> <span class='ocrx_word' id='word_1_647' title='bbox 3321 4117 3511 4162; x_wconf 71' lang='lat' dir='ltr'><strong>esten-</strong></span> 
     </span>
    </p>
   </div>
   <div class='ocr_carea' id='block_1_82' title="bbox 1922 4215 3504 4285">
    <p class='ocr_par' dir='ltr' id='par_1_82' title="bbox 1922 4215 3504 4285">
     <span class='ocr_line' id='line_1_82' title="bbox 1922 4215 3504 4285; baseline 0.005 -14"><span class='ocrx_word' id='word_1_648' title='bbox 1922 4225 1972 4271; x_wconf 89' lang='lat' dir='ltr'><strong>et</strong></span> <span class='ocrx_word' id='word_1_649' title='bbox 2004 4215 2212 4271; x_wconf 86' lang='lat' dir='ltr'><strong>Sidonii</strong></span> <span class='ocrx_word' id='word_1_650' title='bbox 2245 4215 2487 4285; x_wconf 74' lang='lat' dir='ltr'><strong>dicuntur</strong></span> <span class='ocrx_word' id='word_1_651' title='bbox 2513 4226 2769 4268; x_wconf 73' lang='lat' dir='ltr'><strong>venatores</strong></span> <span class='ocrx_word' id='word_1_652' title='bbox 2792 4232 2810 4269; x_wconf 93' lang='lat'><strong><em>:</em></strong></span> <span class='ocrx_word' id='word_1_653' title='bbox 2841 4218 3071 4285; x_wconf 86' lang='lat' dir='ltr'><strong>denique</strong></span> <span class='ocrx_word' id='word_1_654' title='bbox 3120 4218 3317 4276; x_wconf 82' lang='lat' dir='ltr'><strong>llemil.</strong></span> <span class='ocrx_word' id='word_1_655' title='bbox 3369 4221 3504 4279; x_wconf 82' lang='lat' dir='ltr'><strong>XIII.</strong></span> 
     </span>
    </p>
   </div>
   <div class='ocr_carea' id='block_1_83' title="bbox 1926 4283 3513 4360">
    <p class='ocr_par' dir='ltr' id='par_1_83' title="bbox 1926 4283 3513 4360">
     <span class='ocr_line' id='line_1_83' title="bbox 1926 4283 3513 4360; baseline -0.001 -19"><span class='ocrx_word' id='word_1_656' title='bbox 1926 4288 1981 4341; x_wconf 87' lang='lat' dir='ltr'><strong>iii</strong></span> <span class='ocrx_word' id='word_1_657' title='bbox 2014 4287 2209 4360; x_wconf 71' lang='lat' dir='ltr'><strong>Ezecli.</strong></span> <span class='ocrx_word' id='word_1_658' title='bbox 2244 4283 2584 4338; x_wconf 88' lang='lat' dir='ltr'><strong>Comminatio</strong></span> <span class='ocrx_word' id='word_1_659' title='bbox 2608 4297 2682 4340; x_wconf 89' lang='lat' dir='ltr'><strong>est</strong></span> <span class='ocrx_word' id='word_1_660' title='bbox 2721 4286 2773 4338; x_wconf 88' lang='lat' dir='ltr'><strong>in</strong></span> <span class='ocrx_word' id='word_1_661' title='bbox 2802 4283 3071 4355; x_wconf 82' lang='lat' dir='ltr'><strong>Sidunem,</strong></span> <span class='ocrx_word' id='word_1_662' title='bbox 3099 4304 3212 4359; x_wconf 67' lang='lat' dir='ltr'><strong>quis</strong></span> <span class='ocrx_word' id='word_1_663' title='bbox 3254 4292 3513 4360; x_wconf 50' lang='lat' dir='ltr'><strong>interpr-ea</strong></span> 
     </span>
    </p>
   </div>
   <div class='ocr_carea' id='block_1_84' title="bbox 1926 4353 3493 4414">
    <p class='ocr_par' dir='ltr' id='par_1_84' title="bbox 1926 4353 3493 4414">
     <span class='ocr_line' id='line_1_84' title="bbox 1926 4353 3493 4414; baseline -0.011 -3"><span class='ocrx_word' id='word_1_664' title='bbox 1926 4367 2061 4414; x_wconf 88' lang='lat' dir='ltr'><strong>tatur</strong></span> <span class='ocrx_word' id='word_1_665' title='bbox 2095 4353 2390 4408; x_wconf 87' lang='lat' dir='ltr'><strong>Venatores.</strong></span> <span class='ocrx_word' id='word_1_666' title='bbox 3057 4353 3063 4355; x_wconf 69' lang='grc'><em>’</em></span> <span class='ocrx_word' id='word_1_667' title='bbox 3110 4353 3120 4359; x_wconf 88' lang='lat'>&#39;</span> <span class='ocrx_word' id='word_1_668' title='bbox 3393 4353 3402 4360; x_wconf 94' lang='lat'>&#39;</span> <span class='ocrx_word' id='word_1_669' title='bbox 3482 4388 3493 4393; x_wconf 76' lang='lat'><strong>-</strong></span> 
     </span>
    </p>
   </div>
   <div class='ocr_carea' id='block_1_85' title="bbox 2006 4424 3508 4496">
    <p class='ocr_par' dir='ltr' id='par_1_85' title="bbox 2006 4424 3508 4496">
     <span class='ocr_line' id='line_1_85' title="bbox 2006 4424 3508 4496; baseline 0.006 -17"><span class='ocrx_word' id='word_1_670' title='bbox 2006 4425 2023 4464; x_wconf 71' lang='grc' dir='ltr'><em>ι</em></span> <span class='ocrx_word' id='word_1_671' title='bbox 2059 4425 2347 4479; x_wconf 87' lang='lat' dir='ltr'><strong>Contendit</strong></span> <span class='ocrx_word' id='word_1_672' title='bbox 2391 4424 2751 4496; x_wconf 76' lang='lat' dir='ltr'><strong>Hieronymus</strong></span> <span class='ocrx_word' id='word_1_673' title='bbox 2777 4440 2809 4480; x_wconf 91' lang='lat' dir='ltr'><strong>e</strong></span> <span class='ocrx_word' id='word_1_674' title='bbox 2839 4428 3130 4486; x_wconf 84' lang='lat' dir='ltr'><strong>contrario.</strong></span> <span class='ocrx_word' id='word_1_675' title='bbox 3181 4428 3508 4488; x_wconf 86' lang='lat' dir='ltr'><strong>Venatorcm</strong></span> 
     </span>
    </p>
   </div>
   <div class='ocr_carea' id='block_1_86' title="bbox 1930 4494 3513 4565">
    <p class='ocr_par' dir='ltr' id='par_1_86' title="bbox 1930 4494 3513 4565">
     <span class='ocr_line' id='line_1_86' title="bbox 1930 4494 3513 4565; baseline 0.004 -14"><span class='ocrx_word' id='word_1_676' title='bbox 1930 4497 1981 4551; x_wconf 88' lang='lat' dir='ltr'><strong>in</strong></span> <span class='ocrx_word' id='word_1_677' title='bbox 2010 4496 2300 4565; x_wconf 78' lang='lat' dir='ltr'><strong>Scripturis</strong></span> <span class='ocrx_word' id='word_1_678' title='bbox 2331 4494 2671 4563; x_wconf 76' lang='lat' dir='ltr'><strong>nunqnaniin</strong></span> <span class='ocrx_word' id='word_1_679' title='bbox 2697 4494 2890 4550; x_wconf 89' lang='lat' dir='ltr'><strong>bonam</strong></span> <span class='ocrx_word' id='word_1_680' title='bbox 2922 4507 3123 4565; x_wconf 86' lang='lat' dir='ltr'><strong>partem</strong></span> <span class='ocrx_word' id='word_1_681' title='bbox 3147 4500 3335 4565; x_wconf 83' lang='lat' dir='ltr'><strong>accipi.</strong></span> <span class='ocrx_word' id='word_1_682' title='bbox 3355 4504 3513 4558; x_wconf 79' lang='lat' dir='ltr'><strong>Com-</strong></span> 
     </span>
    </p>
   </div>
   <div class='ocr_carea' id='block_1_87' title="bbox 235 4543 3505 4641">
    <p class='ocr_par' dir='ltr' id='par_1_87' title="bbox 235 4543 3505 4641">
     <span class='ocr_line' id='line_1_87' title="bbox 239 4543 3505 4565; baseline 0.007 -31"><span class='ocrx_word' id='word_1_683' title='bbox 239 4543 245 4544; x_wconf 18' lang='grc' dir='ltr'>ί</span> <span class='ocrx_word' id='word_1_684' title='bbox 293 4543 299 4544; x_wconf 18' lang='grc' dir='ltr'>ί</span> <span class='ocrx_word' id='word_1_685' title='bbox 485 4543 605 4546; x_wconf 34' lang='grc' dir='ltr'><strong>ην</strong></span> <span class='ocrx_word' id='word_1_686' title='bbox 657 4543 694 4548; x_wconf 22' lang='grc' dir='ltr'><strong>νγ</strong></span> <span class='ocrx_word' id='word_1_687' title='bbox 763 4543 770 4544; x_wconf 21' lang='grc' dir='ltr'>ί</span> <span class='ocrx_word' id='word_1_688' title='bbox 805 4543 840 4547; x_wconf 28' lang='grc' dir='ltr'><strong>νγ</strong></span> <span class='ocrx_word' id='word_1_689' title='bbox 878 4543 933 4549; x_wconf 37' lang='grc' dir='ltr'><strong>Ὗ,</strong></span> <span class='ocrx_word' id='word_1_690' title='bbox 1134 4543 1177 4550; x_wconf 43' lang='grc' dir='ltr'><strong>,ν</strong></span> <span class='ocrx_word' id='word_1_691' title='bbox 1210 4543 1330 4551; x_wconf 42' lang='grc' dir='ltr'><strong>ψη</strong></span> <span class='ocrx_word' id='word_1_692' title='bbox 1356 4543 1545 4552; x_wconf 42' lang='grc' dir='ltr'><strong>,ηψπ</strong></span> <span class='ocrx_word' id='word_1_693' title='bbox 1603 4543 1647 4553; x_wconf 60' lang='grc' dir='ltr'><strong>ν,</strong></span> <span class='ocrx_word' id='word_1_694' title='bbox 1676 4543 1694 4552; x_wconf 86' lang='grc'><em>,</em></span> <span class='ocrx_word' id='word_1_695' title='bbox 2011 4543 2296 4561; x_wconf 42' lang='grc' dir='ltr'><strong>---τη---</strong></span> <span class='ocrx_word' id='word_1_696' title='bbox 2697 4543 2890 4550; x_wconf 74' lang='lat'><strong>_--.-.--</strong></span> <span class='ocrx_word' id='word_1_697' title='bbox 2922 4543 3123 4565; x_wconf 52' lang='lat' dir='ltr'><strong>rm--.&quot;</strong></span> <span class='ocrx_word' id='word_1_698' title='bbox 3147 4543 3335 4565; x_wconf 58' lang='grc' dir='ltr'><strong>..-μνη</strong></span> 
     </span>
     <span class='ocr_line' id='line_1_88' title="bbox 235 4543 3505 4641; baseline 0.004 -26"><span class='ocrx_word' id='word_1_699' title='bbox 235 4564 368 4615; x_wconf 77' lang='lat' dir='ltr'><strong>ristei</strong></span> <span class='ocrx_word' id='word_1_700' title='bbox 390 4543 747 4633; x_wconf 71' lang='lat' dir='ltr'><strong>designantui&#39;.</strong></span> <span class='ocrx_word' id='word_1_701' title='bbox 780 4562 864 4618; x_wconf 86' lang='lat' dir='ltr'><strong>Ex</strong></span> <span class='ocrx_word' id='word_1_702' title='bbox 886 4543 1002 4620; x_wconf 69' lang='grc' dir='ltr'><strong>ι’ἓυὶ</strong></span> <span class='ocrx_word' id='word_1_703' title='bbox 1033 4582 1250 4635; x_wconf 87' lang='lat' dir='ltr'><strong>namque</strong></span> <span class='ocrx_word' id='word_1_704' title='bbox 1278 4543 1820 4637; x_wconf 61' lang='lat' dir='ltr'><strong>Principes&#39;sacerdo-</strong></span> <span class='ocrx_word' id='word_1_705' title='bbox 1856 4543 1903 4603; x_wconf 73' lang='grc' dir='ltr'><strong>θ</strong></span> <span class='ocrx_word' id='word_1_706' title='bbox 1929 4567 2192 4621; x_wconf 89' lang='lat' dir='ltr'><strong>mentario</strong></span> <span class='ocrx_word' id='word_1_707' title='bbox 2222 4564 2282 4618; x_wconf 94' lang='lat' dir='ltr'><strong>Il.</strong></span> <span class='ocrx_word' id='word_1_708' title='bbox 2315 4565 2366 4618; x_wconf 88' lang='lat' dir='ltr'><strong>in</strong></span> <span class='ocrx_word' id='word_1_709' title='bbox 2395 4543 2669 4641; x_wconf 61' lang='lat' dir='ltr'><strong>Miehmgim</strong></span> <span class='ocrx_word' id='word_1_710' title='bbox 2702 4581 2822 4633; x_wconf 91' lang='lat' dir='ltr'><strong>cap.</strong></span> <span class='ocrx_word' id='word_1_711' title='bbox 2859 4566 3216 4641; x_wconf 84' lang='lat' dir='ltr'><strong>V._Quantnm</strong></span> <span class='ocrx_word' id='word_1_712' title='bbox 3246 4588 3386 4641; x_wconf 87' lang='lat' dir='ltr'><strong>ergo,</strong></span> <span class='ocrx_word' id='word_1_713' title='bbox 3420 4572 3505 4628; x_wconf 91' lang='lat' dir='ltr'><strong>in-</strong></span> 
     </span>
    </p>
   </div>
   <div class='ocr_carea' id='block_1_88' title="bbox 238 4635 868 4704">
    <p class='ocr_par' dir='ltr' id='par_1_88' title="bbox 238 4635 868 4704">
     <span class='ocr_line' id='line_1_89' title="bbox 238 4635 868 4704; baseline 0.005 -19"><span class='ocrx_word' id='word_1_714' title='bbox 238 4642 345 4704; x_wconf 76' lang='lat' dir='ltr'><strong>tum</strong></span> <span class='ocrx_word' id='word_1_715' title='bbox 376 4635 536 4702; x_wconf 75' lang='lat' dir='ltr'><strong>fuisse</strong></span> <span class='ocrx_word' id='word_1_716' title='bbox 571 4644 726 4704; x_wconf 77' lang='lat' dir='ltr'><strong>patet.</strong></span> <span class='ocrx_word' id='word_1_717' title='bbox 761 4644 868 4689; x_wconf 88' lang='lat' dir='ltr'><strong>etc.</strong></span> 
     </span>
    </p>
   </div>
   <div class='ocr_carea' id='block_1_89' title="bbox 305 4702 1819 4777">
    <p class='ocr_par' dir='ltr' id='par_1_89' title="bbox 305 4702 1819 4777">
     <span class='ocr_line' id='line_1_90' title="bbox 305 4702 1819 4777; baseline 0.005 -20"><span class='ocrx_word' id='word_1_718' title='bbox 305 4702 332 4741; x_wconf 69' lang='grc' dir='ltr'>δ</span> <span class='ocrx_word' id='word_1_719' title='bbox 365 4708 533 4758; x_wconf 84' lang='lat' dir='ltr'><strong>Antea</strong></span> <span class='ocrx_word' id='word_1_720' title='bbox 572 4702 918 4777; x_wconf 12' lang='lat' dir='ltr'><strong>itii/ferentem.</strong></span> <span class='ocrx_word' id='word_1_721' title='bbox 972 4706 1256 4762; x_wconf 80' lang='lat' dir='ltr'><strong>Tractator</strong></span> <span class='ocrx_word' id='word_1_722' title='bbox 1300 4707 1403 4762; x_wconf 92' lang='lat' dir='ltr'><strong>iste</strong></span> <span class='ocrx_word' id='word_1_723' title='bbox 1450 4708 1571 4777; x_wconf 83' lang='lat' dir='ltr'><strong>quis</strong></span> <span class='ocrx_word' id='word_1_724' title='bbox 1624 4708 1819 4776; x_wconf 88' lang='lat' dir='ltr'><strong>fuerit,</strong></span> 
     </span>
    </p>
   </div>
   <div class='ocr_carea' id='block_1_90' title="bbox 238 4774 1817 4847">
    <p class='ocr_par' dir='ltr' id='par_1_90' title="bbox 238 4774 1817 4847">
     <span class='ocr_line' id='line_1_91' title="bbox 238 4774 1817 4847; baseline 0.006 -22"><span class='ocrx_word' id='word_1_725' title='bbox 238 4788 391 4847; x_wconf 85' lang='lat' dir='ltr'><strong>quem</strong></span> <span class='ocrx_word' id='word_1_726' title='bbox 415 4790 561 4828; x_wconf 75' lang='lat' dir='ltr'><strong>certe</strong></span> <span class='ocrx_word' id='word_1_727' title='bbox 586 4774 778 4828; x_wconf 76' lang='lat' dir='ltr'><strong>Noster</strong></span> <span class='ocrx_word' id='word_1_728' title='bbox 803 4775 1120 4847; x_wconf 57' lang='lat' dir='ltr'><strong>mortem</strong></span> <span class='ocrx_word' id='word_1_729' title='bbox 1145 4777 1383 4846; x_wconf 86' lang='lat' dir='ltr'><strong>partibus</strong></span> <span class='ocrx_word' id='word_1_730' title='bbox 1403 4774 1565 4847; x_wconf 83' lang='lat' dir='ltr'><strong>agens</strong></span> <span class='ocrx_word' id='word_1_731' title='bbox 1594 4774 1817 4847; x_wconf 82' lang='lat' dir='ltr'><strong>audivit,</strong></span> 
     </span>
    </p>
   </div>
   <div class='ocr_carea' id='block_1_91' title="bbox 238 4844 1817 4919">
    <p class='ocr_par' dir='ltr' id='par_1_91' title="bbox 238 4844 1817 4919">
     <span class='ocr_line' id='line_1_92' title="bbox 238 4844 1817 4919; baseline 0.004 -22"><span class='ocrx_word' id='word_1_732' title='bbox 238 4844 477 4919; x_wconf 72' lang='lat' dir='ltr'><strong>divinare</strong></span> <span class='ocrx_word' id='word_1_733' title='bbox 511 4859 615 4919; x_wconf 84' lang='lat' dir='ltr'><strong>non</strong></span> <span class='ocrx_word' id='word_1_734' title='bbox 658 4846 1019 4919; x_wconf 54' lang='lat' dir='ltr'><strong>libet.&quot;l‘nties</strong></span> <span class='ocrx_word' id='word_1_735' title='bbox 1058 4844 1301 4901; x_wconf 78' lang='lat' dir='ltr'><strong>laudatus</strong></span> <span class='ocrx_word' id='word_1_736' title='bbox 1331 4844 1530 4919; x_wconf 72' lang='lat' dir='ltr'><strong>Auctor</strong></span> <span class='ocrx_word' id='word_1_737' title='bbox 1560 4844 1817 4919; x_wconf 75' lang='lat' dir='ltr'><strong>iueditns,</strong></span> 
     </span>
    </p>
   </div>
   <div class='ocr_carea' id='block_1_92' title="bbox 237 4913 1819 4989">
    <p class='ocr_par' dir='ltr' id='par_1_92' title="bbox 237 4913 1819 4989">
     <span class='ocr_line' id='line_1_93' title="bbox 237 4913 1819 4989; baseline 0.006 -22"><span class='ocrx_word' id='word_1_738' title='bbox 237 4913 405 4989; x_wconf 74' lang='lat' dir='ltr'><strong>Idem,</strong></span> <span class='ocrx_word' id='word_1_739' title='bbox 436 4916 627 4981; x_wconf 89' lang='lat' dir='ltr'><strong>inquit,</strong></span> <span class='ocrx_word' id='word_1_740' title='bbox 658 4916 901 4989; x_wconf 88' lang='lat' dir='ltr'><strong>populus,</strong></span> <span class='ocrx_word' id='word_1_741' title='bbox 943 4920 1029 4986; x_wconf 86' lang='lat' dir='ltr'><strong>qui</strong></span> <span class='ocrx_word' id='word_1_742' title='bbox 1060 4928 1270 4986; x_wconf 82' lang='lat' dir='ltr'><strong>paterno</strong></span> <span class='ocrx_word' id='word_1_743' title='bbox 1295 4918 1407 4973; x_wconf 87' lang='lat' dir='ltr'><strong>solo</strong></span> <span class='ocrx_word' id='word_1_744' title='bbox 1447 4913 1819 4989; x_wconf 73' lang='lat' dir='ltr'><strong>exhteredatns,</strong></span> 
     </span>
    </p>
   </div>
   <div class='ocr_carea' id='block_1_93' title="bbox 236 4987 1818 5059">
    <p class='ocr_par' dir='ltr' id='par_1_93' title="bbox 236 4987 1818 5059">
     <span class='ocr_line' id='line_1_94' title="bbox 236 4987 1818 5059; baseline 0.006 -21"><span class='ocrx_word' id='word_1_745' title='bbox 236 4987 288 5038; x_wconf 82' lang='lat' dir='ltr'><strong>in</strong></span> <span class='ocrx_word' id='word_1_746' title='bbox 316 4994 527 5059; x_wconf 80' lang='lat' dir='ltr'><strong>cunctas</strong></span> <span class='ocrx_word' id='word_1_747' title='bbox 559 4998 729 5057; x_wconf 84' lang='lat' dir='ltr'><strong>gentes</strong></span> <span class='ocrx_word' id='word_1_748' title='bbox 771 4988 832 5041; x_wconf 90' lang='lat' dir='ltr'><strong>ob</strong></span> <span class='ocrx_word' id='word_1_749' title='bbox 850 4990 1206 5059; x_wconf 74' lang='lat' dir='ltr'><strong>testimonium</strong></span> <span class='ocrx_word' id='word_1_750' title='bbox 1248 4989 1568 5047; x_wconf 86' lang='lat' dir='ltr'><strong>credulitatis</strong></span> <span class='ocrx_word' id='word_1_751' title='bbox 1612 4987 1818 5059; x_wconf 62' lang='lat' dir='ltr'><strong>nostrae,</strong></span> 
     </span>
    </p>
   </div>
   <div class='ocr_carea' id='block_1_94' title="bbox 237 5057 1094 5125">
    <p class='ocr_par' dir='ltr' id='par_1_94' title="bbox 237 5057 1094 5125">
     <span class='ocr_line' id='line_1_95' title="bbox 237 5057 1094 5125; baseline 0.007 -16"><span class='ocrx_word' id='word_1_752' title='bbox 237 5057 461 5123; x_wconf 68' lang='lat' dir='ltr'><strong>perﬁdiae</strong></span> <span class='ocrx_word' id='word_1_753' title='bbox 489 5071 598 5110; x_wconf 74' lang='lat' dir='ltr'><strong>sua:</strong></span> <span class='ocrx_word' id='word_1_754' title='bbox 628 5074 800 5125; x_wconf 77' lang='lat' dir='ltr'><strong>pmnas</strong></span> <span class='ocrx_word' id='word_1_755' title='bbox 839 5058 953 5121; x_wconf 88' lang='lat' dir='ltr'><strong>luit,</strong></span> <span class='ocrx_word' id='word_1_756' title='bbox 987 5068 1094 5115; x_wconf 88' lang='lat' dir='ltr'><strong>etc.</strong></span> 
     </span>
    </p>
   </div>
   <div class='ocr_carea' id='block_1_95' title="bbox 310 5128 1817 5193">
    <p class='ocr_par' dir='ltr' id='par_1_95' title="bbox 310 5128 1817 5193">
     <span class='ocr_line' id='line_1_96' title="bbox 310 5128 1817 5193; baseline 0.007 -14"><span class='ocrx_word' id='word_1_757' title='bbox 310 5138 332 5166; x_wconf 75' lang='grc' dir='ltr'><strong>ε</strong></span> <span class='ocrx_word' id='word_1_758' title='bbox 366 5129 726 5193; x_wconf 83' lang='lat' dir='ltr'><strong>Hieronymus</strong></span> <span class='ocrx_word' id='word_1_759' title='bbox 752 5128 1151 5182; x_wconf 85' lang='lat' dir='ltr'><strong>Commentario</strong></span> <span class='ocrx_word' id='word_1_760' title='bbox 1177 5129 1228 5184; x_wconf 92' lang='lat' dir='ltr'><strong>in</strong></span> <span class='ocrx_word' id='word_1_761' title='bbox 1253 5131 1555 5187; x_wconf 75' lang='lat' dir='ltr'><strong>Mattbzeum</strong></span> <span class='ocrx_word' id='word_1_762' title='bbox 1586 5132 1723 5188; x_wconf 90' lang='lat' dir='ltr'><strong>libro</strong></span> <span class='ocrx_word' id='word_1_763' title='bbox 1754 5133 1817 5190; x_wconf 89' lang='lat' dir='ltr'><strong>II.</strong></span> 
     </span>
    </p>
   </div>
   <div class='ocr_carea' id='block_1_96' title="bbox 237 5196 1820 5275">
    <p class='ocr_par' dir='ltr' id='par_1_96' title="bbox 237 5196 1820 5275">
     <span class='ocr_line' id='line_1_97' title="bbox 237 5196 1820 5275; baseline 0.005 -25"><span class='ocrx_word' id='word_1_764' title='bbox 237 5212 351 5265; x_wconf 87' lang='lat' dir='ltr'><strong>cap.</strong></span> <span class='ocrx_word' id='word_1_765' title='bbox 385 5197 521 5275; x_wconf 62' lang='grc' dir='ltr'><strong>ᾏΙΙΙ.</strong></span> <span class='ocrx_word' id='word_1_766' title='bbox 577 5196 836 5275; x_wconf 84' lang='lat' dir='ltr'><strong>Legimus,</strong></span> <span class='ocrx_word' id='word_1_767' title='bbox 871 5202 963 5263; x_wconf 85' lang='lat' dir='ltr'><strong>ait,</strong></span> <span class='ocrx_word' id='word_1_768' title='bbox 1010 5201 1062 5252; x_wconf 89' lang='lat' dir='ltr'><strong>in</strong></span> <span class='ocrx_word' id='word_1_769' title='bbox 1100 5197 1334 5275; x_wconf 83' lang='lat' dir='ltr'><strong>Platone,</strong></span> <span class='ocrx_word' id='word_1_770' title='bbox 1385 5214 1432 5275; x_wconf 85' lang='lat' dir='ltr'><strong>et</strong></span> <span class='ocrx_word' id='word_1_771' title='bbox 1472 5203 1820 5275; x_wconf 77' lang='lat' dir='ltr'><strong>PliilosOplio-</strong></span> 
     </span>
    </p>
   </div>
   <div class='ocr_carea' id='block_1_97' title="bbox 238 5270 1821 5338">
    <p class='ocr_par' dir='ltr' id='par_1_97' title="bbox 238 5270 1821 5338">
     <span class='ocr_line' id='line_1_98' title="bbox 238 5270 1821 5338; baseline 0.007 -20"><span class='ocrx_word' id='word_1_772' title='bbox 238 5282 347 5320; x_wconf 85' lang='lat' dir='ltr'><strong>rum</strong></span> <span class='ocrx_word' id='word_1_773' title='bbox 378 5270 566 5338; x_wconf 89' lang='lat' dir='ltr'><strong>dogma</strong></span> <span class='ocrx_word' id='word_1_774' title='bbox 596 5271 853 5333; x_wconf 75' lang='lat' dir='ltr'><strong>vulgatum</strong></span> <span class='ocrx_word' id='word_1_775' title='bbox 894 5278 996 5335; x_wconf 87' lang='lat' dir='ltr'><strong>est,</strong></span> <span class='ocrx_word' id='word_1_776' title='bbox 1021 5278 1123 5325; x_wconf 85' lang='lat' dir='ltr'><strong>tres</strong></span> <span class='ocrx_word' id='word_1_777' title='bbox 1161 5274 1348 5327; x_wconf 79' lang='lat' dir='ltr'><strong>essein</strong></span> <span class='ocrx_word' id='word_1_778' title='bbox 1384 5274 1611 5329; x_wconf 82' lang='lat' dir='ltr'><strong>humana</strong></span> <span class='ocrx_word' id='word_1_779' title='bbox 1647 5270 1821 5329; x_wconf 82' lang='lat' dir='ltr'><strong>anima</strong></span> 
     </span>
    </p>
   </div>
   <div class='ocr_carea' id='block_1_98' title="bbox 237 5339 1820 5413">
    <p class='ocr_par' dir='ltr' id='par_1_98' title="bbox 237 5339 1820 5413">
     <span class='ocr_line' id='line_1_99' title="bbox 237 5339 1820 5413; baseline 0.006 -23"><span class='ocrx_word' id='word_1_780' title='bbox 237 5339 516 5413; x_wconf 57' lang='lat' dir='ltr'><strong>passiones,</strong></span> <span class='ocrx_word' id='word_1_781' title='bbox 558 5341 617 5393; x_wconf 88' lang='grc' dir='ltr'><strong>τὸ</strong></span> <span class='ocrx_word' id='word_1_782' title='bbox 646 5339 864 5413; x_wconf 44' lang='lat' dir='ltr'><strong>197mb”,</strong></span> <span class='ocrx_word' id='word_1_783' title='bbox 897 5342 1034 5409; x_wconf 89' lang='lat' dir='ltr'><strong>quod</strong></span> <span class='ocrx_word' id='word_1_784' title='bbox 1073 5357 1165 5395; x_wconf 91' lang='lat' dir='ltr'><strong>nos</strong></span> <span class='ocrx_word' id='word_1_785' title='bbox 1194 5361 1457 5413; x_wconf 77' lang='lat' dir='ltr'><strong>possumus</strong></span> <span class='ocrx_word' id='word_1_786' title='bbox 1495 5347 1820 5410; x_wconf 83' lang='lat' dir='ltr'><strong>interpretari</strong></span> 
     </span>
    </p>
   </div>
   <div class='ocr_carea' id='block_1_99' title="bbox 239 5408 1822 5484">
    <p class='ocr_par' dir='ltr' id='par_1_99' title="bbox 239 5408 1822 5484">
     <span class='ocr_line' id='line_1_100' title="bbox 239 5408 1822 5484; baseline 0.008 -24"><span class='ocrx_word' id='word_1_787' title='bbox 239 5408 572 5484; x_wconf 80' lang='lat' dir='ltr'><strong>rationabile;</strong></span> <span class='ocrx_word' id='word_1_788' title='bbox 602 5412 661 5473; x_wconf 75' lang='grc' dir='ltr'><strong>τὸ</strong></span> <span class='ocrx_word' id='word_1_789' title='bbox 689 5408 917 5484; x_wconf 58' lang='grc' dir='ltr'><strong>θῦμαόν.</strong></span> <span class='ocrx_word' id='word_1_790' title='bbox 938 5413 1074 5484; x_wconf 86' lang='lat' dir='ltr'><strong>quod</strong></span> <span class='ocrx_word' id='word_1_791' title='bbox 1105 5408 1335 5470; x_wconf 79' lang='lat' dir='ltr'><strong>dicamus</strong></span> <span class='ocrx_word' id='word_1_792' title='bbox 1366 5417 1577 5484; x_wconf 85' lang='lat' dir='ltr'><strong>plenum</strong></span> <span class='ocrx_word' id='word_1_793' title='bbox 1609 5408 1722 5483; x_wconf 70' lang='lat' dir='ltr'><strong>irae;</strong></span> <span class='ocrx_word' id='word_1_794' title='bbox 1764 5419 1822 5473; x_wconf 85' lang='grc' dir='ltr'><strong>τὸ</strong></span> 
     </span>
    </p>
   </div>
   <div class='ocr_carea' id='block_1_100' title="bbox 236 5480 1817 5554">
    <p class='ocr_par' dir='ltr' id='par_1_100' title="bbox 236 5480 1817 5554">
     <span class='ocr_line' id='line_1_101' title="bbox 236 5480 1817 5554; baseline 0.006 -21"><span class='ocrx_word' id='word_1_795' title='bbox 236 5480 632 5554; x_wconf 53' lang='lat' dir='ltr'><strong>intentius-may,</strong></span> <span class='ocrx_word' id='word_1_796' title='bbox 674 5482 809 5554; x_wconf 84' lang='lat' dir='ltr'><strong>quod</strong></span> <span class='ocrx_word' id='word_1_797' title='bbox 853 5482 1171 5554; x_wconf 84' lang='lat' dir='ltr'><strong>appellamus</strong></span> <span class='ocrx_word' id='word_1_798' title='bbox 1213 5480 1664 5554; x_wconf 75' lang='lat' dir='ltr'><strong>concupisciliile,</strong></span> <span class='ocrx_word' id='word_1_799' title='bbox 1711 5480 1817 5542; x_wconf 84' lang='lat' dir='ltr'><strong>etc.</strong></span> 
     </span>
    </p>
   </div>
   <div class='ocr_carea' id='block_1_101' title="bbox 306 5548 1814 5622">
    <p class='ocr_par' dir='ltr' id='par_1_101' title="bbox 306 5548 1814 5622">
     <span class='ocr_line' id='line_1_102' title="bbox 306 5548 1814 5622; baseline 0.005 -17"><span class='ocrx_word' id='word_1_800' title='bbox 306 5548 333 5588; x_wconf 74' lang='grc' dir='ltr'><strong>εί</strong></span> <span class='ocrx_word' id='word_1_801' title='bbox 363 5548 440 5605; x_wconf 78' lang='lat' dir='ltr'><strong>Ex</strong></span> <span class='ocrx_word' id='word_1_802' title='bbox 497 5550 823 5622; x_wconf 41' lang='lat' dir='ltr'><strong>Dt&#39;igenianp</strong></span> <span class='ocrx_word' id='word_1_803' title='bbox 870 5548 1073 5622; x_wconf 65' lang='lat' dir='ltr'><strong>lesieo,</strong></span> <span class='ocrx_word' id='word_1_804' title='bbox 1125 5548 1474 5622; x_wconf 86' lang='lat' dir='ltr'><strong>ejusdemque</strong></span> <span class='ocrx_word' id='word_1_805' title='bbox 1511 5548 1814 5613; x_wconf 84' lang='lat' dir='ltr'><strong>Adamantii</strong></span> 
     </span>
    </p>
   </div>
   <div class='ocr_carea' id='block_1_102' title="bbox 239 5619 1821 5698">
    <p class='ocr_par' dir='ltr' id='par_1_102' title="bbox 239 5619 1821 5698">
     <span class='ocr_line' id='line_1_103' title="bbox 239 5619 1821 5698; baseline 0.006 -25"><span class='ocrx_word' id='word_1_806' title='bbox 239 5619 653 5698; x_wconf 72' lang='lat' dir='ltr'><strong>Ilomili:i__lel.</strong></span> <span class='ocrx_word' id='word_1_807' title='bbox 686 5623 737 5674; x_wconf 91' lang='lat' dir='ltr'><strong>in</strong></span> <span class='ocrx_word' id='word_1_808' title='bbox 765 5620 958 5676; x_wconf 86' lang='lat' dir='ltr'><strong>Genes.</strong></span> <span class='ocrx_word' id='word_1_809' title='bbox 988 5619 1167 5678; x_wconf 77' lang='lat' dir='ltr'><strong>Judas</strong></span> <span class='ocrx_word' id='word_1_810' title='bbox 1179 5619 1429 5695; x_wconf 75' lang='lat' dir='ltr'><strong>confessio</strong></span> <span class='ocrx_word' id='word_1_811' title='bbox 1457 5628 1821 5698; x_wconf 89' lang='lat' dir='ltr'><strong>interpretatur</strong></span> 
     </span>
    </p>
   </div>
   <div class='ocr_carea' id='block_1_103' title="bbox 235 5691 686 5763">
    <p class='ocr_par' dir='ltr' id='par_1_103' title="bbox 235 5691 686 5763">
     <span class='ocr_line' id='line_1_104' title="bbox 235 5691 686 5763; baseline -0.002 -19"><span class='ocrx_word' id='word_1_812' title='bbox 235 5692 412 5763; x_wconf 84' lang='lat' dir='ltr'><strong>lingua</strong></span> <span class='ocrx_word' id='word_1_813' title='bbox 442 5691 495 5745; x_wconf 89' lang='grc' dir='ltr'><em>Η</em></span> <span class='ocrx_word' id='word_1_814' title='bbox 502 5692 686 5744; x_wconf 78' lang='lat' dir='ltr'><strong>ebrwa.</strong></span> 
     </span>
    </p>
   </div>
   <div class='ocr_carea' id='block_1_104' title="bbox 254 5761 1815 5831">
    <p class='ocr_par' dir='ltr' id='par_1_104' title="bbox 254 5761 1815 5831">
     <span class='ocr_line' id='line_1_105' title="bbox 254 5761 1815 5831; baseline 0.003 -13"><span class='ocrx_word' id='word_1_815' title='bbox 254 5772 261 5783; x_wconf 92' lang='lat'>‘</span> <span class='ocrx_word' id='word_1_816' title='bbox 308 5761 331 5800; x_wconf 68' lang='grc' dir='ltr'>δ</span> <span class='ocrx_word' id='word_1_817' title='bbox 352 5765 440 5818; x_wconf 80' lang='lat' dir='ltr'><strong>Ex</strong></span> <span class='ocrx_word' id='word_1_818' title='bbox 469 5764 705 5831; x_wconf 85' lang='lat' dir='ltr'><strong>Origene</strong></span> <span class='ocrx_word' id='word_1_819' title='bbox 731 5773 851 5814; x_wconf 91' lang='lat' dir='ltr'><strong>cum</strong></span> <span class='ocrx_word' id='word_1_820' title='bbox 877 5761 1021 5827; x_wconf 88' lang='lat' dir='ltr'><strong>alibi,</strong></span> <span class='ocrx_word' id='word_1_821' title='bbox 1053 5774 1162 5818; x_wconf 90' lang='lat' dir='ltr'><strong>tum</strong></span> <span class='ocrx_word' id='word_1_822' title='bbox 1202 5765 1570 5823; x_wconf 79' lang='lat' dir='ltr'><strong>Homil-XIV.</strong></span> <span class='ocrx_word' id='word_1_823' title='bbox 1593 5777 1649 5823; x_wconf 90' lang='lat' dir='ltr'><strong>et</strong></span> <span class='ocrx_word' id='word_1_824' title='bbox 1675 5766 1815 5822; x_wconf 80' lang='lat' dir='ltr'><strong>XVI.</strong></span> 
     </span>
    </p>
   </div>
   <div class='ocr_carea' id='block_1_105' title="bbox 236 5830 1817 5905">
    <p class='ocr_par' dir='ltr' id='par_1_105' title="bbox 236 5830 1817 5905">
     <span class='ocr_line' id='line_1_106' title="bbox 236 5830 1817 5905; baseline 0 -14"><span class='ocrx_word' id='word_1_825' title='bbox 236 5830 289 5895; x_wconf 66' lang='lat' dir='ltr'><strong>in</strong></span> <span class='ocrx_word' id='word_1_826' title='bbox 308 5832 469 5890; x_wconf 75' lang='lat' dir='ltr'><strong>Iosue</strong></span> <span class='ocrx_word' id='word_1_827' title='bbox 497 5850 509 5888; x_wconf 91' lang='lat'>:</span> <span class='ocrx_word' id='word_1_828' title='bbox 545 5831 713 5888; x_wconf 84' lang='lat' dir='ltr'><strong>Sidon</strong></span> <span class='ocrx_word' id='word_1_829' title='bbox 744 5831 999 5901; x_wconf 78' lang='lat' dir='ltr'><strong>significat</strong></span> <span class='ocrx_word' id='word_1_830' title='bbox 1041 5832 1377 5905; x_wconf 82' lang='lat' dir='ltr'><strong>Venatricem,</strong></span> <span class='ocrx_word' id='word_1_831' title='bbox 1403 5839 1480 5892; x_wconf 87' lang='lat' dir='ltr'><strong>vel</strong></span> <span class='ocrx_word' id='word_1_832' title='bbox 1512 5838 1817 5902; x_wconf 77' lang='lat' dir='ltr'><strong>Venatores,‘</strong></span> 
     </span>
    </p>
   </div>
   <div class='ocr_carea' id='block_1_106' title="bbox 1884 5348 2617 5411">
    <p class='ocr_par' dir='ltr' id='par_1_106' title="bbox 1884 5348 2617 5411">
     <span class='ocr_line' id='line_1_107' title="bbox 1884 5348 2617 5411; baseline -0.004 -11"><span class='ocrx_word' id='word_1_833' title='bbox 1884 5372 1892 5379; x_wconf 94' lang='grc'><strong>·</strong></span> <span class='ocrx_word' id='word_1_834' title='bbox 1920 5349 2103 5406; x_wconf 78' lang='grc' dir='ltr'><strong>νυκτὸς</strong></span> <span class='ocrx_word' id='word_1_835' title='bbox 2138 5359 2231 5409; x_wconf 80' lang='grc' dir='ltr'><strong>ιιτο</strong></span> <span class='ocrx_word' id='word_1_836' title='bbox 2255 5348 2453 5411; x_wconf 60' lang='lat' dir='ltr'><strong>«ora»;</strong></span> <span class='ocrx_word' id='word_1_837' title='bbox 2495 5360 2617 5399; x_wconf 89' lang='lat' dir='ltr'><strong>nam</strong></span> 
     </span>
    </p>
   </div>
   <div class='ocr_carea' id='block_1_107' title="bbox 1926 4637 3508 4715">
    <p class='ocr_par' dir='ltr' id='par_1_107' title="bbox 1926 4637 3508 4715">
     <span class='ocr_line' id='line_1_108' title="bbox 1926 4637 3508 4715; baseline 0.004 -25"><span class='ocrx_word' id='word_1_838' title='bbox 1926 4642 2062 4707; x_wconf 87' lang='lat' dir='ltr'><strong>quit,</strong></span> <span class='ocrx_word' id='word_1_839' title='bbox 2095 4652 2296 4715; x_wconf 76' lang='lat' dir='ltr'><strong>possum</strong></span> <span class='ocrx_word' id='word_1_840' title='bbox 2322 4651 2434 4688; x_wconf 85' lang='lat' dir='ltr'><strong>mea</strong></span> <span class='ocrx_word' id='word_1_841' title='bbox 2461 4637 2682 4715; x_wconf 77' lang='lat' dir='ltr'><strong>recolere</strong></span> <span class='ocrx_word' id='word_1_842' title='bbox 2710 4639 2993 4715; x_wconf 66' lang='lat' dir='ltr'><strong>memoria,</strong></span> <span class='ocrx_word' id='word_1_843' title='bbox 3035 4637 3508 4715; x_wconf 49' lang='lat' dir='ltr'><strong>iiianuam&#39;Venag</strong></span> 
     </span>
    </p>
   </div>
   <div class='ocr_carea' id='block_1_108' title="bbox 1924 4706 3511 4777">
    <p class='ocr_par' dir='ltr' id='par_1_108' title="bbox 1924 4706 3511 4777">
     <span class='ocr_line' id='line_1_109' title="bbox 1924 4706 3511 4777; baseline 0.004 -14"><span class='ocrx_word' id='word_1_844' title='bbox 1924 4706 2085 4763; x_wconf 88' lang='lat' dir='ltr'><strong>torem</strong></span> <span class='ocrx_word' id='word_1_845' title='bbox 2112 4708 2164 4761; x_wconf 91' lang='lat' dir='ltr'><strong>in</strong></span> <span class='ocrx_word' id='word_1_846' title='bbox 2189 4706 2376 4777; x_wconf 84' lang='lat' dir='ltr'><strong>bonam</strong></span> <span class='ocrx_word' id='word_1_847' title='bbox 2396 4717 2596 4777; x_wconf 87' lang='lat' dir='ltr'><strong>partem</strong></span> <span class='ocrx_word' id='word_1_848' title='bbox 2622 4707 2741 4776; x_wconf 84' lang='lat' dir='ltr'><strong>legi.</strong></span> <span class='ocrx_word' id='word_1_849' title='bbox 2775 4707 2965 4764; x_wconf 84' lang='lat' dir='ltr'><strong>lsinael</strong></span> <span class='ocrx_word' id='word_1_850' title='bbox 3004 4720 3052 4764; x_wconf 88' lang='lat' dir='ltr'><strong>et</strong></span> <span class='ocrx_word' id='word_1_851' title='bbox 3075 4709 3220 4766; x_wconf 88' lang='lat' dir='ltr'><strong>Esau</strong></span> <span class='ocrx_word' id='word_1_852' title='bbox 3246 4712 3511 4770; x_wconf 71' lang='lat' dir='ltr'><strong>venatores</strong></span> 
     </span>
    </p>
   </div>
   <div class='ocr_carea' id='block_1_109' title="bbox 1926 4776 3505 4851">
    <p class='ocr_par' dir='ltr' id='par_1_109' title="bbox 1926 4776 3505 4851">
     <span class='ocr_line' id='line_1_110' title="bbox 1926 4776 3505 4851; baseline 0.009 -24"><span class='ocrx_word' id='word_1_853' title='bbox 1926 4781 2157 4851; x_wconf 55' lang='lat' dir='ltr'><strong>fuerant,</strong></span> <span class='ocrx_word' id='word_1_854' title='bbox 2191 4776 2559 4851; x_wconf 9' lang='lat' dir='ltr'><strong>e_tc.VSa’nctns</strong></span> <span class='ocrx_word' id='word_1_855' title='bbox 2590 4795 2809 4851; x_wconf 88' lang='lat' dir='ltr'><strong>quoque</strong></span> <span class='ocrx_word' id='word_1_856' title='bbox 2842 4779 3155 4851; x_wconf 57' lang='lat' dir='ltr'><strong>Ambrosius</strong></span> <span class='ocrx_word' id='word_1_857' title='bbox 3204 4783 3256 4837; x_wconf 92' lang='lat' dir='ltr'><strong>in</strong></span> <span class='ocrx_word' id='word_1_858' title='bbox 3305 4783 3505 4851; x_wconf 64' lang='lat' dir='ltr'><strong>Psalm.</strong></span> 
     </span>
    </p>
   </div>
   <div class='ocr_carea' id='block_1_110' title="bbox 1923 4848 3506 4910">
    <p class='ocr_par' dir='ltr' id='par_1_110' title="bbox 1923 4848 3506 4910">
     <span class='ocr_line' id='line_1_111' title="bbox 1923 4848 3506 4910; baseline 0.001 -7"><span class='ocrx_word' id='word_1_859' title='bbox 1923 4849 2152 4904; x_wconf 75' lang='lat' dir='ltr'><strong>CXVIII.</strong></span> <span class='ocrx_word' id='word_1_860' title='bbox 2184 4848 2404 4902; x_wconf 85' lang='lat' dir='ltr'><strong>Nullum</strong></span> <span class='ocrx_word' id='word_1_861' title='bbox 2429 4850 2713 4903; x_wconf 68' lang='lat' dir='ltr'><strong>invenimus</strong></span> <span class='ocrx_word' id='word_1_862' title='bbox 2740 4851 2793 4903; x_wconf 90' lang='lat' dir='ltr'><strong>in</strong></span> <span class='ocrx_word' id='word_1_863' title='bbox 2829 4850 3133 4906; x_wconf 72' lang='lat' dir='ltr'><strong>Divinarum</strong></span> <span class='ocrx_word' id='word_1_864' title='bbox 3162 4855 3292 4909; x_wconf 81' lang='lat' dir='ltr'><strong>serie</strong></span> <span class='ocrx_word' id='word_1_865' title='bbox 3329 4848 3506 4910; x_wconf 72' lang='lat' dir='ltr'><strong>litera.</strong></span> 
     </span>
    </p>
   </div>
   <div class='ocr_carea' id='block_1_111' title="bbox 1922 4919 3505 4997">
    <p class='ocr_par' dir='ltr' id='par_1_111' title="bbox 1922 4919 3505 4997">
     <span class='ocr_line' id='line_1_112' title="bbox 1922 4919 3505 4997; baseline 0.006 -25"><span class='ocrx_word' id='word_1_866' title='bbox 1922 4937 2042 4997; x_wconf 67' lang='lat' dir='ltr'><strong>rain</strong></span> <span class='ocrx_word' id='word_1_867' title='bbox 2081 4919 2513 4997; x_wconf 78' lang='lat' dir='ltr'><strong>de_Vetiatot&#39;_ibus</strong></span> <span class='ocrx_word' id='word_1_868' title='bbox 2541 4921 2877 4997; x_wconf 68' lang='lat' dir='ltr'><strong>justiun._Et_</strong></span> <span class='ocrx_word' id='word_1_869' title='bbox 2909 4925 3505 4997; x_wconf 82' lang='lat' dir='ltr'><strong>pseudo-Hieronymus</strong></span> 
     </span>
    </p>
   </div>
   <div class='ocr_carea' id='block_1_112' title="bbox 1925 4990 3507 5052">
    <p class='ocr_par' dir='ltr' id='par_1_112' title="bbox 1925 4990 3507 5052">
     <span class='ocr_line' id='line_1_113' title="bbox 1925 4990 3507 5052; baseline 0.004 -8"><span class='ocrx_word' id='word_1_870' title='bbox 1925 4992 1977 5044; x_wconf 91' lang='lat' dir='ltr'><strong>in</strong></span> <span class='ocrx_word' id='word_1_871' title='bbox 2011 4990 2282 5045; x_wconf 62' lang='lat' dir='ltr'><strong>Brexiario</strong></span> <span class='ocrx_word' id='word_1_872' title='bbox 2311 4992 2362 5044; x_wconf 91' lang='lat' dir='ltr'><strong>in</strong></span> <span class='ocrx_word' id='word_1_873' title='bbox 2394 4992 2659 5045; x_wconf 78' lang='lat' dir='ltr'><strong>I’saliuum</strong></span> <span class='ocrx_word' id='word_1_874' title='bbox 2691 4990 2800 5046; x_wconf 85' lang='lat' dir='ltr'><strong>XC.</strong></span> <span class='ocrx_word' id='word_1_875' title='bbox 2838 4992 3050 5048; x_wconf 87' lang='lat' dir='ltr'><strong>Penitns</strong></span> <span class='ocrx_word' id='word_1_876' title='bbox 3081 5012 3182 5050; x_wconf 88' lang='lat' dir='ltr'><strong>non</strong></span> <span class='ocrx_word' id='word_1_877' title='bbox 3218 4990 3507 5052; x_wconf 77' lang='lat' dir='ltr'><strong>invenimus</strong></span> 
     </span>
    </p>
   </div>
   <div class='ocr_carea' id='block_1_113' title="bbox 1923 5062 3528 5136">
    <p class='ocr_par' dir='ltr' id='par_1_113' title="bbox 1923 5062 3528 5136">
     <span class='ocr_line' id='line_1_114' title="bbox 1923 5062 3528 5136; baseline 0.006 -21"><span class='ocrx_word' id='word_1_878' title='bbox 1923 5062 1974 5115; x_wconf 88' lang='lat' dir='ltr'><strong>in</strong></span> <span class='ocrx_word' id='word_1_879' title='bbox 2007 5062 2290 5136; x_wconf 68' lang='lat' dir='ltr'><strong>scripturis</strong></span> <span class='ocrx_word' id='word_1_880' title='bbox 2314 5063 2759 5136; x_wconf 75' lang='lat' dir='ltr'><strong>sauciissanctum</strong></span> <span class='ocrx_word' id='word_1_881' title='bbox 2788 5064 3007 5132; x_wconf 88' lang='lat' dir='ltr'><strong>aliquem</strong></span> <span class='ocrx_word' id='word_1_882' title='bbox 3031 5065 3356 5133; x_wconf 82' lang='lat' dir='ltr'><strong>Venatorem,</strong></span> <span class='ocrx_word' id='word_1_883' title='bbox 3388 5077 3528 5136; x_wconf 44' lang='lat' dir='ltr'><strong>etc.,</strong></span> 
     </span>
    </p>
   </div>
   <div class='ocr_carea' id='block_1_114' title="bbox 1998 5131 3501 5206">
    <p class='ocr_par' dir='ltr' id='par_1_114' title="bbox 1998 5131 3501 5206">
     <span class='ocr_line' id='line_1_115' title="bbox 1998 5131 3501 5206; baseline 0.005 -20"><span class='ocrx_word' id='word_1_884' title='bbox 1998 5142 2023 5179; x_wconf 76' lang='lat'><strong>8</strong></span> <span class='ocrx_word' id='word_1_885' title='bbox 2059 5132 2288 5206; x_wconf 82' lang='lat' dir='ltr'><strong>Lexicou</strong></span> <span class='ocrx_word' id='word_1_886' title='bbox 2317 5131 2720 5206; x_wconf 84' lang='lat' dir='ltr'><strong>Origenianum,</strong></span> <span class='ocrx_word' id='word_1_887' title='bbox 2763 5131 2904 5204; x_wconf 82' lang='lat' dir='ltr'><strong>quod</strong></span> <span class='ocrx_word' id='word_1_888' title='bbox 2947 5136 3102 5195; x_wconf 84' lang='lat' dir='ltr'><strong>Tom.</strong></span> <span class='ocrx_word' id='word_1_889' title='bbox 3139 5138 3225 5192; x_wconf 91' lang='lat' dir='ltr'><strong>III.</strong></span> <span class='ocrx_word' id='word_1_890' title='bbox 3267 5131 3501 5206; x_wconf 37' lang='lat' dir='ltr'><strong>Op&#39;erum</strong></span> 
     </span>
    </p>
   </div>
   <div class='ocr_carea' id='block_1_115' title="bbox 1934 5203 3509 5283">
    <p class='ocr_par' dir='ltr' id='par_1_115' title="bbox 1934 5203 3509 5283">
     <span class='ocr_line' id='line_1_116' title="bbox 1934 5203 3509 5283; baseline 0.003 -25"><span class='ocrx_word' id='word_1_891' title='bbox 1934 5203 2470 5283; x_wconf 53' lang='lat' dir='ltr'><strong>Iiierooytnianorum</strong></span> <span class='ocrx_word' id='word_1_892' title='bbox 2500 5205 2837 5283; x_wconf 36' lang='lat' dir='ltr'><strong>excuti-imus,</strong></span> <span class='ocrx_word' id='word_1_893' title='bbox 2871 5208 3021 5283; x_wconf 64' lang='grc' dir='ltr'><strong>ρῤσις</strong></span> <span class='ocrx_word' id='word_1_894' title='bbox 3055 5210 3217 5283; x_wconf 53' lang='grc' dir='ltr'><strong>αὐτῶν</strong></span> <span class='ocrx_word' id='word_1_895' title='bbox 3258 5203 3509 5283; x_wconf 58' lang='lat' dir='ltr'><strong>priefrfrt,</strong></span> 
     </span>
    </p>
   </div>
   <div class='ocr_carea' id='block_1_116' title="bbox 1922 5274 3494 5347">
    <p class='ocr_par' dir='ltr' id='par_1_116' title="bbox 1922 5274 3494 5347">
     <span class='ocr_line' id='line_1_117' title="bbox 1922 5274 3494 5347; baseline 0.002 -19"><span class='ocrx_word' id='word_1_896' title='bbox 1922 5275 1973 5328; x_wconf 92' lang='lat' dir='ltr'><strong>id</strong></span> <span class='ocrx_word' id='word_1_897' title='bbox 1995 5285 2102 5339; x_wconf 90' lang='lat' dir='ltr'><strong>est,</strong></span> <span class='ocrx_word' id='word_1_898' title='bbox 2146 5276 2322 5346; x_wconf 81' lang='lat' dir='ltr'><strong>ﬂuxus</strong></span> <span class='ocrx_word' id='word_1_899' title='bbox 2354 5290 2552 5328; x_wconf 87' lang='lat' dir='ltr'><strong>eorum.</strong></span> <span class='ocrx_word' id='word_1_900' title='bbox 2580 5274 2678 5329; x_wconf 89' lang='lat' dir='ltr'><strong>Ubi</strong></span> <span class='ocrx_word' id='word_1_901' title='bbox 2726 5274 2999 5330; x_wconf 65' lang='lat' dir='ltr'><strong>emendari</strong></span> <span class='ocrx_word' id='word_1_902' title='bbox 3031 5280 3278 5347; x_wconf 83' lang='lat' dir='ltr'><strong>equidem</strong></span> <span class='ocrx_word' id='word_1_903' title='bbox 3312 5274 3494 5332; x_wconf 79' lang='lat' dir='ltr'><strong>malim</strong></span> 
     </span>
    </p>
   </div>
   <div class='ocr_carea' id='block_1_117' title="bbox 2649 5348 3511 5415">
    <p class='ocr_par' dir='ltr' id='par_1_117' title="bbox 2649 5348 3511 5415">
     <span class='ocr_line' id='line_1_118' title="bbox 2649 5348 3511 5415; baseline 0.002 -16"><span class='ocrx_word' id='word_1_904' title='bbox 2649 5348 2850 5415; x_wconf 81' lang='lat' dir='ltr'><strong>[luxum</strong></span> <span class='ocrx_word' id='word_1_905' title='bbox 2879 5349 3039 5402; x_wconf 87' lang='lat' dir='ltr'><strong>noctis</strong></span> <span class='ocrx_word' id='word_1_906' title='bbox 3068 5349 3259 5414; x_wconf 78' lang='lat' dir='ltr'><strong>exponi</strong></span> <span class='ocrx_word' id='word_1_907' title='bbox 3281 5348 3511 5402; x_wconf 29' lang='lat' dir='ltr'><strong>solitum.</strong></span> 
     </span>
    </p>
   </div>
   <div class='ocr_carea' id='block_1_118' title="bbox 1924 5414 3499 5497">
    <p class='ocr_par' dir='ltr' id='par_1_118' title="bbox 1924 5414 3499 5497">
     <span class='ocr_line' id='line_1_119' title="bbox 1924 5414 3499 5497; baseline -0.002 -26"><span class='ocrx_word' id='word_1_908' title='bbox 1924 5432 2121 5471; x_wconf 86' lang='lat' dir='ltr'><strong>nomen</strong></span> <span class='ocrx_word' id='word_1_909' title='bbox 2149 5414 2300 5481; x_wconf 88' lang='lat' dir='ltr'><strong>illttd,</strong></span> <span class='ocrx_word' id='word_1_910' title='bbox 2333 5416 2554 5497; x_wconf 71' lang='lat' dir='ltr'><strong>minime</strong></span> <span class='ocrx_word' id='word_1_911' title='bbox 2584 5414 2712 5471; x_wconf 66' lang='lat' dir='ltr'><strong>vero</strong></span> <span class='ocrx_word' id='word_1_912' title='bbox 2751 5418 2952 5497; x_wconf 54' lang='lat' dir='ltr'><strong>ﬂuxum</strong></span> <span class='ocrx_word' id='word_1_913' title='bbox 2992 5434 3188 5497; x_wconf 75' lang='lat' dir='ltr'><strong>eorum,</strong></span> <span class='ocrx_word' id='word_1_914' title='bbox 3227 5425 3337 5497; x_wconf 74' lang='lat' dir='ltr'><strong>tum</strong></span> <span class='ocrx_word' id='word_1_915' title='bbox 3378 5415 3499 5497; x_wconf 70' lang='lat' dir='ltr'><strong>Iieie</strong></span> 
     </span>
    </p>
   </div>
   <div class='ocr_carea' id='block_1_119' title="bbox 1924 5486 3507 5549">
    <p class='ocr_par' dir='ltr' id='par_1_119' title="bbox 1924 5486 3507 5549">
     <span class='ocr_line' id='line_1_120' title="bbox 1924 5486 3507 5549; baseline -0.003 -8"><span class='ocrx_word' id='word_1_916' title='bbox 1924 5488 2136 5549; x_wconf 85' lang='lat' dir='ltr'><strong>Noster.</strong></span> <span class='ocrx_word' id='word_1_917' title='bbox 2169 5494 2281 5540; x_wconf 89' lang='lat' dir='ltr'><strong>tum</strong></span> <span class='ocrx_word' id='word_1_918' title='bbox 2322 5486 2427 5540; x_wconf 89' lang='lat' dir='ltr'><strong>alia</strong></span> <span class='ocrx_word' id='word_1_919' title='bbox 2464 5496 2713 5541; x_wconf 83' lang='lat' dir='ltr'><strong>sexcenta</strong></span> <span class='ocrx_word' id='word_1_920' title='bbox 2752 5486 2998 5540; x_wconf 86' lang='lat' dir='ltr'><strong>Veterum</strong></span> <span class='ocrx_word' id='word_1_921' title='bbox 3047 5486 3351 5541; x_wconf 69' lang='lat' dir='ltr'><strong>lesuimonia</strong></span> <span class='ocrx_word' id='word_1_922' title='bbox 3388 5486 3507 5539; x_wconf 59' lang='lat' dir='ltr'><strong>do-I</strong></span> 
     </span>
    </p>
   </div>
   <div class='ocr_carea' id='block_1_120' title="bbox 1922 5555 3497 5624">
    <p class='ocr_par' dir='ltr' id='par_1_120' title="bbox 1922 5555 3497 5624">
     <span class='ocr_line' id='line_1_121' title="bbox 1922 5555 3497 5624; baseline -0.003 -13"><span class='ocrx_word' id='word_1_923' title='bbox 1922 5568 2065 5612; x_wconf 88' lang='lat' dir='ltr'><strong>cent.</strong></span> <span class='ocrx_word' id='word_1_924' title='bbox 2106 5557 2244 5623; x_wconf 79' lang='lat' dir='ltr'><strong>Quin</strong></span> <span class='ocrx_word' id='word_1_925' title='bbox 2294 5556 2453 5611; x_wconf 87' lang='lat' dir='ltr'><strong>etiam</strong></span> <span class='ocrx_word' id='word_1_926' title='bbox 2506 5556 2606 5609; x_wconf 86' lang='lat' dir='ltr'><strong>hoc</strong></span> <span class='ocrx_word' id='word_1_927' title='bbox 2646 5558 2817 5624; x_wconf 88' lang='lat' dir='ltr'><strong>ipsum</strong></span> <span class='ocrx_word' id='word_1_928' title='bbox 2872 5555 3088 5623; x_wconf 81' lang='lat' dir='ltr'><strong>Magnus</strong></span> <span class='ocrx_word' id='word_1_929' title='bbox 3142 5556 3497 5623; x_wconf 81' lang='lat' dir='ltr'><strong>Hieronymus</strong></span> 
     </span>
    </p>
   </div>
   <div class='ocr_carea' id='block_1_121' title="bbox 1926 5624 3492 5697">
    <p class='ocr_par' dir='ltr' id='par_1_121' title="bbox 1926 5624 3492 5697">
     <span class='ocr_line' id='line_1_122' title="bbox 1926 5624 3492 5697; baseline -0.003 -16"><span class='ocrx_word' id='word_1_930' title='bbox 1926 5643 2203 5697; x_wconf 88' lang='lat' dir='ltr'><strong>perperam</strong></span> <span class='ocrx_word' id='word_1_931' title='bbox 2226 5628 2566 5697; x_wconf 85' lang='lat' dir='ltr'><strong>interpretari</strong></span> <span class='ocrx_word' id='word_1_932' title='bbox 2591 5625 2888 5697; x_wconf 78' lang='lat' dir='ltr'><strong>contendit,</strong></span> <span class='ocrx_word' id='word_1_933' title='bbox 2921 5639 2974 5677; x_wconf 79' lang='lat' dir='ltr'><strong>et</strong></span> <span class='ocrx_word' id='word_1_934' title='bbox 2989 5624 3111 5697; x_wconf 71' lang='lat' dir='ltr'><strong>jure</strong></span> <span class='ocrx_word' id='word_1_935' title='bbox 3140 5624 3353 5697; x_wconf 75' lang='lat' dir='ltr'><strong>quidem</strong></span> <span class='ocrx_word' id='word_1_936' title='bbox 3378 5639 3492 5681; x_wconf 90' lang='lat' dir='ltr'><strong>me-</strong></span> 
     </span>
    </p>
   </div>
   <div class='ocr_carea' id='block_1_122' title="bbox 1923 5693 3492 5764">
    <p class='ocr_par' dir='ltr' id='par_1_122' title="bbox 1923 5693 3492 5764">
     <span class='ocr_line' id='line_1_123' title="bbox 1923 5693 3492 5764; baseline -0.003 -13"><span class='ocrx_word' id='word_1_937' title='bbox 1923 5693 2045 5757; x_wconf 59' lang='lat' dir='ltr'><strong>rito,</strong></span> <span class='ocrx_word' id='word_1_938' title='bbox 2082 5700 2132 5751; x_wconf 92' lang='lat' dir='ltr'><strong>in</strong></span> <span class='ocrx_word' id='word_1_939' title='bbox 2159 5696 2553 5764; x_wconf 75' lang='lat' dir='ltr'><strong>Quiestionibus</strong></span> <span class='ocrx_word' id='word_1_940' title='bbox 2597 5696 2651 5749; x_wconf 91' lang='lat' dir='ltr'><strong>in</strong></span> <span class='ocrx_word' id='word_1_941' title='bbox 2697 5695 2969 5764; x_wconf 73' lang='lat' dir='ltr'><strong>Genesim.</strong></span> <span class='ocrx_word' id='word_1_942' title='bbox 3005 5693 3166 5757; x_wconf 77' lang='lat' dir='ltr'><strong>Male,</strong></span> <span class='ocrx_word' id='word_1_943' title='bbox 3204 5693 3393 5763; x_wconf 89' lang='lat' dir='ltr'><strong>inquit,</strong></span> <span class='ocrx_word' id='word_1_944' title='bbox 3443 5705 3492 5749; x_wconf 82' lang='lat' dir='ltr'><strong>et</strong></span> 
     </span>
    </p>
   </div>
   <div class='ocr_carea' id='block_1_123' title="bbox 1922 5762 3507 5835">
    <p class='ocr_par' dir='ltr' id='par_1_123' title="bbox 1922 5762 3507 5835">
     <span class='ocr_line' id='line_1_124' title="bbox 1922 5762 3507 5835; baseline 0.001 -15"><span class='ocrx_word' id='word_1_945' title='bbox 1922 5762 2262 5823; x_wconf 59' lang='lat' dir='ltr'><strong>viotenter&#39;in</strong></span> <span class='ocrx_word' id='word_1_946' title='bbox 2308 5767 2436 5820; x_wconf 90' lang='lat' dir='ltr'><strong>libro</strong></span> <span class='ocrx_word' id='word_1_947' title='bbox 2480 5765 2764 5818; x_wconf 84' lang='lat' dir='ltr'><strong>Nominum</strong></span> <span class='ocrx_word' id='word_1_948' title='bbox 2806 5762 3066 5831; x_wconf 85' lang='lat' dir='ltr'><strong>Zabulon,</strong></span> <span class='ocrx_word' id='word_1_949' title='bbox 3100 5762 3287 5819; x_wconf 83' lang='lat' dir='ltr'><strong>fluxus</strong></span> <span class='ocrx_word' id='word_1_950' title='bbox 3322 5767 3507 5835; x_wconf 72' lang='lat' dir='ltr'><strong>noctis</strong></span> 
     </span>
    </p>
   </div>
   <div class='ocr_carea' id='block_1_124' title="bbox 1922 5840 3517 5907">
    <p class='ocr_par' dir='ltr' id='par_1_124' title="bbox 1922 5840 3517 5907">
     <span class='ocr_line' id='line_1_125' title="bbox 1922 5840 3517 5907; baseline -0.003 -12"><span class='ocrx_word' id='word_1_951' title='bbox 1922 5840 2304 5907; x_wconf 79' lang='lat' dir='ltr'><strong>interpretatur.</strong></span> <span class='ocrx_word' id='word_1_952' title='bbox 3447 5884 3453 5892; x_wconf 84' lang='lat'><strong>.</strong></span> <span class='ocrx_word' id='word_1_953' title='bbox 3499 5858 3517 5868; x_wconf 63' lang='grc' dir='ltr'><strong><em>α</em></strong></span> 
     </span>
    </p>
   </div>
  </div>
