4078 6346
541 343 645 400 519

1570 344 1801 402 RUFINI
1842 341 2318 411 AQUILEIENSIS
2358 342 2786 399 PRESBYTER]

3704 338 3816 396 320

540 458 621 513 dit
645 473 705 514 se
726 474 895 529 usque
921 460 986 516 ad
1032 471 1341 527 venatores.
1374 472 1436 518 ut
1480 463 1596 532 ipse
1639 464 1810 517 discat
1838 464 2041 526 venari,
2067 461 2109 515 si
2143 464 2189 520 Δ
2221 461 2486 530 irrepunt,
2512 471 2569 517 et
2596 463 2781 515 volunt
2810 460 3168 515 exterminare
3198 458 3406 512 vineam
3434 453 3645 511 Domini
3677 455 3809 510 sab-

541 547 756 616 quando
809 549 939 605 ferat
966 551 1155 619 aliqua:
1186 563 1276 606 aut
1305 552 1492 621 vulpes
1538 552 1760 616 dolosze,
1805 552 1857 606 id
1901 562 2003 617 est,
2034 550 2121 604 vel

546 638 824 697 daznwncs
882 652 1080 711 truces,
1124 645 1207 701 vel
1254 645 1605 715 cogitationes
1646 645 1820 698 noxia:
1864 659 1959 698 cor
2009 643 2125 712 ejus

2231 553 2392 607 haoth
2427 564 2522 607 :ut
2567 552 2934 622 apprehendat
2980 565 3071 605 eas
3118 552 3376 605 malarum
3417 548 3811 619 cogitationum

2231 644 2515 699 laudabilis
2536 654 2761 700 venator
2780 645 3024 699 eliecms.

1505 789 2244 875 BENEDICTIO
2325 788 2874 872 ISACHAR.

512 973 517 977 ·
616 949 669 1005 1.
693 949 913 1005 isacmn
934 949 1119 1002 bonum
1165 949 1474 1015 concupivit,
1507 958 1532 987 ι
1557 950 1836 1020 requiescet
1870 950 1924 1003 in
1952 949 2118 1001 medio

547 1041 780 1105 sortium,
810 1048 854 1095 et
881 1040 1056 1093 videns
1095 1043 1338 1107 requiem,
1369 1042 1491 1111 quia
1535 1040 1667 1094 bona
1697 1050 1791 1104 est,
1839 1050 1886 1093 et
1932 1052 2125 1093 terram

545 1131 669 1200 quia
717 1130 923 1201 pinguis
969 1140 1065 1184 est.
1099 1130 1270 1184 Etiam
1322 1130 1408 1185 hic
1458 1142 1828 1199 competenter
1881 1130 2125 1184 Ilistoriaa

544 1220 679 1275 ordo
727 1229 994 1285 servatur,
1045 1220 1186 1291 quod
1246 1222 1297 1275 in
1351 1222 1529 1277 medio
1567 1230 1810 1289 sortium,
1841 1223 1891 1276 id
1940 1231 2043 1284 est,
2073 1222 2125 1276 in

542 1308 895 1365 divisionibus
925 1320 1103 1372 terrae,
1137 1326 1256 1380 qua!
1295 1312 1375 1366 eis
1407 1328 1501 1380 per
1531 1312 1712 1368 Jesum
1768 1314 1932 1366 tilium
1976 1312 2123 1368 Nave

544 1400 824 1454 distributa
857 1411 939 1455 est
988 1400 1139 1471 (los.
1166 1402 1251 1455 19.
1278 1402 1319 1471 ),
1350 1402 1626 1458 habitavit.
1673 1404 1877 1472 Quarta
1927 1405 2124 1458 etenim

545 1506 665 1546 sors
693 1506 758 1546 ex
793 1493 1179 1558 posterioribus
1227 1504 1430 1563 septem
1464 1497 1704 1551 tribubus
1736 1498 1786 1551 in
1827 1498 1960 1551 libro
2001 1497 2127 1553 Jusu

552 1583 699 1638 Nave
733 1584 900 1652 ipsius
928 1584 1159 1639 refertur
1208 1587 1385 1640 exisse
1415 1604 1426 1638 :
1455 1588 1576 1655 qnia
1623 1589 1741 1642 dure
1771 1589 1901 1643 semi
1933 1589 2122 1655 tribus,

548 1673 602 1728 id
650 1674 928 1738 est,Judae
955 1682 1011 1729 et
1058 1674 1333 1741 Ephraim,
1363 1687 1415 1730 et
1448 1678 1617 1731 media
1669 1678 1836 1732 tribus
1885 1679 2129 1734 Manasse

2230 962 2386 1017 quam
2418 947 2661 1016 requiem
2695 945 2970 1010 habuisse,
3000 943 3093 999 sed
3128 943 3179 997 in
3206 942 3499 1007 laboribus,
3535 940 3588 997 in
3625 955 3841 1013 pet-sec.

2227 1038 2551 1103 cutionihus,
2604 1040 2745 1093 sicut
2798 1038 2998 1092 Paulus
3046 1035 3334 1105 Apostolus
3386 1034 3605 1095 indicat.
3654 1047 3817 1087 omne

2230 1130 2352 1181 vita:
2397 1144 2508 1182 sine
2557 1137 2770 1199 tempus
2816 1128 3065 1183 habuisse
3111 1124 3336 1193 (‘2.Cor.
3364 1124 3498 1196 11.).
3528 1123 3817 1179 Videamus

2230 1236 2380 1289 ergo,
2411 1236 2478 1275 ne
2506 1221 2634 1274 illud
2667 1222 2733 1274 sit
2761 1220 2900 1291 quod
2933 1234 3111 1274 sermo
3153 1219 3253 1273 iste
3282 1218 3573 1287 significat,
3606 1216 3814 1279 dicens,

2234 1310 2302 1365 Et
2341 1313 2514 1365 videns
2542 1314 2787 1383 requiem,
2810 1313 2932 1382 quia
2970 1313 3100 1367 bona
3129 1320 3225 1376 est,
3257 1312 3378 1379 quia
3410 1309 3820 1364 considerantes

2231 1401 2460 1456 futuram
2511 1402 2767 1469 requiem,
2819 1413 2873 1455 et
2922 1402 3068 1471 regni
3116 1400 3372 1455 caelorum
3403 1395 3814 1462 beatitudinem,

2231 1504 2284 1547 et
2309 1493 2569 1558 omnium,
2595 1509 2712 1561 qua:
2754 1492 3079 1562 repromissa
3116 1500 3261 1555 sunt,
3292 1490 3518 1560 gloriam
3554 1498 3817 1544 contuen-

2231 1594 2332 1648 tes,
2365 1585 2592 1639 libcnter
2623 1586 2877 1639 humeros
2906 1598 3031 1639 suos
3060 1582 3395 1652 subjccerint
3433 1579 3501 1634 ad
3532 1579 3815 1634 laborem:

2231 1676 2299 1728 ad
2330 1676 2421 1729 illa
2451 1677 2592 1731 enim
2622 1676 2972 1745 respicientes
2998 1690 3117 1743 qua:
3146 1674 3324 1728 futura
3350 1682 3477 1727 sunt
3514 1670 3678 1738 bona,
3721 1685 3819 1740 pa-

551 1766 758 1834 priores
808 1776 1146 1835 acceperant.
1196 1768 1380 1822 [iuben
1427 1784 1553 1822 vero
1578 1778 1629 1824 et
1660 1767 1771 1823 Gad
1811 1778 1864 1823 et
1892 1769 2127 1824 dimidiae
2154 1794 2206 1852 Β
2235 1770 2431 1823 tienter
2476 1770 2762 1839 praesentia
2799 1768 3096 1823 tolerabant
3142 1766 3302 1829 mala,
3335 1766 3475 1820 sicut
3503 1772 3561 1819 et
3588 1762 3817 1833 Aposto-

551 1855 716 1911 tribui
755 1855 996 1912 Manasse
1041 1858 1176 1911 ultra
1226 1858 1512 1913 deanem
1564 1862 1830 1929 possessio
1872 1860 1991 1917 fuit.
2034 1862 2132 1918 Est

551 1960 681 2015 ergo
727 1948 936 2002 medius
983 1948 1214 2013 lsachar,
1260 1950 1380 2019 quia
1436 1959 1519 2004 est
1566 1961 1786 2020 quartus
1814 1967 1844 2006 e
1875 1961 2127 2019 septem:

552 2038 722 2108 gleba:
746 2040 923 2095 uberis
950 2052 1004 2095 et
1029 2040 1222 2095 feracis
1246 2042 1499 2111 agricola,
1538 2058 1660 2112 erga
1696 2044 1868 2099 solum
1910 2046 2127 2114 pingue,

555 2128 793 2185 laberetn
838 2130 1069 2186 libenter
1114 2132 1450 2201 impendens.
1499 2134 1567 2187 Et
1596 2135 1713 2189 haec
1751 2135 1965 2205 quidem
1990 2136 2132 2192 dicta

530 2219 664 2274 .sint
689 2229 944 2290 quantum
972 2224 1037 2277 ad
1072 2223 1381 2279 Historiam.

625 2310 679 2363 2.
712 2310 924 2366 Isachar
954 2328 1101 2381 vero,
1126 2314 1251 2383 quia
1291 2330 1482 2368 merces
1510 2315 1918 2386 interpretatur,
1960 2326 2136 2387 potest

558 2400 774 2455 illorum
813 2402 1037 2471 figuram
1078 2420 1313 2470 scrvare,
1346 2408 1433 2473 qui
1460 2406 1678 2461 dicunt:
1714 2407 1774 2463 Si
1795 2410 1929 2461 enim
1968 2412 2136 2465 volens

560 2494 935 2560 prwdicaeeio,
966 2496 1243 2548 mercedem
1268 2497 1426 2550 habeo
1467 2496 1542 2568 (1.
1570 2497 1691 2552 Cor.
1709 2498 1809 2570 9.).
1832 2500 1900 2553 Et
1927 2501 1994 2555 de
2022 2502 2136 2572 qui-

560 2582 660 2637 bts
697 2582 896 2636 dictqu
945 2596 1064 2638 est:
1102 2584 1233 2639 Ecce
1277 2587 1495 2642 Domini
1526 2590 1643 2657 filii,
1693 2606 1899 2656 merces,
1940 2594 2139 2660 [ructus

561 2674 746 2727 ventris
774 2674 956 2744 (Psal.
994 2676 1109 2730 1‘26.
1130 2675 1172 2745 ).
1203 2676 1404 2733 Merces
1437 2681 1633 2736 etenim
1665 2681 1784 2736 Filii
1837 2682 1950 2748 Dei,
1996 2685 2137 2753 quod

567 2764 801 2835 Virginis
832 2774 1039 2821 uterum
1070 2768 1273 2825 intrare
1312 2771 1555 2841 dignatus
1585 2781 1688 2842 est,
1718 2773 1960 2843 Apostoli
1992 2785 2139 2831 recte

564 2857 785 2927 putandi
810 2867 932 2911 sunt
961 2876 975 2913 :
1010 2860 1110 2927 ipsi
1145 2872 1265 2914 sum
1314 2866 1455 2916 enim
1491 2864 1582 2933 qui
1626 2866 2012 2933 concupierunt
2043 2867 2142 2921 bo-

565 2966 711 3016 num,
741 2951 807 3006 de
852 2967 1074 3021 quorum
1115 2956 1391 3009 animabus
1418 2954 1471 3010 in
1512 2956 1745 3012 Canticis
1790 2957 2137 3015 Canticorum

568 3041 782 3109 dicitur,
816 3045 1219 3101 Adolescentulte
1248 3049 1534 3104 dilexerunt
1581 3052 1685 3122 31
1715 3060 1763 3106 te
1809 3051 1992 3123 (Cant.
2023 3052 2138 3124 1.);

2233 1860 2315 1914 lus
2356 1860 2554 1914 Paulus
2582 1860 2649 1914 de
2690 1860 2837 1914 Mose
2875 1858 3027 1923 dicit,
3053 1858 3175 1928 quia
3201 1856 3397 1924 spretis
3436 1854 3813 1925 Egyptiorum

2234 1953 2525 2017 thesauris,
2558 1950 2719 2019 elegit
2751 1953 2928 2019 potius
2954 1947 3097 2004 ferre
3144 1946 3529 2017 improperium
3576 1941 3814 1998 Christi:

2234 2042 2554 2111 Respiciebat
2609 2044 2766 2112 enim,
2821 2040 3011 2112 inquit,
3073 2038 3143 2093 ad
3196 2037 3580 2094 retributionem
3630 2033 3821 2109 (Hebr.

2234 2134 2497 2206 41.25.).

2308 2226 2362 2280 5.
2393 2228 2501 2283 Sed
2530 2214 2781 2297 quoniam
2832 2224 3159 2280 instituimus
3195 2238 3375 2278 arcam
3405 2220 3707 2289 Scriptura!
3735 2217 3819 2272 di-

2234 2319 2394 2383 vinae,
2438 2333 2543 2371 non
2590 2318 2968 2372 bicameratam
3022 2318 3229 2380 solum,
3274 2313 3368 2367 sed
3425 2312 3819 2366 tricameratatn

2240 2410 2409 2483 (sicut
2437 2411 2503 2465 ad
2533 2410 2643 2465 Noe
2684 2408 2840 2480 (Gen.
2872 2408 2951 2478 6.)
2981 2424 3011 2462 a
3037 2408 3265 2462 Domino
3304 2404 3505 2459 dictum
3533 2402 3655 2473 est)
3694 2416 3823 2456 con-

2240 2512 2471 2569 struere,
2496 2502 2772 2556 videamus
2804 2514 2947 2554 nunc
2978 2499 3206 2570 qualiter
3236 2496 3391 2551 nobis
3416 2495 3632 2548 lsachar
3659 2492 3819 2547 etiam

2241 2597 2457 2651 tertium
2476 2595 2707 2649 aedificet
2738 2594 2941 2648 nidum.
2974 2592 3030 2646 In
3058 2589 3428 2660 superioribus
3456 2586 3815 2641 adsumsimus

2241 2702 2365 2744 eum
2416 2687 2707 2753 hominem,
2732 2686 2819 2755 qui
2874 2685 3145 2753 tripartito
3196 2683 3388 2736 anima:
3422 2688 3569 2733 motu
3614 2680 3706 2749 (ut
3741 2685 3823 2730 est

2245 2781 2407 2835 totius
2434 2778 2461 2817 δ
2492 2780 2684 2832 anima:
2711 2776 2966 2847 languor)
2998 2778 3074 2830 ira
3101 2783 3150 2828 et
3184 2773 3365 2827 furore
3395 2771 3503 2841 32
3527 2777 3820 2833 errantem,

2244 2871 2385 2940 quod
2450 2885 2546 2939 per
2592 2867 3077 2937 concupiscentiam
3136 2865 3371 2929 Ruben,
3429 2870 3484 2916 et
3543 2875 3640 2929 per
3691 2860 3821 2913 iram

2246 2961 2505 3032 Symeon,
2547 2969 2602 3016 et
2650 2960 2777 3015 Levi
2827 2958 3162 3027 prudentiam
3213 2970 3318 3009 non
3372 2963 3518 3009 recte
3568 2954 3824 3006 directam

2246 3054 2534 3122 signiﬁcari
2559 3068 2715 3124 posse
2744 3051 3097 3107 distinximus
3130 3068 3141 3105 :
3175 3050 3269 3105 sed
3295 3048 3435 3102 hunc
3456 3047 3567 3116 iam
3612 3046 3663 3099 iu
3691 3044 3824 3100 Juda

568 3145 625 3191 et
660 3153 777 3204 qua:
801 3136 981 3193 dicunt
1003 3139 1068 3193 ad
1100 3140 1317 3195 Jesum:
1351 3141 1476 3197 Post
1506 3155 1552 3197 te
1582 3144 1634 3197 in
1655 3147 1863 3198 odorem
1910 3163 2140 3216 unguen-
2168 3158 2214 3220 ο
2248 3145 2576 3199 ostendimus
2630 3144 3001 3214 poeuitentem,
3051 3151 3105 3197 et
3154 3143 3205 3195 iu
3252 3140 3489 3194 Zabulon
3541 3153 3612 3192 ex
3660 3135 3825 3191 multa

566 3235 734 3282 torum
789 3239 993 3284 tuorum
1045 3248 1304 3288 curramus
1349 3232 1579 3304 (Ibid.).
1626 3237 2043 3306 Requiescentes
2085 3238 2139 3292 in

567 3319 746 3373 medio
802 3322 1066 3390 sortium,
1124 3325 1298 3389 idest,
1362 3324 1415 3379 in
1473 3325 1649 3380 medio
1718 3338 1876 3382 terra:
1943 3331 2138 3392 bonae,

566 3418 722 3465 terra:
770 3410 985 3467 ﬂuentis
1044 3412 1125 3468 lac
1162 3424 1215 3469 et
1262 3414 1365 3469 mel
1414 3432 1429 3473 :
1481 3418 1532 3471 in
1584 3417 1761 3472 medio
1830 3417 1996 3486 ipsius
2051 3431 2142 3472 re-

567 3499 866 3569 quiescunt.
898 3503 1025 3570 Quae
1055 3512 1193 3558 terra
1232 3515 1349 3560 erat
1374 3512 1534 3561 Jcsus
1571 3507 1741 3563 ﬂuens
1772 3508 1855 3562 lac
1909 3517 1966 3562 et
2012 3507 2139 3571 mel,

568 3603 730 3659 super
758 3596 909 3662 cujus
935 3605 1139 3662 pectus,
1166 3612 1268 3650 nou
1292 3599 1467 3652 solum
1493 3596 1729 3652 Joannes
1761 3597 1955 3668 (Joan.
1984 3597 2099 3669 15.)
2125 3641 2141 3666 ,

568 3683 664 3738 sed
717 3683 769 3738 in
815 3684 1022 3742 Joanne
1068 3702 1254 3742 omnes
1301 3687 1549 3759 discipuli
1594 3690 1981 3743 recumbebant
2022 3707 2035 3742 :
2091 3699 2147 3745 et

571 3775 696 3830 facti
737 3786 862 3831 sunt
901 3779 1169 3848 agricolae.
1203 3781 1337 3835 Istos
1367 3781 1532 3836 fuisse
1572 3781 1856 3850 agricolas,
1890 3790 1947 3835 et
1986 3796 2146 3836 exco-

571 3868 737 3926 luisse
782 3880 974 3928 terram
1021 3884 1280 3943 nostram,
1312 3892 1469 3946 quam
1522 3878 1767 3947 pinguem
1816 3877 2147 3933 vlderantct

574 3962 789 4029 bonam,
829 3980 1095 4036 quamque
1136 3965 1302 4021 Filius
1332 3967 1564 4020 hominis
1591 3976 1808 4021 venerat
1852 3967 2144 4035 seminare,

568 4068 625 4114 et
645 4074 825 4114 semen
838 4062 953 4130 ejus
966 4062 1157 4117 cecidit
1174 4077 1336 4131 super
1352 4070 1547 4116 terram
1560 4062 1752 4115 bonam
1768 4060 1985 4132 (Matth.
2004 4064 2144 4132 13.),

566 4164 685 4221 qua:
722 4151 955 4207 adferret
996 4154 1243 4216 fructum,
1275 4151 1421 4205 aliud
1451 4150 1785 4217 tricesimum,
1814 4152 1960 4204 aliud
2000 4168 2148 4206 sexa—

566 4243 831 4313 gesimum,
862 4244 1007 4298 aliud
1031 4245 1357 4315 centesimum
1383 4241 1550 4316 (Luc.
1598 4244 1708 4312 8.).
1739 4243 1926 4299 Omnis
1949 4246 2016 4299 de
2047 4245 2149 4301 hoc

568 4334 843 4405 Scriptura
891 4347 1135 4401 testatur,
1163 4345 1218 4392 et
1272 4337 1540 4405 prmi-ipue
1592 4335 1788 4389 Paulus
1831 4338 2145 4406 Apostolus,

563 4427 659 4498 qui
689 4428 818 4481 dicit
849 4445 863 4481 :
904 4427 999 4481 Dei
1021 4430 1154 4481 enim
1186 4426 1565 4481 administratio
1594 4435 1689 4492 est,
1723 4426 1818 4481 Dei
1849 4428 2047 4483 cultura
2075 4438 2148 4485 est

569 4517 645 4589 (1.
674 4517 797 4575 Cor.
821 4518 922 4589 5.).
952 4518 1016 4572 Et
1047 4519 1236 4572 iterum
1271 4517 1409 4571 idem
1439 4516 1588 4581 dicit,
1618 4516 1971 4573 Laborantem
2001 4520 2142 4589 agri-
2170 4546 2222 4607 Β

564 4610 735 4663 colam
778 4618 993 4680 Oportet
1040 4610 1270 4677 primum
1318 4609 1387 4662 de
1431 4607 1694 4664 fructibus
1736 4610 2015 4680 percipere
2060 4611 2137 4681 (‘2.

566 4698 702 4756 Tim.
726 4700 907 4771 9.).Et
937 4702 1128 4754 iterum
1158 4700 1226 4754 de
1256 4700 1550 4769 semetipso
1572 4700 1698 4755 dicit
1731 4720 1743 4755 :
1779 4702 1907 4768 Quis
1942 4703 2143 4773 plantat

563 4795 783 4858 vineam,
816 4803 863 4847 et
893 4792 957 4846 de
993 4793 1164 4862 [ructu
1203 4792 1316 4861 ejus
1360 4808 1463 4844 non
1508 4792 1609 4845 edit
1649 4795 1726 4861 (1.
1760 4793 1878 4848 Cor.
1898 4794 2009 4863 9.)?
2037 4795 2143 4851 Sed

563 4881 794 4937 fortasse
821 4882 954 4935 dicis
984 4900 997 4934 ;
1032 4881 1096 4935 Et
1121 4878 1388 4950 quomodo
1414 4898 1598 4936 verum
1620 4893 1721 4950 est,
1750 4884 1871 4953 quia
1901 4887 2140 4955 requiem

564 4972 816 5026 viderunt
845 4972 1103 5039 Apostoli,
1145 4970 1285 5025 sicut
1332 4972 1419 5027 hie
1465 4972 1679 5040 dicitur,
1733 4974 1800 5028 Et
1840 4976 2015 5030 videns
2062 4993 2146 5031 re-

563 5063 751 5135 quiem,
783 5064 901 5132 quia
932 5062 1062 5116 bona
1093 5072 1167 5117 est
1198 5078 1219 5117 :
1243 5078 1404 5133 quum
1451 5075 1664 5122 constet
1694 5067 1980 5136 Apostolus
2007 5083 2145 5123 nun-

636 5174 1334 5249 {Videturemendandum
1374 5180 1711 5249 requiescens,
1743 5197 1864 5235 nam
1896 5190 1950 5236 et
1977 5182 2129 5238 Vete-

562 5260 653 5336 res
681 5246 849 5333 Latini
877 5247 967 5300 alii
995 5247 1199 5314 Patres,
1232 5258 1287 5303 et
1314 5246 1530 5307 Gnaeus
1557 5252 1672 5321 ipse
1701 5246 1879 5307 textus
1921 5253 2138 5322 praefert

562 5338 795 5374 αναπαυο
798 5339 945 5386 μενος

624 5387 663 5468 β)
698 5386 1088 5469 ldest,_0i_nnis.
1142 5388 1442 5469 Occurrunt
1488 5392 1749 5464 ejusmodi
1797 5394 2135 5469 locutionum

564 5457 727 5535 etiam
750 5457 888 5522 apud
911 5458 1044 5512 alios
1072 5463 1336 5535 exempla.
1368 5463 1497 5530 Quae
1516 5457 1818 5535 sequuntur
1850 5467 2032 5531 verba,
2055 5468 2137 5519 ira

565 5534 619 5603 et
644 5531 818 5595 furore
861 5538 1131 5603 errantem,
1161 5530 1211 5583 in
1241 5537 1437 5603 mendo
1484 5530 1711 5603 cubant;
1742 5553 1806 5591 ac
1852 5547 1998 5591 certe
2022 5530 2137 5590 aut

565 5597 655 5679 illa
703 5599 1050 5679 expungeuda
1098 5609 1243 5666 sunt,
1271 5602 1351 5679 ira
1388 5615 1432 5658 et
1459 5597 1794 5679 [uroreaaut
1838 5608 2131 5676 supplenda

566 5675 737 5729 istaec,
777 5675 994 5732 ratione,
1022 5681 1066 5723 et
1095 5676 1521 5739 concupiscentia.
1553 5678 1704 5732 Tunc
1740 5691 1871 5733 vero
1916 5675 2134 5744 erraret,

565 5746 663 5817 aut
679 5748 1037 5817 errassettpru
1061 5750 1314 5817 errantem
1342 5749 1626 5817 rescribas.
1657 5748 1824 5817 Hujus
1851 5748 1932 5810 rei
1966 5747 2133 5814 gratia

567 5807 621 5863 et
650 5807 844 5876 locum,
875 5807 953 5866 ad
970 5827 1125 5883 quem
1157 5816 1378 5886 respicit
1405 5816 1628 5877 Ruﬁnus
1662 5807 1937 5889 ex'priore
1966 5807 2136 5872 Dene-

2250 3245 2400 3304 parte
2425 3250 2767 3304 conversum,
2801 3238 2851 3289 in
2880 3234 3094 3290 lsachar
3122 3248 3275 3299 vero,
3307 3232 3396 3302 qui
3424 3245 3612 3284 merces
3657 3229 3826 3283 inter-

2245 3336 2503 3397 pretatur,
2533 3328 2643 3397 jam
2691 3327 2939 3382 videmus
2985 3341 3107 3381 eum
3139 3324 3301 3380 etiam
3351 3322 3655 3377 mercedem
3703 3320 3825 3375 boni

2245 3421 2426 3489 operis
2454 3431 2873 3489 exSpectantem,
2898 3419 3022 3488 quia
3049 3433 3154 3472 non
3184 3416 3354 3472 solum
3379 3413 3574 3484 abjccit
3604 3413 3823 3476 malum,

2246 3510 2341 3565 sed
2386 3521 2441 3565 et
2486 3511 2791 3579 concupivit
2836 3510 3058 3578 bonum,
3090 3510 3336 3564 etiamin
3368 3506 3557 3563 medio.
3606 3506 3827 3560 sortium

2247 3600 2551 3669 requiescit.
2585 3600 2641 3654 In
2680 3600 2857 3655 medio
2882 3611 3060 3655 autem
3087 3606 3192 3666 est,
3223 3601 3312 3669 qui
3343 3598 3640 3655 secundum
3683 3611 3827 3652 com-

2248 3691 2595 3746 monitionem
2642 3692 2952 3761 Sapientiae,
2982 3706 3088 3746 non
3116 3692 3350 3747 declinat
3388 3704 3562 3760 neque
3591 3688 3657 3743 ad
3700 3689 3829 3745 dex-

2247 3792 2383 3838 tram
2421 3799 2595 3854 neque
2625 3783 2689 3838 ad
2720 3784 3012 3852 sinistram,
3034 3783 3135 3839 hoc
3156 3796 3239 3839 est
3264 3784 3433 3853 enim,
3463 3791 3610 3837 recte
3633 3782 3824 3836 lineam

2250 3885 2457 3941 tenere,
2485 3888 2539 3931 et
2568 3876 2709 3931 viam
2741 3877 2951 3931 virtutis
2980 3877 3251 3942 incedere,
3284 3878 3336 3932 in
3366 3891 3473 3948 quo
3501 3875 3662 3930 etiam
3708 3891 3826 3930 sor-

2250 3977 2330 4023 tes
2357 3969 2437 4022 sic
2461 3977 2685 4038 possunt
2722 3966 2972 4037 intelligi.
2994 3968 3125 4023 Sors
3146 3967 3363 4033 dicitur,
3400 3982 3494 4036 per
3522 3981 3684 4036 quam
3720 3971 3826 4021 ha:-

2248 4059 2490 4114 reditatis
2519 4059 2691 4128 portio
2720 4058 3005 4127 unicuique
3037 4058 3304 4125 tribuitur,
3338 4073 3444 4113 non
3475 4073 3593 4127 qua:
3617 4069 3815 4114 eventu

2247 4153 2428 4222 aliquo
2476 4160 2722 4207 constare
2765 4151 3035 4219 videatur,
3076 4152 3216 4206 sicut
3242 4160 3431 4221 gentes
3464 4161 3680 4219 putant;
3726 4150 3827 4206 sed

2247 4259 2368 4315 qua:
2399 4244 2490 4299 Dei
2527 4244 2731 4315 judicio
2756 4252 2812 4298 et
2840 4243 3243 4312 dispensatione
3276 4242 3603 4299 decernitur.
3640 4244 3827 4300 Sortes

2248 4351 2377 4405 ergo
2408 4335 2563 4391 nobis
2593 4336 2644 4390 in
2679 4336 2779 4390 hac
2809 4334 2995 4388 Morali
3034 4336 3391 4404 expositione,
3427 4334 3677 4388 mandata
3712 4333 3828 4401 Dei,

2248 4444 2344 4499 per
2369 4443 2486 4499 quae
2525 4426 2812 4483 haereditas
2862 4426 3093 4481 caelestis
3144 4426 3413 4494 capietur,
3467 4423 3830 4495 intelligenda:

2248 4532 2390 4577 sunt.
2424 4522 2529 4578 Iste
2561 4536 2711 4593 ergo,
2740 4520 2839 4591 qui
2853 4520 2964 4589 jam
2990 4533 3303 4585 conversus,
3328 4520 3490 4574 etiam
3523 4519 3829 4574 mercedem

2245 4626 2467 4679 operum
2518 4627 2736 4667 suorum
2769 4620 2968 4681 sperat,
3003 4624 3218 4678 semper
3250 4610 3301 4663 in
3347 4608 3528 4663 medio
3574 4610 3827 4675 sortium,

2244 4702 2299 4757 id
2321 4714 2443 4771 est,
2474 4704 2525 4757 in
2558 4703 2735 4757 medio
2762 4700 3134 4756 mandatorum
3171 4700 3265 4754 Dei
3294 4700 3606 4769 requiescit,
3642 4701 3828 4756 videns

2247 4797 2487 4865 requiem
2510 4796 2633 4864 quia
2663 4796 2800 4849 bona
2828 4803 2931 4860 est,
2964 4802 3019 4847 et
3069 4802 3265 4848 terram
3310 4793 3433 4862 quia
3482 4793 3699 4861 pinguis
3729 4803 3828 4848 est.

2248 4889 2603 4957 Posteaquam
2656 4902 2909 4957 pugnam,
2942 4900 3062 4955 quae
3106 4894 3222 4940 erat
3274 4886 3411 4939 intra
3445 4899 3505 4940 se
3543 4886 3828 4954 cogitatio-

2248 4996 2398 5051 num,
2433 4981 2560 5035 dum
2594 4981 2645 5033 in
2669 4994 2733 5034 eo
2765 4977 3170 5046 concupisceret
3219 4990 3348 5031 caro
3394 4975 3686 5030 adversum
3717 4973 3829 5043 Spi-

2250 5073 2436 5138 ritum,
2461 5081 2516 5127 et
2541 5072 2761 5142 spiritus
2790 5058 3076 5125 adversum
3122 5082 3362 5135 carnem,
3391 5067 3600 5137 depulit
3634 5077 3690 5123 et
3735 5082 3830 5122 ex-

2249 5189 2488 5244 dietione
2528 5189 2626 5242 sub
2668 5187 2849 5252 ﬁnem,
2882 5183 3246 5239 adnectendus
3286 5192 3387 5238 est.
3425 5184 3610 5249 Omne,
3638 5184 3834 5255 inquit,

2244 5277 2343 5329 quo
2371 5260 2606 5312 innititur
2626 5255 2921 5329 anima,v_el
2952 5265 3205 5329 mouetur,
3221 5255 3535 5329 autirw,aut
3565 5255 3827 5329 desiderii,

2146 5342 2153 5345 ‘
2243 5325 2335 5384 aut
2363 5331 2577 5383 rationis
2601 5338 2677 5381 est
2701 5344 2721 5382 :
2749 5338 2795 5381 et
2825 5327 2940 5379 ideo
2963 5326 3116 5379 totius
3158 5326 3274 5377 vitte
3314 5325 3553 5379 humana:
3581 5335 3749 5379 status
3779 5327 3830 5379 in

2245 5402 2356 5455 istis
2386 5400 2547 5453 tribus
2580 5400 2703 5468 ﬁliis
2732 5396 2892 5450 Jacob
2922 5396 3218 5449 adumbrari
3247 5396 3375 5468 milii
3403 5396 3623 5468 uidetur,
3647 5405 3703 5468 et
3743 5411 3832 5468 per

2247 5473 2386 5541 ipsos
2432 5466 2721 5539 tripartitus
2751 5469 2841 5520 iste
2876 5476 3043 5541 motus
3073 5468 3259 5541 animle
3311 5466 3575 5541 designari
3597 5467 3690 5541 :‘in
3719 5466 3833 5536 qui-

2247 5535 2341 5595 bus
2364 5535 2527 5594 servat
2559 5541 2778 5610 primam
2810 5537 3231 5610 concupiscentiae
3266 5537 3488 5610 speciem
3533 5535 3834 5592 Ruben...“

2244 5611 2535 5666 Secundam
2560 5606 2672 5674 ircc,
2707 5610 2783 5661 vel
2810 5609 2999 5677 furoris
3027 5606 3242 5677 speciem
3276 5616 3407 5658 tenet
3446 5606 3831 5677 Syriacam..."

2241 5682 2468 5737 Tertiam
2490 5681 2707 5748 formam
2730 5674 2896 5732 motus
2925 5676 3246 5748 rationabilis
3278 5683 3411 5730 tenet
3432 5674 3577 5748 Leni.
3596 5684 3733 5747 διε..
3763 5691 3829 5735 ex

2244 5752 2436 5823 quibus
2464 5746 2588 5807 licet
2612 5756 2867 5819 corrupto
2893 5747 3013 5803 loco
3043 5761 3129 5803 me
3152 5747 3366 5802 liciuam
3401 5746 3684 5804 adhibere.
