4078 6346
221 370 313 425 521

804 373 891 428 DE
930 371 1553 430 BENEDICTIUNIBUS
1591 370 2186 435 PATRIARCIIARUM
2229 378 2428 435 LIBER
2469 375 2851 438 SECUNDUS.

3392 379 3503 438 322

220 486 402 551 elusit,
450 486 724 557 requievit
753 488 971 557 spiritus
998 489 1115 558 ejus
1160 489 1211 543 in
1256 490 1367 543 Deo
1397 508 1409 541 :
1445 499 1498 542 et
1531 499 1657 543 tunc
1687 490 1816 555 vidit
1850 500 1890 553 Α
1924 509 2038 547 rum
2066 512 2215 549 suum
2244 498 2312 550 ad
2346 496 2708 563 laborandum,
2733 509 2783 551 et
2808 500 2979 567 factus
3015 505 3090 551 est
3129 495 3207 551 vir
3249 498 3500 570 agricola.

223 578 416 631 bonam
448 592 572 632 esse
601 579 868 643 requiem,
899 578 1113 647 quando
1156 579 1265 646 jam
1298 579 1481 633 dicere
1527 578 1577 631 ci
1611 587 1821 645 poterat

220 668 398 735 Iesus,
444 666 625 723 Venite
648 668 937 738 paululum,
965 680 1012 723 et
1040 670 1352 738 requiescite.
1388 669 1495 723 Sed
1529 679 1583 723 ct
1618 678 1817 722 terram

224 758 374 823 vidit,
410 760 541 827 quia
577 759 717 814 bona
765 770 865 816 est.
898 760 1126 827 Quando
1160 762 1293 815 vidit
1344 771 1543 815 terram
1586 760 1821 813 bonum?

224 852 440 922 quando
470 866 695 907 carnem
729 869 878 908 suam
910 870 939 907 a
993 854 1137 908 vitiis
1167 863 1220 907 et
1250 852 1701 922 concupiscentiis
1724 867 1819 905 ev-

228 943 499 1013 purgavit,
528 954 657 998 tunc
685 960 803 998 eam
841 945 974 997 vidit
1003 954 1200 998 terram
1231 959 1352 999 esse
1384 945 1578 997 bonam
1620 951 1673 995 et
1702 942 1822 1010 pin-

224 1050 379 1103 gnem
436 1036 557 1090 sine
604 1036 791 1103 dubio,
838 1052 957 1106 qua:
1011 1036 1187 1090 adfert
1239 1036 1442 1090 fructus
1490 1034 1711 1104 justitia:
1767 1033 1819 1086 in

225 1128 481 1198 operibus
526 1129 708 1185 bonis.
744 1130 853 1184 lloc
894 1129 1042 1185 enim
1087 1130 1297 1193 videns,
1330 1130 1597 1198 supposuit
1646 1128 1823 1180 hume-

1924 590 2167 656 Agricola
2217 599 2373 645 terra:
2418 607 2531 645 suae
2563 593 2829 661 putandus
2861 603 2943 647 est
2990 593 3100 659 ille,
3149 594 3238 661 qui
3283 608 3505 661 campos

1923 682 2116 734 anima-
2145 698 2274 748 sum,
2305 684 2592 753 cordisque
2615 687 2699 739 sui
2731 685 2939 739 novalia
2971 684 3335 740 indesinenter
3352 686 3503 740 verbi

1926 770 2018 824 Dei
2050 781 2228 824 aratro
2257 784 2309 826 et
2340 774 2738 843 Scripturarum
2765 791 2989 831 vomere
3018 776 3214 831 scindit
3236 787 3290 829 et
3310 778 3506 843 sulcat,

1922 863 2009 929 qui
2044 864 2303 930 plantaria
2353 865 2472 919 fidei
2504 875 2557 920 et
2585 868 2827 921 caritatis
2858 882 2920 921 ac
2950 867 3065 937 spei
3096 876 3150 922 et
3184 867 3408 937 iustitiae
3436 869 3505 922 de

1924 955 2084 1009 Israel
2135 956 2372 1010 fontibus
2421 958 2577 1025 rigat,
2606 968 2661 1013 et
2711 974 2925 1014 omnem
2971 960 3311 1029 agriculturae
3340 958 3508 1014 disci-

1928 1048 2127 1117 plinam
2162 1049 2214 1100 iu
2247 1049 2443 1102 animte
2474 1063 2583 1104 sua:
2613 1066 2738 1106 rure
2769 1051 3146 1122 deprehendit.

1340 1264 2070 1360 BENEDICTIO
2124 1256 2399 1345 DAN.

295 1426 403 1497 33
430 1426 481 1481 1.
505 1425 623 1480 ΒΑΝ
649 1425 892 1493 iudicabit
919 1427 1166 1497 populum
1193 1445 1343 1482 suum
1378 1439 1623 1500 tanquam
1650 1434 1694 1486 si
1718 1445 1823 1483 una

228 1516 413 1571 Tribus
442 1519 496 1571 in
522 1515 712 1571 Israel.
742 1517 809 1572 Et
835 1519 927 1588 ﬁat
959 1517 1077 1572 Dan
1105 1535 1313 1587 serpens
1346 1522 1397 1575 in
1426 1523 1505 1575 via
1525 1562 1540 1587 ,
1582 1523 1823 1575 adsidens

230 1625 380 1679 super
397 1612 670 1675 semitam,
694 1611 936 1664 mordens
965 1613 1262 1664 calcaneum
1288 1614 1404 1681 equi
1428 1623 1474 1666 et
1504 1614 1649 1666 cadet
1673 1629 1823 1682 eques

229 1712 532 1756 retrorsum.
568 1702 807 1759 Salutem
847 1715 1143 1773 exspectans
1178 1721 1211 1758 a
1243 1705 1480 1761 Domino.
1518 1706 1685 1775 Hujus
1719 1706 1822 1761 loci

1930 1420 2201 1476 Volueriut
2231 1458 2246 1480 ,
2294 1416 2527 1471 morderi
2581 1418 2761 1488 utique
2790 1434 2818 1474 a
2865 1430 3113 1492 serpente
3154 1439 3256 1481 non
3307 1431 3508 1499 potuit;

1930 1512 1977 1565 si
2033 1512 2085 1564 in
2142 1510 2342 1577 equite,
2400 1509 2593 1564 cadere
2644 1510 2752 1581 34
2797 1520 3129 1583 retrorsum,
3174 1528 3227 1573 et
3280 1521 3506 1577 salutent

1930 1612 2249 1673 exspectare
2278 1618 2307 1656 a
2334 1601 2592 1669 Domino,
2622 1602 2802 1657 Deitas
2827 1603 2988 1660 Verbi
3022 1623 3127 1662 non
3150 1622 3514 1680 competenter

1930 1698 2159 1754 dicetur.
2187 1698 2313 1752 Inde
2337 1706 2483 1767 puto,
2509 1699 2648 1767 quod
2666 1699 2777 1753 Dan
2805 1701 3032 1759 fortasse
3053 1704 3118 1758 ad
3142 1705 3289 1761 illum
3317 1710 3514 1765 rectius

235 1795 487 1861 llistoria,
518 1796 775 1864 quoniam
805 1794 857 1848 in
888 1794 1179 1865 Scripturis
1207 1797 1441 1863 sanetis,
1473 1808 1728 1866 quantum
1757 1798 1821 1851 ad
1862 1835 1906 1893 Β
1936 1792 2285 1846 transferatur
2337 1790 2396 1856 τί,
2438 1792 2527 1860 qui
2574 1791 2736 1860 iudex
2779 1804 3122 1863 exspectatur
3164 1800 3404 1856 vivorum
3461 1812 3516 1858 et

232 1887 334 1941 mei
363 1902 560 1943 sensus
589 1888 907 1957 parvitatem
932 1898 1163 1957 spectat,
1193 1904 1296 1942 non
1320 1897 1347 1925 σι
1379 1888 1533 1943 facile
1564 1890 1827 1944 invenitur

235 1980 515 2035 evidenter
558 1993 854 2049 expressa,
906 1982 987 2033 \el
1032 1980 1303 2049 quomodo
1344 1980 1664 2051 judicaverit
1714 1983 1823 2035 Dan

1937 1893 2271 1938 mortuorum
2308 1899 2320 1935 :
2355 1883 2475 1952 quia
2512 1883 2642 1948 Dan,
2660 1884 2938 1954 judicium,
2965 1888 3044 1942 vel
3062 1889 3230 1961 jadex
3261 1892 3519 1963 interpre-

1930 1985 2095 2029 tatur.
2125 1973 2379 2028 Dominus
2408 1986 2538 2040 ergo
2557 1972 2715 2027 Iesus
2746 1972 2993 2029 Christus
3014 1979 3103 2048 qui
3135 1979 3283 2043 dicit,
3327 1981 3438 2054 Ego
3462 1984 3515 2037 in

240 2074 499 2143 populum
547 2074 704 2143 quasi
756 2089 915 2127 unum
955 2074 1148 2128 tribum
1170 2114 1185 2139 ,
1241 2074 1318 2127 vel
1352 2074 1621 2143 quomodo
1652 2074 1704 2127 in
1745 2074 1826 2127 via
1921 2068 2179 2138 judicium
2206 2067 2317 2119 veni
2344 2066 2397 2119 in
2420 2064 2555 2117 hunc
2577 2066 2822 2119 mundum
2852 2065 3031 2136 (Joan.
3059 2068 3139 2139 9.)
3168 2088 3182 2123 ε
3212 2082 3265 2126 et
3293 2073 3514 2141 iterum,

236 2165 507 2219 adsederit
562 2182 577 2219 :
622 2180 691 2219 ne
736 2163 874 2218 forte
917 2165 1116 2233 aliquid
1162 2166 1304 2235 quod
1357 2168 1703 2233 probameuta
1760 2165 1826 2219 de

240 2259 534 2326 Scripturis
560 2258 736 2312 minus
759 2258 809 2311 vi
833 2264 999 2312 lcatur
1024 2258 1243 2321 habere,
1272 2260 1625 2326 proferamus,
1654 2260 1827 2329 magis

234 2364 349 2419 qua:
405 2350 605 2419 scripta
648 2357 774 2403 sunt
815 2350 879 2400 ad
921 2348 1216 2417 spiritalem
1249 2349 1651 2417 intelligentiam
1697 2349 1826 2402 mihi

240 2443 489 2498 vidrntur
516 2442 776 2511 aptanda.
804 2440 915 2495 Nisi
946 2442 1081 2495 forte
1121 2442 1171 2494 in
1205 2441 1286 2494 his
1317 2440 1499 2505 bellis,
1541 2455 1662 2509 quin
1710 2441 1829 2494 sive

236 2518 304 2588 ab
321 2536 446 2591 Iesu
471 2537 640 2603 Nave,
658 2536 771 2589 sive
790 2537 842 2588 in
863 2534 1108 2589 Iudicum
1128 2533 1265 2588 libro
1280 2535 1476 2602 scripta
1502 2533 1825 2599 referuntur,

236 2627 499 2698 aliquibus
537 2627 673 2682 inibi
714 2627 908 2698 gestis,
944 2626 1055 2680 haec
1085 2640 1204 2695 quae
1233 2627 1430 2695 scripta
1476 2634 1603 2679 sunt
1646 2625 1831 2679 conle-

238 2732 443 2777 rantur.
502 2719 787 2777 Curiosius
840 2719 1211 2789 perquirentes
1260 2734 1362 2772 nos
1422 2729 1639 2783 tamen,
1702 2718 1831 2773 licet

240 2816 472 2869 nondum
501 2813 647 2885 quod
680 2813 961 2867 intentioni
1008 2821 1205 2866 nostra:
1246 2811 1611 2876 satisfaceret,
1643 2812 1834 2881 depre-

249 2906 532 2962 hendimus
586 2922 601 2959 :
650 2915 866 2968 tamen,
914 2918 1034 2973 qua:
1068 2903 1119 2957 in
1167 2903 1544 2957 nonnullorum
1584 2904 1833 2971 opinione

250 2998 541 3062 habentur,
575 3000 915 3066 exponimus.

308 3093 362 3146 2.
401 3092 591 3148 Dicunt
622 3090 650 3131 ι)
680 3093 929 3162 quidam,
965 3096 1354 3152 Antichristqu
1387 3114 1481 3166 per
1515 3101 1626 3154 haec
1676 3100 1833 3153 verba

1932 2161 2090 2215 Pater
2108 2161 2357 2214 neminem
2381 2159 2609 2230 judicat,
2638 2158 2727 2212 sed
2750 2176 2897 2213 omne
2913 2162 3174 2232 judicium
3208 2162 3347 2220 Filio
3378 2170 3518 2222 dedit

1932 2253 2099 2323 (Ibid.
2129 2255 2241 2323 5.);
2277 2254 2391 2322 ipse
2423 2255 2677 2322 populum
2709 2269 2863 2309 suum
2898 2266 3147 2327 tanquam
3180 2275 3337 2313 unam
3370 2261 3519 2330 judi-

1931 2349 2073 2403 cabit
2100 2348 2320 2402 Tribum
2344 2389 2359 2412 ,
2394 2361 2498 2400 non
2525 2348 2669 2401 enim
2705 2348 2845 2402 ultra
2877 2350 2978 2404 erit
3001 2349 3196 2405 divisio
3218 2352 3476 2407 Tribuum
3497 2397 3513 2421 ,

1934 2456 2041 2495 non
2069 2440 2174 2493 ulla
2205 2440 2504 2503 diversitas,
2530 2439 2622 2493 sed
2648 2438 2784 2493 sicut
2809 2440 2923 2509 ipse
2947 2440 3022 2496 ait
3049 2458 3063 2497 :
3085 2441 3199 2497 Erit
3220 2461 3352 2500 unus
3372 2462 3517 2518 grex,

1932 2544 1977 2589 et
2007 2551 2138 2588 unus
2160 2541 2337 2604 pastor
2368 2530 2531 2604 (Ibid.
2564 2529 2701 2602 10.).

2005 2643 2058 2697 5.
2098 2642 2250 2711 Quod
2300 2652 2479 2697 autem
2524 2643 2735 2710 aliquos
2763 2642 2972 2698 videtur
3002 2643 3276 2701 deterrere
3326 2648 3378 2703 in
3423 2649 3524 2706 hoc

1943 2734 2093 2800 loco,
2142 2736 2242 2788 iste
2290 2749 2466 2787 sermo
2510 2734 2598 2802 qui
2646 2731 2923 2802 sequitur,
2968 2735 3187 2803 dicens,
3239 2735 3361 2793 Fiat
3404 2739 3525 2794 Dan

1945 2844 2149 2898 serpens
2168 2828 2217 2879 in
2241 2827 2321 2879 via
2339 2841 2357 2878 :
2380 2836 2436 2880 ct
2460 2826 2583 2892 quia
2605 2840 2829 2895 serpens
2870 2826 3178 2897 frequenter
3200 2831 3252 2884 in
3279 2832 3523 2902 Scriptu-

1946 2922 2022 2973 ris
2052 2921 2104 2972 in
2135 2918 2331 2973 diaboli
2357 2932 2581 2986 persona
2614 2919 2860 2986 ponitur,
2892 2931 3076 2987 putant
3107 2922 3207 2976 hoc
3234 2940 3338 2979 non
3372 2940 3527 2995 posse

1944 3012 2169 3067 Domino
2209 3014 2515 3066 convenire.
2547 3012 2651 3065 Sed
2681 3012 2725 3065 si
2758 3014 3042 3067 redeamus
3085 3015 3151 3069 ad
3183 3015 3484 3088 Scripturas
3508 3058 3526 3085 ,

1940 3107 2081 3160 sicut
2135 3106 2431 3159 invenimus
2462 3106 2671 3160 leonem
2703 3106 2807 3159 dici
2836 3106 3107 3163 diabolum
3131 3150 3147 3165 .
3179 3111 3268 3179 qui
3300 3111 3529 3167 circum.

243 3184 460 3251 praedici
492 3185 561 3239 de
593 3185 691 3238 ista
721 3186 861 3239 tribu
896 3188 1130 3242 futurum
1167 3206 1179 3241 :
1213 3190 1301 3242 alii
1332 3190 1397 3244 de
1427 3201 1449 3230 ο
1481 3191 1614 3244 Iuda
1648 3192 1831 3260 prodi-
1862 3216 1908 3279 ο
1942 3195 2076 3256 iens,
2126 3196 2314 3263 qumrit
2338 3210 2497 3262 quem
2542 3204 2848 3249 transvoret
2887 3197 2963 3267 (l.
3013 3196 3126 3252 Pet.
3164 3201 3242 3270 5.)
3277 3218 3289 3253 :
3329 3184 3393 3255 et
3414 3212 3529 3257 tau-

244 3285 362 3331 tore
399 3279 509 3331 haec
533 3279 736 3345 scripta
762 3293 881 3333 esse
909 3280 1273 3347 SllSpicallllll',
1305 3290 1359 3336 et
1410 3281 1640 3351 equitem
1672 3294 1830 3351 atque

247 3382 473 3437 equum,
528 3368 812 3423 Dominum
863 3385 982 3424 cum
1022 3386 1182 3427 carne
1227 3384 1473 3441 suscepta
1505 3414 1520 3439 ,
1567 3374 1834 3444 designari

252 3460 457 3513 volunt.
505 3459 609 3514 Sed
651 3461 738 3513 vix
785 3462 911 3514 mihi
951 3463 1161 3517 videtur
1200 3464 1459 3532 explicui
1504 3479 1663 3532 posse
1714 3465 1835 3519 talis

248 3550 594 3621 intelligentia
652 3568 665 3603 :
720 3553 844 3621 quia
889 3564 942 3608 et
982 3554 1027 3608 si
1059 3556 1112 3609 iu
1141 3568 1280 3624 equo
1328 3554 1591 3609 Deitatem
1639 3568 1839 3625 ponere

320 3715 347 3745 ἰ
379 3706 703 3762 Econtrario
734 3708 862 3762 nihil
892 3707 959 3764 de
998 3709 1166 3765 literm
1198 3724 1359 3766 sensu
1400 3710 1605 3766 dubitat
1636 3711 1839 3766 doctis-

250 3777 421 3850 simus
452 3777 811 3850 Interpretum
849 3781 1227 3850 llietouymus,
1258 3795 1487 3850 cumque
1517 3798 1583 3837 eo
1612 3782 1841 3836 Ambro-

251 3851 378 3903 sius.
410 3848 504 3903 Ille
562 3848 807 3915 Samson,
834 3851 924 3915 ait,
955 3848 1129 3905 Iudex
1160 3852 1211 3905 in
1255 3848 1423 3906 Israel
1453 3854 1515 3907 de
1551 3852 1683 3907 tribu
1722 3852 1840 3907 Dan

252 3920 363 3989 fuit.
392 3919 508 3973 IIoc
529 3937 651 3991 ergo
680 3921 826 3985 dicit,
858 3932 963 3975 etc.
1000 3922 1116 3985 llic,
1149 3922 1387 3992 Simplex
1416 3926 1701 3978 intellectus
1744 3926 1841 3978 hoc

252 3993 435 4062 liabet,
483 3992 626 4062 qugd
680 3994 831 4044 etiam
883 3992 999 4045 Dan
1056 3993 1216 4046 tribus
1259 3992 1497 4049 Iudicem
1554 3996 1750 4048 dederit
1788 3996 1841 4051 in

252 4061 511 4133 Israel....
544 4061 667 4116 Fuit
689 4074 857 4115 autem
882 4072 928 4116 et
956 4064 1200 4129 Samson,
1226 4065 1289 4118 de
1319 4064 1452 4120 tribu
1483 4064 1601 4119 Dan
1630 4076 1677 4119 et
1700 4068 1840 4133 iudi-

254 4135 382 4188 cavit
414 4132 584 4187 Israel
602 4134 782 4203 viginti
807 4135 979 4189 annis.
1010 4137 1115 4189 llos
1144 4137 1233 4189 alii
1257 4137 1465 4205 sequuti
1490 4146 1614 4190 sunt
1645 4132 1840 4205 ntaguo

243 4218 476 4261 numero
504 4247 518 4266 ,
567 4214 622 4259 et
669 4218 789 4258 cum
828 4205 1013 4271 primis
1043 4206 1275 4261 ineditus
1314 4207 1452 4273 apud
1490 4222 1587 4260 nos
1619 4211 1839 4272 Auctor,

256 4276 342 4345 qui
375 4286 651 4346 tamquam
682 4289 713 4329 e
744 4276 949 4345 tripode
974 4278 1303 4344 pronuntiat,
1330 4279 1552 4331 Samson
1582 4276 1661 4329 Itis
1684 4278 1844 4331 verbis

255 4347 641 4420 prteﬁguratur,
683 4348 768 4415 qui
804 4363 943 4401 more
985 4348 1181 4401 colubri
1227 4351 1576 4420 serpentisquc
1601 4349 1844 4402 terribilis

282 4420 371 4472 ’nil.

256 4422 496 4543 Ῑωξιιηο
522 4487 721 4557 plures,
749 4502 780 4542 e
808 4489 1001 4556 quibus
1032 4497 1088 4541 ut
1108 4488 1339 4557 aliquem
1362 4487 1599 4551 laudem,
1629 4488 1687 4543 S.
1715 4490 1845 4543 Am-

266 4558 495 4647 brosius,
546 4556 827 4647 Prop/retia
846 4599 883 4647 ε,
915 4559 1087 4647 inquit
1106 4600 1121 4625 ,
1153 4556 1420 4647 signiﬁcat.
1436 4559 1839 4647 Antio/tristum,
1876 4585 1927 4647 ι)

258 4631 342 4699 qui
363 4630 572 4699 futurus
600 4639 671 4683 est
700 4646 763 4683 ea:
798 4630 930 4683 tribu
976 4630 1117 4694 Dan,
1140 4646 1300 4684 saevus
1318 4631 1507 4696 judex,
1529 4641 1577 4682 et
1600 4640 1847 4699 tyrannus

264 4701 527 4764 immanis,
548 4700 807 4769 iudicabit
834 4703 1083 4769 populum
1107 4717 1281 4754 suum.
1308 4699 1600 4767 Tamquam
1624 4715 1847 4768 serpens

262 4773 315 4825 in
345 4773 431 4825 via
456 4814 470 4837 ,
512 4772 710 4825 sedens
747 4775 800 4824 in
830 4775 1044 4834 semita,
1099 4772 1319 4841 dejicere
1347 4772 1562 4823 tentabit
1605 4786 1724 4837 eos,
1760 4773 1847 4840 qui

264 4843 394 4897 viam
422 4840 688 4913 ambulant
709 4843 952 4906 veritatis,
983 4840 1317 4913 supplantare
1338 4844 1545 4911 cupiens
1564 4844 1844 4896 veritatem.

262 4913 359 4967 Cui
391 4915 594 4968 addere
623 4912 792 4978 placet
823 4912 1075 4967 novitatis
1099 4914 1367 4982 pra-cipue
1398 4914 1590 4968 merito
1611 4913 1847 4969 nondum

266 4983 858 5055 vulgatttnrAttctorem
889 4986 1029 5054 apud
1065 5000 1183 5038 nos.
1219 4983 1559 5055 Prwﬁgurat,
1591 4985 1696 5049 ait,
1731 4985 1849 5040 Dan

263 5053 787 5121 iste'rtntichristum,
816 5056 899 5119 qui
924 5053 1128 5121 iuturus
1153 5064 1227 5108 est
1250 5053 1390 5109 velut
1406 5071 1627 5124 serpens
1657 5056 1709 5108 in
1738 5056 1845 5121 via,

266 5136 318 5180 et
340 5134 583 5181 cerastes
615 5128 665 5178 in
696 5127 883 5178 semita
918 5143 930 5178 :
964 5128 1085 5195 quia
1108 5125 1163 5178 in
1194 5126 1272 5178 via
1301 5135 1349 5180 et
1370 5129 1552 5180 semita
1578 5126 1848 5179 mandato-

264 5212 375 5250 rum
428 5196 525 5250 Dei
551 5195 953 5262 ambulantibus,
993 5206 1237 5265 quantum
1259 5197 1311 5250 in
1341 5214 1394 5251 se
1419 5205 1523 5260 est,
1555 5198 1747 5249 obicem
1795 5212 1849 5251 se

264 5270 472 5341 prtefert
496 5265 944 5341 dupliciarmatus
969 5277 1145 5320 contra
1159 5284 1249 5341 eos
1276 5269 1479 5338 ingenio
1504 5267 1598 5341 :Ain
1623 5278 1850 5341 serpente

264 5336 490 5410 namque
531 5336 791 5410 calliditas
832 5338 983 5410 illius
1024 5336 1417 5408 prwﬁguratur,
1455 5338 1575 5402 quia
1621 5338 1852 5410 dicipere

261 5406 423 5466 astute
461 5410 645 5477 quierit
671 5409 799 5461 viam
832 5406 1041 5461 Domini
1064 5424 1238 5478 gressu
1279 5426 1488 5479 operum
1516 5406 1753 5462 terentes.
1781 5406 1849 5462 In

262 5481 503 5536 cornibus
542 5488 717 5532 autem
747 5479 1125 5532 demonstratur
1158 5484 1302 5548 furor
1333 5481 1477 5532 illius
1513 5496 1611 5544 quo
1669 5496 1852 5533 usurus

260 5564 333 5606 est
352 5562 537 5605 contra
563 5565 673 5612 eos,
696 5564 825 5617 quos
849 5549 1041 5601 callida
1081 5550 1460 5603 machinatione
1488 5551 1721 5616 decipere
1764 5566 1852 5602 ne-

261 5624 596 5695 quiverit.....
620 5619 752 5695 (lum
772 5634 891 5688 ergo
920 5620 1507 5695 Antichristusveniens,
1534 5620 1854 5695 anteqoculos

260 5692 608 5764 spectantium
646 5692 804 5764 signa
818 5705 1007 5759 magna
1037 5693 1233 5764 fecerit,
1262 5694 1428 5763 ignem
1453 5694 1517 5744 de
1537 5692 1743 5743 sublimi
1768 5693 1855 5742 de-

262 5761 511 5835 posuerit,
540 5775 752 5835 serpens
789 5761 843 5811 in
874 5775 953 5835 vta
975 5772 1068 5835 est.
1095 5762 1217 5835 Cum
1239 5761 1411 5815 autem
1434 5778 1485 5814 se
1505 5764 1572 5813 ad
1607 5776 1780 5835 poenas
1808 5770 1855 5812 et

258 5830 517 5891 tormenta
558 5830 657 5886 sibi
694 5845 792 5882 non
826 5832 1136 5884 credentibus
1176 5833 1452 5904 inﬂigerth
1485 5834 1681 5885 verterit
1772 5848 1853 5882 cc-

1946 3303 2035 3342 ros
2059 3287 2162 3340 dici
2213 3287 2508 3340 contrarias
2536 3286 2761 3339 virtutes
2780 3327 2795 3351 ,
2829 3286 2964 3340 sicut
2994 3287 3101 3352 ibi,
3130 3287 3290 3342 Tauri
3313 3293 3528 3363 pingues

1941 3376 2390 3431 circumdederunt
2414 3392 2491 3430 me
2517 3375 2689 3447 (Psal.
2722 3377 2865 3445 2L);
2893 3387 2946 3431 et
2968 3380 3157 3432 iterum
3190 3380 3395 3435 leonem
3421 3383 3528 3438 diti

1942 3471 2104 3527 etiam
2165 3470 2478 3537 Dominum,
2526 3470 2682 3537 paulo
2712 3482 2836 3524 ante
2862 3470 3015 3523 nobis
3046 3474 3319 3541 expositus
3365 3474 3528 3531 Iudas

1943 3564 2157 3619 edocuit
2188 3579 2202 3615 :
2238 3571 2447 3617 taurum
2474 3562 2632 3617 etiam
2666 3562 2767 3617 dici
2802 3562 2975 3631 ipsum
3012 3563 3293 3619 Dominum
3317 3609 3332 3633 ,
3381 3568 3530 3626 inve-

1941 3727 2103 3791 rastes
2131 3718 2185 3770 in
2210 3716 2546 3791 seinita,_etc.
2583 3712 2733 3768 Paria
2768 3713 2935 3770 ferme
2964 3713 3125 3771 habet
3153 3713 3207 3771 S.
3247 3714 3532 3791 Gregorius

1944 3789 2060 3844 Lib.
2094 3803 2215 3842 XXXI
2269 3785 2571 3846 Moralium,
2600 3794 2705 3839 etc.
3336 3839 3340 3845 ,

2018 3870 2040 3899 ο
2067 3863 2241 3927 Atque
2274 3859 2411 3911 hanc
2436 3856 2614 3911 subdit
2644 3857 2701 3910 S.
2738 3857 2851 3925 ipse
2880 3856 3195 3912 Ambrosius
3234 3862 3529 3926 expositio-

1946 3946 2084 3985 nem.
2117 3929 2287 3982 Iudas
2319 3927 2569 3995 proditor,
2604 3934 2827 3980 tentatus
2851 3945 2883 3980 a
2912 3930 3146 3992 diabolo,
3172 3945 3326 3993 super
3350 3929 3534 3987 οοηιί..

1944 4018 2065 4055 num
2079 4000 2260 4055 Iesum
2272 4000 2449 4053 levavit
2465 3998 2761 4070 calcnneum
2782 4013 2953 4061 suum,
2968 4009 3022 4051 ut
3038 3999 3274 4070 dejiceret
3290 4004 3532 4070 equitem,

1944 4018 2065 4055 num
2079 4016 2260 4055 Jesum
2272 4016 2449 4053 levavit
2465 4016 2761 4050 catcnneum
2782 4016 2953 4061 suum,
2968 4016 3022 4051 ut
3038 4016 3274 4121 argueret
3290 4016 3531 4070 equitem,

1942 4075 2031 4135 qui
2055 4088 2109 4125 se
2146 4071 2347 4140 defecit,
2380 4080 2433 4122 ut
2483 4083 2654 4140 omnes
2686 4069 2912 4140 levaret,
2943 4079 3049 4140 etc.
3130 4077 3147 4119 t
3200 4071 3353 4135 paulo
3378 4084 3531 4139 post,

1948 4138 2245 4197 Dormiebat
2273 4141 2440 4193 Iudas
2471 4154 2489 4192 :
2518 4138 2733 4205 denique
2759 4138 2906 4191 verba
2932 4138 3121 4191 Christi
3143 4154 3244 4190 non
3267 4138 3531 4197 audiebat.

1950 4214 2243 4266 Dormiebat
2270 4209 2461 4274 Iudas,
2510 4217 2559 4261 et
2584 4208 2791 4275 quidem
2832 4208 3406 4279 somrtumdivitiarum,
3445 4215 3534 4279 qui

1947 4286 2230 4337 mercedem
2251 4283 2315 4333 de
2343 4278 2629 4348 proditione
2652 4278 2927 4345 quarebat.
2964 4276 3099 4330 Vidit
3126 4292 3245 4330 eum
3274 4276 3535 4336 dormien-

1948 4364 2048 4408 tem
2075 4350 2333 4414 diabolus,
2357 4362 2403 4403 et
2426 4363 2724 4418 Oppressum
2745 4350 2974 4400 avaritia:
2993 4362 3170 4400 somno
3192 4351 3337 4414 gravi
3359 4366 3377 4404 :
3399 4354 3538 4406 misit

1948 4443 2001 4479 se
2028 4425 2080 4476 in
2108 4440 2195 4475 cor
2217 4424 2350 4493 ejus,
2374 4419 2655 4493 vulneravit
2676 4432 2880 4483 equum,
2905 4418 3091 4489 dejecit
3120 4418 3355 4487 equitem,
3383 4438 3534 4491 quem

1949 4494 2203 4562 separavit
2236 4490 2266 4543 a
2290 4490 2513 4543 Christo.

2024 4565 2052 4601 σι
2089 4566 2211 4616 ΙΙίιιιι
2241 4556 2874 4631 minimealiisprobatur
2896 4557 3535 4631 mysticainterpretatio,

1952 4638 2081 4706 quin
2109 4635 2269 4688 etiam
2295 4639 2479 4706 aperte
2502 4628 2816 4706 Rufinohac
2835 4628 2903 4706 de
2928 4644 3115 4706 caussa
3144 4630 3318 4706 dicam
3344 4628 3539 4702 impin;

1952 4698 2032 4776 g'it
2104 4698 2343 4759 inci-rtus
2395 4703 2598 4776 Auctor
2655 4699 2838 4776 libelli
2874 4702 2941 4776 de
2993 4698 3107 4754 XII.
3148 4698 3541 4776 _$criptoribu8

1961 4770 2381 4836 Ecclesiasticis,
2432 4771 2635 4825 Isidoro
2675 4780 2727 4825 et
2768 4770 3033 4824 lldefonso
3078 4770 3394 4837 stthjunctus
3418 4790 3538 4842 cap.

1952 4848 2018 4903 V.
2064 4848 2162 4900 llic
2209 4857 2379 4899 autem
2406 4842 2848 4914 (Rufit_tus)justa
2888 4843 3159 4911 mysticum
3205 4858 3411 4899 sensum
3442 4863 3539 4912 ea,

1953 4935 2068 4985 quit
2121 4919 2186 4970 de
2232 4915 2346 4968 Dan
2388 4911 2495 4982 ﬁlio
2544 4911 2709 4967 Iacob
2747 4913 2941 4980 scripta
2962 4924 3121 4977 sunt,
3155 4929 3257 4985 non
3302 4926 3435 4970 recte
3480 4911 3546 4972 de

1955 4983 2177 5043 Domino
2228 4997 2401 5039 nostro
2448 4986 2841 5049 interpretatur,
2886 4985 3007 5036 dum
3048 4983 3229 5053 procul
3269 4986 3424 5040 dubio
3474 4990 3544 5042 ad

1961 5059 2328 5115 Antitltristum
2354 5058 2523 5111 eadem
2551 5055 2820 5119 pertinere,
2847 5053 3156 5108 Sanctorum
3179 5054 3393 5109 Patrum
3420 5074 3543 5125 pro-

1960 5134 2037 5185 bet
2065 5131 2302 5183 assertio.
2340 5128 2575 5181 DixiSsct
2602 5126 2666 5177 de
2690 5128 2893 5185 maiore
2918 5140 3104 5177 eorum
3132 5134 3300 5189 parte,
3323 5132 3461 5195 quod
3488 5140 3546 5184 et

1959 5204 2235 5271 superiore
2266 5199 2397 5254 Nota
2428 5215 2459 5251 a
2503 5196 2655 5249 nobis
2688 5199 3029 5271 observatum
3059 5206 3159 5249 est.
3193 5195 3323 5249 Nam
3352 5198 3440 5271 alii
3490 5202 3541 5271 in

1958 5266 2113 5335 alias,
2141 5283 2302 5339 atque
2324 5271 2457 5323 alias
2478 5266 2785 5339 sententias
2811 5266 3007 5339 abeunt
3042 5284 3056 5319 :
3105 5275 3159 5320 et
3187 5277 3312 5339 sunt
3342 5267 3431 5339 qui
3475 5267 3544 5339 de

1959 5334 2428 5409 ipsotnet'lilessia
2472 5338 2958 5409 interpretantur_:_
2989 5336 3210 5409 idquud
3253 5335 3322 5387 ab
3361 5334 3543 5409 Nostri

1958 5404 2295 5481 expositione
2342 5424 2550 5479 parum,
2582 5404 2674 5481 aut
2712 5406 2839 5458 nihil
2871 5406 3113 5481 abludit,
3143 5420 3205 5481 es
3248 5418 3305 5456 ea
3346 5404 3541 5461 saltem

1960 5473 2132 5553 parte,
2162 5486 2230 5535 oh
2258 5473 2415 5553 quam
2450 5481 2502 5532 iu
2552 5480 2755 5533 crimen
2794 5473 3233 5552 vacaturaAdde
3260 5486 3421 5553 quam
3472 5490 3543 5528 ex

1960 5540 2426 5623 br(.p|}eti;e'serie
2440 5544 3224 5623 contextaqueexeusatiouem
3246 5556 3305 5593 se
3321 5540 3538 5623 dignam

1960 5613 2084 5692 ipse.
2101 5622 2388 5676 subnectit.
2428 5619 2553 5672 Ilaec
2579 5634 2656 5669 me
2677 5624 2939 5692 moverunt
2972 5613 3026 5663 in
3055 5614 3176 5691 loco
3201 5625 3344 5692 :lnon
3370 5620 3547 5692 tamen

1959 5680 2179 5749 excludo
2227 5695 2378 5747 etiam
2410 5704 2585 5743 eorum
2619 5687 2928 5755 Opinionem,
2980 5681 3065 5747 qui
3095 5680 3236 5755 quod
3279 5681 3547 5755 sentiunt,

1959 5768 2243 5836 approbare
2274 5762 2658 5829 scripturarum
2688 5753 2991 5805 auctoritate
3032 5751 3303 5815 potuerint.
