4078 6346
551 347 668 413 δῖὅῖ

1572 346 1804 404 RUFINI
1846 345 2320 414 AQUILEIENSiS
2360 346 2790 405 PRESBYTERI

3708 353 3811 406 524

553 466 751 533 nimus,
782 464 930 520 illum
960 465 1050 535 qui
1079 466 1286 520 oce'sus
1318 472 1400 520 est
1428 478 1527 532 pro
1555 464 1727 520 salute
1754 472 1808 519 et
1838 464 2007 517 reditu
2038 462 2127 519 lilii
2160 465 2207 521 A
2234 472 2421 529 catus,
2468 465 2697 521 salutem
2749 472 3026 534 exspectat
3052 481 3081 519 a
3132 466 3359 522 Domino
3399 483 3493 538 por
3516 442 3727 525 crucem
3759 480 3812 526 ct

554 557 864 626 paenitentis
892 555 1041 625 (Luc.
1072 555 1206 627 15.).
1232 555 1334 611 Sed
1367 564 1421 610 et
1448 555 1550 608 alta
1574 556 1735 609 multa
1754 556 1805 609 in
1835 555 2131 624 Scripturis

553 649 755 704 similia
781 658 924 716 sunt,
958 666 1076 720 qua:
1109 666 1247 704 nunc
1275 649 1341 703 ad
1395 649 1610 716 bonam,
1646 665 1786 704 nunc
1833 651 1898 703 ad
1932 652 2129 705 malam

554 750 758 811 partem
776 742 1056 796 tralumtur
1081 760 1094 796 :
1122 746 1190 795 ita
1214 752 1266 797 et
1286 756 1510 810 serpens
1527 741 1797 796 invenitur
1812 740 2132 809 aliquatieus

552 833 712 888 etiam
743 834 793 887 in
826 848 1049 903 pers0na
1082 834 1291 888 Domini
1320 833 1572 903 scriptus,
1601 843 1659 887 ut
1688 835 1801 902 ipse
1830 833 1898 890 de
1920 850 1981 889 se
2003 836 2130 890 dit-it

552 925 604 981 in
636 924 933 995 Evangeliis
964 943 977 979 :
1008 926 1155 981 Sicut
1194 928 1334 981 enim
1365 925 1533 981 Moses
1563 926 1806 980 exultavit
1847 936 2131 994 serpentem

551 1016 657 1089 35
676 1018 730 1070 in
752 1019 950 1087 deserto
968 1032 985 1069 :
1003 1018 1074 1070 ita
1090 1019 1303 1071 exaltari
1321 1026 1517 1086 oportet
1534 1018 1697 1084 ﬁlium
1711 1015 1931 1069 hominis
1950 1016 2129 1085 (Joan.

551 1106 654 1177 5.).
680 1106 787 1162 Sed
809 1117 864 1161 et
885 1109 1191 1175 Apostolus,
1215 1125 1376 1177 quum
1416 1108 1675 1178 praecipit,
1705 1109 1996 1177 prudentes
2019 1110 2130 1164 ﬁeri

551 1197 689 1251 sicut
718 1206 1017 1267 serpentes,
1052 1199 1287 1268 nunquid
1321 1214 1424 1252 non
1456 1200 1521 1252 ad
1551 1199 1743 1253 bonam
1775 1211 2002 1269 partem,
2034 1215 2131 1269 ap-

552 1289 891 1356 pellationem
924 1292 1192 1359 serpent's
1219 1287 1452 1358 aptavit?
1500 1290 1681 1343 Potest
1710 1305 1838 1359 ergo
1865 1300 1920 1345 et
1956 1292 2005 1343 in
2032 1290 2135 1346 hoc

548 1380 667 1438 loco
691 1383 757 1438 de
789 1385 904 1452 ipso
940 1384 1161 1437 Domino
1183 1382 1288 1436 dici
1321 1399 1335 1437 :
1366 1379 1487 1436 Fiat
1520 1383 1631 1436 Dan
1659 1400 1862 1453 serpens
1892 1384 1944 1437 in
1982 1384 2064 1437 via
2114 1398 2135 1438 :

548 1474 777 1529 assidens
803 1492 955 1543 super
979 1476 1212 1529 semitam
1237 1491 1255 1529 :
1280 1474 1330 1528 id
1354 1485 1453 1536 est,
1480 1475 1593 1544 ipse
1616 1475 1702 1543 qui
1721 1474 1925 1545 judicat
1946 1476 2131 1541 corda,

550 1571 602 1619 ct
631 1564 734 1617 scit
787 1581 905 1634 qua:
933 1566 1254 1618 intrinsecus
1280 1576 1672 1634 conteguntur;
1715 1565 1903 1619 videns
1934 1565 1984 1619 in
2023 1566 2130 1627 via,

554 1655 655 1709 hoc
680 1665 783 1719 est,
816 1654 865 1709 iu
896 1656 1051 1724 hujus
1074 1657 1194 1709 vitae
1221 1672 1402 1720 cursu,
1434 1658 1642 1725 equites
1676 1657 1868 1710 itinere
1891 1657 2132 1726 equitare

553 1762 659 1800 non
692 1757 860 1801 recto.
896 1747 1113 1817 Equites
1142 1762 1319 1802 autem
1350 1749 1542 1803 anima:
1571 1749 1621 1803 in
1644 1750 1962 1817 corporibus
1991 1749 2135 1818 posi-

552 1846 646 1913 tte,
698 1847 923 1907 possunt
953 1838 1200 1908 intelligi,
1230 1839 1366 1893 sicut
1397 1840 1466 1893 ibi
1497 1840 1625 1893 dicit
1656 1857 1669 1893 :
1718 1839 2131 1895 Dormitaverunt
2165 1833 2209 1892 Β

551 1944 726 1982 omnes
746 1930 832 1998 qui
853 1932 1187 1983 ascenderunt
1212 1948 1369 2000 equas
1393 1930 1563 2002 (Psal.
1587 1930 1720 2001 75.),
1750 1932 1799 1986 id
1823 1942 1925 1997 est,
1948 1948 2133 1988 omnes

554 2022 645 2091 qui
674 2030 797 2077 sunt
824 2024 874 2076 in
899 2025 1232 2090 corporibus,
1264 2033 1634 2092 peccaverunt,
1655 2024 1791 2079 sicut
1811 2028 2131 2092 pronuncia-

549 2114 795 2169 vitetiam
812 2114 1119 2183 Apostolus.
1136 2114 1333 2169 IIorutn
1354 2130 1481 2182 ergo
1496 2131 1776 2186 equorum,
1794 2118 1878 2172 vel
1893 2118 2131 2187 equitum

549 2210 857 2267 caleaneum
880 2224 1105 2276 serpens
1141 2208 1259 2273 iste,
1285 2209 1383 2264 vite
1414 2210 1686 2276 adsidens,
1713 2211 1951 2277 mordet;
1985 2228 2133 2266 rnor-

553 2300 643 2355 det
670 2308 849 2355 autem
875 2300 1210 2366 calcaneum,
1241 2316 1404 2371 quum
1436 2316 1631 2371 corpus
1656 2303 1738 2356 vel
1764 2303 2129 2372 languoribus,

549 2382 631 2449 vel
662 2394 783 2447 aliis
830 2391 1157 2461 quibuslibet
1194 2393 1520 2448 cruciatibus
1550 2402 1821 2460 macerat,
1852 2410 1957 2462 quo
1984 2394 2134 2449 velo-

546 2476 665 2542 cem
688 2501 904 2543 cursum
932 2490 1263 2558 peccantium
1298 2489 1577 2567 reprimat.
1602 2490 1736 2545 Cum
1774 2496 1916 2545 enim
1940 2505 2135 2560 corpus

550 2581 851 2651 adﬂigitur,
909 2590 964 2637 et
1006 2582 1342 2637 consumitur
1372 2598 1535 2649 caro,
1590 2593 1714 2637 tune
1763 2583 1907 2636 cadit
1968 2597 2135 2651 eques

552 2685 882 2739 retrorsum,
910 2674 959 2728 id
1009 2685 1088 2730 est
1116 2714 1131 2741 ,
1184 2676 1359 2729 anima
1400 2691 1518 2744 quae
1552 2676 1690 2729 male
1730 2676 2024 2740 currebat,
2080 2683 2135 2729 et

554 2766 834 2822 festinabat
874 2767 940 2821 ad
989 2766 1338 2836 perditionem
1367 2806 1384 2831 ,
1429 2766 1573 2821 cadit
1610 2777 1902 2822 retrorsum
1931 2807 1945 2831 ,
1974 2774 2029 2821 et
2066 2767 2133 2821 ad

542 2859 864 2930 patientiam
894 2856 1073 2929 [Forte
1103 2856 1492 2929 paenitentiam]
1524 2866 1822 2928 revocatur,
1851 2868 1906 2913 ut
1934 2873 1962 2911 a
1994 2860 2136 2914 malo

551 2964 711 3003 cursu
770 2949 1023 3018 impedita
1076 2956 1362 3002 revocetur
1412 2957 1745 3013 retrorsum,
1776 2961 1828 3003 et
1884 2949 1975 3001 Iiat
2019 2958 2137 3019 post

550 3043 703 3099 illum
731 3046 817 3114 qui
850 3045 1009 3111 dicit,
1044 3045 1221 3099 Venite
1249 3057 1360 3117 post
1394 3063 1472 3099 me
1509 3044 1701 3117 (Marc.
1732 3048 1834 3115 1.).
1866 3045 2000 3099 Puto
2031 3046 2135 3101 tale

559 3135 757 3205 aliquid
782 3138 942 3192 etiam
975 3154 1097 3207 erga
1133 3139 1344 3193 Petrum
1369 3140 1680 3209 Apostolum
1712 3151 1946 3209 gestum,
1971 3155 2091 3194 cum
2111 3180 2128 3205 ,

558 3229 767 3286 dicente
789 3231 1035 3298 Domino,
1058 3232 1189 3297 Quia
1212 3232 1443 3306 cruciﬁgi
1465 3242 1660 3303 oportet
1683 3231 1873 3287 Filium
1892 3236 2129 3300 hominis,

559 3330 606 3376 et
647 3323 777 3375 mori
825 3322 1045 3392 (Matth.
1088 3323 1231 3392 16.),
1264 3322 1377 3393 ipse
1414 3324 1645 3389 diceret,
1679 3324 1946 3392 Propitius
1993 3332 2130 3392 esto,

553 3412 795 3483 Domine,
827 3432 927 3470 non
962 3417 1052 3470 tibi
1104 3417 1199 3471 erit
1230 3420 1326 3472 hoc
1357 3416 1512 3488 (Luc.
1551 3416 1661 3486 18.)
1698 3433 1711 3470 :
1761 3417 1812 3470 in
1836 3432 1979 3485 quo,
2010 3432 2131 3472 cum

553 3522 661 3573 pra:
682 3522 865 3563 amore
888 3509 1051 3563 nimio
1069 3524 1162 3577 per
1178 3508 1532 3581 ignorantiam
1560 3523 1664 3563 uon
1684 3516 1827 3562 recte
1846 3507 2131 3576 equitaret,

533 3584 602 3651 in
637 3597 762 3665 line,
788 3600 939 3654 velut
984 3615 1013 3654 a
1054 3612 1304 3670 serpente
1335 3599 1611 3655 mordetur
1638 3616 1666 3653 a
1697 3600 1951 3663 Domino,
1985 3599 2037 3654 in
2067 3615 2133 3654 eo

534 3691 690 3760 (quod
719 3692 916 3747 dicitur
940 3695 989 3749 ei
1019 3712 1033 3748 :
1078 3695 1218 3750 Vade
1244 3707 1382 3749 retro
1409 3704 1517 3758 me,
1572 3693 1801 3757 Satana,
1832 3694 2132 3747 scandalum

550 3783 678 3835 mihi
718 3800 792 3848 es,
836 3787 1076 3853 quoniam
1107 3804 1205 3840 non
1258 3788 1397 3855 sapis
1422 3801 1535 3854 ante
1582 3784 1678 3838 Dei
1703 3794 1851 3847 sunt,
1884 3786 1973 3837 sed
2020 3801 2135 3855 quae

510 3871 817 3930 "hominum
841 3877 1035 3949 (Marc.
1077 3877 1182 3949 8.).
1217 3879 1284 3933 Et
1330 3878 1407 3932 sic
1438 3886 1729 3931 retrorsum
1762 3876 1950 3930 Petrus
1974 3892 2131 3932 revo-

2245 557 2692 611 resurrectionem
2720 596 2735 622 ,
2795 572 2952 626 quam
2996 568 3121 613 tunc
3175 559 3427 614 fervidius
3473 562 3719 628 equitans
3761 572 3816 616 et

2240 659 2504 712 currens,
2536 649 2883 716 ignorantiam
2934 648 3164 704 Tutu-am
3208 652 3499 705 nesciebat.
3554 650 3683 706 Ilme
3730 669 3816 707 me

2242 746 2526 791 moverunt
2577 737 2629 791 in
2673 737 2822 803 loco,
2855 754 2960 793 non
3014 753 3189 794 tamen
3228 739 3337 811 35
3378 741 3611 795 excludo
3651 743 3813 797 etiam

2234 844 2419 883 eorum
2474 829 2816 897 opinionem,
2863 832 2953 900 qui
3002 832 3145 901 quod
3190 835 3459 901 sentiunt,
3514 836 3816 905 approbare

2233 919 2632 989 Scripturarum
2659 923 2977 978 auctoritate
3003 926 3289 992 potuerint.

2303 1034 2357 1089 5.
2393 1032 2458 1089 Ut
2482 1042 2658 1088 autem
2704 1050 2769 1088 ne
2799 1033 2891 1090 ille
2931 1036 3146 1103 quidem
3178 1053 3273 1092 nos
3300 1039 3489 1093 tertius
3528 1047 3814 1105 praetereat

2235 1127 2405 1189 locus,
2437 1136 2614 1193 potest
2641 1127 2807 1181 videri
2840 1128 2928 1181 ille
2972 1144 3129 1196 quem
3160 1130 3472 1197 jamdudum
3507 1132 3559 1184 in
3602 1130 3815 1185 Isacltar

2233 1219 2466 1273 diximus
2497 1219 2810 1286 proiecisse,
2839 1229 2893 1273 et
2920 1222 2969 1273 in
2996 1220 3258 1275 mandatis
3281 1220 3638 1289 requiescere,
3656 1232 3813 1289 atque

2233 1309 2427 1362 animus
2479 1324 2589 1363 suae
2633 1311 2920 1379 agricolam
2975 1312 3204 1376 iacttnn,
3254 1327 3395 1365 nunc
3426 1312 3672 1365 etiamin
3716 1316 3814 1367 hoc

2237 1403 2496 1469 prolicere
2528 1402 2579 1455 in
2618 1402 2765 1465 Dan,
2799 1413 2854 1457 ut
2880 1402 3218 1457 discernendi
3248 1413 3303 1459 et
3343 1402 3668 1472 diiudicandi
3724 1417 3815 1472 po-

2236 1494 2414 1560 pulum
2445 1506 2625 1558 stiutn,
2661 1494 2711 1547 id
2735 1505 2839 1562 est,
2866 1496 3217 1564 cogitationes
3255 1495 3434 1549 cordis
3462 1494 3581 1558 sui,
3617 1494 3818 1548 inteIli-

2233 1586 2468 1654 gentiam
2516 1586 2800 1651 suntserit,
2854 1595 3107 1653 tanquam
3133 1602 3292 1641 unam
3328 1586 3522 1640 tribum
3552 1587 3603 1639 in
3632 1586 3815 1655 Israel,

2235 1675 2287 1730 id
2320 1685 2430 1738 est,
2476 1675 2653 1729 omnia
2688 1676 2737 1729 in
2788 1678 3043 1731 unitatem
3073 1687 3233 1746 atque
3263 1676 3605 1731 concordiam
3651 1675 3816 1730 devo-

2234 1782 2380 1832 care,
2417 1768 2486 1821 ita
2519 1778 2575 1821 ut
2604 1784 2710 1821 non
2741 1771 2810 1824 sit
2844 1772 2895 1824 in
2924 1784 2989 1823 eo
3014 1770 3420 1838 cogitationum,
3454 1770 3537 1823 vel
3566 1767 3815 1823 consilio-

2238 1878 2357 1916 rum
2390 1862 2493 1915 ttlla
2547 1862 2831 1916 dissensio.
2881 1862 2961 1916 Fit
2998 1872 3174 1919 autem
3206 1864 3344 1918 idem
3374 1874 3428 1919 et
3475 1878 3700 1933 serpens
3737 1877 3822 1917 sc-

2240 1955 2472 2008 cundum
2528 1966 2853 2025 praeceptum
2907 1956 3138 2021 Domini,
3166 1957 3304 2022 quod
3337 1955 3497 2024 paulo
3535 1962 3661 2009 aute
3687 1952 3820 2008 dixi-

2238 2061 2379 2111 mus,
2403 2045 2576 2099 Estote
2607 2046 2876 2108 prudentes
2901 2049 3032 2100 sicut
3061 2057 3315 2119 serpentes
3345 2046 3561 2115 (Matth.
3598 2044 3734 2115 10.);
3771 2048 3817 2099 in

2239 2137 2322 2191 via
2356 2148 2532 2192 tamen
2589 2139 2827 2205 assidet,
2885 2155 2982 2193 nec
3005 2155 3234 2209 unquam
3265 2154 3296 2194 e
3332 2139 3524 2194 semita
3574 2139 3818 2194 discedit.

2238 2228 2445 2283 Semita
2464 2230 2662 2284 etenim
2683 2232 2960 2301 angustior
2975 2233 3054 2286 via
3076 2232 3412 2303 intelligitur,
3436 2247 3553 2301 qua:
3567 2231 3819 2296 ostendi',

2237 2334 2357 2374 eum
2388 2335 2495 2375 non
2521 2336 2614 2389 per
2637 2321 2783 2376 illam
2809 2322 2971 2375 latam
3001 2333 3056 2377 et
3079 2323 3377 2391 spaciosam
3413 2322 3682 2386 incedere,
3707 2336 3821 2391 qua:

2240 2412 2385 2467 ducit
2414 2413 2478 2467 ad
2514 2424 2766 2483 mortem,
2802 2417 2895 2470 sed
2922 2431 3015 2485 per
3042 2427 3320 2487 angustam
3351 2426 3409 2471 et
3436 2427 3639 2471 arctam
3660 2456 3676 2480 ,
3704 2430 3821 2484 qua:

2237 2503 2385 2558 ducit
2432 2505 2499 2559 ad
2562 2507 2725 2560 vitam
2776 2505 2993 2573 (Matth.
3046 2507 3147 2578 7.).
3208 2508 3415 2561 Mordet
3464 2516 3646 2560 autem
3703 2505 3821 2574 equi

2248 2596 2560 2652 calcanenm
2587 2598 2951 2663 iaciensillud,
2975 2600 3116 2668 quod
3143 2599 3336 2653 Paulus
3355 2600 3645 2668 Apostolus
3664 2597 3823 2652 dicit:

2246 2686 2381 2754 Quia
2412 2704 2612 2741 macero
2640 2705 2823 2755 corpus
2874 2705 3041 2742 meum
3061 2729 3076 2755 ,
3109 2699 3157 2742 et
3213 2690 3435 2742 servituti
3461 2688 3678 2759 subjicio
3697 2728 3712 2750 ,
3765 2702 3823 2739 ne

2238 2783 2372 2849 forte
2413 2797 2526 2833 cum
2569 2780 2685 2835 aliis
2738 2782 3141 2849 pra’dicaverm,
3174 2783 3281 2851 ipse
3331 2781 3575 2849 reprobus
3625 2779 3822 2848 efﬁciar

2238 2871 2315 2941 (1.
2348 2873 2465 2928 Cor.
2496 2871 2600 2945 9.).
2630 2873 2757 2928 Haec
2780 2883 2957 2928 autem
2984 2874 3127 2937 facit,
3161 2884 3217 2926 ut
3244 2872 3399 2925 cadat
3426 2887 3596 2941 equus
3629 2882 3825 2925 retror-

2238 2982 2379 3022 sum.
2411 2968 2515 3022 Iste
2544 2969 2686 3023 enim
2739 2967 2858 3022 talis
2898 2982 3109 3035 semper
3136 2966 3397 3021 elationes
3428 2973 3482 3020 et
3518 2964 3824 3018 altitudines

2239 3061 2412 3127 timet,
2448 3070 2505 3116 et
2527 3061 2638 3115 vult
2669 3062 2861 3116 cadere
2887 3061 3116 3116 animam
3139 3075 3291 3115 suam
3321 3075 3349 3114 a
3384 3059 3522 3113 mala
3546 3058 3823 3112 altitudine

2240 3152 2304 3207 ad
2352 3153 2544 3207 bonum
2583 3154 2969 3219 humilitatem,
3004 3166 3059 3209 ut
3086 3154 3259 3210 discat
3283 3153 3352 3209 ab
3379 3154 3537 3219 .lesu,
3566 3154 3690 3223 quia
3732 3156 3824 3205 liu-

2244 3242 2387 3298 utilis
2426 3253 2509 3299 est
2545 3257 2601 3300 et
2640 3247 2783 3301 mitis
2819 3248 2982 3301 corde
3024 3245 3243 3317 (Matth.
3278 3246 3415 3317 II.).
3453 3246 3659 3301 Etenim
3703 3259 3823 3314 pro-

2243 3336 2416 3404 prium
2439 3347 2522 3391 est
2553 3337 2953 3406 proficientibus
2975 3339 3261 3393 elationem
3293 3349 3552 3393 metuere.
3587 3336 3822 3405 Denique

2242 3428 2404 3484 etiam
2448 3439 2627 3487 tantus
2670 3441 2724 3486 et
2754 3432 2873 3487 talis
2902 3432 3193 3500 Apostolus
3221 3431 3417 3487 Paulus
3453 3430 3704 3495 dicebat,
3736 3428 3813 3483 Ne

2241 3523 2483 3588 utollar,
2509 3525 2662 3577 datus
2677 3532 2750 3577 est
2771 3525 2913 3578 carni
2934 3539 3059 3578 mea:
3075 3524 3335 3587 stimulus,
3358 3522 3570 3593 angelus
3589 3519 3820 3584 Satana',

2245 3614 2333 3679 qusi
2357 3628 2437 3666 me
2468 3614 2751 3680 colaphiset
2774 3614 2852 3684 (I.
2882 3610 3001 3668 Cor.
3032 3615 3167 3684 12.).
3198 3613 3285 3668 Sic
3314 3626 3441 3680 ergo
3471 3619 3687 3666 revocat
3713 3609 3821 3661 auid

2246 3715 2385 3753 mam
2414 3703 2481 3756 de
2522 3703 2837 3769 altitudine,
2878 3713 2933 3758 et
2982 3714 3273 3759 retrorsum
3305 3714 3422 3773 post
3465 3701 3820 3755 humilitatem

2243 3789 2445 3846 Christi
2468 3794 2682 3848 redacta
2702 3838 2718 3863 ,
2750 3796 2976 3851 salutem
3008 3804 3279 3867 esSpectat
3308 3809 3340 3849 a
3371 3795 3617 3849 Domino.

1662 4025 1885 4106 BEN
1894 4024 2383 4111 EDICTIO
2442 4025 2726 4113 GAD.

621 4186 672 4238 I.
704 4184 1035 4239 Plautinum
1066 4191 1093 4218 ⁸
1125 4181 1337 4235 tentabit
1382 4180 1556 4242 illum,
1587 4180 1696 4245 ipse
1721 4191 1889 4235 autem
1918 4183 2126 4237 tentabit

2186 4178 2191 4182 ’
2236 4184 2351 4241 haec
2368 4200 2554 4241 eorum
2576 4188 2716 4243 inter
2742 4203 2800 4243 se
2834 4190 2938 4260 37
2968 4191 3114 4243 velut
3137 4198 3424 4258 piratarum
3460 4204 3614 4245 more
3650 4198 3820 4246 certae

548 4297 631 4334 eos
661 4289 771 4352 post
804 4280 979 4347 pedes.
1016 4275 1115 4329 Per
1149 4274 1431 4327 llistoriam
1471 4273 1683 4341 quidem
1729 4289 1833 4326 non
1876 4275 2027 4327 facile
2073 4277 2126 4329 in
2159 4293 2210 4351 ι)
2236 4279 2375 4330 mina
2416 4277 2465 4331 in
2495 4278 2577 4332 Itis
2604 4283 2939 4336 sermonibus
2966 4282 3251 4351 designari.

547 4371 837 4436 Scripturis
860 4367 886 4406 δ
922 4369 1107 4421 relerri
1136 4365 1241 4418 tale
1273 4365 1476 4434 aliquid
1508 4366 1827 4431 invenimus,
1858 4368 1960 4421 nisi
1994 4368 2129 4423 forte

548 4466 671 4532 quis
700 4462 847 4514 velut
868 4468 1188 4525 extorquere
1213 4454 1339 4509 velit
1362 4466 1418 4510 et
1446 4456 1914 4523 dieere,quoniam
1936 4459 2130 4516 Tribus

552 4555 676 4618 ista,
701 4551 841 4605 ultra
871 4549 1162 4604 Jordanem
1187 4547 1553 4602 hereditatem
1580 4549 1631 4603 in
1661 4551 1870 4605 Arabia:
1894 4554 2131 4621 partibus

550 4655 837 4698 consecuta
860 4651 966 4705 est,
992 4639 1190 4707 etquis
1220 4638 1292 4691 ibi
1323 4638 1630 4708 frequenter
1661 4643 1967 4709 praedonum
1995 4646 2130 4701 bella

523 4806 529 4811 ν
549 4743 903 4802 consurgunt,
926 4747 980 4787 et
1010 4729 1241 4786 assiduis
1264 4731 1405 4785 inter
1422 4747 1482 4786 se
1507 4734 1891 4804 congressibus
1910 4748 2128 4808 coeunt,

622 4911 654 4974 ξ
673 4900 747 4974 Es
778 4897 964 4974 Grjvco
990 4900 1330 4974 περιρατήριᾳγ,
1365 4896 1511 4974 quod
1535 4906 1617 4952 est
1645 4897 1839 4974 Latine
1878 4901 2090 4974 tentatio
2109 4942 2125 4967 ,

550 4981 607 5029 et
636 4969 807 5026 Latini
849 4970 976 5022 item
1011 4967 1219 5020 Patres"
1242 4967 1327 5020 alii
1378 4967 1686 5037 praeferunt.
1728 4969 1879 5024 Initio
1913 4970 2123 5026 videtur

553 5037 1108 5114 przrponendumﬁad
1128 5052 1343 5091 nomen.

624 5112 649 5152 δ
684 5111 829 5165 Haud
858 5112 929 5162 ita
958 5110 1015 5162 S.
1051 5109 1432 5177 Hieronymus,
1457 5110 1546 5178 qui
1568 5125 1637 5164 ex
1672 5110 1898 5164 ilebrmo
1922 5113 2124 5166 accinc-

521 5194 659 5238 ‘tum
684 5190 896 5234 vertens
925 5194 1019 5246 pro
1047 5180 1320 5245 piraterio,
1343 5180 1610 5248 designari
1665 5181 1945 5236 mauilesto
1996 5200 2120 5247 pro-

551 5254 781 5314 nuntiat,
816 5251 996 5316 prwlia
1024 5266 1142 5318 qua:
1169 5249 1306 5315 Gad,
1336 5251 1522 5321 juucto
1556 5252 1762 5316 Itubeu,
1796 5263 1849 5305 et
1895 5254 2118 5308 dimidia

552 5325 693 5379 tribu
724 5323 965 5376 Manasse
1012 5320 1175 5389 gessit
1227 5322 1506 5375 adversum
1562 5323 1760 5378 vicinas
1807 5334 2023 5391 gentes.
2071 5337 2118 5379 et

549 5397 689 5450 victis
720 5394 967 5463 hostibus,
994 5391 1193 5459 fortiter
1214 5393 1488 5445 dimicavit.
1512 5392 1617 5447 Sed
1641 5402 1695 5447 et
1724 5395 1953 5448 ineditns
1977 5399 2112 5463 apud

550 5482 648 5519 nos
678 5467 896 5525 Auctor,
932 5461 1097 5533 Patet.
1134 5462 1227 5526 sit,
1252 5463 1414 5516 litera:
1433 5480 1608 5517 sensus
1628 5464 1906 5533 legentibus
1936 5461 2117 5519 librum

549 5536 679 5589 Jrsu
710 5533 1015 5606 Navgqnia
1037 5531 1150 5606 God
1172 5533 1305 5606 ,__qui
1344 5544 1482 5587 trans
1503 5531 1789 5589 Iordanem
1822 5538 2025 5606 petivit,
2075 5549 2123 5592 et

550 5606 744 5677 accepit
772 5620 805 5655 a
833 5602 1006 5671 Moyse
1024 5603 1411 5677 luereditatem,
1460 5622 1518 5660 ea
1543 5602 1831 5677 conditione
1862 5624 1922 5660 ea
1970 5610 2124 5677 potiri

518 5674 737 5748 ,meruit
762 5714 777 5738 ,
825 5674 1185 5748 uthacrinctus
1198 5675 1374 5748 armis
1412 5689 1529 5731 ante
1560 5676 1725 5730 Israel
1750 5720 1765 5743 ,
1807 5674 1992 5748 juncta
2029 5680 2125 5731 sibi

558 5745 761 5806 Ruben,
791 5752 835 5795 et
874 5744 1085 5797 dimidia
1120 5745 1255 5799 tribu
1285 5745 1547 5813 Manasse,
1590 5758 1765 5801 contra
1807 5744 2124 5801 adversarios

560 5814 836 5886 pugnando
890 5814 1179 5882 incederet,
1231 5818 1365 5887 quod
1416 5830 1659 5888 pra'terea
1685 5819 1775 5875 sub
1802 5817 1959 5872 Jostte
1986 5821 2126 5887 fecit.

2313 4370 2368 4426 2.
2411 4370 2517 4427 Sed
2548 4374 2723 4427 verior
2749 4384 2830 4427 est
2848 4375 3096 4443 spiritalis
3125 4374 3492 4443 intelligentia,
3514 4391 3633 4444 quae
3655 4381 3821 4442 potest

2235 4465 2473 4521 iudicare
2503 4466 2631 4522 illud
2663 4465 2873 4521 Domini
2906 4469 3098 4534 nostri,
3126 4478 3179 4522 et
3215 4468 3528 4532 Salvatoris,
3564 4468 3703 4535 quod
3731 4466 3821 4519 ad-

2240 4574 2446 4615 versum
2475 4560 2747 4615 diabolum
2780 4561 2982 4625 habuit,
3009 4561 3214 4627 positus
3238 4559 3288 4612 in
3317 4574 3499 4621 carne,
3528 4569 3819 4613 certamen.

2237 4653 2674 4723 EstergoTribus
2694 4654 2844 4708 istius
2860 4652 3213 4706 habitaculum
3233 4667 3412 4705 eremo
3428 4652 3684 4714 vicinum;
3711 4651 3820 4705 Gatl

2239 4761 2364 4801 vero
2384 4762 2523 4803 nunc
2548 4759 2570 4787 ε
2598 4755 2909 4801 tentamenta
2927 4745 3321 4814 interpretatur.
3349 4743 3527 4796 Potest
3548 4758 3675 4812 ergo
3698 4741 3819 4796 illud

2238 4908 2475 4981 Attamen
2496 4910 2783 4981 subjugatis
2802 4910 3049 4972 hostibus,
3075 4925 3187 4961 cum
3206 4916 3345 4981 retro
3360 4908 3428 4958 ad
3448 4906 3821 4981 possessionem

2234 4980 2443 5045 rediret,
2479 4979 2676 5033 necesse
2702 4981 2901 5045 habuit,
2944 4980 3173 5048 gentium
3200 4979 3537 5046 [initiaturam
3566 4979 3808 5031 incursio-

2233 5052 2381 5103 nibus
2411 5053 2663 5115 resistere,
2699 5061 2802 5103 etc.

2307 5132 2330 5159 ο
2376 5122 2542 5174 liabet
2572 5136 2635 5174 ex
2685 5123 2913 5186 Origene
2943 5120 3138 5174 Ilomil.
3184 5118 3395 5175 XXVII.
3433 5121 3485 5172 in
3533 5120 3817 5173 Numeros.

2229 5190 2433 5263 Galgad
2458 5193 2585 5264 [Ieg.
2614 5190 2853 5263 Gadgad]
2878 5197 3258 5264 interpretatur,
3283 5200 3690 5264 tc'ntatnentutn,
3717 5192 3818 5243 sive

2227 5261 2567 5331 corr;tipa'tio.
2600 5261 2765 5318 Tacet
2810 5261 2993 5316 autem
3025 5262 3278 5315 Continuo
3308 5262 3544 5325 magistri
3595 5261 3675 5314 sui
3719 5277 3812 5331 uo:

2227 5349 2348 5386 tuen
2377 5330 2441 5385 ad
2469 5334 2835 5387 declinandam
2862 5332 3145 5395 invidiam;
3169 5333 3259 5385 sed
3291 5332 3418 5384 illud
3446 5330 3813 5398 mirum,quod

2223 5419 2380 5465 nunc,
2414 5404 2486 5456 ait
2520 5407 2588 5455 ita
2615 5406 2929 5458 vocabulum
2960 5403 3320 5468 interpretari,
3350 5402 3501 5465 quasi
3532 5402 3670 5459 ali:e,
3693 5415 3813 5467 qtue

2229 5475 2388 5526 varite
2418 5489 2513 5542 pro
2542 5475 2707 5528 Iubitu
2732 5486 2855 5528 sunt
2879 5474 3260 5542 expositiones,
3289 5471 3520 5541 amplius
3548 5487 3654 5524 non
3679 5472 3816 5522 obti-

2229 5554 2436 5599 nerent.
2491 5547 2552 5597 Et
2585 5547 2721 5598 hanc
2759 5556 2935 5600 tamen
2984 5547 3153 5604 ipsam
3183 5543 3409 5598 Sanetus
3460 5542 3814 5607 Hieronymus

2230 5614 2399 5679 Ep'st.
2448 5614 2730 5669 LXXVIII.
2756 5616 2824 5669 de
2870 5612 3230 5669 Mansionibus
3250 5614 3315 5667 ad
3342 5613 3613 5667 Fabiolam
3646 5610 3813 5665 Mans.

2228 5685 2320 5739 29.
2355 5686 2490 5740 adeo
2536 5700 2638 5738 non
2684 5688 2890 5753 probat,
2925 5695 2981 5741 ut
3011 5699 3079 5741 ne
3124 5700 3245 5741 cum
3289 5685 3505 5755 reliquis
3556 5691 3814 5738 memoret

2229 5756 2462 5825 quidem.
2494 5755 2700 5812 Videsis
2731 5757 2928 5812 locum.
