4078 6346
210 301 310 359 3:25
326 336 331 345 λ

762 295 850 352 DE
893 287 1522 351 BENEDICTIONIBUS
1564 281 2158 341 PATRIARCIIARUM
2202 282 2404 365 LIBER
2446 281 2825 341 SECUNDUS.

3408 271 3521 327 526

211 410 452 482 intell'gi,
482 409 626 481 quod
659 408 916 463 Dominus
941 407 1098 463 Jesus
1137 404 1383 461 Christus
1411 402 1603 456 ductus
1640 408 1724 453 est
1755 399 1807 452 in
1842 403 1887 459 Α
1917 399 2209 453 tentatione
2230 398 2475 455 Salvator
2495 398 2830 454 declarasset
2851 392 3085 461 diabolo,
3103 405 3162 448 se
3182 406 3302 448 esse
3322 391 3513 449 Filium

214 518 446 560 eremum
478 517 508 556 a
535 501 751 572 spiritu,
772 510 829 554 ut
858 508 1156 553 tentaretur
1177 513 1207 551 a
1231 495 1443 550 diabolo
1464 491 1675 563 (Matth.
1704 490 1737 543 4
1768 492 1811 559 ).

215 596 309 653 Sed
339 594 461 649 vide
485 604 684 665 quanta
717 594 768 647 in
803 593 979 645 verbis
1007 590 1332 644 Patriarclue
1361 586 1614 657 mysteria
1642 584 1816 638 conti-

220 697 423 745 nentur.
461 685 596 750 Gad,
633 685 822 756 inquit,
844 684 1145 752 pit'alerium
1187 681 1397 735 tentabit
1438 679 1611 731 illum.
1639 677 1812 729 Pona-

222 795 353 843 mus,
374 788 429 830 ιιι
451 778 711 842 diximus,
738 791 1021 843 personam
1048 772 1257 827 Domini
1281 786 1400 826 esse
1431 769 1481 823 in
1511 769 1622 824 Gad
1647 764 1821 823 :hanc

225 868 529 938 piratcrium
576 866 821 923 tentahit.
869 866 1181 919 Piraterium
1229 878 1355 918 ve'o
1385 863 1581 916 dicitur
1623 860 1822 915 cohors

228 961 463 1031 qutedam
496 968 555 1014 et
601 956 930 1025 consgtiratio
983 957 1293 1023 piratarum.
1327 952 1546 1009 Certum
1591 965 1823 1020 namque

231 1064 323 1116 ρει,
352 1051 495 1121 quod
527 1050 755 1104 veniens
795 1048 1040 1103 diabolus
1070 1048 1134 1101 ad
1168 1045 1476 1101 tentandum
1514 1043 1820 1108 Dominum,

233 1157 328 1196 non
351 1141 557 1209 absque
585 1139 845 1193 ministris
869 1138 981 1192 suis
1003 1144 1058 1190 ct
1079 1136 1399 1190 satellitibus
1423 1144 1678 1199 venerat;
1701 1132 1824 1202 quia

230 1233 360 1287 sicut
382 1231 607 1285 aderant
635 1230 863 1285 Domino
883 1229 1068 1297 Angeli
1092 1237 1392 1297 spectantes
1410 1226 1526 1298 ejus
1551 1235 1825 1281 certamen

233 1324 324 1390 (illi
372 1324 443 1377 de
496 1322 693 1392 quibus
744 1319 1090 1388 Evangeliqu
1145 1318 1276 1373 dicit
1315 1327 1434 1387 post
1479 1315 1825 1370 teutainnem

234 1413 518 1486 (Ibidem),
554 1413 618 1466 Et
647 1413 943 1468 accedentes
973 1409 1155 1483 Ληρεῖὶ
1186 1412 1595 1463 ntini.traverunt
1627 1406 1719 1475 ei),
1756 1410 1823 1459 ita

233 1510 383 1563 etiam
423 1507 642 1562 diabolo
680 1505 906 1561 aderant
938 1505 1127 1572 Augeli
1158 1504 1262 1570 sui,
1292 1519 1410 1557 cum
1441 1502 1634 1571 quibus
1664 1502 1709 1555 ei
1739 1514 1832 1569 ge-

237 1600 401 1653 henna
426 1607 727 1668 pra‘parata
752 1607 852 1663 est,
874 1595 1012 1650 sicut
1035 1595 1289 1649 Dominus
1308 1594 1436 1647 dicit
1459 1611 1472 1648 :
1496 1590 1577 1646 Ite
1595 1594 1643 1644 in
1663 1592 1830 1661 ignem

236 1702 479 1745 aeternum
509 1690 600 1760 qui
632 1697 849 1759 paratus
874 1696 946 1743 est
974 1687 1181 1741 diabolo
1214 1694 1259 1739 et
1288 1684 1496 1755 Angelis
1524 1686 1635 1755 ejus
1666 1680 1828 1751 (Ibid.

1923 488 2038 552 Dei,
2070 496 2274 543 certum
2321 500 2406 543 est
2458 489 2583 556 quia
2632 488 2871 544 seettndo
2924 487 2990 541 ad
3038 485 3348 540 tentandum
3400 499 3541 555 non,

1921 576 2107 632 fni-set
2146 594 2307 633 ausus
2346 582 2604 634 accedere
2636 595 2650 643 ;
2704 594 2844 632 nunc
2874 586 3049 631 autem
3082 575 3204 631 vide
3247 575 3519 645 quomodo

1923 677 2158 724 tentatur
2187 671 2299 739 ipse
2329 671 2417 739 qui
2449 682 2636 726 tentat.
2672 670 2929 724 Dominus
2958 669 3100 724 enim
3147 669 3197 722 in
3228 682 3413 723 eremo
3440 673 3541 733 cst,

1923 762 2270 833 quadraginta
2300 763 2491 817 diebus
2521 774 2574 817 et
2596 762 2948 833 quadraginta
2982 762 3249 837 noctibus,
3284 769 3523 829 postmo-

1926 852 2050 906 dum
2077 854 2282 907 esuriit.
2311 854 2366 909 Si
2394 856 2535 910 enim
2559 870 2663 909 non
2688 854 2985 920 esuriisset,
3010 852 3314 924 agnovisset
3346 861 3523 906 tenta-

1928 953 2013 997 tor
2046 943 2233 997 Filium
2264 944 2356 998 Dei
2389 962 2401 997 :
2437 961 2574 998 nunc
2605 957 2781 1001 autem
2823 946 3010 1011 esurit,
3042 952 3101 999 ut
3130 960 3226 1014 per
3252 932 3355 998 hec
3380 941 3522 1013 quod

1930 1037 2186 1091 Dominus
2218 1036 2552 1107 fragilitatem
2586 1040 2637 1093 in
2686 1055 2747 1095 se
2793 1040 2971 1095 carnis
3001 1038 3259 1105 ostendit,
3293 1045 3527 1092 tentetur

1929 1126 2044 1195 ipse
2074 1126 2163 1196 qui
2198 1136 2388 1193 tentat,
2414 1137 2468 1181 et
2511 1136 2762 1197 tauquam
2794 1130 2858 1195 ad
2906 1130 3177 1184 hominem
3211 1110 3543 1182 tentandum

1930 1219 2107 1273 denuo
2134 1220 2311 1275 adeat.
2342 1221 2433 1275 Sic
2468 1236 2596 1290 ergo
2631 1223 2851 1276 veniunt
2878 1223 2943 1276 ad
2984 1223 3264 1276 Dominum
3299 1229 3543 1275 tentato-~

1931 1327 2035 1368 res.
2070 1313 2191 1382 Ipse
2219 1325 2386 1367 autem
2419 1315 2625 1368 tentabit
2666 1315 2784 1368 illos
2809 1326 2921 1383 post
2955 1315 3126 1385 pedes.
3162 1317 3262 1368 hoc
3291 1325 3395 1377 est,
3425 1312 3532 1366 eis-

1932 1410 2053 1458 dem
2079 1406 2319 1477 vestigiis
2341 1407 2534 1476 quibus
2552 1417 2848 1463 accesserat
2873 1407 3116 1462 diabolus
3143 1415 3347 1462 tentare
3381 1420 3545 1477 eum”

1935 1507 1961 1535 ⁸
1996 1507 2185 1553 tentat.

2005 1590 2060 1645 5.
2099 1591 2311 1646 Iloralis
2344 1592 2519 1664 itaque
2552 1594 2699 1648 locus
2740 1593 2902 1649 simili
2934 1594 3170 1651 editione
3206 1594 3486 1649 disseritur
3517 1610 3531 1647 :

1935 1681 2027 1737 ille
2054 1685 2196 1737 enim
2226 1683 2386 1739 homo
2417 1696 2599 1741 noster
2625 1684 2651 1724 δ
2679 1687 2927 1742 confesso
2952 1701 3136 1742 errore
3165 1689 3537 1755 pteuitcns,+e

235 1784 369 1854 23.).
398 1785 506 1840 Sed
535 1795 590 1838 et
618 1783 795 1838 Sancti
825 1798 985 1853 quum
1017 1782 1069 1835 in
1097 1794 1266 1850 agone
1292 1778 1588 1843 decertant,
1622 1788 1829 1847 specta-
1862 1785 1909 1844 Β
1938 1775 2447 1832 redditconversum
2479 1792 2575 1847 per
2606 1778 3034 1848 intelligentiam,
3061 1789 3114 1834 et
3145 1780 3549 1847 aliquantulum.

243 1878 413 1931 culum
449 1875 573 1930 facti
597 1875 850 1929 dicuntur
881 1873 1006 1928 huic
1036 1874 1234 1927 mundo
1260 1884 1314 1926 et
1344 1870 1558 1941 Angelis
1583 1881 1635 1925 et
1665 1869 1838 1923 homi-

243 1968 390 2023 nibus
415 1968 493 2040 (l.
512 1966 635 2022 Cor.
656 1967 761 2037 4.).
777 1965 1044 2021 Tentabat
1063 1980 1191 2035 ergo
1209 1963 1487 2017 Dominum
1503 1961 1833 2030 conspiratio

239 2070 580 2125 leutatorum,
611 2076 771 2129 quttm
802 2059 1012 2114 diccbat
1036 2059 1119 2113 ei:
1150 2058 1209 2112 Si
1240 2055 1406 2110 Filius
1431 2055 1528 2109 Dei
1559 2072 1635 2121 es,
1663 2056 1746 2108 dic
1776 2064 1832 2109 ut

238 2154 425 2224 lapides
454 2154 550 2209 isti
572 2153 698 2221 ﬁant
864 2170 1017 2220 panes
1053 2150 1265 2220 (Matth.
1294 2148 1395 2219 4.).
1430 2148 1532 2203 Per
1564 2150 1679 2203 ltmc
1707 2163 1836 2218 ergo

245 2245 477 2304 teutabat
516 2244 799 2299 Dominum
833 2242 1101 2297 diabolus.
1135 2241 1240 2297 Sed
1271 2241 1565 2306 videamus,
1599 2239 1723 2308 quid
1756 2247 1841 2294 est

244 2352 338 2399 hoc
369 2338 513 2414 quod
564 2338 732 2396 dicit:
768 2333 889 2407 Ipse
931 2346 1101 2389 autem
1148 2332 1360 2388 tentabit
1400 2348 1483 2387 eos
1525 2342 1635 2401 post
1668 2332 1840 2399 pedes.

240 2436 513 2504 Quomodo
545 2429 803 2490 Domitius
827 2427 1067 2483 tentabat
1094 2433 1361 2481 tentantes
1392 2424 1486 2479 se?
1512 2422 1568 2477 Si
1596 2422 1647 2475 itt
1674 2436 1843 2491 prima

1940 1866 2187 1938 profecit,
2216 1877 2274 1922 ut
2300 1877 2421 1937 post
2448 1870 2744 1939 profectum
2778 1874 2955 1927 veniat
2975 1872 3039 1925 ad
3072 1873 3194 1937 hoc,
3221 1883 3278 1927 ιιι
3308 1883 3543 1928 tentetur

1938 1962 2006 2017 ab
2035 1964 2272 2030 inimico,
2306 1977 2362 2020 et
2389 1967 2555 2021 virtus
2584 1969 2747 2023 animi
2777 1970 2893 2039 ejus
2921 1980 2977 2026 et
3008 1971 3266 2039 propositi
3291 1980 3545 2027 constan-

1940 2056 2008 2111 tia
2040 2058 2422 2127 comprobetur
2452 2078 2465 2113 :
2502 2062 2575 2115 ita
2600 2062 2741 2115 enim
2774 2063 3049 2130 Scriptura
3073 2065 3227 2127 dict,
3258 2064 3361 2131 Qui
3392 2076 3414 2103 ε
3442 2082 3544 2119 non

1943 2163 2016 2206 est
2056 2161 2295 2220 tentatus,
2345 2171 2446 2207 non
2483 2166 2553 2209 est
2582 2156 2863 2225 probabilis
2900 2156 3066 2227 (Eccl.
3117 2158 3251 2226 '55.).
3294 2159 3404 2213 Nec
3435 2160 3547 2214 ullo

1946 2252 2185 2314 tempore
2239 2248 2463 2301 omnino
2514 2248 2634 2317 quis
2690 2252 2966 2318 pervcu‘et
3016 2250 3084 2303 ad
3138 2249 3542 2320 perfertinneni,

1947 2335 2047 2388 nisi
2076 2337 2220 2404 prius
2250 2337 2302 2391 in
2338 2338 2727 2395 tentationibus
2754 2340 2866 2395 suis
2890 2338 3073 2412 [Forte
3096 2340 3199 2413 sui]
3225 2342 3548 2398 documenta

1948 2429 2278 2495 pra-stiterit.

1324 2570 2072 2656 BENEDICTIO
2142 2575 2480 2663 ASER.

260 2758 263 2761 '
312 2752 363 2805 Ι.
405 2751 568 2812 Assa,
600 2745 802 2817 pingvis
825 2745 933 2815 ejus
952 2737 1131 2811 panis:
1152 2744 1198 2791 et
1222 2737 1329 2807 ipse
1348 2735 1487 2788 dabit
1510 2751 1672 2789 escam
1704 2735 1848 2803 prin.

249 2843 459 2910 cipibus.
493 2837 672 2893 Credo
728 2846 1027 2890 assertores
1065 2830 1092 2870 ἀ
1125 2829 1297 2887 litera:
1342 2827 1443 2881 hoc
1473 2828 1524 2880 in
1557 2826 1642 2880 his
1673 2826 1850 2881 verbis

251 2932 573 3002 intelligere,
607 2927 747 2997 quod
776 2928 925 2994 regio
949 2924 1066 2996 ejus
1107 2934 1161 2978 et
1192 2918 1481 2977 [Hereditas
1505 2927 1687 2985 terrai,
1720 2919 1852 2973 uber

252 3031 302 3076 et
345 3021 560 3091 pinguis
589 3018 877 3083 exstiterit,
911 3016 981 3070 ita
1011 3025 1070 3070 ut
1114 3014 1279 3070 etiam
1328 3008 1486 3077 regiis
1522 3009 1708 3063 usibus
1753 3009 1853 3063 tui-

255 3117 523 3169 nistmet.
553 3111 732 3180 Aliqui
763 3121 939 3166 autem
971 3117 1274 3164 nostrorum
1305 3103 1469 3161 etiam
1501 3111 1718 3175 ptOplt‘t‘
1740 3103 1851 3160 An-

256 3222 375 3261 nam
402 3208 604 3260 dictum
653 3211 841 3272 putant
871 3199 1287 3271 Prophetissam,
1324 3197 1486 3252 filiam
1534 3196 1753 3261 Fanuel,
1783 3212 1847 3251 ev

260 3298 400 3351 tribu
448 3298 599 3357 Aser,
631 3309 749 3363 qua:
798 3293 971 3361 prima
1019 3306 1141 3345 cum
1197 3290 1465 3360 Symeone
1508 3287 1740 3342 refertur
1785 3288 1852 3342 de

265 3387 490 3441 Domino
519 3389 569 3440 in
610 3385 909 3454 Evangeliis
948 3383 1300 3453 prophetasse
1333 3379 1485 3450 (Luc.
1515 3378 1620 3447 2.),
1650 3392 1701 3434 et
1732 3394 1856 3448 pro-

263 3481 456 3553 pbetiae
484 3494 593 3535 sure
633 3479 735 3533 fide
767 3478 911 3531 velut
940 3490 1118 3530 escam
1149 3474 1364 3528 dedisse
1407 3472 1757 3541 principibus,
1801 3471 1855 3525 id

260 3582 365 3637 eet,
409 3569 682 3641 Apostolis
710 3568 1025 3636 caeterisque
1063 3564 1427 3631 credentibus,
1460 3576 1581 3633 quae
1625 3561 1693 3618 de
1739 3561 1857 3632 ipso

267 3662 472 3718 fuerant
500 3661 833 3730 prophetale.

274 3800 279 3803 .
335 3756 443 3828 39
477 3754 533 3808 2.
575 3753 795 3817 Verum,
825 3751 1076 3821 quoniam
1122 3750 1280 3816 Aser,
1325 3748 1501 3802 beatus
1543 3748 1863 3816 interpreta-

270 3856 372 3914 tur,
403 3848 549 3903 illius
573 3846 696 3910 viri,
729 3860 888 3917 quem
936 3845 1003 3897 ab
1033 3858 1217 3898 errore
1255 3856 1350 3910 per
1382 3841 1753 3911 paenitentiam
1782 3853 1864 3895 ro-

270 3949 536 4004 vocatum,
561 3936 814 4009 paulatim
840 3951 934 4006 per
955 3935 1192 4004 singulos
1218 3932 1432 4001 gradus,
1448 3946 1618 4001 usque
1642 3932 1708 3986 ad
1738 3932 1864 3986 bea-

273 4030 521 4086 titudinis
548 4044 693 4085 nunc
735 4030 1067 4084 incrementa
1098 4024 1461 4094 perducimus,
1493 4032 1613 4091 post
1639 4037 1867 4077 conver-

273 4125 503 4190 sionem,
534 4132 650 4193 post
674 4121 1079 4192 intelligentiam
1110 4117 1434 4189 spiritalem,
1465 4124 1587 4185 post
1618 4117 1869 4171 tentatio-

280 4230 404 4269 num
444 4216 747 4274 victoriam.
777 4212 989 4282 pinguis
1015 4210 1132 4281 ejus
1164 4225 1288 4265 esse
1317 4209 1512 4264 dicitur
1544 4209 1717 4277 panis.
1751 4207 1875 4262 Edit

278 4306 420 4360 enim
464 4308 615 4361 illum
649 4320 864 4373 panem,
900 4304 986 4373 qui
1015 4303 1079 4356 de
1106 4303 1231 4357 caelo
1260 4301 1516 4355 descendit
1549 4300 1727 4369 (Joan.
1771 4299 1870 4370 1.),

280 4408 332 4452 et
361 4397 522 4454 vitam
552 4397 647 4453 dat
670 4397 797 4450 huic
825 4396 1046 4462 Mundo,
1074 4402 1129 4449 et
1157 4394 1367 4463 pinguis
1397 4400 1478 4447 est
1511 4392 1600 4447 ille
1628 4392 1799 4461 panis.

2025 2741 2079 2794 3.
2121 2741 2270 2806 Quod
2314 2742 2406 2808 ait,
2448 2744 2657 2815 pinguis
2687 2747 2857 2815 panis.
2903 2746 2981 2801 sic
3020 2746 3321 2815 intelligere
3365 2761 3554 2816 possu-

1953 2845 2092 2884 mus.
2127 2831 2203 2885 llli
2231 2834 2318 2900 qui
2349 2834 2477 2887 nihil
2512 2836 2741 2903 amplius
2774 2837 2824 2889 iu
2852 2836 3068 2890 Christo
3098 2838 3415 2907 iltlt'lligltnl,
3448 2838 3548 2891 nisi

1952 2920 2224 2975 Chri-tunt
2269 2922 2331 2978 Je
2366 2939 2452 2977 um
2505 2925 2645 2979 hunc
2688 2926 3023 2993 crucifixum,
3054 2928 3215 2982 edunt
3246 2928 3460 2998 quidem
3497 2936 3554 2982 ct
3634 2928 3637 2931 ’

1958 3011 2061 3081 ipsi
2092 3029 2282 3081 partem
2313 3015 2380 3069 de
2409 3016 2568 3080 caelo,
2593 3016 2686 3071 sed
2719 3017 2925 3071 aridum
2959 3027 3013 3072 ct
3036 3019 3233 3072 exilem
3264 3038 3276 3071 :
3310 3020 3399 3088 qtti
3429 3035 3558 3075 vero

1956 3103 2104 3172 digni
2134 3113 2282 3169 sunt,
2326 3115 2382 3159 ut
2412 3108 2489 3161 eis
2520 3108 2755 3161 thesauri
2789 3110 3062 3174 sapientia:
3099 3108 3208 3179 40
3234 3120 3289 3165 et
3317 3111 3559 3166 scientia:

1956 3197 2263 3255 revetentur
2292 3197 2491 3253 Christi
2534 3200 2680 3265 (Col.
2712 3200 2824 3271 2.).
2859 3211 2983 3255 sunt
3014 3202 3203 3269 quibus
3238 3203 3448 3271 pinguis
3480 3212 3562 3258 est

1962 3292 2134 3359 panis,
2157 3293 2297 3346 sicut
2317 3300 2432 3348 erat
2460 3291 2645 3358 Paulo,
2670 3292 2762 3363 qui
2792 3293 3003 3347 dicebat
3030 3311 3042 3346 :
3072 3294 3197 3347 Scio
3222 3305 3268 3347 et
3297 3295 3563 3349 abundare

1960 3401 2006 3442 et
2028 3390 2243 3449 esurire,
2263 3389 2332 3441 ad
2354 3391 2524 3442 omnia
2549 3397 2594 3443 et
2620 3390 2671 3443 in
2701 3387 2931 3443 oumibus
2953 3389 3174 3444 imbutus
3194 3406 3308 3445 sum
3332 3389 3560 3462 (Philip.

1964 3476 2068 3548 4.).
2102 3478 2309 3531 Etenim
2342 3482 2384 3533 si
2420 3480 2678 3534 Dominus
2710 3489 2765 3535 et
2804 3480 3049 3535 Salvator
3079 3493 3277 3539 noster.
3311 3499 3473 3551 quum
3504 3483 3565 3535 ll-

1966 3585 2152 3639 guram
2187 3572 2322 3627 tauri
2352 3572 2598 3641 dignatur
2626 3587 2924 3639 assumere,
2951 3582 3135 3629 taurus
3164 3576 3373 3645 pinguis
3401 3586 3453 3631 et
3481 3590 3567 3629 sa-

1966 3665 2175 3734 ginatus
2206 3667 2482 3734 pmuitenti
2513 3668 2618 3721 lilio
2637 3667 2833 3722 dicitur
2860 3667 3092 3737 iugulari
3120 3667 3277 3736 (Luc.
3313 3667 3449 3737 15.),
3470 3683 3568 3723 cur

1910 3796 1915 3801 .
1969 3772 2073 3809 non
2116 3758 2304 3811 eodem
2349 3758 2528 3824 modo,
2563 3760 2649 3828 qui
2695 3759 2760 3812 ad
2804 3758 3185 3815 beatitudinem
3229 3760 3571 3827 perveniunt,

1973 3849 2121 3916 panis
2154 3850 2362 3919 pinguis
2386 3864 2508 3904 esse
2538 3851 2819 3904 dicantur?
2854 3848 2957 3905 Iste
2982 3860 3160 3905 autem
3186 3849 3325 3911 talis,
3353 3850 3437 3903 cui
3458 3849 3569 3918 jam

1972 3942 2186 4011 pinguis
2214 3954 2295 3997 est
2324 3943 2498 4012 panis,
2521 3943 2681 3997 etiam
2712 3959 2878 3997 escam
2908 3942 3221 4007 principibus
3247 3943 3401 3995 dabit.
3434 3941 3575 4010 Qua-

1977 4034 2081 4090 lem
2106 4049 2282 4089 escam
2303 4036 2325 4087 ἲ
2348 4035 2463 4089 sine
2492 4034 2654 4088 dubio
2684 4035 2828 4089 verbi
2855 4034 2979 4097 Dei;
3009 4041 3063 4087 et
3084 4033 3233 4087 dabit
3260 4046 3436 4087 escam
3470 4042 3574 4085 non

1977 4126 2405 4197 quibu~cumque
2423 4127 2873 4195 pauperibus,aut
2894 4125 3295 4193 accipientibus,
3316 4124 3407 4177 sed
3433 4123 3576 4192 prin-

1979 4218 2186 4284 cipibus
2215 4218 2363 4271 dabit
2395 4234 2408 4269 :
2444 4217 2690 4286 loquetur
2718 4217 2860 4271 enim
2893 4217 3053 4271 etiam
3103 4215 3221 4287 ipse
3260 4215 3577 4284 sapientiam

1981 4309 2121 4364 inter
2149 4307 2415 4376 perfectos
2445 4307 2523 4379 (Ι.
2554 4306 2673 4362 Cor.
2702 4306 2806 4378 2.).
3551 4308 3557 4315 ·

1110 4531 1863 4621 ’ΒΕΝΕΒΙΟΤΙΟ
1919 4529 2756 4617 NEPHTHALIM.

359 4705 409 4761 Ι.
452 4703 637 4758 Aaaoa
665 4711 689 4741 ο
718 4702 933 4757 remissa
961 4700 1065 4771 (vel
1096 4709 1153 4756 ut
1197 4709 1377 4755 nostra
1408 4698 1733 4767 exemplaria
1782 4700 1875 4753 ba-
1906 4704 1955 4764 ι)
1982 4698 2073 4756 lim
2106 4714 2231 4754 rura
2282 4698 2584 4767 possedisse
2626 4699 2878 4755 foecunda
2910 4697 3179 4770 virgultis,
3216 4709 3271 4756 et
3301 4700 3587 4759 arboribus

288 4794 438 4869 bent)
517 4797 634 4850 vitis
674 4794 889 4863 diﬂ‘usa,
943 4796 1205 4864 proferens
1233 4794 1288 4846 in
1331 4791 1580 4863 fructibus
1626 4793 1880 4847 decorem.

291 4888 523 4942 Historia
549 4886 795 4953 designat
825 4886 1053 4954 priorem
1071 4884 1185 4939 Gad
1205 4883 1530 4939 hmreditatis
1559 4894 1758 4937 sortem
1783 4899 1888 4937 ca:-

273 4984 433 5053 ‘pisse
473 4982 525 5037 in
563 4982 806 5036 ubertate
850 4994 1163 5049 camporum
1188 4997 1202 5032 :
1228 4988 1284 5034 et
1308 4988 1432 5050 post
1455 4978 1596 5033 hunc
1619 4977 1890 5049 Nephtha-

365 5145 390 5174 ι
421 5134 814 5197 Rescrip-imlts
831 5141 1008 5195 tentat.
1034 5149 1131 5203 pro
1151 5149 1256 5203 quo
1272 5144 1428 5189 antea
1442 5132 1632 5189 vitiose
1648 5143 1887 5189 tentatur.

299 5206 517 5265 Leviora
549 5208 654 5259 alia
684 5209 930 5271 superius
960 5206 1104 5258 taciti
1128 5206 1471 5270 castigamus.
1662 5246 1667 5253 .

368 5278 393 5316 δ
426 5279 695 5331 Laudatur
720 5278 931 5329 Barraeo
953 5276 1017 5327 ad
1044 5274 1159 5328 libri
1187 5291 1335 5330 oram
1362 5276 1458 5330 Ms.
1484 5277 1551 5328 ita
1571 5275 1888 5342 praeferens,

299 5366 443 5413 quem
476 5357 587 5417 post
616 5363 843 5400 errorem
886 5346 1193 5417 paenituisse,
1226 5358 1273 5399 et
1304 5363 1596 5400 conversum
1625 5364 1714 5416 per
1740 5349 1892 5410 pinni-

302 5414 529 5479 tentiam,
559 5425 606 5470 et
647 5414 1016 5481 aliquantulum
1037 5422 1155 5486 jam
1185 5417 1457 5485 profecisse
1504 5414 1888 5488 descripsimus,

301 5506 500 5543 necesse
518 5499 616 5551 est,
649 5498 702 5540 ut
734 5495 845 5556 post
884 5489 1186 5554 profectum,
1214 5498 1321 5540 etc.

374 5569 396 5597 °
433 5563 679 5613 Barraaus
708 5559 848 5611 idem
879 5556 1069 5609 vitiose
1094 5557 1226 5623 Quia
1256 5562 1474 5624 legerat,
1508 5571 1607 5625 pro
1635 5556 1756 5624 Qui.
1783 5557 1888 5612 Sed

303 5645 402 5685 nec
428 5629 723 5694 Scriptura:
751 5626 910 5678 verba
947 5626 1143 5678 laudari
1175 5629 1639 5681 animadverterat.

375 5698 401 5738 ἀ
442 5701 680 5755 lneditus
709 5695 911 5765 Auctn_r
936 5696 1088 5749 toties
1121 5696 1361 5750 laudatus
1392 5717 1404 5750 :
1443 5697 1655 5751 Videtur
1682 5698 1892 5765 quidem

309 5772 447 5825 iuxta
476 5771 673 5824 litcram
708 5766 826 5818 huic
860 5761 1032 5816 Tribzti
1064 5765 1263 5819 ubertas
1294 5779 1437 5822 term
1458 5761 1761 5834 νρμνωηὶίιί.
1792 5767 1892 5820 lla-

1990 4806 2296 4847 nemorosa.

2059 4882 2115 4937 2.
2159 4883 2214 4937 lu
2242 4881 2577 4953 expositione
2604 4897 2735 4938 vero
2764 4881 3012 4953 Mystica,
3036 4879 3146 4949 jam
3178 4891 3234 4938 et
3263 4899 3316 4938 tn
3347 4885 3589 4952 superioa

1993 4975 2163 5041 ribus,
2195 4990 2355 5045 quum
2387 4975 2453 5031 de
2491 4972 2729 5030 Zabulon
2753 4974 3169 5041 discuteremus,
3202 4976 3365 5031 etiam
3397 4975 3464 5030 de
3493 4992 3591 5033 no-

1984 5135 2103 5189 buit
2132 5135 2371 5209 enimrin
2390 5148 2527 5190 sorte
2565 5136 2897 5209 possessionis
2923 5152 3029 5190 sua?
3044 5133 3333 5209 Carmelum
3372 5145 3591 5209 montem

1994 5209 2220 5261 ubertate
2278 5206 2573 5278 insignem,
2617 5209 2872 5272 simulque
2934 5207 3066 5260 mari
3095 5276 3102 5278 _
3129 5206 3485 5278 collimitauit,
3530 5222 3593 5258 ac

1996 5295 2087 5345 per
2117 5278 2214 5330 hoc
2258 5276 2492 5349 delicias,
2521 5278 2704 5349 quibus
2734 5280 2845 5347 ipse
2878 5276 3190 5349 abundabat,
3224 5277 3379 5349 maris
3420 5284 3594 5349 terrm-

1995 5365 2112 5414 que,
2139 5351 2291 5401 etiam
2316 5345 2542 5419 Regibus
2569 5352 2675 5403 suis
2708 5345 2809 5401 nan
2849 5358 2921 5401 est
2945 5347 3156 5401 dubium
3184 5362 3300 5399 eum
3330 5345 3592 5410 obtulisse,

1994 5432 2100 5474 ctc.

2069 5500 2091 5527 ο
2114 5491 2201 5547 Al.
2215 5492 2423 5558 emissa;
2439 5489 2491 5542 in
2504 5489 2692 5545 Crteeo
2712 5489 2959 5559 στέλεχος
2986 5487 3263 5553 ἀνενμὲνσν.
3281 5483 3593 5559 Lectiouem

1997 5553 2469 5628 exemplarinrttlil,
2515 5574 2636 5627 qua:
2684 5553 2899 5620 laudat:
2925 5561 2981 5608 5.
3025 5570 3236 5628 qmrque
3264 5553 3595 5628 -ᾼιιῴιίοκὶμιε

1999 5622 2207 5699 probat.
2228 5633 2331 5687 Sed
2360 5639 2415 5684 et
2445 5622 2564 5682 beic
2590 5628 2797 5699 videtur
2825 5625 3219 5699 nomcnnipsum
3244 5622 3594 5699 _Neplttlm_lim

1998 5689 2445 5772 prtemittendum.
2470 5697 2667 5753 Confer
2692 5693 2995 5765 Hieronymi
3018 5689 3219 5757 Quaest.
3243 5690 3299 5745 in
3318 5690 3593 5749 Genesiui.
