4078 6346
540 332 654 411 sar

1568 354 1657 412 RU
1671 354 1801 410 FINI
1843 353 2324 424 AQUILEIENSIS
2366 355 2797 411 PRESBY'IEIH

3733 363 3837 421 5‘28

535 472 682 528 mine
701 468 1067 542 Nepbtbalim,
1087 470 1234 527 velut
1253 484 1375 525 cum
1401 468 1493 524 illo
1514 469 1565 523 in
1588 469 1887 538 Evangebis
1904 486 1980 526 soi
2002 472 2130 537 iatn,
2163 478 2209 531 Α
2240 469 2399 539 paulo
2429 478 2555 524 ante
2586 485 2723 538 pane
2749 471 2929 542 pingui
2958 470 3301 541 vescebatur,
3334 482 3388 529 et
3415 488 3483 529 ex
3513 474 3633 541 ipso
3662 478 3842 536 cibum

533 582 655 636 qua:
683 565 837 621 nobis
863 566 972 621 visa
1002 575 1146 629 sunt,
1177 565 1408 618 diximus
1436 580 1447 615 :
1477 563 1529 616 Id
1561 572 1663 629 est,
1696 563 1835 632 quod
1868 564 2011 617 velut
2044 580 2129 617 ra-

534 659 624 715 dix
664 670 717 715 et
741 658 893 729 origo
923 660 1197 713 beatorum
1229 656 1608 725 Apostolorum
1639 670 1701 708 ex
1735 656 1958 709 istorum
1992 655 2131 709 locis

535 758 591 805 et
618 748 836 818 regione
869 748 1212 816 processerit,
1252 756 1306 801 et
1337 745 1477 814 quod
1510 745 1685 813 populi
1714 761 1898 799 eorum
1928 748 2015 815 qui
2047 759 2130 801 se-

534 840 733 896 debant
776 843 827 895 in
870 840 1124 906 tenebris,
1158 842 1327 893 lucem
1373 839 1597 893 viderint
1635 856 1900 908 magnam.
1932 840 2035 895 Sed
2078 849 2132 895 et

534 933 795 1003 principes
826 931 1058 985 Zabulon
1082 941 1126 986 et
1154 932 1407 1001 principes
1432 931 1766 997 Neplttlmlim
1790 930 1961 1001 (Psal.
1990 931 2128 1001 67.),

535 1025 626 1095 qui
657 1040 753 1094 per
776 1023 937 1077 David
964 1021 1342 1091 praedicantur,
1369 1021 1436 1075 ad
1465 1036 1748 1090 personam
1780 1022 1964 1091 utique
1992 1021 2133 1078 refe-

534 1126 726 1170 runtur
756 1115 1161 1184 Apostolorum.

602 1209 658 1262 3.
676 1207 940 1274 Quantum
967 1222 1095 1261 vero
1126 1205 1188 1260 ad
1218 1204 1643 1274 esplanatinnem
1672 1205 1878 1259 tertiam
1906 1214 2129 1273 spectat,

533 1296 872 1368 Nephtbalim
906 1298 1139 1351 nominis
1171 1297 1543 1364 interpretatio
1574 1297 1687 1350 huic
1715 1296 1823 1364 ipsa
1851 1304 2131 1366 e~t,quam

533 1406 672 1447 nunc
700 1390 1021 1447 benedicens
1052 1408 1173 1445 eum
1201 1400 1349 1460 pater
1373 1391 1488 1459 ejus
1512 1389 1761 1458 exprimit
1794 1407 1804 1441 :
1840 1388 1890 1442 id
1924 1397 2022 1455 est,
2051 1388 2130 1442 vel

532 1484 686 1539 arbor
732 1482 956 1551 diffusa,
986 1482 1074 1538 vel
1126 1484 1261 1536 vitis.
1299 1483 1388 1537 Ille
1419 1482 1578 1552 igitur
1617 1490 1798 1536 noster
1829 1481 2011 1547 homo,
2044 1481 2133 1550 qui

2240 563 2569 632 principibus
2612 564 2771 618 dabat
2801 565 2912 635 (qui
2964 567 3115 633 panis
3160 566 3429 621 confortat
3469 583 3564 623 cor
3610 569 3844 625 hominis

2242 655 2412 729 (Psal.
2448 657 2597 725 105.)
2641 673 2781 712 nunc
2812 669 3204 727 coiisequenter
3243 661 3293 715 ei
3338 660 3501 714 etiam
3549 678 3673 716 vera
3720 663 3844 719 vitis

2239 747 2486 801 Christus
2510 748 2765 802 decorum
2801 751 3020 817 protulit
3053 751 3307 815 fructum,
3341 767 3447 820 quo
3482 752 3689 807 scilicet
3721 770 3839 820 cor,

2239 838 2380 909 quod
2416 853 2552 907 pane
2576 839 2995 906 confortaverat,
3022 856 3163 896 nunc
3189 841 3423 897 laetiﬁcat
3452 843 3577 898 vino
3610 861 3624 897 :
3655 843 3708 898 in
3736 860 3843 913 quo

2241 940 2468 999 utroque
2490 930 2542 984 in
2559 939 2761 984 tantum
2784 930 2909 984 mihi
2922 930 3031 1001 jam
3052 932 3261 987 videtur
3278 935 3492 989 venisse
3518 934 3837 1003 profectum,

2244 1030 2302 1075 ut
2332 1023 2493 1076 etiam
2537 1023 2822 1077 sacerdotii
2852 1034 3186 1079 sacramenta
3220 1026 3494 1093 suscipiat.
3523 1026 3577 1081 Si
3602 1042 3729 1081 vero
3750 1044 3841 1082 ar-

2240 1112 2425 1167 borum
2450 1114 2636 1182 magis,
2660 1129 2819 1184 quam
2842 1116 3003 1169 vitem
3032 1114 3277 1172 diﬂ'usam
3308 1117 3528 1187 intelligi
3549 1120 3839 1187 malumus,

2241 1221 2363 1275 quae
2388 1208 2626 1277 proferat
2656 1210 2707 1261 in
2742 1208 3003 1263 fructibus
3033 1209 3308 1274 decorem,
3336 1227 3454 1279 qua:
3482 1212 3585 1264 alia
3620 1212 3723 1265 erit
3749 1208 3838 1265 a’r-

2242 1301 2361 1365 bor,
2391 1314 2511 1369 qua:
2556 1300 2806 1354 decorem
2856 1302 2909 1355 in
2958 1299 3221 1355 fructibus
3268 1302 3521 1371 proferat,
3551 1318 3710 1371 quam
3755 1317 3839 1356 sa-

2240 1393 2438 1461 pientia
2472 1393 2586 1455 Dei,
2621 1394 2687 1447 de
2716 1410 2817 1463 qua
2858 1393 2988 1449 d;cit
3019 1394 3294 1463 Salomon,
3321 1395 3487 1448 Arbor
3518 1396 3633 1449 vita:
3658 1405 3732 1449 est
3760 1394 3837 1447 Itis

2238 1485 2325 1550 qui
2349 1483 2726 1553 amplectuntur
2749 1500 2859 1537 eaut
2888 1484 3067 1554 (Prov.
3094 1484 3211 1550 3.)?

1478 1622 2238 1709 'BENEDICTIO
2311 1627 2791 1711 JOSEPH.

601 1770 654 1826 Ι.
681 1769 857 1825 Ftuus
887 1768 1160 1840 ampliatus
1184 1767 1377 1824 Josspn
1404 1784 1415 1818 :
1445 1766 1584 1835 ﬁlius
1610 1766 1907 1832 ampliatus.
1940 1763 1994 1816 ln
2042 1764 2131 1818 be-
2172 1771 2212 1830 Β
2240 1766 2438 1837 adjuvit
2468 1775 2517 1820 te
2559 1766 2697 1821 Deus
2729 1784 2888 1822 meus.
2921 1766 3048 1821 lude
3092 1766 3181 1821 tibi
3212 1765 3469 1821 auxilium
3502 1765 3667 1831 venit,
3699 1765 3838 1822 unde

535 1862 840 1920 nedictione
865 1862 1083 1931 Ioseph,
1102 1860 1260 1914 etiam
1279 1859 1387 1924 ipsa
1415 1858 1578 1926 prima
1601 1858 1768 1908 litem
1787 1855 2133 1919 facieslloret,

534 1957 727 2011 merito
746 1968 969 2023 namque
990 1952 1265 2023 ampliatus
1279 1950 1413 2016 filius
1434 1948 1752 2016 appellatur,
1768 1961 1922 2014 quem
1960 1946 2138 1999 Domi-

542 2060 643 2102 nus
667 2045 881 2100 Iamilim
900 2060 1011 2098 sua:
1041 2040 1421 2096 conservandae
1450 2042 1635 2109 gratia,
1654 2052 1819 2103 usque
1843 2035 1908 2089 ad
1950 2049 2138 2088 Secun-

535 2136 663 2193 dum
690 2133 839 2205 regni
860 2134 1184 2188 exaltaverat
1206 2129 1449 2199 gradum.
1467 2127 1563 2180 Am
1573 2127 1788 2194 pliatum
1804 2140 1929 2194 ergo
1956 2124 2139 2178 intell-

536 2243 627 2300 ge,
675 2226 954 2297 sapientia,
983 2224 1232 2291 consilio,
1274 2221 1592 2285 constantia,
1618 2220 1881 2284 castitate,
1915 2220 2133 2283 honore,

538 2317 955 2388 regno,virtute,
971 2323 1024 2369 et
1044 2313 1183 2384 quod
1211 2312 1561 2367 estvirtututn
1586 2312 1822 2363 omnium
1840 2309 2135 2379 fastigium,

538 2409 755 2476 pietate,
781 2409 833 2461 in
855 2404 1045 2475 quibus
1063 2404 1308 2458 omnibus
1344 2411 1533 2456 auctus
1555 2412 1608 2455 et
1633 2400 1916 2468 ampliatus
1948 2402 2138 2454 merito

534 2502 727 2557 dicitur
766 2500 985 2569 Ioseph.
1010 2498 1160 2566 Quod
1190 2505 1365 2550 autem
1396 2496 1549 2562 dixit,
1574 2494 1785 2549 Zelatus
1812 2494 1951 2563 filius
1975 2511 2137 2564 meus,

536 2593 749 2648 videtur
774 2593 1102 2660 expressisse
1118 2604 1219 2643 non
1244 2600 1491 2656 tanquam
1518 2603 1638 2639 eum
1659 2588 1747 2655 qui
1780 2584 2139 2645 invideat.sed

541 2689 795 2751 tanquam
808 2696 929 2736 eum
943 2680 1032 2748 qui
1049 2678 1297 2731 invidiam
1314 2692 1501 2745 passus
1522 2677 1633 2730 sit:
1662 2675 1712 2728 id
1727 2686 1807 2729 est
1832 2675 1981 2743 cujus
1997 2685 2141 2728 tanta

541 2773 613 2839 sit
635 2771 823 2841 gloria,
857 2786 976 2841 qua:
1003 2778 1271 2825 mereatur
1298 2768 1567 2822 invidiam.
1596 2768 1707 2821 lloc
1732 2777 1812 2822 est
1851 2782 1977 2835 ergo
2000 2767 2139 2837 quod

540 2861 902 2927 dicit,Zetatus
919 2861 1057 2931 ﬁlius
1075 2877 1215 2913 meus
1232 2861 1593 2913 adolescentior
1608 2860 1674 2911 ad
1689 2875 1766 2911 me
1786 2868 2029 2912 revertere
2042 2873 2060 2910 :
2077 2860 2142 2910 li-

541 2955 559 3010 I
584 2971 644 3010 us
658 2969 808 3010 meus
822 2964 1045 3008 nontam
1064 2952 1335 3007 nativilale
1350 2969 1507 3022 quam
1523 2951 1745 3005 meritis.
1778 2951 1911 3005 Illttd
1930 2966 2059 3006 sane
2075 2951 2146 3004 vi-

539 3047 697 3103 detur
711 3047 836 3102 mihi
854 3062 957 3101 non
978 3046 1082 3119 41
1098 3047 1270 3101 Otiose
1294 3046 1540 3115 positum,
1556 3044 1695 3115 quod
1716 3046 1874 3099 tertio
1892 3054 2142 3113 repetens

2241 1868 2296 1915 et
2329 1859 2489 1913 Israel
2519 1864 2668 1929 pater
2699 1870 2819 1915 tuus
2849 1860 3177 1913 eunfortatus
3206 1869 3308 1920 est.
3340 1868 3470 1913 tunc
3500 1859 3619 1913 sine
3648 1859 3832 1922 dubio,

2240 1967 2359 2006 cum
2388 1952 2706 2007 colluctatus
2736 1962 2819 2006 est
2862 1954 2912 2005 in
2964 1953 3049 2005 via
3092 1948 3256 2019 (Ibid.
3286 1949 3421 2019 52.),
3449 1960 3501 2003 et
3544 1949 3685 2018 juvit
3714 1965 3835 2005 eum

2243 2045 2401 2110 Deus,
2428 2056 2480 2100 et
2520 2046 2681 2099 Israel
2724 2046 2771 2098 ei
2806 2059 3001 2098 nomen
3054 2043 3307 2112 intposuit
3354 2039 3517 2111 (Ibid.
3549 2039 3686 2110 35.).
3723 2041 3838 2107 Ipse

2240 2151 2366 2204 ergo
2392 2136 2530 2190 Deus
2550 2152 2699 2189 mens
2722 2138 2882 2189 etiam
2905 2145 2954 2187 le
2974 2133 3264 2198 benedixit,
3282 2131 3641 2185 Benedictione
3663 2132 3795 2196 ca'li,
3812 2141 3837 2168 ι

2240 2239 2287 2283 et
2333 2246 2365 2282 a
2394 2246 2616 2296 summo,
2658 2238 2705 2282 et
2747 2228 3091 2281 benedictione
3123 2236 3292 2279 terrm.
3339 2225 3648 2278 Benedictio
3695 2223 3834 2287 caeli,

2241 2322 2561 2390 sapientiam
2594 2340 2605 2373 :
2637 2332 2794 2375 terrae
2825 2330 3036 2385 autem,
3070 2333 3290 2387 regnum
3322 2316 3721 2386 potentiamque
3747 2315 3838 2369 de-

2241 2415 2434 2482 signat.
2468 2414 2687 2484 Propter
2715 2414 3119 2467 brttedictimtem
3153 2411 3364 2462 uberum
3394 2419 3440 2461 et
3478 2410 3657 2471 valete,
3694 2407 3839 2461 bene-

2242 2504 2515 2557 dictionem
2538 2502 2698 2569 patris
2725 2502 2800 2554 tui
2839 2513 2885 2555 et
2916 2501 3093 2553 matris
3124 2509 3243 2552 tuae.
3280 2497 3395 2561 Ipse
3426 2497 3690 2565 exposuit,
3722 2510 3839 2565 quin

2243 2598 2310 2651 sit
2333 2596 2554 2650 uberum
2584 2602 2639 2649 et
2660 2595 2830 2648 vnlvze
2852 2591 3171 2657 benedictio,
3201 2589 3583 2659 cognominans
3611 2600 3837 2642 matrem

2243 2687 2382 2756 quod
2414 2700 2517 2739 non
2546 2685 2722 2740 solum
2756 2692 3027 2749 paternas,
3057 2681 3151 2735 sed
3189 2681 3349 2733 etiam
3398 2688 3668 2733 maternas
3700 2693 3833 2731 con-

2243 2790 2459 2836 secutus
2500 2783 2572 2833 sit
2615 2777 3035 2832 benedictiones.
3070 2775 3200 2841 Quae
3230 2772 3534 2827 benedictio
3593 2772 3761 2839 patris
3788 2778 3840 2824 et

2244 2873 2431 2926 matris
2464 2870 2758 2939 przevaluit,
2788 2868 2979 2937 inquit,
3007 2865 3072 2918 In
3101 2864 3528 2919 benedictionibus
3549 2860 3657 2932 42
3696 2877 3841 2915 mon-

2244 2965 2368 3016 tium
2398 2962 2821 3030 permanentium,
2846 2969 2893 3014 et
2922 2960 2973 3011 in
2998 2954 3430 3010 benedictionibus
3457 2955 3669 3007 collium
3689 2963 3839 3007 teter-

2243 3070 2448 3108 norum.
2483 3054 2661 3107 Potest
2690 3050 2917 3105 fortasse
2944 3065 3039 3117 pro
3070 3047 3443 3102 immobilitate
3475 3060 3839 3114 permansura:

538 3138 873 3213 Ratriarcha,
899 3138 1097 3208 Joseph
1124 3141 1284 3194 lilium
1312 3138 1568 3204 nominat,
1588 3138 1772 3193 dicens
1797 3157 1811 3193 :
1842 3136 2013 3192 Filius
2034 3153 2143 3191 atn-
2169 3163 2215 3226 ο
2251 3147 2304 3201 in
2334 3160 2400 3201 eo
2426 3143 2609 3215 gratia:
2663 3142 2828 3196 videri
2885 3142 3105 3202 dictum,
3140 3138 3544 3208 permanentinm
3590 3138 3840 3190 montium

538 3232 731 3302 pliatus
751 3230 967 3301 Ioseph,
991 3232 1188 3301 etﬁlius
1214 3232 1513 3301 ampliatus.
1546 3230 1753 3284 Zelatus
1769 3240 1813 3284 et
1842 3230 1981 3298 filius
2003 3245 2143 3283 meus

536 3321 923 3375 adolescentior.
953 3321 1089 3386 Quid
1113 3321 1214 3375 sibi
1256 3321 1389 3385 vult,
1423 3320 1565 3390 quod
1592 3322 1738 3375 solus
1767 3319 1963 3389 Ioseph
2006 3319 2144 3373 inter

537 3430 726 3493 omnes
743 3415 936 3469 fratres
953 3415 1111 3470 tet-tio
1132 3414 1270 3469 ﬁlius
1298 3414 1637 3469 nominatur?
1670 3414 1781 3483 Ego
1799 3414 2012 3484 quidem
2047 3429 2144 3481 pro

536 3509 804 3581 parvitate
840 3522 1030 3563 sensus
1060 3507 1164 3562 mei
1202 3508 1461 3577 intelligo,
1493 3507 1635 3576 quod
1665 3509 1835 3561 semel
1862 3506 1911 3560 ei
1941 3506 2141 3572 .loseph

533 3584 685 3667 :Iilius
710 3606 864 3651 natus
890 3606 971 3652 est
1000 3595 1160 3668 (Cen.
1198 3596 1336 3666 50.),
1363 3608 1487 3652 tunc
1516 3613 1676 3667 quum
1706 3612 1769 3652 ex
1801 3596 1999 3652 Rachel
2026 3604 2145 3663 p0st

546 3689 978 3758 desperationem
1016 3690 1370 3760 suscipienda:
1403 3691 1628 3757 sobolis,
1659 3700 1875 3745 renatus
1908 3701 2009 3745 est.
2041 3690 2140 3744 Se-

546 3782 724 3837 cundo
755 3797 883 3838 vero
922 3782 970 3840 ei
999 3786 1149 3853 quasi
1200 3784 1397 3840 iterum
1428 3784 1663 3838 nascitur
1690 3783 1851 3847 ﬁlius,
1883 3798 2046 3849 quum
2093 3782 2143 3835 ei

532 3858 667 3945 post
692 3877 1091 3947 persuasionem
1114 3879 1300 3932 mortis
1320 3878 1498 3932 vivere
1514 3874 1866 3947 nunciaturU
1873 3876 1975 3930 bid.
2003 3874 2142 3945 45.).

544 3966 728 4023 Tertio
754 3983 883 4023 vero
910 3968 958 4023 ei
998 3968 1138 4023 ﬁlius
1166 3968 1418 4033 efﬁcitur,
1451 3984 1611 4036 quum
1642 3965 1909 4029 doctrina,
1942 3976 1996 4020 et
2020 3981 2141 4020 eru-

539 4059 744 4116 ditione
783 4070 836 4116 et
868 4061 949 4115 his
990 4063 1241 4116 omnibus
1271 4060 1579 4123 virtutibus,
1611 4059 1804 4127 quibus
1831 4059 1944 4127 ipse
1973 4059 2140 4113 Deum

530 4152 773 4218 (videbat,
806 4153 1059 4208 erudiens
1086 4168 1207 4207 eum
1237 4162 1291 4207 et
1328 4152 1623 4217 instruens,
1656 4150 1817 4205 etiam
1861 4152 1915 4204 in
1947 4152 2138 4219 spiritu

537 4258 659 4300 eum
692 4244 858 4298 ﬁlium
908 4253 1302 4312 procreaverat.
1350 4242 1563 4311 Alioqui
1612 4256 1712 4296 nec
1741 4243 2029 4296 conveniet
2065 4242 2139 4310 ei,

538 4336 683 4406 quod
708 4336 1104 4391 adolescentior
1132 4336 1271 4389 lllius
1294 4335 1509 4399 dicitur,
1543 4350 1707 4403 quum
1735 4334 1930 4388 habeat
1959 4346 2139 4402 poste-

540 4427 737 4483 riorem
766 4442 828 4482 se
859 4426 1159 4495 Benjamin,
1194 4426 1295 4479 nisi
1329 4427 1379 4480 in
1409 4426 1573 4495 patris
1593 4427 1983 4480 eruditionibus
2010 4433 2139 4480 ado-

2247 3247 2293 3291 et
2323 3236 2532 3291 collium
2578 3244 2901 3297 internarum,
2936 3232 3096 3286 rebus
3142 3231 3321 3297 utique
3374 3226 3744 3281 immobilibus
3788 3234 3841 3281 et

2247 3327 2586 3384 manentibus
2629 3332 2957 3391 comparata.
3002 3321 3129 3387 Qua:
3180 3318 3578 3374 benedictioues
3624 3328 3840 3370 interna:

2246 3433 2425 3488 erunt,
2450 3422 2647 3490 inqttit,
2675 3418 2857 3490 Supra
2884 3423 3037 3485 caput
3076 3413 3293 3481 Joseplt,
3326 3422 3372 3465 et
3417 3427 3566 3481 super
3606 3411 3841 3464 uerticem

2245 3532 2419 3570 eorum
2444 3488 2625 3585 quibus
2654 3488 2863 3583 praefuit
2908 3513 3150 3579 fratrum.
3190 3504 3246 3559 lu
3285 3507 3388 3559 line
3434 3504 3581 3558 verbi
3634 3503 3840 3558 videtur

2249 3605 2657 3661 benedictionos
2700 3603 2767 3657 ad
2809 3616 3024 3654 omnem
3058 3598 3279 3653 fratrum
3330 3612 3611 3652 numerum
3657 3604 3842 3651 contu-

2246 3700 2397 3765 lisse,
2428 3708 2487 3752 ut
2521 3696 2886 3767 principaliter
2920 3693 3134 3763 quidem
3184 3692 3291 3747 sint
3320 3692 3723 3746 benedictiones
3749 3706 3841 3745 su-

2247 3805 2341 3859 per
2366 3800 2528 3859 caput
2556 3789 2775 3857 Joseph,
2795 3802 2890 3856 per
2912 3788 3081 3855 ipsum
3109 3802 3236 3841 vero
3259 3785 3457 3855 Ioseph
3489 3788 3651 3839 etiam
3681 3799 3842 3855 super

2246 3882 2366 3936 illos
2394 3882 2627 3945 veniant,
2660 3893 2888 3948 quorum
2932 3878 3044 3947 ipse
3074 3878 3179 3931 dux
3208 3875 3368 3932 fuerit
3395 3886 3443 3931 et
3491 3878 3771 3945 magister.

2316 3974 2370 4028 2.
2412 3972 2536 4027 llaec
2567 3971 2860 4026 secundum
2890 3970 3097 4024 literam
3120 3968 3582 4037 sensimus;quod
3613 3968 3657 4022 si
3689 3967 3835 4021 volu-

2245 4080 2363 4120 mus
2396 4064 2559 4120 etiam
2590 4063 2749 4117 altius
2778 4065 2829 4116 in
2876 4062 2976 4116 hoc
3019 4062 3217 4129 aliquid
3264 4062 3609 4129 perscrutari,
3639 4061 3833 4128 poterit

2243 4154 2474 4210 fortasse
2516 4153 2714 4225 Ioseph
2759 4154 2825 4207 ad
2879 4165 3160 4221 personam
3211 4151 3421 4204 Domini
3478 4151 3743 4215 revocari,
3776 4158 3833 4205 ut

2240 4247 2689 4319 quemadmodum
2718 4246 2915 4313 Ioseph
2944 4253 3289 4314 posteaquam
3320 4252 3535 4314 putatus
3560 4254 3645 4299 est
3682 4258 3829 4297 mor-

2242 4350 2390 4407 tuus,
2420 4354 2527 4393 non
2556 4338 2728 4392 solum
2763 4338 2969 4401 vivens,
3002 4336 3097 4391 sed
3128 4340 3289 4391 etiam
3336 4338 3388 4391 in
3433 4352 3600 4405 regno
3628 4337 3830 4405 positus

2251 4430 2535 4497 invenitur,
2576 4438 2631 4484 et
2667 4446 2761 4496 per
2802 4430 2904 4483 hoc
2941 4429 3136 4483 dicitur
3177 4430 3460 4498 ampliatus
3499 4447 3511 4481 :
3562 4427 3633 4482 ita
3675 4431 3833 4483 etiam

541 4522 829 4575 lescentior
856 4522 1135 4574 sentiatur.
1164 4519 1243 4572 Ad
1266 4535 1364 4583 me,
1390 4519 1581 4588 inquit,
1606 4530 1874 4573 revertere.
1899 4519 2013 4575 Hoc
2032 4528 2137 4584 est,
2170 4548 2221 4607 ο
2248 4521 2507 4576 Dominus
2534 4534 2597 4574 ac
2628 4520 2870 4575 Salvator
2899 4529 3103 4584 noster,
3141 4521 3229 4586 qui
3274 4519 3413 4589 apud
3444 4518 3661 4572 Judwos
3694 4535 3838 4573 mor-

538 4623 793 4669 converte
816 4612 960 4682 (Ant.
984 4610 1320 4682 comertere]
1351 4612 1416 4665 ad
1446 4627 1532 4666 me
1556 4611 1764 4665 animos
1782 4621 1922 4675 tuos,
1942 4621 1999 4665 ut
2015 4612 2137 4665 dili-

538 4714 725 4774 genter
738 4713 912 4765 notes,
930 4712 984 4757 et
998 4702 1049 4756 in
1065 4703 1228 4757 corde
1239 4718 1356 4772 quas
1370 4702 1639 4770 dicuntur,
1657 4704 1917 4757 inscribas
1935 4721 1945 4755 :
1964 4713 2039 4769 tu,
2064 4704 2137 4757 illi

537 4794 765 4866 Ioseph,
800 4795 853 4848 in
881 4811 1029 4861 quem
1056 4795 1383 4849 consiliantes
1409 4795 1797 4865 maledicebant,
1830 4809 1874 4850 et
1907 4797 2141 4850 intende-

539 4885 661 4940 bant
684 4885 774 4939 tibi
811 4886 1028 4939 insidias
1056 4886 1252 4939 domini
1278 4902 1493 4939 arcuum
1522 4885 1683 4957 (Ibid.
1712 4887 1829 4955 42.)
1860 4905 1873 4941 :
1909 4888 2140 4943 refertur

528 4976 682 5031 enim
713 4985 767 5032 et
796 4976 899 5031 hoc
928 4992 957 5030 a
992 4976 1270 5046 Scriptura
1297 4987 1503 5041 sancta,
1535 4979 1677 5047 quod
1711 4980 1975 5034 habebant
1999 4995 2133 5034 con-

538 5069 721 5123 silium
749 5068 942 5123 fratres
969 5070 1050 5123 sui
1081 5069 1173 5124 illo
1204 5069 1257 5124 in
1289 5082 1549 5140 tempore,
1580 5081 1637 5125 ut
1664 5074 1964 5127 occiderent
1986 5088 2132 5136 eum,

522 5163 632 5218 sed
648 5162 1006 5217 interveniens
1022 5161 1184 5217 ludas
1208 5164 1464 5231 repressit
1481 5164 1810 5232 parricidiale
1825 5166 2134 5219 consilium.

538 5252 693 5321 Quod
718 5263 896 5309 autem
919 5254 1083 5320 dixit,
1113 5253 1510 5321 Maledicebant,
1534 5255 1659 5309 Illud
1690 5265 1793 5320 est,
1817 5256 1957 5325 quod
1984 5257 2136 5311 dixe-

546 5359 708 5403 runt:
743 5345 876 5402 Ecce
913 5350 1195 5402 somniator
1222 5353 1355 5402 venit
1382 5348 1675 5420 (Itidim.).
1722 5350 1972 5403 Dominus
2012 5363 2139 5402 vero

540 5454 787 5504 arcuum,
814 5439 1100 5494 bellatores
1131 5440 1371 5511 designat
1394 5440 1567 5503 viros;
1595 5440 1735 5509 quod
1764 5453 1937 5495 autem
1965 5440 2141 5495 disso-

540 5530 647 5585 Iuta
673 5539 797 5585 sunt
817 5529 1054 5596 brachia,
1072 5539 1126 5585 et
1142 5545 1297 5585 arens
1315 5532 1552 5597 euntriti,
1571 5532 1879 5586 frustratum
1895 5532 2141 5599 designat

540 5622 830 5691 inemptum
872 5637 968 5690 per
1007 5638 1219 5677 manum
1263 5624 1497 5693 potentis
1536 5624 1723 5689 Iacob,
1767 5626 1865 5678 hoc
1904 5634 2007 5687 est,
2043 5624 2137 5675 Dei

537 5708 725 5768 Iacob.
751 5708 883 5765 Inde
912 5712 1002 5782 qui
1029 5714 1332 5778 confortavit
1362 5714 1526 5769 Israel
1564 5733 1596 5770 a
1638 5715 1745 5780 Deo
1772 5716 1930 5778 patris
1962 5714 2057 5777 tui,
2091 5721 2139 5765 ct

2250 4624 2373 4669 tuus
2400 4613 2703 4682 putabatur,
2729 4614 2780 4666 iu
2804 4610 3056 4666 cordibus
3084 4610 3346 4664 Fidelium
3388 4620 3441 4664 et
3480 4612 3663 4665 virens
3696 4612 3838 4664 inve-

2248 4706 2392 4760 nitur
2419 4715 2473 4760 et
2513 4719 2766 4774 regnans.
2797 4704 3099 4772 Ampliatus
3128 4712 3213 4757 est
3241 4718 3369 4772 ergo
3412 4703 3575 4758 etiam
3621 4712 3677 4757 et
3720 4703 3838 4758 Sal-

2247 4806 2400 4853 vator
2430 4807 2616 4852 noster
2648 4807 2768 4866 post
2804 4807 3054 4850 mortem.
3088 4798 3385 4865 Antequam
3415 4796 3557 4849 enim
3598 4810 3839 4851 morere-

2250 4899 2357 4955 tttr,
2390 4891 2501 4944 sola
2532 4900 2649 4944 erat
2694 4888 2879 4945 Iudaea
2927 4889 2982 4943 in
3015 4902 3118 4959 qua
3150 4897 3306 4942 notus
3336 4900 3449 4942 erat
3495 4887 3634 4942 Deus
3669 4888 3838 4957 (Psal.

2246 4980 2384 5048 75.),
2414 4990 2471 5036 et
2524 4981 2575 5034 in
2606 4981 2721 5034 solo
2751 4980 2912 5034 Israel
2962 4995 3209 5047 magnum
3260 4987 3376 5033 erat
3428 4994 3626 5033 nomen
3678 4982 3837 5047 ejus:

2245 5082 2426 5143 postea
2461 5088 2586 5126 vero
2617 5087 2774 5141 quam
2822 5080 3063 5125 mortuus
3092 5080 3175 5125 est
3205 5086 3271 5126 ex
3302 5070 3633 5136 inﬁrmitate,
3667 5082 3723 5126 et
3762 5089 3839 5125 re-

2242 5163 2477 5217 surrexit
2513 5177 2543 5215 a
2572 5162 2796 5216 mortuis
2820 5178 2883 5216 ex
2918 5164 3108 5217 virtute
3144 5162 3222 5233 (l.
3258 5163 3378 5216 Cor.
3412 5162 3552 5232 15.),
3598 5168 3650 5217 in
3684 5164 3829 5216 omni
3854 5176 3871 5189 ο

2248 5264 2388 5307 terra
2430 5254 2655 5308 olTertur
2687 5253 2858 5308 h05tia
2892 5254 3092 5307 nomini
3134 5255 3270 5321 ejus.
3298 5253 3402 5308 Sed
3434 5266 3484 5306 et
3515 5256 3719 5308 zelatus
3765 5254 3839 5307 di-

2243 5346 2380 5399 citur
2427 5346 2565 5400 ﬁlius
2598 5348 2719 5411 Dei;
2769 5357 2820 5401 et
2852 5348 2973 5415 quis
3004 5346 3073 5399 ita
3116 5347 3333 5415 pertulit
3381 5346 3587 5401 zelum?
3626 5348 3693 5402 de
3740 5364 3837 5418 quo

2244 5441 2405 5495 etiam
2456 5442 2713 5509 scriptum
2744 5451 2846 5502 est,
2880 5440 3083 5494 Sciebat
3130 5444 3263 5493 enim
3312 5440 3539 5499 Pilatus,
3570 5444 3707 5508 quod
3757 5460 3831 5504 pet

2243 5530 2487 5583 invidiam
2502 5532 2828 5583 tradidissent
2849 5546 2960 5583 eum
2972 5528 3144 5582 Ιιιάιυὶ
3159 5529 3373 5598 (Matth.
3392 5533 3457 5583 ‘27
3478 5549 3491 5589 ;
3511 5531 3675 5584 Marc.
3708 5532 3813 5599 I5.)

2247 5622 2411 5676 Filius
2442 5623 2833 5676 adolescentior
2862 5623 3153 5675 secundum
3200 5637 3437 5687 carnem,
3475 5628 3609 5691 ipse
3632 5634 3715 5678 est
3746 5639 3832 5676 no-

2247 5712 2493 5767 viSsimus
2517 5714 2707 5767 Adam.
2746 5713 2879 5765 Illud
2922 5726 3048 5766 vero
3078 5712 3219 5782 quod
3272 5714 3323 5768 in
3367 5725 3703 5793 expositione
3752 5713 3810 5768 lli

612 5845 631 5868 '
673 5843 955 5902 llcdundat
975 5857 1019 5904 ct
1042 5852 1248 5919 vocula,
1272 5866 1429 5923 quam
1455 5867 1551 5908 nec
1574 5850 1792 5907 Cra‘cus
1820 5857 2011 5914 textus,
2036 5862 2134 5901 nec
2164 5845 2333 5900 Latini
2369 5846 2625 5901 Auctores
2656 5847 2741 5899 alii
2768 5856 3076 5919 agnoscunt.
