4078 6346
1247 176 1279 191 Ν,

234 234 342 296 329

855 245 945 299 DE
986 242 1604 306 BENEDlC'I‘lONIBUS
1646 246 2253 306 PATRIARCIIABUM
2297 252 2496 305 LIBER
2540 252 2922 314 SECUNDUS.

3426 265 3529 323 330

232 358 453 423 stur-ica,
493 357 657 412 tertio
700 358 790 412 lilii
818 362 1224 428 appellationem
1250 363 1602 433 signavimus,
1635 364 1828 432 repeti-
1857 368 1905 425 Α
1935 379 2049 416 mea
2078 372 2160 417 est
2202 382 2214 417 :
2245 376 2299 419 et
2342 383 2436 433 pro
2476 382 2542 420 eo
2582 370 2724 434 quod
2759 371 2954 425 veritas
2985 380 3065 426 est
3098 372 3285 441 Filius,
3330 392 3433 432 non
3463 383 3533 434 sit

235 460 345 502 tam
375 448 549 503 multo
571 449 775 503 clarius
807 451 857 504 in
891 452 989 504 hac
1019 453 1358 519 expositione
1386 455 1839 530 deprehendimus

232 543 380 611 1Ant.
406 544 876 615 deprehenditur].
901 548 991 598 Est
1022 545 1163 600 enim
1198 546 1337 602 lilius
1367 558 1491 601 aute
1518 548 1739 611 smenla,
1773 548 1840 603 de

234 650 342 705 quo
362 634 569 690 dictum
603 647 687 690 est
735 653 760 687 a
806 638 983 701 Patre,
1020 638 1156 705 Quia
1182 639 1247 693 de
1273 650 1442 693 ventre
1469 651 1589 693 ante
1634 640 1839 711 Lucife-

232 744 347 781 rum
385 730 545 799 genui
587 743 637 783 te
679 729 850 798 (Psal.
884 729 1053 798 106.).
1106 730 1174 785 Et
1218 733 1407 785 iterum
1458 730 1614 797 illius,
1645 747 1765 786 cum
1808 748 1839 785 e

234 819 402 874 Maria
445 830 604 875 natus
630 831 737 886 est,
772 830 823 876 et
864 836 959 891 per
984 820 1243 892 Angelum
1272 822 1469 876 dicitur
1499 839 1510 875 :
1544 822 1695 889 Quod
1719 838 1839 876 uas-

228 926 377 968 cetur
399 931 465 969 ex
496 925 543 969 te
568 925 823 977 sanctum,
858 914 1113 968 vocabitur
1143 915 1281 984 ﬁlius
1316 914 1407 966 Dei
1438 912 1589 983 (Luc.
1626 914 1727 982 1.).
1754 912 1840 967 Fit

230 1016 412 1061 autem
444 1008 606 1063 tertio
639 1008 805 1071 lilius,
834 1023 954 1061 cum
988 1009 1368 1077 primogenitus
1395 1008 1564 1075 surgit
1592 1022 1656 1060 ex
1690 1022 1835 1059 mor-

234 1100 361 1161 tuis,
394 1101 476 1151 cui
505 1099 694 1168 utique
722 1100 941 1166 pulchre
972 1112 1189 1169 paterna
1221 1115 1317 1153 vox
1348 1099 1601 1154 convenit
1626 1100 1833 1162 dicens,

236 1185 406 1243 Filius
434 1205 578 1243 meus
600 1190 992 1254 adolescentior,
1005 1190 1073 1242 ad
1091 1207 1167 1244 me
1186 1200 1426 1246 revertere
1449 1206 1467 1244 :
1494 1198 1833 1260 posteaquam

231 1283 533 1336 resurrexit
558 1296 588 1334 a
622 1282 871 1345 mortuis,
903 1284 1062 1336 etiam
1110 1284 1175 1336 ad
1228 1298 1332 1347 me,
1366 1299 1394 1336 a
1425 1299 1529 1351 quo
1562 1282 1835 1353 prolectus

231 1385 311 1436 es,
366 1371 417 1424 in
451 1372 647 1427 caelum
691 1373 865 1427 victor
895 1373 1145 1429 ascende.
1185 1373 1252 1428 In
1298 1391 1443 1445 quem
1486 1376 1829 1441 consiliantes,

228 1463 420 1533 inquit,
443 1464 813 1518 maledicebant
838 1464 1051 1535 (Matth.
1078 1464 1215 1535 26.):
1248 1467 1528 1523 consilium
1551 1468 1656 1538 43
1685 1484 1832 1522 nam-

226 1570 333 1626 que
380 1566 666 1625 coeperant
707 1556 914 1613 Scribte
960 1568 1014 1613 et
1061 1558 1333 1625 Pliarismi,
1370 1569 1429 1614 ut
1475 1560 1655 1616 Jesum
1706 1561 1831 1615 dolo

228 1657 475 1702 tenerent
508 1665 522 1703 :
552 1658 608 1703 et
638 1648 1031 1705 maledicebant
1063 1660 1188 1705 tunc
1215 1652 1331 1706 sine
1364 1652 1549 1717 dubio,
1584 1667 1704 1706 eum
1748 1654 1829 1707 di-

1945 454 2302 511 inconsonans
2328 458 2372 511 si
2396 459 2533 512 dicat
2564 458 2740 526 Pater,
2761 461 2957 516 veritas
2980 477 3097 517 mea
3118 472 3233 528 est;
3262 466 3332 518 ita
3362 477 3416 521 et
3438 483 3535 535 per

1944 542 2043 596 hoc
2065 546 2205 612 quod
2240 547 2380 601 Deus
2400 556 2485 601 est
2504 546 2613 618 M
2636 549 2822 617 Filius,
2838 565 2942 604 non
2973 552 3216 606 videatur
3239 554 3534 612 absurdum

1941 634 1985 687 si
2031 634 2193 700 dicat,
2242 638 2382 693 Deus
2427 654 2579 693 meus
2610 651 2692 693 est
2724 657 2737 694 :
2771 642 2907 695 sicut
2956 658 3053 697 nec
3084 644 3210 698 illud
3240 646 3530 703 absurdum

1942 723 2168 789 dicitur,
2198 728 2339 795 quod
2390 731 2552 783 Filius
2583 730 2725 784 dicat
2765 732 2833 786 de
2880 733 3059 799 Patre,
3106 736 3239 800 Quia
3288 740 3419 792 vado
3464 742 3535 793 ad

1942 814 2109 868 Deum
2136 834 2326 883 meum,
2351 830 2398 873 et
2428 821 2495 872 ad
2532 820 2693 874 Deum
2722 832 2959 876 vestrum.
2989 823 3055 876 Et
3081 825 3334 881 benedixit
3358 839 3424 894 te,
3456 831 3537 884 iu-

1941 906 2077 973 quit,
2107 909 2453 962 benedictione
2472 913 2586 963 cwli
2614 928 2645 963 a
2673 929 2890 976 summa,
2918 924 2962 966 et
2994 915 3337 971 benedictione
3386 931 3536 975 terra:

1940 996 2171 1052 habentis
2198 1001 2368 1053 omnia
2397 1000 2537 1071 (Job.
2568 1001 2702 1071 14.).
2729 1004 3159 1060 Benedictionem
3183 1010 3298 1062 caeli
3322 1024 3442 1065 esse
3478 1012 3533 1065 iu

1939 1089 2150 1144 Christo
2192 1106 2296 1144 non
2328 1093 2598 1147 videbitur
2634 1096 3043 1162 inconveniens,
3093 1101 3386 1155 secundum
3432 1104 3533 1158 hoc

1937 1182 2076 1249 quod
2100 1182 2316 1246 dicitur.
2349 1183 2483 1250 Quia
2512 1188 2764 1239 secundus
2796 1187 2950 1241 homo
2968 1190 3029 1241 de
3058 1191 3182 1244 ctelo
3209 1194 3421 1247 caelestis
3449 1192 3529 1261 (1.

1938 1272 2058 1327 Cor.
2094 1274 2227 1346 15.).
2262 1276 2424 1330 Terra
2473 1276 2501 1315 δ
2540 1292 2688 1345 vero,
2732 1280 2873 1348 quod
2921 1280 3056 1334 dixit
3103 1282 3530 1340 benedictionem

1938 1373 2093 1417 terr-.e
2126 1366 2373 1421 habentis
2400 1368 2576 1423 omnia
2610 1377 2828 1439 propter
2855 1371 3276 1428 benedictionem
3305 1376 3529 1431 uberum

1935 1463 1989 1509 et
2011 1456 2199 1521 vulvae,
2230 1460 2361 1511 satis
2387 1459 2517 1512 mihi
2548 1460 2741 1514 mirum
2778 1462 2987 1515 videtur
3014 1472 3067 1516 et
3096 1477 3368 1531 magnum,
3398 1483 3530 1535 quos

1936 1549 2096 1602 modo
2124 1558 2264 1604 terra
2297 1552 2407 1617 illa,
2440 1568 2557 1621 quae
2587 1552 2641 1605 iu
2674 1553 2806 1608 Filio
2857 1555 2947 1608 Dei
2989 1555 3267 1610 benedicta
3299 1570 3401 1625 εει,
3435 1559 3528 1611 ha-

1934 1638 2058 1694 beat
2097 1643 2295 1696 omnia.
2342 1644 2496 1711 Quod
2550 1646 2651 1699 hoc
2697 1627 2858 1699 modo
2906 1646 3313 1715 intelligendmn
3357 1657 3527 1715 puto:

226 1739 446 1804 cebant,
476 1739 837 1795 Samaritanus
864 1758 939 1805 es,
971 1742 1280 1795 dwnwnium
1324 1743 1477 1797 habes
1508 1745 1690 1811 (Joan.
1725 1744 1825 1813 8.).
1860 1748 1906 1808 Β
1934 1732 2311 1805 Unusquisque
2361 1736 2655 1791 secundum
2706 1753 3009 1791 mensuram
3042 1740 3160 1793 ﬁdei
3206 1753 3316 1793 suae
3341 1742 3530 1809 recipit

226 1828 455 1883 Insidias
497 1828 548 1882 ei
586 1830 792 1885 domini
839 1846 1057 1885 arcuum
1116 1833 1484 1900 intendebant,
1515 1844 1569 1889 et
1613 1835 1827 1889 contriti

224 1932 350 1975 sunt
395 1937 518 1976 cum
568 1924 802 1992 potentia
854 1938 1008 1978 arcus
1063 1940 1273 1990 eorum,
1306 1934 1361 1980 et
1406 1926 1652 1980 dissoluti
1703 1938 1829 1981 sunt

226 2010 379 2063 nervi
409 2010 753 2065 brachiorum
778 2027 1027 2064 manuum
1052 2028 1264 2068 eorum.
1292 2013 1608 2069 lnsidiantes
1625 2014 1827 2068 domini

222 2116 450 2155 arcuum
499 2101 580 2156 illi
632 2101 1024 2171 intelliguntur,
1058 2104 1145 2172 qui
1198 2112 1541 2159 accesserunt
1588 2104 1654 2158 ad
1702 2119 1824 2159 eum

223 2193 364 2248 lictis
396 2195 875 2269 propositionibus,
908 2206 963 2250 ut
995 2210 1115 2249 cum
1167 2207 1421 2266 caperent
1470 2199 1524 2252 in
1555 2198 1742 2263 verbo,
1772 2209 1827 2253 et

221 2287 477 2343 dixerunt
502 2288 568 2343 ad
592 2304 713 2343 eum
740 2308 751 2342 :
786 2290 879 2343 Dic
898 2291 1060 2353 nobis,
1092 2291 1204 2343 licet
1233 2308 1435 2344 censum
1463 2292 1589 2345 dare
1616 2291 1821 2355 Ctesari,

222 2388 313 2431 aut
344 2378 969 2451 ηοη(Μαίι1ι.22.)ἳιίειξο
994 2396 1125 2450 ergo
1159 2382 1234 2435 illi
1259 2384 1414 2437 verba
1436 2386 1579 2439 velut
1605 2385 1825 2453 sagittas

220 2471 486 2540 quasdam
522 2471 595 2526 de
644 2488 771 2526 arcu
816 2476 925 2527 oris
967 2475 1048 2527 sui
1095 2488 1422 2543 promemes,
1452 2476 1741 2530 tendebant
1770 2477 1821 2529 in

224 2561 431 2629 Iesum,
465 2573 525 2618 ut
564 2565 611 2617 si
642 2564 910 2630 dixisset,
940 2565 1062 2634 quia
1107 2579 1213 2618 non
1258 2566 1381 2618 licet
1421 2566 1551 2621 dare
1601 2578 1823 2621 censum

220 2655 451 2721 Caesari,
477 2672 604 2711 reus
630 2656 827 2712 Caesari
854 2658 1010 2712 ﬁeret
1036 2675 1051 2711 ε
1083 2658 1126 2712 si
1157 2674 1283 2713 vero
1308 2658 1539 2714 dandum
1569 2660 1819 2726 dixisset,

224 2746 397 2816 legem
444 2749 656 2803 solvere
705 2748 996 2803 videretur.
1052 2749 1182 2803 Cum
1238 2764 1367 2804 vero
1416 2753 1506 2807 ille
1563 2762 1819 2823 tanquam

226 2837 339 2906 ipsa
374 2838 471 2892 Dei
520 2837 803 2907 sapientia,
831 2838 1068 2908 inspecta
1102 2840 1559 2910 superscriptione
1590 2842 1815 2911 denarii,

222 2928 595 2998 respondisset
623 2944 638 2981 :
674 2928 886 2982 Reddite
901 2946 1013 2999 quae
1028 2940 1146 2983 sunt
1173 2930 1387 2984 Ca'saris
1407 2930 1620 3000 Ca'sari,
1638 2944 1686 2987 et
1707 2950 1819 3003 qua:

224 3033 336 3073 sunt
369 3020 465 3074 Dei
500 3021 607 3075 Deo
639 3021 914 3074 :dissoluti
940 3032 1056 3075 sunt
1098 3024 1237 3075 nervi
1286 3022 1612 3076 brachiorum
1642 3040 1815 3077 eorum

1934 1825 2154 1893 gratiam
2186 1828 2429 1895 spiritus.
2481 1828 2588 1880 Alii
2638 1846 2857 1900 namque
2900 1831 3182 1884 secundant
3236 1848 3529 1885 mensuram

1933 1918 2071 1984 ﬁdei,
2105 1919 2259 1971 datur
2298 1936 2462 1973 sermo
2503 1922 2876 1991 intelligantur,
2905 1923 2998 1976 alii
3042 1939 3206 1977 sermo
3247 1924 3530 1995 sapientiw,

1930 2009 2022 2062 alii
2053 2011 2338 2078 praphetia,
2363 2012 2452 2065 alii
2480 2011 2718 2067 discretio
2759 2014 3054 2084 spirituum,
3092 2015 3181 2067 alii
3208 2031 3395 2084 genera
3426 2018 3533 2070 liu-

1930 2118 2151 2170 guarum
2196 2101 2358 2172 (Ibid.
2408 2103 2539 2173 12.).
2576 2104 2699 2157 Haec
2747 2120 2841 2174 per
2875 2105 3115 2175 singulos
3167 2108 3396 2176 singula,
3441 2117 3530 2163 aut

1928 2194 2085 2247 simul
2116 2204 2225 2247 tum
2252 2194 2498 2259 bina,vel
2518 2204 2665 2249 terna
2688 2195 2957 2250 invenies:
2988 2196 3036 2249 in
3062 2196 3145 2249 illa
3166 2207 3341 2251 autem
3360 2207 3524 2261 terra,

1932 2286 2032 2340 hoc
2060 2296 2143 2342 est
2174 2286 2226 2341 in
2286 2288 2372 2341 illa
2407 2302 2566 2342 carne
2596 2304 2714 2357 qua!
2746 2290 2795 2342 in
2827 2287 2954 2343 Jesu
2988 2288 3261 2342 benedicta
3292 2297 3392 2351 est,
3420 2304 3526 2343 non

1928 2378 2101 2431 solum
2131 2387 2285 2432 erant
2311 2379 2487 2432 omnia
2522 2378 2654 2441 hanc,
2689 2392 2870 2431 verum
2904 2388 2956 2431 et
2988 2380 3141 2446 pleue
3171 2389 3225 2431 et
3272 2378 3527 2431 substan‘

1926 2472 2124 2525 tialiter
2170 2470 2499 2534 habitabant,
2530 2471 2668 2523 sicut
2718 2480 2772 2523 et
2805 2471 3093 2537 Apostolus
3125 2470 3253 2522 dicit
3284 2486 3296 2521 :
3330 2468 3393 2521 In
3423 2486 3526 2539 quo

1924 2566 2172 2619 inhabitat
2201 2566 2363 2619 omnis
2391 2565 2655 2634 plenitudo
2684 2561 2900 2615 Deitatis
2922 2562 3276 2630 corporaliter.
3308 2561 3525 2629 PrOpter

1925 2658 2322 2713 benedictionem
2343 2660 2552 2710 uberum
2574 2664 2618 2708 et
2644 2654 2805 2707 vulva:
2830 2653 2965 2725 (Col.
2990 2656 3093 2723 2.).
3124 2652 3234 2706 Hoc
3258 2661 3313 2706 et
3331 2664 3350 2690 ε
3374 2668 3524 2721 qna:-

1923 2753 2045 2807 dam
2097 2750 2326 2806 refertur
2373 2751 2423 2803 in
2472 2748 2763 2820 Evangelio
2816 2746 3195 2816 proclamasse,
3245 2746 3361 2799 sine
3415 2746 3515 2798 du-

1925 2842 2010 2895 bio
2056 2841 2247 2895 borum
2296 2855 2524 2905 memor,
2552 2850 2607 2893 et
2633 2838 2853 2902 dixisse,
2884 2837 3074 2892 Beatus
3123 2848 3292 2891 venter
3338 2838 3427 2906 qui
3478 2846 3526 2888 te

1920 2935 2161 3003 portavit,
2184 2942 2229 2985 et
2259 2933 2415 2985 ubera
2435 2947 2549 2996 qua:
2572 2930 2929 3000 suxisti(Luc.
2955 2932 3091 3000 11.).
3120 2930 3272 2994 Illud,
3302 2927 3525 2999 Propter

1921 3026 2339 3093 benedictionem,
2365 3024 2552 3093 inquit,
2588 3023 2748 3091 patris
2788 3024 2864 3075 tui
2894 3032 2939 3075 et
2970 3024 3150 3075 matris
3174 3033 3273 3075 tua:
3299 3034 3318 3075 :
3344 3022 3517 3076 Patris

221 3128 311 3181 per
336 3128 548 3165 manum
600 3113 815 3176 potentis
852 3112 1034 3166 Jacob.
1068 3112 1249 3167 Potest
1285 3123 1338 3167 et
1366 3113 1494 3168 illud
1542 3127 1815 3169 certamen
1849 3118 1892 3178 C
1925 3117 2173 3179 caelestis,
2209 3118 2296 3185 qui
2330 3118 2477 3170 dedit
2506 3116 2954 3181 benedictionem,
2987 3124 3041 3167 et
3068 3116 3252 3168 matris
3279 3114 3519 3183 virginis.

224 3204 340 3272 ejus
369 3204 591 3273 intelligi
615 3204 754 3273 quod
787 3203 972 3258 habuit
1002 3205 1054 3258 in
1094 3204 1333 3269 deserto,
1355 3220 1476 3259 cum
1522 3215 1814 3262 tentaretur

222 3310 255 3348 a
289 3295 504 3350 diabolo
546 3296 859 3351 intendente
892 3298 937 3350 ei
973 3298 1195 3367 sagittas
1225 3298 1483 3351 malarum
1522 3299 1814 3368 suggestio-

230 3402 379 3451 num,
404 3401 533 3455 quas
570 3387 659 3442 ifle
696 3390 968 3453 reslionsis
1000 3405 1111 3443 suis
1151 3389 1446 3458 depellens,
1479 3391 1693 3445 brachia
1726 3406 1817 3445 eo-

229 3493 369 3543 rum,
397 3482 481 3546 qui
510 3492 608 3533 eas
661 3481 1013 3547 intentabant,
1053 3483 1293 3546 resolvit,
1336 3493 1393 3538 et
1436 3498 1643 3538 nervos.
1686 3484 1818 3538 Inde

223 3573 312 3640 qui
332 3572 637 3641 confortavit
662 3570 824 3624 Israel
842 3591 872 3624 α
892 3572 997 3625 Deo
1026 3579 1185 3642 patris
1209 3578 1299 3638 tui,
1318 3583 1361 3627 et
1390 3576 1586 3646 adjuvit
1616 3585 1680 3628 te.
1706 3576 1815 3629 Ad-

225 3661 365 3729 iutus
407 3677 647 3732 namque
689 3678 718 3716 a
771 3663 876 3718 De»
918 3665 1209 3719 secundum
1253 3674 1278 3702 α
1324 3665 1598 3720 hominem
1625 3667 1819 3721 dicitur

226 3756 379 3809 etiam
403 3756 657 3810 Salvator
681 3774 695 3808 :
718 3756 946 3827 denique
968 3767 1021 3811 et
1046 3759 1299 3827 scriptum
1321 3770 1403 3813 est
1427 3758 1478 3812 in
1503 3759 1815 3829 Evangelio,

224 3847 350 3903 Cum
383 3852 437 3904 in
478 3852 713 3905 oratione
750 3853 1041 3921 desudaret,
1084 3856 1349 3919 accedens,
1373 3856 1566 3927 inquit,
1599 3859 1819 3929 Angelus

226 3942 545 4011 confortabat
565 3960 681 3997 eum
707 3943 1011 4014 (Lucii).
1039 3947 1232 4001 Durior
1256 3949 1353 4003 hoc
1379 3950 1430 4002 in
1457 3951 1572 4005 loco
1596 3950 1821 4006 fortasse

228 4034 469 4089 videatur
492 4036 788 4104 expositio,
814 4039 952 4107 quod
984 4039 1129 4094 velut
1153 4054 1221 4095 ex
1254 4056 1478 4110 persona
1514 4045 1685 4098 Patris
1714 4045 1819 4098 dici

228 4126 640 4196 designabamus
664 4128 728 4182 ad
754 4128 963 4195 Filium,
985 4147 1102 4200 qua:
1119 4134 1364 4202 superius
1386 4136 1526 4189 dicta
1551 4148 1696 4192 sunt.
1725 4137 1824 4192 llic

232 4227 408 4273 autem
440 4220 700 4289 scriptum
730 4232 831 4291 est,
862 4221 925 4276 Et
945 4224 1142 4293 adjuvit
1177 4234 1225 4280 te
1246 4226 1383 4281 Deus
1406 4243 1569 4295 meus,
1595 4238 1643 4281 et
1666 4228 1819 4284 bene-

227 4310 360 4363 dixit
405 4322 450 4367 te
476 4315 793 4381 :quomodo
836 4317 937 4371 hoc
990 4318 1273 4371 conveniat
1318 4333 1560 4388 personas
1604 4320 1824 4375 Patris?

225 4402 333 4456 Sed
363 4402 644 4458 videamus
674 4421 739 4459 ne
779 4405 934 4472 forte,
968 4407 1107 4462 sicut
1152 4409 1281 4463 nihil
1314 4410 1583 4477 obturbat,
1614 4412 1659 4465 si
1686 4412 1824 4467 dicat

1920 3225 2042 3278 qua:
2081 3209 2333 3277 suscepit.
2382 3207 2655 3261 Prtevaluit
2706 3208 2756 3259 in
2797 3207 3222 3259 benedictionibus
3268 3207 3521 3258 montium

1923 3302 2343 3370 permanentium.
2377 3299 2521 3360 Ηειια,
2566 3298 2754 3367 inquit,
2789 3296 3093 3351 benedictio
3115 3312 3231 3363 qua!
3265 3295 3357 3347 tibi
3396 3295 3521 3349 data

1921 3405 2003 3449 est
2031 3411 2057 3447 a
2085 3410 2292 3447 summo
2318 3393 2450 3445 cu-lo
2477 3401 2528 3445 et
2556 3401 2718 3452 terra,
2746 3388 3021 3456 praevaluit
3065 3385 3520 3441 benedictionibus

1924 3489 2181 3540 montium
2218 3484 2663 3552 permanentium,
2697 3490 2751 3534 et
2793 3480 3071 3533 benedicti.
3099 3480 3252 3532 nibus
3297 3477 3517 3533 collium

1922 3588 2262 3631 teterrimum.
2301 3575 2342 3628 {ll
2374 3587 2498 3627 inte-
2530 3580 2899 3641 permanentes
2929 3570 3017 3637 qui
3063 3571 3260 3623 erunt?
3294 3570 3392 3623 nisi
3437 3568 3516 3625 illi

1922 3670 1986 3721 ad
2018 3682 2150 3735 qiios
2172 3665 2299 3719 dicit
2329 3666 2501 3731 Jesus,
2527 3664 2627 3717 Vos
2647 3667 2757 3717 estis
2778 3666 2861 3733 qui
2885 3665 3231 3729 ,ermansistis
3246 3668 3517 3719 mecumin

1926 3760 2282 3814 tenlalionibus
2302 3760 2421 3812 meis
2441 3756 2745 3827 (κύαθε).
2760 3758 2919 3810 llecte
2932 3772 3061 3827 ergo
3075 3767 3284 3811 montes
3299 3773 3511 3826 perma-

1926 3864 2115 3908 nentes
2141 3853 2391 3907 dicuntur
2409 3852 2671 3917 Apostoli,
2689 3853 2811 3917 quia
2833 3862 3237 3918 permanserunt
3265 3867 3435 3921 usque
3460 3852 3511 3905 in

1926 3946 2111 4007 linem,
2137 3955 2189 3999 et
2217 3946 2313 4013 ipsi
2347 3944 2481 3997 salvi
2512 3943 2813 3998 ernnt.Sed
2843 3953 2894 3996 et
2916 3943 3077 3997 colles
3108 3953 3356 4005 aeternos,
3378 3958 3517 4009 quos

1926 4038 2059 4091 alios
2087 4037 2193 4108 45
2226 4037 2586 4107 intelligimus,
2643 4038 2741 4089 nisi
2768 4051 2861 4089 eos
2906 4037 2993 4104 qui
3025 4037 3261 4089 secundo
3288 4032 3313 4069 ἀ
3345 4035 3515 4099 gradu

1926 4131 2305 4197 Apostolorum
2384 4129 2590 4183 merits
2645 4129 2996 4181 conferuntur
3032 4168 3044 4190 ,
3099 4138 3153 4179 et
3208 4127 3296 4193 qui
3355 4126 3521 4178 vitam

1928 4232 2334 4290 consequuntur
2363 4221 2658 4274 :cternam?
2704 4220 2865 4273 Multo
2910 4232 3140 4285 namque
3185 4217 3369 4270 verius
3401 4215 3519 4278 isti,

1929 4332 2086 4384 quam
2121 4323 2328 4369 montes
2368 4323 2421 4367 et
2448 4314 2645 4374 Colles,
2689 4314 2777 4377 qui
2806 4327 2925 4364 eum
2972 4311 3173 4364 mundo
3207 4309 3407 4376 pariter
3437 4309 3518 4359 in-

1931 4425 2142 4470 lrreunl
2169 4457 2183 4479 ,
2244 4429 2363 4469 esse
2411 4413 2701 4467 credentur
2727 4414 2939 4467 aeterni.
2980 4411 3073 4465 llae
3104 4417 3290 4462 autem
3336 4419 3530 4457 omnes

227 4492 295 4548 de
319 4494 458 4550 Filio
486 4494 666 4563 Pater,
700 4514 797 4567 pro
823 4514 889 4553 eo
919 4500 1061 4569 quod
1086 4504 1345 4571 sapientia
1377 4514 1459 4557 est
1489 4504 1675 4569 Filius,
1700 4506 1820 4574 quia
1854 4501 1906 4560 D
1933 4507 2338 4561 benedictiones
2387 4515 2546 4559 erunt
2586 4517 2751 4573 super
2779 4511 2943 4570 caput
2970 4499 3174 4570 Joseph
3195 4538 3211 4563 ,
3266 4506 3320 4553 et
3371 4509 3538 4565 super

227 4587 489 4656 sapientia
534 4604 653 4643 mea
685 4600 765 4644 est
800 4608 813 4645 :
843 4600 898 4645 et
939 4607 1033 4660 pro
1061 4607 1125 4646 eo
1152 4593 1291 4662 quod
1325 4594 1489 4647 virtus
1519 4603 1602 4648 est
1633 4595 1818 4657 Filius.

228 4692 335 4731 non
379 4679 450 4732 sit
480 4680 767 4734 absurdum
818 4686 859 4735 si
893 4682 1033 4737 dicat
1074 4682 1142 4738 de
1183 4701 1248 4737 eo
1280 4684 1455 4750 Pater,
1492 4684 1611 4753 quia
1655 4688 1823 4738 virtus

301 4822 326 4885 ἒ
362 4814 595 4868 lneditns
624 4814 758 4882 apud
791 4830 886 4868 nos
934 4816 1132 4871 Auctor
1164 4821 1323 4873 tot3es
1372 4819 1633 4885 laudatus,
1670 4822 1821 4883 Quod

226 4884 383 4961 enim,
415 4887 510 4948 ait,
540 4888 647 4949 ipse
695 4886 985 4961 humanitus
1037 4898 1081 4939 et
1130 4892 1287 4955 paulo
1318 4891 1481 4944 minus
1524 4892 1585 4943 ab
1616 4884 1821 4961 Angelis

226 4955 531 5031 minoratus,
557 4972 657 5007 non
685 4960 835 5008 modo
858 4955 1100 5021 Paterno,
1119 4962 1205 5011 sed
1233 4971 1280 5013 et
1311 4962 1569 5031 adjutorio
1600 4955 1820 5031 indiguit

229 5028 495 5095 Angelico,
530 5037 733 5100 propter
760 5030 1009 5091 videlicet,
1036 5028 1463 5099 manifestnndam
1489 5028 1741 5100 geminant
1766 5036 1818 5085 in

184 5142 204 5159 ,
226 5111 278 5147 se
297 5100 657 5170 substantiam.
678 5095 823 5170 (Inde
842 5109 916 5150 est
938 5102 1088 5159 enint,
1111 5095 1247 5170 quod
1278 5095 1655 5167 clantrtt,'lletts
1683 5107 1819 5157 Dens

230 5181 400 5243 meus,
426 5183 477 5243 ttl
511 5169 635 5243 quid
656 5168 983 5243 dereliquisti
1014 5168 1209 5224 me.'Et
1232 5174 1281 5225 in
1311 5170 1615 5243 Evangelia,
1640 5179 1817 5243 Appa~

229 5248 329 5309 ruit
355 5242 401 5294 ei
436 5240 671 5309 Angelos
701 5252 765 5291 we
793 5241 923 5292 «mlo
954 5245 1260 5294 t'oiil’ortans
1288 5259 1433 5306 eum,
1459 5240 1575 5299 wetc.

296 5306 322 5344 δ’
366 5306 782 5363 llescﬁbvndnm
816 5314 1023 5364 videtur
1069 5312 1259 5377 'I'crrw,
1314 5324 1371 5367 ut
1424 5316 1812 5383 subiulelligas,

230 5375 397 5432 Τέννην
427 5396 544 5432 veru
570 5383 959 5433 t-enedictioncm
998 5385 1047 5433 in
1075 5375 1280 5436 Christo
1317 5402 1521 5450 esse,...
1546 5389 1669 5440 satis
1696 5375 1817 5440 int/ti

226 5452 410 5503 mirum
442 5452 637 5503 videtur
656 5464 701 5501 et
732 5469 985 5519 nmgnum.
1015 5464 1118 5505 etc.

298 5530 321 5559 ε
368 5525 517 5574 ﬁnde
542 5543 569 5592 n
606 5530 765 5573 reiert
795 5526 850 5575 S.
884 5524 1045 5575 Ambr
1083 5539 1216 5587 sus,
1248 5540 1407 5592 quem
1436 5527 1531 5581 hac
1558 5529 1718 5581 etiam
1752 5529 1819 5581 dc

221 5604 411 5645 caussa
444 5590 694 5665 laudabo,
721 5602 774 5665 ut
799 5609 828 5643 ιι
862 5595 1052 5646 utendo
1081 5590 1337 5657 relcveiu,
1368 5598 1417 5648 iu
1451 5613 1556 5665 quo
1578 5599 1738 5652 etiam
1765 5600 1816 5651 iu

225 5678 425 5728 Impera
481 5659 943 5714 Benediciiuurum
1002 5666 1235 5717 editione
1297 5659 1481 5720 (Ὶιιιειιξ
1530 5669 1700 5721 Locus
1748 5680 1815 5720 tto

224 5735 400 5787 habet.
437 5732 624 5784 Maria:
661 5730 781 5783 dicit
820 5734 995 5797 ubera,
1046 5752 1144 5802 qua
1193 5752 1304 5789 vere
1349 5740 1609 5792 benedic'a
1650 5754 1814 5804 erant,

506 5850 777 5909 ParuoL.
830 5847 1003 5905 XXI.

1928 4599 2185 4652 verticem
2210 4612 2397 4652 eorum
2427 4596 2623 4667 quibus
2649 4595 2864 4664 prml‘uit
2882 4594 3001 4677 irati
3019 4610 3134 4649 um.
3159 4579 3540 4659 Competenter

1928 4704 2116 4743 omnes
2140 4692 2256 4743 isne
2290 4688 2700 4744 benedictiones
2732 4703 2893 4757 supra
2922 4698 3082 4755 caput
3116 4682 3321 4740 Christi
3350 4681 3538 4753 posita}

1926 4825 2104 4887 quibus
2142 4833 2320 4876 sancta
2354 4821 2513 4891 Virgo
2554 4823 2743 4892 papula
2788 4821 3019 4890 (corrige
3063 4823 3271 4891 poculo)
3315 4818 3544 4876 Domini”

1928 4906 2097 4962 potum
2125 4896 2273 4947 lactis
2302 4895 2562 4946 immulsit.
2596 4893 2742 4966 (inde
2767 4902 2810 4946 et
2841 4895 2932 4945 illa
2963 4894 3147 4966 mulier
3168 4894 3219 4945 in
3241 4892 3522 4966 Evangelia

1926 4966 2019 5027 ait,
2058 4967 2249 5018 lleatus
2295 4973 2505 5026 venter,
2542 4964 2630 5031 qui
2685 4976 2734 5017 te
2788 4965 3041 5031 portavit,
3096 4974 3150 5017 et
3199 4965 3360 5019 ubera
3393 4964 3520 5030 qua:

1928 5036 2140 5090 suxisli.
2172 5036 2321 5100 Quod
2345 5044 2515 5087 autem
2541 5035 2609 5086 ait
2640 5051 2659 5087 .'
2695 5035 2874 5086 Vulva}
2904 5036 3321 5089 benedictionem
3353 5037 3535 5100 patris,

1929 5108 2026 5166 tui,
2073 5116 2125 5157 et
2156 5108 2361 5164 matris.
2393 5107 2438 5158 si
2485 5107 2681 5157 vulvam
2725 5104 2917 5158 Μανίαν
2951 5105 3160 5158 velimus
3206 5106 3511 5174 intelligere,

1927 5194 2015 5229 cur
2040 5186 2301 5243 utramque
2318 5176 2706 5248 benedictionem
2725 5179 3044 5248 coniunxerit
3072 5177 3240 5228 latebit
3267 5192 3517 5228 caussa...

1929 5247 2034 5301 Sed
2067 5247 2331 5316 pulchrius
2373 5246 2614 5307 arbitror,
2657 5255 2711 5299 ut
2756 5246 3034 5299 secundum
3073 5248 3305 5315 spiritale
3336 5254 3517 5316 myste-

1927 5313 2432 5387 riutn'intclligumus
2458 5326 2722 5384 utramque
2742 5313 3119 5387 generationem
3146 5316 3345 5365 Domini
3368 5313 3515 5391 .lesu,

1926 5400 1973 5439 et
2005 5390 2279 5440 secundum
2308 5389 2642 5446 divinitatem,
2669 5401 2711 5439 et
2745 5388 3018 5438 secundum
3049 5402 3266 5447 carnem,
3293 5388 3376 5450 qui
3401 5395 3518 5435 ante

1928 5462 2115 5511 sa'cula
2141 5473 2209 5509 es'
2242 5470 2509 5529 generatus
2538 5474 2601 5509 er
2638 5458 2807 5517 Patre,
2842 5472 2942 5529 etc.
3157 5523 3168 5529 _
3330 5521 3357 5529 Η

2000 5527 2026 5565 ἀ
2054 5522 2258 5582 Dudum
2287 5528 2528 5579 laudatus
2553 5531 2756 5579 Auctor
2776 5526 3003 5578 inetlilus
3032 5523 3300 5590 apudnos,
3321 5522 3510 5586 Colles,

1931 5600 2021 5663 ait,
2049 5602 2213 5651 sancti
2238 5599 2597 5664 intelliguntur
2623 5600 2670 5646 in
2692 5595 2917 5647 Ecclesia
2943 5594 3219 5649 Clttta‘ltluli,
3250 5592 3514 5664 quiquam

1930 5687 2079 5735 quam
2104 5674 2283 5721 merito
2308 5663 2546 5719 virtutum
2581 5666 2890 5729 prince/lant,
2920 5675 3079 5713 tamen
3106 5678 3163 5713 ex
3192 5663 3511 5713 tlt't‘ttlissittttl

1932 5743 2242 5803 humilitate,
2273 5740 2424 5790 colles
2455 5753 2505 5788 se
2536 5752 2640 5786 esse
2667 5735 3023 5795 meminerunt,
3055 5746 3155 5783 etc.

3006 5850 3069 5905 ii
