4078 6346
600 335 696 386 531

1606 322 1842 379 ιιυι-ιΝι
1885 318 2361 389 AQUILEIENSiS
2401 317 2833 375 PRESBYTER]

3764 312 3871 369 35?.

564 468 565 475 η
599 449 870 514 dicuntur,
898 461 926 501 a
965 450 1114 517 cujus
1144 445 1317 514 capite
1342 444 1562 497 veniant
1603 443 1763 494 etiam
1810 440 1875 492 ad
1922 439 2174 491 verticem
2209 440 2253 495 Λ
2281 434 2424 488 enim
2459 443 2578 504 post
2608 431 3055 489 resurrectionem
3082 445 3269 485 omnes
3295 430 3385 502 qui
3414 432 3638 501 profecti
3680 446 3810 489 sunt
3840 452 3869 492 a

600 555 824 605 corum,
874 539 1066 608 quibus
1116 538 1230 607 ipse
1283 546 1498 605 praeest.
1547 532 1653 587 Nec
1696 532 1797 584 alia
1829 545 2017 584 caussa
2057 540 2176 593 est,

570 666 571 669 η
604 629 747 700 quod
776 631 1120 684 omnesistas
1142 628 1547 682 benedictioues
1580 625 1632 677 in
1654 637 1815 677 carne
1844 632 1999 676 natus
2028 637 2181 675 acce-

604 723 702 789 pit,
735 722 837 775 nisi
870 730 927 774 ut
956 735 1049 775 eas
1081 720 1130 773 in
1186 718 1530 785 seuu-tipsnm
1552 755 1566 779 ,
1598 714 1745 769 velut
1775 729 1869 782 per
1905 716 2177 767 traducem

603 813 869 880 quandam
897 826 925 863 a
957 810 1109 864 Patre
1137 808 1379 871 diffusas,
1404 807 1519 875 ipse
1549 821 1759 860 rursum
1790 804 2182 858 transfunderet

587 903 670 957 'ad
701 904 1015 965 credentes,
1048 912 1096 953 et
1131 900 1393 954 mediator
1419 900 1509 953 Dei
1536 909 1695 967 atque
1720 898 1993 950 hominum
2022 896 2177 949 olfec-

608 1009 714 1061 tus,
743 996 1163 1056 benedictiones,
1188 1009 1321 1063 quas
1345 991 1776 1060 proinlirniitaie
1805 991 1885 1043 sui
1908 990 2184 1053 suscipere

588 1090 978 1157 :jamhnmana
1002 1095 1188 1139 natura
1214 1094 1422 1154 poterat
1440 1128 1451 1143 .
1486 1085 1602 1151 ipso
1634 1083 1903 1136 mediante
1924 1091 1977 1135 et
2005 1097 2095 1147 pm
2119 1080 2182 1132 li-

598 1183 888 1233 :bante‘eas
917 1193 979 1231 ac
1003 1176 1430 1239 transfundeute,
1457 1177 1775 1244 susciperet,
1807 1174 1944 1229 sicut
1974 1183 2027 1227 et
2074 1174 2186 1242 ipse

604 1269 757 1335 dixit,
788 1269 920 1334 Quia
948 1285 1039 1339 ego
1063 1269 1326 1337 sancti/ica
1353 1285 1430 1321 me
1458 1285 1550 1337 pro
1572 1268 1652 1320 Itis
1684 1265 1862 1337 (Joan.
1910 1252 2053 1336 l7.).'

675 1363 728 1415 5.
762 1361 881 1417 Jam
912 1376 1040 1413 vero
1086 1360 1197 1426 ille,
1229 1360 1319 1429 qui
1352 1360 1509 1414 nobis
1541 1361 1698 1413 tertio
1725 1359 1842 1413 loco
1873 1373 1967 1425 per
1992 1356 2187 1426 gradus

605 1453 911 1523 spirituales
932 1462 1216 1523 reparatus
1240 1455 1400 1507 homo
1412 1466 1582 1522 usque
1598 1451 1663 1505 ad
1686 1449 1885 1519 Josepb
1906 1459 2185 1519 augmenta

610 1546 967 1615 atnplilieatus
994 1544 1233 1599 ascendit
1259 1562 1272 1597 :
1307 1544 1395 1612 qui
1420 1558 1516 1612 per
1547 1542 1668 1597 fidei
1700 1540 1991 1611 proficiunt
2020 1549 2073 1593 et
2097 1555 2190 1608 per

611 1639 791 1693 Sancti
813 1638 1048 1707 Spiritus
1075 1638 1216 1691 dona
1246 1638 1295 1690 in
1322 1646 1525 1691 tantum
1571 1634 1817 1699 emicuit,
1847 1645 1901 1686 ut
1932 1647 2098 1700 usque
2123 1630 2189 1684 ad

616 1731 864 1785 invidiam
890 1740 1159 1785 cresceret
1183 1747 1195 1781 :
1226 1730 1419 1799 quibus
1442 1745 1471 1782 a
1496 1728 1650 1783 nobis
1678 1728 1941 1780 dictorum
1966 1724 2190 1778 floribus

2285 527 2391 580 Deo
2422 545 2435 580 :
2469 527 2562 579 sed
2592 535 2646 580 et
2696 533 2896 579 sancite
2948 521 3243 592 Scriptum:
3285 525 3551 579 sen'entia
3598 537 3725 593 est,
3785 526 3868 579 Ne

2281 624 2569 676 laudaveris
2595 637 2897 691 quemquam
2922 630 3041 673 ante
3065 620 3253 673 obitum
3282 619 3451 689 (Eccl.
3482 621 3619 691 1L).
3653 623 3689 674 Ε
3698 630 3718 675 ι
3749 622 3871 677 ideo

2284 714 2452 785 magis
2484 715 2610 769 mihi
2639 715 2843 768 videtur
2875 720 3017 767 tanta
3056 712 3154 766 ista
3190 711 3459 766 beatitudo
3483 726 3593 766 non
3616 728 3739 769 esse
3762 716 3867 771 nisi

2276 806 2432 876 ejus,
2481 808 2569 874 qui
2598 805 2706 873 jam
2741 812 2861 873 post
2904 803 3109 857 obitum
3140 803 3374 856 surrexit
3399 818 3429 856 ιι
3462 814 3656 859 morte.
3707 803 3865 871 Quod

2283 907 2458 953 autem
2479 896 2628 961 dicit,
2656 894 2718 949 In
2748 912 2891 965 quem
2941 894 3265 947 consiliantcs
3296 895 3668 950 maledicebant
3701 912 3721 951 :
3761 912 3867 951 non

2286 991 2638 1051 maledicunt,
2669 988 2763 1041 sed
2808 985 3198 1051 maledicebant,
3233 995 3357 1039 tunc
3387 1001 3549 1054 quum
3584 987 3637 1041 in
3667 990 3869 1042 sarculo

2288 1086 2388 1138 hoc
2418 1086 2469 1138 in
2499 1097 2664 1137 carne
2697 1082 2902 1151 positus
2930 1081 3233 1135 tentareris.
3274 1079 3337 1133 Et
3377 1082 3702 1136 intendebant
3742 1083 3870 1136 insi-

2280 1179 2399 1231 dias
2428 1175 2620 1228 domini
2656 1190 2869 1227 arcuum
2899 1171 3071 1243 (Psa’.
3106 1172 3240 1243 10.).
3273 1171 3353 1226 illi
3381 1173 3632 1228 nimirum
3664 1175 3756 1245 qui
3787 1189 3870 1229 se-

2290 1270 2419 1323 dent
2448 1268 2500 1321 iu
2524 1267 2756 1331 ins'diis,
2781 1276 2839 1319 ut
2861 1266 3114 1334 sagitteut
3140 1266 3191 1319 in
3221 1265 3450 1320 obscuro
3480 1276 3659 1321 rectos
3681 1269 3866 1323 corde.

2288 1358 2395 1413 Sed
2444 1359 2645 1410 contriti
2674 1367 2791 1410 sunt
2820 1373 2936 1408 cum
2973 1356 3198 1426 potentia
3227 1373 3373 1409 arcus
3394 1373 3599 1423 eorum,
3634 1374 3750 1411 cum
3780 1377 3870 1426 po-

2291 1449 2449 1501 tentia
2470 1446 2657 1500 Jacob.
2688 1446 2933 1501 Conterit
2961 1460 3119 1500 arcus
3140 1446 3475 1501 inimicorum
3509 1446 3621 1517 ille,
3648 1448 3739 1516 qui
3763 1463 3866 1502 non

2292 1546 2461 1597 Solum
2493 1542 2653 1595 ullam
2688 1542 2823 1598 inse
2852 1540 3038 1605 recipit
3065 1540 3263 1594 diaboli
3286 1540 3555 1608 sagittam,
3589 1556 3775 1594 verum
3817 1553 3870 1596 et

2292 1636 2426 1688 alios
2444 1633 2510 1688 ab
2525 1632 2841 1702 ejusjaculis
2866 1630 3282 1699 vulneribusque
3300 1630 3558 1687 defendit.
3584 1631 3650 1686 Et
3672 1633 3869 1688 dissol-

2293 1735 2487 1779 vuntur
2535 1724 2681 1778 nervi
2711 1722 3051 1777 brachiorum
3083 1738 3334 1776 manuum
3365 1738 3572 1786 eorum,
3632 1738 3731 1792 per
3762 1740 3871 1778 ma—

612 1825 998 1889 coronabiiur,
1057 1825 1179 1887 cui,
1235 1824 1513 1876 tam‘bono
1552 1821 1845 1876 certamine
1876 1820 2186 1881 decertata,
2217 1822 2268 1882 Β
2294 1833 2420 1870 num
2474 1817 2706 1883 patentis
2752 1814 2948 1877 Jacoh,
2994 1830 3155 1882 quum
3197 1814 3284 1867 ille
3313 1813 3402 1882 qui
3450 1824 3641 1883 potens
3684 1814 3783 1869 fuit
3822 1817 3872 1869 in

611 1932 770 1969 cursu
798 1929 1197 1977 consummato,
1230 1916 1331 1967 lide
1380 1923 1622 1977 servata,
1657 1912 1941 1979 repositam
1967 1908 2191 1978 justitia:

610 2024 863 2062 coronam
908 2008 1048 2061 Deus
1082 2006 1256 2073 justus
1299 2014 1563 2073 pratparat
1593 2004 1755 2071 judex
1810 2003 1886 2075 (2.
1921 2000 2049 2054 Tim.
2086 1999 2193 2068 4.)?

612 2104 686 2155 De
712 2104 811 2155 hoc
833 2118 962 2167 ergo
985 2100 1111 2153 dicit
1131 2110 1298 2169 pater,
1324 2097 1493 2151 Filius
1512 2099 1789 2168 ampliatus
1810 2096 2025 2165 Joseplt,
2051 2095 2192 2159 ﬁlius

610 2197 903 2262 ampliatus.
942 2194 1003 2244 Et
1039 2194 1156 2258 quis
1192 2194 1260 2243 ita
1291 2190 1577 2257 ampliatus
1600 2202 1700 2253 est,
1738 2201 1791 2241 ut
1824 2189 1908 2241 hic
1950 2188 2038 2254 qui
2073 2194 2193 2255 post

608 2298 820 2343 eruatis
845 2299 898 2343 et
928 2283 1110 2354 lapsus
1139 2302 1235 2357 per
1261 2280 1499 2356 singulos
1524 2280 1780 2339 virtutum
1813 2278 2008 2353 gradus
2038 2299 2191 2350 reita:

608 2394 757 2435 ratus
784 2394 886 2445 est,
922 2396 983 2434 ac
1026 2381 1325 2438 restitutus,
1353 2392 1403 2430 ut
1430 2393 1595 2444 usque
1622 2378 1683 2430 ad
1709 2392 1970 2430 stitumam
2002 2390 2190 2443 perve-

611 2480 749 2526 nerit
782 2473 1035 2541 palmam?
1061 2473 1164 2527 Sed
1196 2475 1317 2540 quia
1344 2471 1593 2538 paulatim
1624 2470 1956 2535 conscendit,
1990 2470 2108 2523 ideo
2136 2468 2187 2522 in

610 2562 831 2629 singulis
859 2562 1053 2615 dicitur
1079 2561 1383 2629 ampliatus.
1414 2559 1720 2626 Ampliatus
1757 2574 1989 2627 namque
2020 2560 2191 2627 primo

614 2656 856 2707 antarium
897 2669 995 2723 per
1041 2654 1433 2708 confessionem
1473 2668 1594 2708 esse
1636 2655 1798 2721 carpit
1838 2653 1889 2706 in
1918 2652 2090 2719 Juda,
2136 2662 2191 2705 et

612 2749 804 2801 iterum
844 2762 972 2801 cum
1004 2757 1259 2801 nocturna
1313 2762 1473 2816 opera
1502 2748 1760 2816 abjiecret
1811 2749 2186 2812 tenebrarum,

612 2841 900 2907 ampliatus
956 2850 1039 2894 est
1083 2840 1133 2892 in
1179 2838 1416 2894 Zabulon
1457 2856 1470 2892 :
1522 2851 1575 2893 et
1619 2854 1831 2892 rursum
1878 2840 1928 2893 in
1979 2839 2192 2894 lsachar

612 2930 895 2996 ampliatus
935 2941 1050 2993 εει,
1096 2946 1217 2984 cum
1264 2945 1471 2985 merces
1512 2929 1627 3000 ejus
1655 2932 1833 2998 aperis
1881 2941 2184 3001 augeretur.

614 3022 911 3089 Ampliatus
938 3032 1020 3076 est
1044 3021 1096 3074 in
1132 3021 1264 3085 Dan,
1297 3037 1417 3075 cum
1449 3031 1651 3075 rectum
1673 3021 1935 3090 judicium
1961 3023 2191 3091 pr0priis

612 3129 675 3166 ac
708 3113 885 3181 pravis
912 3112 1323 3181 cogitationibus
1352 3113 1651 3182 prteferret.
1680 3112 1981 3181 Ampliatus
2028 3122 2112 3167 est
2138 3123 2191 3167 et

2293 1910 2485 1974 Jacob,
2518 1920 2572 1963 et
2595 1908 2797 1979 adjuvit
2826 1924 2946 1962 eum
2981 1908 3031 1961 in
3075 1910 3400 1971 certamine,
3431 1909 3517 1977 qui
3550 1909 3874 1963 contortavit

2296 2000 2480 2060 Israel,
2510 2009 2572 2054 ut
2600 2000 2796 2053 faceret
2827 2013 2949 2052 eum
2985 2007 3010 2035 ⁸
3041 2009 3215 2052 tuente
3239 1997 3404 2051 Deum
3435 2000 3642 2065 videre,
3673 2000 3874 2068 adjuvit

2292 2096 2452 2146 etlam
2487 2090 2651 2153 hunc,
2674 2098 2729 2144 et
2759 2089 3026 2141 benedixit
3056 2088 3427 2142 benedictione
3450 2091 3562 2143 ca-Ii
3581 2105 3609 2143 a
3634 2104 3868 2155 summo,

2292 2193 2347 2237 et
2366 2181 2739 2235 benedictione
2759 2180 2862 2250 47
2879 2188 3035 2234 terra!
3056 2180 3300 2234 habentis
3317 2180 3493 2233 omnia
3513 2178 3685 2250 (Padi.
3704 2181 3871 2245 HL).

2298 2272 2538 2338 Percepit
2561 2287 2790 2340 namque
2814 2288 2916 2324 non
2948 2275 3149 2333 so'um,
3184 2272 3335 2339 quasi
3365 2283 3680 2325 mansuetus
3707 2271 3874 2327 barre-

2292 2376 2512 2428 ditatetn
2543 2376 2733 2435 territt,
2787 2366 2879 2419 sed
2924 2366 3076 2435 quasi
3124 2376 3177 2418 et
3209 2380 3405 2431 pauper
3450 2367 3640 2434 spiritu
3682 2382 3877 2421 conse-

2296 2466 2478 2535 quitur
2507 2479 2669 2533 iegua
2714 2464 2987 2517 t-a-Iorum.
3047 2457 3211 2514 Terra
3257 2474 3383 2510 vero
3420 2457 3505 2510 illa
3549 2475 3669 2532 qua:
3700 2462 3873 2512 omnia

2301 2557 2497 2621 habet,
2529 2557 2773 2611 Christus
2821 2567 2935 2621 est,
2984 2572 3142 2625 qttam
3196 2558 3247 2611 in
3296 2556 3606 2612 haereditate
3654 2559 3875 2628 suscipit

2289 2654 2466 2721 jusms
2491 2696 2506 2719 ,
2537 2662 2592 2707 et
2620 2652 2743 2705 dicit
2776 2651 2839 2704 ad
2893 2650 3173 2704 Dominum
3219 2668 3231 2703 :
3274 2649 3451 2704 Portio
3496 2669 3609 2705 mea
3647 2654 3701 2705 in
3741 2664 3874 2706 terra

2293 2748 2588 2800 viventium.
2622 2746 2749 2813 Quae
2779 2752 2861 2797 est
2889 2754 3066 2797 autem
3094 2757 3281 2797 caussa
3314 2754 3530 2809 propter
3573 2759 3733 2813 quam
3767 2747 3876 2798 haec

2295 2841 2489 2893 meruit
2512 2836 2803 2907 conn-qui?
2830 2836 3047 2904 Propter
3076 2835 3493 2902 benedictionem,
3527 2840 3727 2908 inquit,
3760 2840 3876 2894 ube-

2294 2948 2407 2986 rum
2466 2944 2512 2984 et
2578 2932 2755 2983 vulvw.
2814 2928 2978 2996 Cujus
3032 2928 3201 2981 vulva:
3260 2930 3738 2994 benedictionem,
3799 2932 3878 2984 vel

2293 3040 2521 3093 quorum
2552 3024 2777 3077 uberum
2807 3022 2829 3076 τ
2855 3022 2997 3077 illius
3030 3020 3255 3077 fortasse
3288 3022 3498 3089 vulvai,
3544 3038 3703 3091 quam
3737 3023 3873 3077 Pau-

2296 3115 2377 3169 lus
2424 3114 2450 3152 δ
2504 3114 2702 3169 iudicat
2732 3154 2750 3179 ,
2792 3113 2979 3168 dicens
3030 3131 3042 3167 :
3103 3112 3285 3167 Filioli
3347 3116 3479 3178 mei,
3523 3131 3649 3182 quos
3696 3116 3880 3169 iterum

613 3204 667 3257 in
695 3204 824 3260 Gad.
854 3218 975 3258 cum
1010 3212 1241 3257 tentatus
1271 3203 1521 3257 obtinuit.
1542 3203 1651 3274 46
1695 3203 1992 3271 Ampliatus
2025 3214 2107 3257 εει
2136 3203 2189 3256 in
2220 3200 2266 3261 C
2298 3209 2529 3277 parturio
2588 3208 2735 3279 (Gal.
2790 3206 2895 3277 4.).
2943 3206 3073 3263 Inde
3099 3215 3311 3263 constat
3348 3222 3471 3261 esse
3517 3208 3877 3273 Apostolicam

610 3298 781 3359 Aser,
824 3310 987 3363 quum
1037 3296 1101 3347 ad
1149 3294 1532 3349 beatitudinem
1565 3294 1729 3347 venit.
1779 3293 1945 3361 Digne
1985 3307 2113 3360 ergo
2140 3300 2193 3345 et

610 3400 755 3439 nunc
778 3387 1065 3454 ampliatus
1095 3384 1236 3438 filius
1271 3385 1463 3439 dicitur
1493 3385 1724 3454 Joseph,
1756 3386 1844 3454 qni
1873 3387 1981 3450 jam
2031 3385 2190 3437 futuri

602 3475 795 3529 saeculi
839 3476 1185 3543 consequitur
1210 3475 1367 3530 bona.
1401 3476 1506 3531 Sed
1536 3487 1591 3531 et
1634 3477 1773 3529 filius
1804 3476 2018 3528 zelatus
2049 3476 2189 3543 quod

612 3563 826 3627 dicitur,
876 3566 1003 3619 illud
1030 3575 1149 3632 est,
1198 3568 1288 3635 qui
1333 3567 1489 3621 bonis
1529 3568 1744 3637 quidem
1776 3569 2062 3621 imitandus
2092 3572 2190 3629 sit,

613 3657 771 3709 malis
796 3666 975 3711 autem
1005 3657 1195 3712 invidia
1224 3673 1287 3714 ac
1318 3660 1601 3712 calumniis
1660 3660 2083 3727 persequendus.
2123 3661 2194 3714 De

616 3749 719 3804 hoc
745 3750 885 3803 bono
907 3759 1081 3804 autem
1114 3760 1167 3805 et
1200 3752 1341 3804 man
1365 3752 1479 3805 zelo
1502 3752 1746 3820 designat
1776 3751 1934 3805 etiam
1966 3754 2193 3819 Aposto-

617 3844 717 3906 lus,
745 3845 868 3896 dum
898 3844 1026 3897 dicit
1047 3845 1121 3897 de
1151 3847 1290 3898 malo
1321 3845 1437 3897 zelo
1466 3844 1806 3904 Judazorum,
1835 3841 2081 3896 Zelantur
2109 3860 2195 3897 vos

614 3953 715 3988 non
744 3937 864 3988 bene
912 3935 1053 4003 (Gal.
1086 3939 1188 4001 4.).
1226 3939 1292 3991 Et
1319 3938 1388 3991 de
1425 3938 1563 3991 bono
1592 3937 1710 3991 zelo
1739 3937 1865 3990 dicit
1897 3940 1963 3989 de
1992 3947 2191 3992 semet-

615 4026 751 4092 ipso,
797 4026 918 4079 Zelo
945 4038 1111 4080 autem
1134 4046 1217 4081 vos
1249 4028 1340 4080 Dei
1364 4028 1474 4081 zelo
1510 4028 1587 4097 (Ι.
1618 4027 1737 4082 Cor.
1771 4028 1905 4094 1L).
1932 4029 2037 4083 Sed
2062 4030 2193 4083 ado-

610 4118 903 4171 lescentior
960 4117 1101 4171 illius
1148 4118 1379 4182 dicitur,
1429 4128 1483 4172 et
1531 4119 1659 4188 quid
1705 4120 1754 4171 ni
1802 4119 2198 4174 adolescentior

614 4209 843 4264 dicatur.
880 4209 969 4278 qui
995 4210 1497 4277 deposuitvetciem
1535 4211 1806 4266 hominem
1836 4228 1960 4265 cum
1989 4214 2197 4267 actibus

614 4302 743 4365 suis,
773 4301 862 4370 qui
892 4316 1013 4354 cum
1045 4300 1257 4354 Christo
1286 4302 1600 4367 resurrexit,
1637 4312 1692 4357 et
1725 4304 1775 4355 in
1805 4302 2041 4358 novitate
2075 4304 2197 4358 vita:

616 4394 888 4447 ambulat?
916 4392 1020 4447 Sed
1048 4403 1100 4446 et
1139 4392 1252 4461 ipse
1282 4394 1440 4446 tertio
1472 4393 1635 4448 fuisse
1671 4392 1809 4446 ﬁlius
1839 4394 2093 4449 nominati
2118 4399 2197 4450 lus

612 4496 698 4538 est
724 4503 735 4536 :
773 4485 941 4553 prima
964 4486 1107 4539 enim
1133 4488 1179 4537 ei
1212 4486 1460 4540 nativitas
1491 4486 1783 4540 secundum
1811 4500 2027 4542 carnem
2059 4487 2153 4541 fuit
2180 4506 2192 4541 :

2299 3302 2534 3363 vulvam,
2586 3316 2704 3368 qua:
2733 3314 2840 3353 non
2873 3299 3047 3354 Solum
3080 3298 3251 3367 pariat
3280 3298 3441 3363 tilios,
3466 3287 3560 3353 sed
3587 3310 3641 3352 et
3670 3300 3717 3354 si
3750 3300 3880 3354 forte

2298 3392 2685 3446 declinaverint
2711 3408 2735 3443 a
2762 3393 3011 3462 veritate,
3042 3405 3252 3445 rursum
3281 3405 3378 3445 eos
3407 3400 3678 3458 assumat,
3708 3400 3764 3445 et
3793 3407 3878 3445 Sc-

2296 3486 2471 3539 cundo
2494 3484 2773 3551 parturiat.
2812 3482 2886 3536 Et
2920 3483 3018 3535 ista
3049 3483 3212 3551 igitur
3239 3483 3414 3536 oumis
3439 3481 3617 3552 justus
3644 3483 3726 3538 vel
3759 3499 3880 3537 nas—

2295 3575 2435 3629 citur
2463 3576 2646 3639 vulva,
2681 3574 2762 3627 vel
2813 3575 2927 3641 ipse
2975 3572 3018 3627 si
3045 3573 3157 3641 jam
3198 3572 3467 3641 perfectus
3512 3583 3629 3639 est,
3661 3584 3716 3629 et
3746 3576 3882 3629 lilios

2301 3666 2460 3732 parit,
2513 3675 2567 3719 et
2623 3666 2766 3735 sugit
2814 3663 3160 3718 nihilominus
3204 3664 3368 3719 ubera
3411 3664 3726 3735 Apostolica
3753 3709 3768 3733 ,
3800 3668 3879 3720 vel

2296 3758 2459 3810 etiam
2506 3757 2818 3825 surgentibus
2845 3756 3080 3825 praebet,
3111 3757 3178 3810 de
3204 3756 3395 3826 quibus
3417 3760 3707 3826 Apostolus
3731 3759 3877 3814 dice-

2300 3848 2387 3901 bat
2420 3864 2433 3899 :
2468 3847 2568 3901 Lac
2596 3848 2735 3901 vobis
2761 3859 2936 3916 potum
2962 3849 3102 3915 dedi,
3134 3866 3234 3902 non
3258 3865 3423 3903 escam
3457 3850 3531 3921 (ί.
3561 3849 3681 3905 Cor.
3708 3851 3809 3919 εὶ).
3830 3863 3882 3907 ει

2300 3941 2447 4003 alibi,
2471 3949 2531 3994 ut
2550 3940 2877 4008 designatius
2892 3941 3003 4012 [ιε
3019 3941 3345 4009 exprimeret
3365 3942 3673 4011 Apostolica
3692 3946 3879 4007 ubera,

2299 4033 2481 4103 adjicit
2511 4054 2521 4085 :
2549 4033 2656 4087 Sed
2680 4034 2757 4104 fui
2779 4035 2910 4087 inter
2930 4050 3015 4088 vos
3037 4044 3282 4105 tanquam
3299 4037 3340 4089 si
3363 4037 3538 4100 nutrix
3562 4037 3729 4104 foveat
3748 4041 3882 4105 ﬁlios

2298 4146 2416 4182 suos
2444 4127 2520 4199 (Ι.
2552 4128 2705 4183 Thes.
2738 4129 2841 4193 2.).
2876 4129 3038 4185 Venit
3074 4144 3202 4197 ergo
3240 4130 3523 4199 unicuique
3543 4130 3693 4200 justo
3723 4132 3886 4186 bene-

2299 4219 2367 4273 dic
2390 4221 2546 4276 tionis
2574 4222 2852 4291 perfectio,
2890 4230 3112 4289 propter
3138 4223 3347 4275 vulvam
3378 4232 3432 4277 et
3461 4221 3625 4277 ubera
3658 4229 3887 4291 Aposto-

2301 4311 2515 4367 |ica.Et
2560 4324 2765 4383 prapter
2794 4315 3225 4381 benedictionem,
3269 4314 3476 4381 inquit,
3522 4315 3685 4383 patris
3728 4316 3801 4368 tui
3839 4324 3887 4368 et

2301 4407 2478 4459 matris
2509 4416 2626 4461 tuae.
2660 4405 3021 4460 Perfectorum
3053 4405 3211 4459 Pater
3232 4416 3313 4459 est
3343 4404 3613 4465 Christus,
3644 4408 3786 4461 sicut
3834 4417 3887 4462 et

2304 4496 2416 4565 ipse
2437 4497 2649 4553 dicebat
2676 4516 2689 4551 :
2716 4496 2916 4563 Filioli,
2947 4498 3117 4551 adhuc
3148 4498 3401 4550 modicum
3430 4499 3685 4551 vobiscum
3703 4500 3884 4563 (Joan.

617 4576 849 4627 secunda
884 4592 947 4628 ex
976 4578 1360 4638 conversione,
1385 4578 1497 4629 sive
1522 4592 1616 4644 per
1644 4576 1966 4645 baptismum
1994 4595 2007 4631 :
2043 4582 2192 4633 tertia
2230 4571 2275 4628 D
2307 4585 2421 4655 15.)
2458 4606 2470 4641 ε
2506 4598 2562 4643 ει
2610 4601 2781 4643 mam
2815 4589 3073 4642 neptem,
3114 4588 3243 4653 ριηι»
3276 4589 3580 4644 ιεηράίριίο
3612 4588 3888 4658 ιπωνιιιυίι

619 4675 695 4718 ρει
724 4676 777 4719 et
804 4665 922 4718 inec
962 4680 1080 4733 qutc
1111 4671 1159 4718 et
1206 4667 1315 4733 ipsa
1342 4670 1671 4735 regeneratio
1702 4670 1919 4734 dicitur,
1958 4688 2077 4738 qua:
2115 4681 2197 4727 est

618 4772 681 4808 ex
709 4756 933 4808 mortuis
982 4757 1306 4810 resurrectio
1356 4775 1368 4807 :
1404 4758 1514 4826 jam
1562 4760 1701 4813 enim
1744 4762 1872 4815 mihi
1909 4764 2118 4817 videtur
2152 4765 2198 4820 is

620 4846 760 4900 filius
804 4862 924 4900 esse
975 4847 1217 4912 positus,
1269 4850 1454 4915 quales
1507 4850 1641 4905 beati
1690 4853 1849 4908 futuri
1882 4864 2024 4908 sunt.
2075 4855 2197 4909 ΙιΙιιι)

620 4937 813 4990 deinde
844 4938 891 4989 Ci
938 4937 1133 4989 dicitur
1159 4955 1185 4988 tt
1216 4950 1396 5007 putre,
1432 4942 1507 4993 Ad
1550 4959 1627 4994 me
1658 4954 1917 4999 revertere.
1956 4946 2197 5002 Redeunt

694 5099 726 5175 ⁸.
747 5091 1005 5177 Sic-cnim
1033 5091 1196 5177 'Israel
1229 5094 1440 5177 ()rigctii
1484 5098 1864 5177 interpretatur
1902 5110 2019 5162 τοῦς
2068 5103 2197 5177 ὁρῶν

623 5164 755 5224 θεοῦ,
809 5163 936 5242 altas
966 5163 1105 5231 θεὸν,
1140 5180 1276 5216 mens
1308 5168 1477 5221 videns
1524 5163 1702 5224 Deum.
1734 5173 2063 5239 Quamquam
2097 5163 2197 5229 hoc

624 5248 816 5309 magno
846 5233 1167 5309 Hieronymo
1185 5233 2037 5309 elimatinequaquam-probatur
2072 5263 2192 5299 cum

621 5303 909 5382 διψῇ-ψη)
953 5305 1217 5382 praecipue
1244 5303 1637 5382 Quaestionibus
1670 5315 1719 5366 in
1758 5303 1893 5366 Gen.
1935 5329 2056 5382 cap.
2100 5317 2190 5371 52.

623 5376 731 5455 ubi,
761 5373 1124 5455 lllttd_a"tcut,
1156 5377 1259 5455 ait,
1290 5380 1429 5455 quod
1461 5382 1511 5434 in
1546 5381 1695 5437 Libro
1725 5373 2016 5437 Nominum'
2039 5388 2195 5439 inter-

625 5454 873 5522 pretatur,
910 5444 1092 5508 Israel,
1124 5444 1310 5502 videns
1342 5449 1528 5517 Deum,
1563 5457 1788 5509 omnium
1807 5471 1935 5522 pene
1968 5473 2195 5508 sermone

624 5516 885 5590 detritum,
909 5531 1008 5567 non
1039 5526 1139 5590 tam
1164 5533 1292 5582 vere,
1327 5537 1481 5588 quam
1511 5516 1754 5579 violenter
1783 5516 1906 5578 ini/ii
1939 5529 2193 5590 inte-rpre—

621 5584 1019 5666 ltlltlllLtldPllll'.
1054 5585 1152 5666 llic
1172 5592 1303 5666 enim
1327 5584 1489 5647 Ιδνίνεί
1509 5614 1596 5666 per
1628 5600 1717 5650 has
1739 5600 1912 5650 literas
1934 5584 2193 5662 scribitur,

620 5666 730 5737 etc.
764 5654 1165 5737 thoibusdatn
1192 5654 1539 5728 inti-rpo~iti~',
1579 5668 1818 5733 Quonim}
1846 5669 2003 5737 igitur
2034 5654 2192 5736 grani

626 5728 703 5806 dis
742 5728 1055 5806 auctoritatis
1094 5731 1192 5780 sint
1223 5742 1366 5798 (puta
1418 5728 1697 5806 tit-ignifera
1740 5728 2107 5806 cuni’pritnis)
2150 5746 2196 5789 et

624 5796 920 5863 eloquentia:
948 5797 1172 5865 ipsorum
1214 5796 1389 5857 umbra
1418 5796 1813 5879 nosvomn'imat,
1859 5796 1945 5877 qui
1990 5796 2156 5860 Israel

2305 4677 2356 4731 in
2383 4678 2841 4734 benedictionibus
2867 4681 3126 4733 montium
3149 4682 3574 4745 permanentium
3598 4693 3646 4734 et
3672 4684 3889 4736 collium

2305 4779 2667 4838 aeternorum,
2717 4772 2767 4823 id
2825 4781 2907 4823 est
2964 4786 3147 4824 eorum
3178 4771 3266 4836 qui
3309 4770 3586 4822 scientiam
3631 4782 3686 4824 et
3724 4787 3886 4841 opera

2302 4863 2551 4918 sublimia
2582 4873 2635 4917 et
2693 4864 2905 4916 exaelsa
2959 4871 3255 4915 sectantur.
3307 4860 3437 4927 Quae
3485 4862 3887 4920 benedictionis

2303 4962 2479 5015 erunt,
2514 4954 2702 5022 inquit,
2725 4957 2775 5005 in
2806 4962 2958 5022 caput
2985 4951 3197 5021 Ioseph,
3217 4963 3263 5005 ct
3287 4970 3439 5021 super
3459 4956 3692 5008 verticem
3712 4974 3887 5012 eorum

2311 5109 2479 5183 virum
2526 5107 2792 5183 videntem
2842 5105 3474 5183 Deum,“transtulerunt
3510 5122 3534 5183 _:
3588 5126 3683 5164 nos
3726 5117 3886 5183 magis

2308 5180 2459 5247 δαίμ
2485 5194 2607 5238 urw.
2636 5186 2683 5231 et
2710 5175 2910 5245 Angelt,
2942 5178 3016 5227 vel
3040 5175 3154 5247 Dei,
3188 5178 3274 5241 qui
3302 5180 3467 5241 ipsum
3498 5177 3667 5235 Israel
3694 5173 3888 5239 υοειίὺῆ

2304 5251 2610 5301 auctoritate
2639 5248 2892 5308 ducimur,
2926 5256 3031 5299 etc.
3064 5246 3192 5299 Vide
3222 5263 3318 5298 nos
3348 5249 3441 5302 ibi.
3748 5258 3759 5269 ‘

2379 5318 2403 5355 ³»
2432 5321 2643 5394 Laudat
2693 5320 2935 5394 Bari-reus
2971 5318 3065 5394 Ms.
3098 5317 3336 5394 codicem
3363 5357 3378 5381 ,
3434 5319 3487 5372 in
3524 5335 3632 5394 quo
3684 5326 3887 5394 gerebat

2308 5389 2580 5455 legebatur
2609 5403 2706 5456 pro
2752 5388 2962 5442 indicat.
2993 5388 3279 5454 Accepisse
3313 5401 3490 5443 autem
3520 5388 3584 5445 ex
3619 5388 3724 5447 ho'e
3769 5399 3888 5451 loco

2303 5463 2510 5512 ridetur
2542 5459 2772 5512 ineditus
2795 5458 2933 5525 apud
2966 5472 3063 5509 nos
3090 5464 3306 5511 Auctor.
3341 5461 3442 5522 Qui
3474 5478 3563 5514 nec
3590 5465 3713 5517 dum
3738 5507 3753 5527 ,
3808 5471 3889 5521 in-

2300 5532 2436 5597 quit,
2465 5533 2517 5582 in
2546 5529 2666 5595 ﬁdei
2688 5532 2841 5581 robur
2866 5537 3150 5593 evaserunt,
3177 5531 3265 5580 sed
3297 5545 3384 5595 ριν
3414 5530 3657 5587 Doctores
3684 5540 3753 5588 ad
3774 5552 3888 5591 eaut

2300 5601 2595 5664 trahuntur,
2621 5599 2832 5674 audiunt
2861 5599 2921 5650 ab
2952 5600 3227 5668 Apono/0,
3264 5600 3434 5674 Filioli
3473 5606 3576 5656 mei
3624 5621 3761 5674 quos
3792 5608 3889 5663 ite-

2301 5686 2419 5723 rum
2471 5671 2730 5738 parturio,
2786 5679 3088 5731 etcaztera,
3132 5686 3250 5735 qua:
3300 5671 3364 5722 ad
3396 5674 3532 5726 hanc
3563 5671 3787 5739 uberum
3834 5684 3895 5734 et'

2302 5746 2471 5795 vulvae
2492 5740 2921 5796 benedictionem
2953 5740 3168 5806 copiose
3198 5750 3251 5795 ct
3292 5756 3385 5809 per
3416 5753 3595 5811 partes
3622 5746 3815 5804 refert.
