  <div class='ocr_page' id='page_1' title='image "/cluster/home/n/w/nwhite01/storage/ocr_20150623/21/hvd.32044015471360/172.png"; bbox 0 0 4078 6346; ppageno 0'>
   <div class='ocr_carea' id='block_1_1' title="bbox 254 347 356 413">
    <p class='ocr_par' dir='ltr' id='par_1_1' title="bbox 254 347 356 413">
     <span class='ocr_line' id='line_1_1' title="bbox 254 347 356 413; baseline -0.01 -2"><span class='ocrx_word' id='word_1_1' title='bbox 254 347 356 413; x_wconf 75' lang='lat'><strong>353</strong></span> 
     </span>
    </p>
   </div>
   <div class='ocr_carea' id='block_1_2' title="bbox 856 346 2919 414">
    <p class='ocr_par' dir='ltr' id='par_1_2' title="bbox 856 346 2919 414">
     <span class='ocr_line' id='line_1_2' title="bbox 856 346 2919 414; baseline 0.001 -8"><span class='ocrx_word' id='word_1_2' title='bbox 856 348 947 406; x_wconf 81' lang='lat' dir='ltr'><strong>DE</strong></span> <span class='ocrx_word' id='word_1_3' title='bbox 1002 346 1620 407; x_wconf 62' lang='lat' dir='ltr'><strong>BENEDIC&#39;I&#39;IONIBUS</strong></span> <span class='ocrx_word' id='word_1_4' title='bbox 1661 349 2254 409; x_wconf 56' lang='lat' dir='ltr'><strong>PATItlARCiIABUM</strong></span> <span class='ocrx_word' id='word_1_5' title='bbox 2294 352 2495 410; x_wconf 80' lang='lat' dir='ltr'><strong>LlBER</strong></span> <span class='ocrx_word' id='word_1_6' title='bbox 2536 355 2919 414; x_wconf 74' lang='lat' dir='ltr'><strong>SECUNDUS.</strong></span> 
     </span>
    </p>
   </div>
   <div class='ocr_carea' id='block_1_3' title="bbox 3435 360 3541 419">
    <p class='ocr_par' dir='ltr' id='par_1_3' title="bbox 3435 360 3541 419">
     <span class='ocr_line' id='line_1_3' title="bbox 3435 360 3541 419; baseline 0.019 -2"><span class='ocrx_word' id='word_1_7' title='bbox 3435 360 3541 419; x_wconf 64' lang='grc'><strong>534</strong></span> 
     </span>
    </p>
   </div>
   <div class='ocr_carea' id='block_1_4' title="bbox 252 460 3542 541">
    <p class='ocr_par' dir='ltr' id='par_1_4' title="bbox 252 460 3542 541">
     <span class='ocr_line' id='line_1_4' title="bbox 252 460 3542 541; baseline 0.003 -21"><span class='ocrx_word' id='word_1_8' title='bbox 252 471 429 541; x_wconf 77' lang='lat' dir='ltr'><strong>quibus</strong></span> <span class='ocrx_word' id='word_1_9' title='bbox 456 467 666 539; x_wconf 76' lang='lat' dir='ltr'><strong>prtrfuit</strong></span> <span class='ocrx_word' id='word_1_10' title='bbox 688 468 929 537; x_wconf 82' lang='lat' dir='ltr'><strong>fratrum.</strong></span> <span class='ocrx_word' id='word_1_11' title='bbox 958 466 1072 520; x_wconf 89' lang='lat' dir='ltr'><strong>Non</strong></span> <span class='ocrx_word' id='word_1_12' title='bbox 1096 466 1292 532; x_wconf 85' lang='lat' dir='ltr'><strong>solum,</strong></span> <span class='ocrx_word' id='word_1_13' title='bbox 1313 460 1850 534; x_wconf 76' lang='lat' dir='ltr'><strong>inquit,caputjusu,</strong></span> <span class='ocrx_word' id='word_1_14' title='bbox 1880 469 1930 526; x_wconf 78' lang='grc' dir='ltr'><strong>Α</strong></span> <span class='ocrx_word' id='word_1_15' title='bbox 1963 474 2042 520; x_wconf 90' lang='lat' dir='ltr'><strong>ter</strong></span> <span class='ocrx_word' id='word_1_16' title='bbox 2063 466 2367 533; x_wconf 89' lang='lat' dir='ltr'><strong>instituunt,</strong></span> <span class='ocrx_word' id='word_1_17' title='bbox 2417 468 2577 523; x_wconf 86' lang='lat' dir='ltr'><strong>etiam</strong></span> <span class='ocrx_word' id='word_1_18' title='bbox 2620 468 2865 526; x_wconf 86' lang='lat' dir='ltr'><strong>lidelibus</strong></span> <span class='ocrx_word' id='word_1_19' title='bbox 2897 480 3147 541; x_wconf 76' lang='lat' dir='ltr'><strong>prosunt,</strong></span> <span class='ocrx_word' id='word_1_20' title='bbox 3195 473 3349 529; x_wconf 83' lang='lat' dir='ltr'><strong>siculi</strong></span> <span class='ocrx_word' id='word_1_21' title='bbox 3407 474 3542 530; x_wconf 73' lang='lat' dir='ltr'><strong>dixit</strong></span> 
     </span>
    </p>
   </div>
   <div class='ocr_carea' id='block_1_5' title="bbox 256 558 1838 631">
    <p class='ocr_par' dir='ltr' id='par_1_5' title="bbox 256 558 1838 631">
     <span class='ocr_line' id='line_1_5' title="bbox 256 558 1838 631; baseline -0.004 -18"><span class='ocrx_word' id='word_1_22' title='bbox 256 560 392 631; x_wconf 88' lang='lat' dir='ltr'><strong>quod</strong></span> <span class='ocrx_word' id='word_1_23' title='bbox 424 568 509 615; x_wconf 90' lang='lat' dir='ltr'><strong>est</strong></span> <span class='ocrx_word' id='word_1_24' title='bbox 538 558 810 621; x_wconf 91' lang='lat' dir='ltr'><strong>Christus,</strong></span> <span class='ocrx_word' id='word_1_25' title='bbox 843 558 1201 623; x_wconf 84' lang='lat' dir='ltr'><strong>benetlicitur,</strong></span> <span class='ocrx_word' id='word_1_26' title='bbox 1236 559 1327 610; x_wconf 82' lang='lat' dir='ltr'><strong>sed</strong></span> <span class='ocrx_word' id='word_1_27' title='bbox 1356 566 1415 616; x_wconf 75' lang='lat' dir='ltr'><strong>et,</strong></span> <span class='ocrx_word' id='word_1_28' title='bbox 1437 566 1619 609; x_wconf 80' lang='lat' dir='ltr'><strong>vertex</strong></span> <span class='ocrx_word' id='word_1_29' title='bbox 1651 569 1838 607; x_wconf 88' lang='lat' dir='ltr'><strong>eorum</strong></span> 
     </span>
    </p>
   </div>
   <div class='ocr_carea' id='block_1_6' title="bbox 254 649 1841 729">
    <p class='ocr_par' dir='ltr' id='par_1_6' title="bbox 254 649 1841 729">
     <span class='ocr_line' id='line_1_6' title="bbox 254 649 1841 729; baseline -0.006 -19"><span class='ocrx_word' id='word_1_30' title='bbox 254 658 445 729; x_wconf 81' lang='lat' dir='ltr'><strong>quibus</strong></span> <span class='ocrx_word' id='word_1_31' title='bbox 470 658 686 726; x_wconf 73' lang='lat' dir='ltr'><strong>przeluit</strong></span> <span class='ocrx_word' id='word_1_32' title='bbox 710 673 721 707; x_wconf 92' lang='lat'><strong>:</strong></span> <span class='ocrx_word' id='word_1_33' title='bbox 751 658 870 725; x_wconf 86' lang='lat' dir='ltr'><strong>quia</strong></span> <span class='ocrx_word' id='word_1_34' title='bbox 896 657 982 725; x_wconf 89' lang='lat' dir='ltr'><strong>qui</strong></span> <span class='ocrx_word' id='word_1_35' title='bbox 1013 669 1072 710; x_wconf 87' lang='lat' dir='ltr'><strong>se</strong></span> <span class='ocrx_word' id='word_1_36' title='bbox 1100 664 1243 710; x_wconf 80' lang='lat' dir='ltr'><strong>recte</strong></span> <span class='ocrx_word' id='word_1_37' title='bbox 1272 653 1543 715; x_wconf 57' lang='grc' dir='ltr'><strong>εχομιιιηι,</strong></span> <span class='ocrx_word' id='word_1_38' title='bbox 1573 659 1626 707; x_wconf 87' lang='lat' dir='ltr'><strong>et</strong></span> <span class='ocrx_word' id='word_1_39' title='bbox 1649 649 1841 702; x_wconf 84' lang='lat' dir='ltr'><strong>lloren-</strong></span> 
     </span>
    </p>
   </div>
   <div class='ocr_carea' id='block_1_7' title="bbox 1952 556 3543 636">
    <p class='ocr_par' dir='ltr' id='par_1_7' title="bbox 1952 556 3543 636">
     <span class='ocr_line' id='line_1_7' title="bbox 1952 556 3543 636; baseline 0.007 -27"><span class='ocrx_word' id='word_1_40' title='bbox 1952 562 2013 624; x_wconf 76' lang='grc' dir='ltr'><strong>Λι</strong></span> <span class='ocrx_word' id='word_1_41' title='bbox 2035 559 2259 621; x_wconf 80' lang='lat' dir='ltr'><strong>osmlus,</strong></span> <span class='ocrx_word' id='word_1_42' title='bbox 2296 556 2425 612; x_wconf 77' lang='lat' dir='ltr'><strong>Htec</strong></span> <span class='ocrx_word' id='word_1_43' title='bbox 2454 571 2626 613; x_wconf 87' lang='lat' dir='ltr'><strong>autem</strong></span> <span class='ocrx_word' id='word_1_44' title='bbox 2658 562 2886 627; x_wconf 82' lang='lat' dir='ltr'><strong>faciens,</strong></span> <span class='ocrx_word' id='word_1_45' title='bbox 2920 564 3133 631; x_wconf 75' lang='lat' dir='ltr'><strong>teipsum</strong></span> <span class='ocrx_word' id='word_1_46' title='bbox 3166 565 3362 619; x_wconf 85' lang='lat' dir='ltr'><strong>salvum</strong></span> <span class='ocrx_word' id='word_1_47' title='bbox 3388 566 3543 636; x_wconf 79' lang='lat' dir='ltr'><strong>{acies</strong></span> 
     </span>
    </p>
   </div>
   <div class='ocr_carea' id='block_1_8' title="bbox 1949 651 2950 724">
    <p class='ocr_par' dir='ltr' id='par_1_8' title="bbox 1949 651 2950 724">
     <span class='ocr_line' id='line_1_8' title="bbox 1949 651 2950 724; baseline 0.009 -25"><span class='ocrx_word' id='word_1_48' title='bbox 1949 659 1994 700; x_wconf 87' lang='lat' dir='ltr'><strong>et</strong></span> <span class='ocrx_word' id='word_1_49' title='bbox 2024 666 2110 702; x_wconf 78' lang='lat' dir='ltr'><strong>eos</strong></span> <span class='ocrx_word' id='word_1_50' title='bbox 2135 651 2226 719; x_wconf 87' lang='lat' dir='ltr'><strong>qui</strong></span> <span class='ocrx_word' id='word_1_51' title='bbox 2260 661 2307 705; x_wconf 84' lang='lat' dir='ltr'><strong>te</strong></span> <span class='ocrx_word' id='word_1_52' title='bbox 2329 652 2546 707; x_wconf 86' lang='lat' dir='ltr'><strong>audiant</strong></span> <span class='ocrx_word' id='word_1_53' title='bbox 2577 654 2657 722; x_wconf 84' lang='lat' dir='ltr'><strong>(l.</strong></span> <span class='ocrx_word' id='word_1_54' title='bbox 2688 653 2821 709; x_wconf 82' lang='lat' dir='ltr'><strong>Tim.</strong></span> <span class='ocrx_word' id='word_1_55' title='bbox 2852 655 2950 724; x_wconf 65' lang='grc'>4.).</span> 
     </span>
    </p>
   </div>
   <div class='ocr_carea' id='block_1_9' title="bbox 1168 788 2607 882">
    <p class='ocr_par' dir='ltr' id='par_1_9' title="bbox 1168 788 2607 882">
     <span class='ocr_line' id='line_1_9' title="bbox 1168 788 2607 882; baseline 0.001 -3"><span class='ocrx_word' id='word_1_56' title='bbox 1168 788 1898 882; x_wconf 86' lang='lat' dir='ltr'><strong>BENEDICTIO</strong></span> <span class='ocrx_word' id='word_1_57' title='bbox 1979 790 2607 880; x_wconf 87' lang='lat' dir='ltr'><strong>BENJAMIN.</strong></span> 
     </span>
    </p>
   </div>
   <div class='ocr_carea' id='block_1_10' title="bbox 329 959 1847 1032">
    <p class='ocr_par' dir='ltr' id='par_1_10' title="bbox 329 959 1847 1032">
     <span class='ocr_line' id='line_1_10' title="bbox 329 959 1847 1032; baseline -0.006 -13"><span class='ocrx_word' id='word_1_58' title='bbox 329 967 379 1021; x_wconf 78' lang='lat' dir='ltr'><strong>l.</strong></span> <span class='ocrx_word' id='word_1_59' title='bbox 405 964 702 1027; x_wconf 60' lang='lat' dir='ltr'><strong>Bessum,</strong></span> <span class='ocrx_word' id='word_1_60' title='bbox 736 964 886 1032; x_wconf 86' lang='lat' dir='ltr'><strong>lupus</strong></span> <span class='ocrx_word' id='word_1_61' title='bbox 914 978 1077 1030; x_wconf 65' lang='lat' dir='ltr'><strong>rapax</strong></span> <span class='ocrx_word' id='word_1_62' title='bbox 1128 962 1181 1016; x_wconf 88' lang='lat' dir='ltr'><strong>itt</strong></span> <span class='ocrx_word' id='word_1_63' title='bbox 1211 962 1459 1017; x_wconf 74' lang='lat' dir='ltr'><strong>matutino</strong></span> <span class='ocrx_word' id='word_1_64' title='bbox 1486 961 1638 1024; x_wconf 78' lang='lat' dir='ltr'><strong>edet,</strong></span> <span class='ocrx_word' id='word_1_65' title='bbox 1693 968 1739 1013; x_wconf 73' lang='lat' dir='ltr'><strong>et</strong></span> <span class='ocrx_word' id='word_1_66' title='bbox 1778 959 1847 1011; x_wconf 87' lang='lat' dir='ltr'><strong>ad</strong></span> 
     </span>
    </p>
   </div>
   <div class='ocr_carea' id='block_1_11' title="bbox 255 1048 1848 1123">
    <p class='ocr_par' dir='ltr' id='par_1_11' title="bbox 255 1048 1848 1123">
     <span class='ocr_line' id='line_1_11' title="bbox 255 1048 1848 1123; baseline -0.004 -13"><span class='ocrx_word' id='word_1_67' title='bbox 255 1070 515 1123; x_wconf 73' lang='lat' dir='ltr'><strong>vesperam</strong></span> <span class='ocrx_word' id='word_1_68' title='bbox 544 1054 739 1107; x_wconf 87' lang='lat' dir='ltr'><strong>dividet</strong></span> <span class='ocrx_word' id='word_1_69' title='bbox 766 1055 951 1107; x_wconf 85' lang='lat' dir='ltr'><strong>cibum.</strong></span> <span class='ocrx_word' id='word_1_70' title='bbox 983 1053 1261 1109; x_wconf 70' lang='lat' dir='ltr'><strong>llistoricaa</strong></span> <span class='ocrx_word' id='word_1_71' title='bbox 1292 1062 1312 1091; x_wconf 82' lang='grc'><strong><em>⁸</em></strong></span> <span class='ocrx_word' id='word_1_72' title='bbox 1340 1054 1495 1122; x_wconf 85' lang='lat' dir='ltr'><strong>hujus</strong></span> <span class='ocrx_word' id='word_1_73' title='bbox 1529 1048 1848 1107; x_wconf 72' lang='lat' dir='ltr'><strong>narrationis</strong></span> 
     </span>
    </p>
   </div>
   <div class='ocr_carea' id='block_1_12' title="bbox 255 1142 1846 1215">
    <p class='ocr_par' dir='ltr' id='par_1_12' title="bbox 255 1142 1846 1215">
     <span class='ocr_line' id='line_1_12' title="bbox 255 1142 1846 1215; baseline -0.003 -15"><span class='ocrx_word' id='word_1_74' title='bbox 255 1145 499 1202; x_wconf 82' lang='lat' dir='ltr'><strong>advocati</strong></span> <span class='ocrx_word' id='word_1_75' title='bbox 542 1145 704 1200; x_wconf 85' lang='lat' dir='ltr'><strong>velim</strong></span> <span class='ocrx_word' id='word_1_76' title='bbox 758 1144 889 1199; x_wconf 90' lang='lat' dir='ltr'><strong>mihi</strong></span> <span class='ocrx_word' id='word_1_77' title='bbox 918 1144 1161 1199; x_wconf 83' lang='lat' dir='ltr'><strong>dicereut</strong></span> <span class='ocrx_word' id='word_1_78' title='bbox 1182 1185 1198 1209; x_wconf 90' lang='lat'><strong>,</strong></span> <span class='ocrx_word' id='word_1_79' title='bbox 1242 1144 1367 1215; x_wconf 87' lang='lat' dir='ltr'><strong>quid</strong></span> <span class='ocrx_word' id='word_1_80' title='bbox 1400 1146 1450 1197; x_wconf 90' lang='lat' dir='ltr'><strong>iu</strong></span> <span class='ocrx_word' id='word_1_81' title='bbox 1484 1160 1540 1198; x_wconf 89' lang='lat' dir='ltr'><strong>se</strong></span> <span class='ocrx_word' id='word_1_82' title='bbox 1570 1142 1846 1213; x_wconf 78' lang='lat' dir='ltr'><strong>Benjamin</strong></span> 
     </span>
    </p>
   </div>
   <div class='ocr_carea' id='block_1_13' title="bbox 260 1236 1849 1307">
    <p class='ocr_par' dir='ltr' id='par_1_13' title="bbox 260 1236 1849 1307">
     <span class='ocr_line' id='line_1_13' title="bbox 260 1236 1849 1307; baseline -0.003 -13"><span class='ocrx_word' id='word_1_83' title='bbox 260 1240 365 1307; x_wconf 92' lang='lat' dir='ltr'><strong>lupi</strong></span> <span class='ocrx_word' id='word_1_84' title='bbox 400 1237 616 1306; x_wconf 84' lang='lat' dir='ltr'><strong>rapacis</strong></span> <span class='ocrx_word' id='word_1_85' title='bbox 646 1236 928 1304; x_wconf 85' lang='lat' dir='ltr'><strong>habuerit,</strong></span> <span class='ocrx_word' id='word_1_86' title='bbox 962 1245 1055 1291; x_wconf 88' lang='lat' dir='ltr'><strong>aut</strong></span> <span class='ocrx_word' id='word_1_87' title='bbox 1090 1238 1357 1305; x_wconf 84' lang='lat' dir='ltr'><strong>quomodo</strong></span> <span class='ocrx_word' id='word_1_88' title='bbox 1398 1236 1448 1291; x_wconf 95' lang='lat' dir='ltr'><strong>in</strong></span> <span class='ocrx_word' id='word_1_89' title='bbox 1501 1236 1763 1289; x_wconf 57' lang='lat' dir='ltr'><strong>matutino</strong></span> <span class='ocrx_word' id='word_1_90' title='bbox 1794 1245 1849 1289; x_wconf 90' lang='lat' dir='ltr'><strong>et</strong></span> 
     </span>
    </p>
   </div>
   <div class='ocr_carea' id='block_1_14' title="bbox 254 1331 1846 1401">
    <p class='ocr_par' dir='ltr' id='par_1_14' title="bbox 254 1331 1846 1401">
     <span class='ocr_line' id='line_1_14' title="bbox 254 1331 1846 1401; baseline -0.003 -13"><span class='ocrx_word' id='word_1_91' title='bbox 254 1334 315 1388; x_wconf 84' lang='lat' dir='ltr'><strong>ad</strong></span> <span class='ocrx_word' id='word_1_92' title='bbox 342 1332 1170 1401; x_wconf 80' lang='lat' dir='ltr'><strong>vesperamdividatcibum.Sed</strong></span> <span class='ocrx_word' id='word_1_93' title='bbox 1202 1333 1252 1385; x_wconf 92' lang='lat' dir='ltr'><strong>in</strong></span> <span class='ocrx_word' id='word_1_94' title='bbox 1278 1332 1346 1386; x_wconf 92' lang='lat' dir='ltr'><strong>iis</strong></span> <span class='ocrx_word' id='word_1_95' title='bbox 1372 1332 1533 1387; x_wconf 90' lang='lat' dir='ltr'><strong>etiam</strong></span> <span class='ocrx_word' id='word_1_96' title='bbox 1560 1334 1656 1400; x_wconf 87' lang='lat' dir='ltr'><strong>ipsi</strong></span> <span class='ocrx_word' id='word_1_97' title='bbox 1679 1331 1846 1384; x_wconf 79' lang='lat' dir='ltr'><strong>crassi</strong></span> 
     </span>
    </p>
   </div>
   <div class='ocr_carea' id='block_1_15' title="bbox 254 1422 1846 1496">
    <p class='ocr_par' dir='ltr' id='par_1_15' title="bbox 254 1422 1846 1496">
     <span class='ocr_line' id='line_1_15' title="bbox 254 1422 1846 1496; baseline -0.004 -14"><span class='ocrx_word' id='word_1_98' title='bbox 254 1428 418 1482; x_wconf 87' lang='lat' dir='ltr'><strong>corde</strong></span> <span class='ocrx_word' id='word_1_99' title='bbox 449 1425 624 1481; x_wconf 63' lang='grc' dir='ltr'><strong>διηιωί</strong></span> <span class='ocrx_word' id='word_1_100' title='bbox 671 1424 941 1496; x_wconf 76' lang='lat' dir='ltr'><strong>refugiunt</strong></span> <span class='ocrx_word' id='word_1_101' title='bbox 983 1424 1232 1495; x_wconf 71' lang='lat' dir='ltr'><strong>iniuriam</strong></span> <span class='ocrx_word' id='word_1_102' title='bbox 1277 1425 1445 1479; x_wconf 72' lang='lat' dir='ltr'><strong>Iiterm</strong></span> <span class='ocrx_word' id='word_1_103' title='bbox 1468 1466 1481 1483; x_wconf 93' lang='lat'><strong>.</strong></span> <span class='ocrx_word' id='word_1_104' title='bbox 1525 1434 1580 1478; x_wconf 89' lang='lat' dir='ltr'><strong>et</strong></span> <span class='ocrx_word' id='word_1_105' title='bbox 1608 1424 1694 1477; x_wconf 82' lang='lat' dir='ltr'><strong>alii</strong></span> <span class='ocrx_word' id='word_1_106' title='bbox 1725 1422 1751 1461; x_wconf 74' lang='grc' dir='ltr'>δ</span> <span class='ocrx_word' id='word_1_107' title='bbox 1778 1422 1846 1477; x_wconf 87' lang='lat' dir='ltr'><strong>ad</strong></span> 
     </span>
    </p>
   </div>
   <div class='ocr_carea' id='block_1_16' title="bbox 252 1520 1845 1590">
    <p class='ocr_par' dir='ltr' id='par_1_16' title="bbox 252 1520 1845 1590">
     <span class='ocr_line' id='line_1_16' title="bbox 252 1520 1845 1590; baseline -0.003 -15"><span class='ocrx_word' id='word_1_108' title='bbox 252 1520 435 1575; x_wconf 80' lang='lat' dir='ltr'><strong>altaris</strong></span> <span class='ocrx_word' id='word_1_109' title='bbox 485 1520 842 1583; x_wconf 86' lang='lat' dir='ltr'><strong>edacitatem,</strong></span> <span class='ocrx_word' id='word_1_110' title='bbox 875 1535 996 1590; x_wconf 68' lang='lat' dir='ltr'><strong>qua:</strong></span> <span class='ocrx_word' id='word_1_111' title='bbox 1036 1521 1237 1589; x_wconf 70' lang='lat' dir='ltr'><strong>st-ripta</strong></span> <span class='ocrx_word' id='word_1_112' title='bbox 1264 1529 1389 1575; x_wconf 73' lang='lat' dir='ltr'><strong>sunt</strong></span> <span class='ocrx_word' id='word_1_113' title='bbox 1420 1520 1695 1583; x_wconf 80' lang='lat' dir='ltr'><strong>referunt,</strong></span> <span class='ocrx_word' id='word_1_114' title='bbox 1729 1528 1845 1572; x_wconf 84' lang='lat' dir='ltr'><strong>tan-</strong></span> 
     </span>
    </p>
   </div>
   <div class='ocr_carea' id='block_1_17' title="bbox 253 1610 1844 1681">
    <p class='ocr_par' dir='ltr' id='par_1_17' title="bbox 253 1610 1844 1681">
     <span class='ocr_line' id='line_1_17' title="bbox 253 1610 1844 1681; baseline 0 -16"><span class='ocrx_word' id='word_1_115' title='bbox 253 1626 404 1679; x_wconf 87' lang='lat' dir='ltr'><strong>quam</strong></span> <span class='ocrx_word' id='word_1_116' title='bbox 438 1611 493 1665; x_wconf 94' lang='lat' dir='ltr'><strong>in</strong></span> <span class='ocrx_word' id='word_1_117' title='bbox 528 1610 805 1681; x_wconf 81' lang='lat' dir='ltr'><strong>llenjamiu</strong></span> <span class='ocrx_word' id='word_1_118' title='bbox 839 1612 1086 1677; x_wconf 85' lang='lat' dir='ltr'><strong>portione</strong></span> <span class='ocrx_word' id='word_1_119' title='bbox 1113 1611 1433 1673; x_wconf 91' lang='lat' dir='ltr'><strong>constructi,</strong></span> <span class='ocrx_word' id='word_1_120' title='bbox 1463 1611 1606 1681; x_wconf 85' lang='lat' dir='ltr'><strong>quod</strong></span> <span class='ocrx_word' id='word_1_121' title='bbox 1632 1625 1692 1665; x_wconf 87' lang='lat' dir='ltr'><strong>ea</strong></span> <span class='ocrx_word' id='word_1_122' title='bbox 1724 1627 1844 1680; x_wconf 69' lang='lat' dir='ltr'><strong>quae</strong></span> 
     </span>
    </p>
   </div>
   <div class='ocr_carea' id='block_1_18' title="bbox 252 1702 1842 1775">
    <p class='ocr_par' dir='ltr' id='par_1_18' title="bbox 252 1702 1842 1775">
     <span class='ocr_line' id='line_1_18' title="bbox 252 1702 1842 1775; baseline 0.001 -19"><span class='ocrx_word' id='word_1_123' title='bbox 252 1718 403 1757; x_wconf 87' lang='lat' dir='ltr'><strong>mane</strong></span> <span class='ocrx_word' id='word_1_124' title='bbox 451 1702 758 1757; x_wconf 68' lang='lat' dir='ltr'><strong>oll&#39;eruutuv</strong></span> <span class='ocrx_word' id='word_1_125' title='bbox 807 1703 983 1775; x_wconf 59' lang='lat' dir='ltr'><strong>(Atta,</strong></span> <span class='ocrx_word' id='word_1_126' title='bbox 1038 1703 1388 1773; x_wconf 78' lang='lat' dir='ltr'><strong>ellcrunturl,</strong></span> <span class='ocrx_word' id='word_1_127' title='bbox 1440 1703 1491 1757; x_wconf 90' lang='lat' dir='ltr'><strong>in</strong></span> <span class='ocrx_word' id='word_1_128' title='bbox 1544 1719 1766 1773; x_wconf 79' lang='lat' dir='ltr'><strong>vespera</strong></span> <span class='ocrx_word' id='word_1_129' title='bbox 1812 1718 1842 1757; x_wconf 91' lang='lat' dir='ltr'><strong>a</strong></span> 
     </span>
    </p>
   </div>
   <div class='ocr_carea' id='block_1_19' title="bbox 248 1793 1845 1862">
    <p class='ocr_par' dir='ltr' id='par_1_19' title="bbox 248 1793 1845 1862">
     <span class='ocr_line' id='line_1_19' title="bbox 248 1793 1845 1862; baseline -0.001 -12"><span class='ocrx_word' id='word_1_130' title='bbox 248 1793 635 1850; x_wconf 75' lang='lat' dir='ltr'><strong>Sacerdotibus</strong></span> <span class='ocrx_word' id='word_1_131' title='bbox 678 1794 1005 1850; x_wconf 73' lang='lat' dir='ltr'><strong>dividantur.</strong></span> <span class='ocrx_word' id='word_1_132' title='bbox 1036 1795 1137 1849; x_wconf 81' lang='lat' dir='ltr'><strong>Alii</strong></span> <span class='ocrx_word' id='word_1_133' title='bbox 1170 1795 1289 1850; x_wconf 91' lang='lat' dir='ltr'><strong>aliis</strong></span> <span class='ocrx_word' id='word_1_134' title='bbox 1316 1806 1371 1850; x_wconf 89' lang='lat' dir='ltr'><strong>et</strong></span> <span class='ocrx_word' id='word_1_135' title='bbox 1400 1794 1627 1849; x_wconf 87' lang='lat' dir='ltr'><strong>diversis</strong></span> <span class='ocrx_word' id='word_1_136' title='bbox 1652 1840 1667 1862; x_wconf 90' lang='lat'><strong>,</strong></span> <span class='ocrx_word' id='word_1_137' title='bbox 1719 1795 1845 1850; x_wconf 85' lang='lat' dir='ltr'><strong>licet</strong></span> 
     </span>
    </p>
   </div>
   <div class='ocr_carea' id='block_1_20' title="bbox 251 1887 1845 1959">
    <p class='ocr_par' dir='ltr' id='par_1_20' title="bbox 251 1887 1845 1959">
     <span class='ocr_line' id='line_1_20' title="bbox 251 1887 1845 1959; baseline 0.001 -19"><span class='ocrx_word' id='word_1_138' title='bbox 251 1887 504 1942; x_wconf 80' lang='lat' dir='ltr'><strong>fabulosis</strong></span> <span class='ocrx_word' id='word_1_139' title='bbox 536 1887 936 1942; x_wconf 77' lang='lat' dir='ltr'><strong>narrationibus</strong></span> <span class='ocrx_word' id='word_1_140' title='bbox 974 1897 1153 1942; x_wconf 87' lang='lat' dir='ltr'><strong>tamen</strong></span> <span class='ocrx_word' id='word_1_141' title='bbox 1180 1887 1419 1943; x_wconf 77' lang='lat' dir='ltr'><strong>fatentur</strong></span> <span class='ocrx_word' id='word_1_142' title='bbox 1446 1903 1543 1959; x_wconf 85' lang='lat' dir='ltr'><strong>per</strong></span> <span class='ocrx_word' id='word_1_143' title='bbox 1575 1887 1688 1942; x_wconf 69' lang='lat' dir='ltr'><strong>hare</strong></span> <span class='ocrx_word' id='word_1_144' title='bbox 1716 1902 1845 1942; x_wconf 87' lang='lat' dir='ltr'><strong>con-</strong></span> 
     </span>
    </p>
   </div>
   <div class='ocr_carea' id='block_1_21' title="bbox 248 1980 1309 2049">
    <p class='ocr_par' dir='ltr' id='par_1_21' title="bbox 248 1980 1309 2049">
     <span class='ocr_line' id='line_1_21' title="bbox 248 1980 1309 2049; baseline 0.005 -18"><span class='ocrx_word' id='word_1_145' title='bbox 248 1980 594 2048; x_wconf 87' lang='lat' dir='ltr'><strong>sequentiam</strong></span> <span class='ocrx_word' id='word_1_146' title='bbox 627 1980 795 2036; x_wconf 71' lang='lat' dir='ltr'><strong>litera:</strong></span> <span class='ocrx_word' id='word_1_147' title='bbox 814 1993 963 2035; x_wconf 76' lang='lat' dir='ltr'><strong>Stare</strong></span> <span class='ocrx_word' id='word_1_148' title='bbox 995 1996 1098 2035; x_wconf 90' lang='lat' dir='ltr'><strong>non</strong></span> <span class='ocrx_word' id='word_1_149' title='bbox 1133 1995 1309 2049; x_wconf 80' lang='lat' dir='ltr'><strong>posse.</strong></span> 
     </span>
    </p>
   </div>
   <div class='ocr_carea' id='block_1_22' title="bbox 314 2073 1844 2145">
    <p class='ocr_par' dir='ltr' id='par_1_22' title="bbox 314 2073 1844 2145">
     <span class='ocr_line' id='line_1_22' title="bbox 314 2073 1844 2145; baseline 0 -19"><span class='ocrx_word' id='word_1_150' title='bbox 314 2073 370 2128; x_wconf 72' lang='grc'>2.</span> <span class='ocrx_word' id='word_1_151' title='bbox 420 2075 475 2129; x_wconf 87' lang='lat' dir='ltr'><strong>In</strong></span> <span class='ocrx_word' id='word_1_152' title='bbox 543 2074 785 2129; x_wconf 78' lang='lat' dir='ltr'><strong>Ecclesia</strong></span> <span class='ocrx_word' id='word_1_153' title='bbox 835 2087 1012 2129; x_wconf 87' lang='lat' dir='ltr'><strong>autem</strong></span> <span class='ocrx_word' id='word_1_154' title='bbox 1063 2074 1201 2144; x_wconf 83' lang='lat' dir='ltr'><strong>apud</strong></span> <span class='ocrx_word' id='word_1_155' title='bbox 1231 2074 1713 2145; x_wconf 59' lang='lat' dir='ltr'><strong>quatnplurituos&#39;</strong></span> <span class='ocrx_word' id='word_1_156' title='bbox 1747 2077 1844 2127; x_wconf 62' lang='lat' dir='ltr'><strong>ista</strong></span> 
     </span>
    </p>
   </div>
   <div class='ocr_carea' id='block_1_23' title="bbox 248 2165 1850 2236">
    <p class='ocr_par' dir='ltr' id='par_1_23' title="bbox 248 2165 1850 2236">
     <span class='ocr_line' id='line_1_23' title="bbox 248 2165 1850 2236; baseline 0 -15"><span class='ocrx_word' id='word_1_157' title='bbox 248 2165 481 2221; x_wconf 84' lang='lat' dir='ltr'><strong>habetur</strong></span> <span class='ocrx_word' id='word_1_158' title='bbox 508 2166 715 2236; x_wconf 80' lang='lat' dir='ltr'><strong>Opinio.</strong></span> <span class='ocrx_word' id='word_1_159' title='bbox 744 2168 885 2235; x_wconf 84' lang='lat' dir='ltr'><strong>quod</strong></span> <span class='ocrx_word' id='word_1_160' title='bbox 918 2166 984 2220; x_wconf 88' lang='lat' dir='ltr'><strong>atl</strong></span> <span class='ocrx_word' id='word_1_161' title='bbox 1025 2167 1340 2234; x_wconf 82' lang='lat' dir='ltr'><strong>Apostolutn</strong></span> <span class='ocrx_word' id='word_1_162' title='bbox 1378 2166 1598 2221; x_wconf 76' lang='lat' dir='ltr'><strong>Paulum</strong></span> <span class='ocrx_word' id='word_1_163' title='bbox 1656 2167 1850 2221; x_wconf 76' lang='lat' dir='ltr'><strong>referri</strong></span> 
     </span>
    </p>
   </div>
   <div class='ocr_carea' id='block_1_24' title="bbox 249 2260 1846 2328">
    <p class='ocr_par' dir='ltr' id='par_1_24' title="bbox 249 2260 1846 2328">
     <span class='ocr_line' id='line_1_24' title="bbox 249 2260 1846 2328; baseline 0.003 -17"><span class='ocrx_word' id='word_1_164' title='bbox 249 2274 431 2328; x_wconf 64' lang='lat' dir='ltr'><strong>pOSSO’,</strong></span> <span class='ocrx_word' id='word_1_165' title='bbox 467 2274 588 2328; x_wconf 75' lang='lat' dir='ltr'><strong>qua:</strong></span> <span class='ocrx_word' id='word_1_166' title='bbox 620 2260 818 2328; x_wconf 81' lang='lat' dir='ltr'><strong>scripta</strong></span> <span class='ocrx_word' id='word_1_167' title='bbox 843 2268 967 2313; x_wconf 91' lang='lat' dir='ltr'><strong>sunt</strong></span> <span class='ocrx_word' id='word_1_168' title='bbox 991 2260 1291 2313; x_wconf 88' lang='lat' dir='ltr'><strong>videantur.</strong></span> <span class='ocrx_word' id='word_1_169' title='bbox 1327 2260 1480 2327; x_wconf 79' lang='lat' dir='ltr'><strong>Quod</strong></span> <span class='ocrx_word' id='word_1_170' title='bbox 1504 2261 1717 2328; x_wconf 79' lang='lat' dir='ltr'><strong>quidem</strong></span> <span class='ocrx_word' id='word_1_171' title='bbox 1748 2276 1846 2315; x_wconf 90' lang='lat' dir='ltr'><strong>nec</strong></span> 
     </span>
    </p>
   </div>
   <div class='ocr_carea' id='block_1_25' title="bbox 250 2350 1845 2421">
    <p class='ocr_par' dir='ltr' id='par_1_25' title="bbox 250 2350 1845 2421">
     <span class='ocr_line' id='line_1_25' title="bbox 250 2350 1845 2421; baseline 0.003 -17"><span class='ocrx_word' id='word_1_172' title='bbox 250 2365 346 2404; x_wconf 88' lang='lat' dir='ltr'><strong>nos</strong></span> <span class='ocrx_word' id='word_1_173' title='bbox 368 2350 666 2421; x_wconf 77' lang='lat' dir='ltr'><strong>refugimus</strong></span> <span class='ocrx_word' id='word_1_174' title='bbox 712 2362 803 2404; x_wconf 87' lang='lat' dir='ltr'><strong>aut</strong></span> <span class='ocrx_word' id='word_1_175' title='bbox 828 2352 1225 2420; x_wconf 88' lang='lat' dir='ltr'><strong>improbamus,</strong></span> <span class='ocrx_word' id='word_1_176' title='bbox 1256 2352 1350 2408; x_wconf 89' lang='lat' dir='ltr'><strong>sed</strong></span> <span class='ocrx_word' id='word_1_177' title='bbox 1374 2368 1635 2406; x_wconf 84' lang='lat' dir='ltr'><strong>conamur</strong></span> <span class='ocrx_word' id='word_1_178' title='bbox 1662 2353 1845 2409; x_wconf 80' lang='lat' dir='ltr'><strong>laet-re</strong></span> 
     </span>
    </p>
   </div>
   <div class='ocr_carea' id='block_1_26' title="bbox 246 2444 1843 2512">
    <p class='ocr_par' dir='ltr' id='par_1_26' title="bbox 246 2444 1843 2512">
     <span class='ocr_line' id='line_1_26' title="bbox 246 2444 1843 2512; baseline 0.001 -15"><span class='ocrx_word' id='word_1_179' title='bbox 246 2444 387 2498; x_wconf 78' lang='lat' dir='ltr'><strong>sicut</strong></span> <span class='ocrx_word' id='word_1_180' title='bbox 412 2446 676 2512; x_wconf 81' lang='lat' dir='ltr'><strong>scriptum</strong></span> <span class='ocrx_word' id='word_1_181' title='bbox 705 2456 787 2499; x_wconf 90' lang='lat' dir='ltr'><strong>est</strong></span> <span class='ocrx_word' id='word_1_182' title='bbox 824 2462 835 2496; x_wconf 91' lang='lat'>:</span> <span class='ocrx_word' id='word_1_183' title='bbox 872 2444 1096 2509; x_wconf 86' lang='lat' dir='ltr'><strong>Sapiens</strong></span> <span class='ocrx_word' id='word_1_184' title='bbox 1116 2448 1330 2499; x_wconf 76' lang='lat' dir='ltr'><strong>audit-us</strong></span> <span class='ocrx_word' id='word_1_185' title='bbox 1374 2448 1612 2508; x_wconf 74' lang='lat' dir='ltr'><strong>verbum,</strong></span> <span class='ocrx_word' id='word_1_186' title='bbox 1641 2450 1843 2500; x_wconf 85' lang='lat' dir='ltr'><strong>collau-</strong></span> 
     </span>
    </p>
   </div>
   <div class='ocr_carea' id='block_1_27' title="bbox 251 2538 1847 2611">
    <p class='ocr_par' dir='ltr' id='par_1_27' title="bbox 251 2538 1847 2611">
     <span class='ocr_line' id='line_1_27' title="bbox 251 2538 1847 2611; baseline 0.005 -21"><span class='ocrx_word' id='word_1_187' title='bbox 251 2542 336 2590; x_wconf 87' lang='lat' dir='ltr'><strong>dat</strong></span> <span class='ocrx_word' id='word_1_188' title='bbox 352 2548 398 2593; x_wconf 90' lang='lat' dir='ltr'><strong>et</strong></span> <span class='ocrx_word' id='word_1_189' title='bbox 420 2538 880 2609; x_wconf 84' lang='lat' dir='ltr'><strong>adjicietadillud.</strong></span> <span class='ocrx_word' id='word_1_190' title='bbox 908 2538 975 2593; x_wconf 82' lang='lat' dir='ltr'><strong>Et</strong></span> <span class='ocrx_word' id='word_1_191' title='bbox 1000 2554 1097 2595; x_wconf 91' lang='lat' dir='ltr'><strong>nos</strong></span> <span class='ocrx_word' id='word_1_192' title='bbox 1122 2555 1252 2611; x_wconf 84' lang='lat' dir='ltr'><strong>ergo</strong></span> <span class='ocrx_word' id='word_1_193' title='bbox 1274 2540 1340 2595; x_wconf 91' lang='lat' dir='ltr'><strong>ad</strong></span> <span class='ocrx_word' id='word_1_194' title='bbox 1354 2556 1439 2607; x_wconf 89' lang='lat' dir='ltr'><strong>ea,</strong></span> <span class='ocrx_word' id='word_1_195' title='bbox 1459 2556 1578 2611; x_wconf 78' lang='lat' dir='ltr'><strong>qua:</strong></span> <span class='ocrx_word' id='word_1_196' title='bbox 1604 2552 1753 2596; x_wconf 86' lang='lat' dir='ltr'><strong>recte</strong></span> <span class='ocrx_word' id='word_1_197' title='bbox 1779 2544 1847 2598; x_wconf 83' lang='lat' dir='ltr'><strong>de</strong></span> 
     </span>
    </p>
   </div>
   <div class='ocr_carea' id='block_1_28' title="bbox 251 2622 1847 2704">
    <p class='ocr_par' dir='ltr' id='par_1_28' title="bbox 251 2622 1847 2704">
     <span class='ocr_line' id='line_1_28' title="bbox 251 2622 1847 2704; baseline 0.003 -20"><span class='ocrx_word' id='word_1_198' title='bbox 251 2630 415 2685; x_wconf 86' lang='lat' dir='ltr'><strong>Paulo</strong></span> <span class='ocrx_word' id='word_1_199' title='bbox 440 2631 583 2685; x_wconf 85' lang='lat' dir='ltr'><strong>dicta</strong></span> <span class='ocrx_word' id='word_1_200' title='bbox 613 2644 646 2684; x_wconf 89' lang='lat' dir='ltr'><strong>a</strong></span> <span class='ocrx_word' id='word_1_201' title='bbox 676 2622 1104 2699; x_wconf 71' lang='lat' dir='ltr'><strong>prmcedeutibus</strong></span> <span class='ocrx_word' id='word_1_202' title='bbox 1127 2647 1231 2687; x_wconf 92' lang='lat' dir='ltr'><strong>non</strong></span> <span class='ocrx_word' id='word_1_203' title='bbox 1255 2647 1534 2704; x_wconf 83' lang='lat' dir='ltr'><strong>negamus.</strong></span> <span class='ocrx_word' id='word_1_204' title='bbox 1562 2634 1847 2703; x_wconf 87' lang='lat' dir='ltr'><strong>adijciuuts</strong></span> 
     </span>
    </p>
   </div>
   <div class='ocr_carea' id='block_1_29' title="bbox 249 2721 1848 2795">
    <p class='ocr_par' dir='ltr' id='par_1_29' title="bbox 249 2721 1848 2795">
     <span class='ocr_line' id='line_1_29' title="bbox 249 2721 1848 2795; baseline 0.004 -20"><span class='ocrx_word' id='word_1_205' title='bbox 249 2721 412 2776; x_wconf 84' lang='lat' dir='ltr'><strong>etiam</strong></span> <span class='ocrx_word' id='word_1_206' title='bbox 447 2724 586 2777; x_wconf 80' lang='lat' dir='ltr'><strong>haec.</strong></span> <span class='ocrx_word' id='word_1_207' title='bbox 620 2722 925 2792; x_wconf 72' lang='lat' dir='ltr'><strong>Beniamin,</strong></span> <span class='ocrx_word' id='word_1_208' title='bbox 958 2724 1159 2795; x_wconf 90' lang='lat' dir='ltr'><strong>inquit,</strong></span> <span class='ocrx_word' id='word_1_209' title='bbox 1189 2725 1333 2795; x_wconf 73' lang='lat' dir='ltr'><strong>ﬁlius</strong></span> <span class='ocrx_word' id='word_1_210' title='bbox 1356 2727 1553 2781; x_wconf 85' lang='lat' dir='ltr'><strong>doloris</strong></span> <span class='ocrx_word' id='word_1_211' title='bbox 1584 2728 1848 2795; x_wconf 86' lang='lat' dir='ltr'><strong>interpre-</strong></span> 
     </span>
    </p>
   </div>
   <div class='ocr_carea' id='block_1_30' title="bbox 254 2814 1844 2887">
    <p class='ocr_par' dir='ltr' id='par_1_30' title="bbox 254 2814 1844 2887">
     <span class='ocr_line' id='line_1_30' title="bbox 254 2814 1844 2887; baseline 0.006 -22"><span class='ocrx_word' id='word_1_212' title='bbox 254 2824 429 2871; x_wconf 74' lang='lat' dir='ltr'><strong>tatur:</strong></span> <span class='ocrx_word' id='word_1_213' title='bbox 472 2814 584 2887; x_wconf 65' lang='grc'><strong>49</strong></span> <span class='ocrx_word' id='word_1_214' title='bbox 610 2826 756 2870; x_wconf 89' lang='lat' dir='ltr'><strong>sorte</strong></span> <span class='ocrx_word' id='word_1_215' title='bbox 785 2815 1114 2871; x_wconf 76' lang='lat' dir='ltr'><strong>hmreditatis</strong></span> <span class='ocrx_word' id='word_1_216' title='bbox 1143 2817 1349 2887; x_wconf 71' lang='lat' dir='ltr'><strong>accepit</strong></span> <span class='ocrx_word' id='word_1_217' title='bbox 1378 2832 1504 2873; x_wconf 89' lang='lat' dir='ltr'><strong>eum</strong></span> <span class='ocrx_word' id='word_1_218' title='bbox 1534 2818 1743 2883; x_wconf 87' lang='lat' dir='ltr'><strong>locum,</strong></span> <span class='ocrx_word' id='word_1_219' title='bbox 1791 2819 1844 2873; x_wconf 89' lang='lat' dir='ltr'><strong>in</strong></span> 
     </span>
    </p>
   </div>
   <div class='ocr_carea' id='block_1_31' title="bbox 247 2907 1844 2980">
    <p class='ocr_par' dir='ltr' id='par_1_31' title="bbox 247 2907 1844 2980">
     <span class='ocr_line' id='line_1_31' title="bbox 247 2907 1844 2980; baseline 0.001 -18"><span class='ocrx_word' id='word_1_220' title='bbox 247 2922 354 2977; x_wconf 90' lang='lat' dir='ltr'><strong>quo</strong></span> <span class='ocrx_word' id='word_1_221' title='bbox 399 2918 612 2963; x_wconf 84' lang='lat' dir='ltr'><strong>terrena</strong></span> <span class='ocrx_word' id='word_1_222' title='bbox 663 2907 962 2963; x_wconf 86' lang='lat' dir='ltr'><strong>Jerusalem</strong></span> <span class='ocrx_word' id='word_1_223' title='bbox 1013 2918 1199 2980; x_wconf 82' lang='lat' dir='ltr'><strong>typum</strong></span> <span class='ocrx_word' id='word_1_224' title='bbox 1256 2909 1459 2966; x_wconf 85' lang='lat' dir='ltr'><strong>habens</strong></span> <span class='ocrx_word' id='word_1_225' title='bbox 1516 2919 1569 2966; x_wconf 92' lang='lat' dir='ltr'><strong>et</strong></span> <span class='ocrx_word' id='word_1_226' title='bbox 1618 2910 1844 2965; x_wconf 83' lang='lat' dir='ltr'><strong>formam</strong></span> 
     </span>
    </p>
   </div>
   <div class='ocr_carea' id='block_1_32' title="bbox 245 3000 1846 3073">
    <p class='ocr_par' dir='ltr' id='par_1_32' title="bbox 245 3000 1846 3073">
     <span class='ocr_line' id='line_1_32' title="bbox 245 3000 1846 3073; baseline 0.001 -18"><span class='ocrx_word' id='word_1_227' title='bbox 245 3001 480 3055; x_wconf 66' lang='lat' dir='ltr'><strong>cretestis</strong></span> <span class='ocrx_word' id='word_1_228' title='bbox 525 3000 668 3055; x_wconf 86' lang='lat' dir='ltr'><strong>illius</strong></span> <span class='ocrx_word' id='word_1_229' title='bbox 715 3000 1015 3056; x_wconf 77' lang='lat' dir='ltr'><strong>Jeru~alem</strong></span> <span class='ocrx_word' id='word_1_230' title='bbox 1038 3042 1055 3065; x_wconf 95' lang='lat'><strong>,</strong></span> <span class='ocrx_word' id='word_1_231' title='bbox 1088 3002 1352 3056; x_wconf 82' lang='lat' dir='ltr'><strong>collocata</strong></span> <span class='ocrx_word' id='word_1_232' title='bbox 1377 3013 1485 3057; x_wconf 89' lang='lat' dir='ltr'><strong>est.</strong></span> <span class='ocrx_word' id='word_1_233' title='bbox 1550 3000 1684 3057; x_wconf 88' lang='lat' dir='ltr'><strong>Cum</strong></span> <span class='ocrx_word' id='word_1_234' title='bbox 1714 3017 1846 3073; x_wconf 79' lang='lat' dir='ltr'><strong>ergo</strong></span> 
     </span>
    </p>
   </div>
   <div class='ocr_carea' id='block_1_33' title="bbox 245 3089 1843 3164">
    <p class='ocr_par' dir='ltr' id='par_1_33' title="bbox 245 3089 1843 3164">
     <span class='ocr_line' id='line_1_33' title="bbox 245 3089 1843 3164; baseline 0.004 -20"><span class='ocrx_word' id='word_1_235' title='bbox 245 3089 655 3146; x_wconf 70' lang='lat' dir='ltr'><strong>tuanifestaudre</strong></span> <span class='ocrx_word' id='word_1_236' title='bbox 686 3092 696 3162; x_wconf 77' lang='grc' dir='ltr'>ι</span> <span class='ocrx_word' id='word_1_237' title='bbox 724 3094 843 3145; x_wconf 78' lang='lat' dir='ltr'><strong>Ant.</strong></span> <span class='ocrx_word' id='word_1_238' title='bbox 884 3091 1299 3164; x_wconf 84' lang='lat' dir='ltr'><strong>manifestaudal</strong></span> <span class='ocrx_word' id='word_1_239' title='bbox 1343 3093 1648 3149; x_wconf 77' lang='lat' dir='ltr'><strong>Jerusalem</strong></span> <span class='ocrx_word' id='word_1_240' title='bbox 1680 3094 1843 3150; x_wconf 65' lang='lat' dir='ltr'><strong>exele-</strong></span> 
     </span>
    </p>
   </div>
   <div class='ocr_carea' id='block_1_34' title="bbox 1952 953 3541 1037">
    <p class='ocr_par' dir='ltr' id='par_1_34' title="bbox 1952 953 3541 1037">
     <span class='ocr_line' id='line_1_34' title="bbox 1952 953 3541 1037; baseline 0.011 -32"><span class='ocrx_word' id='word_1_241' title='bbox 1952 954 2103 1007; x_wconf 85' lang='lat' dir='ltr'><strong>verhi</strong></span> <span class='ocrx_word' id='word_1_242' title='bbox 2136 953 2225 1007; x_wconf 84' lang='lat' dir='ltr'><strong>Dei</strong></span> <span class='ocrx_word' id='word_1_243' title='bbox 2270 965 2326 1009; x_wconf 90' lang='lat' dir='ltr'><strong>et</strong></span> <span class='ocrx_word' id='word_1_244' title='bbox 2357 958 2527 1012; x_wconf 80' lang='lat' dir='ltr'><strong>inedia</strong></span> <span class='ocrx_word' id='word_1_245' title='bbox 2575 963 2745 1017; x_wconf 85' lang='lat' dir='ltr'><strong>venit.</strong></span> <span class='ocrx_word' id='word_1_246' title='bbox 2792 963 2979 1033; x_wconf 77' lang='lat' dir='ltr'><strong>Raptis:</strong></span> <span class='ocrx_word' id='word_1_247' title='bbox 3004 1009 3017 1030; x_wconf 90' lang='lat'><strong>,</strong></span> <span class='ocrx_word' id='word_1_248' title='bbox 3053 968 3174 1035; x_wconf 86' lang='lat' dir='ltr'><strong>quia</strong></span> <span class='ocrx_word' id='word_1_249' title='bbox 3206 976 3262 1020; x_wconf 86' lang='lat' dir='ltr'><strong>et</strong></span> <span class='ocrx_word' id='word_1_250' title='bbox 3288 967 3401 1037; x_wconf 87' lang='lat' dir='ltr'><strong>ipse</strong></span> <span class='ocrx_word' id='word_1_251' title='bbox 3430 968 3541 1022; x_wconf 85' lang='lat' dir='ltr'><strong>vio-</strong></span> 
     </span>
    </p>
   </div>
   <div class='ocr_carea' id='block_1_35' title="bbox 1954 1043 3543 1117">
    <p class='ocr_par' dir='ltr' id='par_1_35' title="bbox 1954 1043 3543 1117">
     <span class='ocr_line' id='line_1_35' title="bbox 1954 1043 3543 1117; baseline 0.011 -20"><span class='ocrx_word' id='word_1_252' title='bbox 1954 1043 2127 1099; x_wconf 87' lang='lat' dir='ltr'><strong>leuter</strong></span> <span class='ocrx_word' id='word_1_253' title='bbox 2162 1046 2345 1116; x_wconf 75' lang='lat' dir='ltr'><strong>diripit</strong></span> <span class='ocrx_word' id='word_1_254' title='bbox 2389 1067 2610 1117; x_wconf 67' lang='lat' dir='ltr'><strong>regnum</strong></span> <span class='ocrx_word' id='word_1_255' title='bbox 2647 1054 2763 1109; x_wconf 90' lang='lat' dir='ltr'><strong>Dei.</strong></span> <span class='ocrx_word' id='word_1_256' title='bbox 2808 1055 2964 1110; x_wconf 77' lang='lat' dir='ltr'><strong>Mane</strong></span> <span class='ocrx_word' id='word_1_257' title='bbox 2993 1056 3149 1111; x_wconf 86' lang='lat' dir='ltr'><strong>edet:</strong></span> <span class='ocrx_word' id='word_1_258' title='bbox 3178 1058 3354 1113; x_wconf 90' lang='lat' dir='ltr'><strong>adhuc</strong></span> <span class='ocrx_word' id='word_1_259' title='bbox 3382 1074 3543 1114; x_wconf 89' lang='lat' dir='ltr'><strong>mane</strong></span> 
     </span>
    </p>
   </div>
   <div class='ocr_carea' id='block_1_36' title="bbox 1955 1138 3540 1222">
    <p class='ocr_par' dir='ltr' id='par_1_36' title="bbox 1955 1138 3540 1222">
     <span class='ocr_line' id='line_1_36' title="bbox 1955 1138 3540 1222; baseline 0.01 -30"><span class='ocrx_word' id='word_1_260' title='bbox 1955 1138 2086 1194; x_wconf 90' lang='lat' dir='ltr'><strong>illud</strong></span> <span class='ocrx_word' id='word_1_261' title='bbox 2131 1149 2343 1209; x_wconf 77' lang='lat' dir='ltr'><strong>tempus</strong></span> <span class='ocrx_word' id='word_1_262' title='bbox 2393 1150 2676 1199; x_wconf 76' lang='lat' dir='ltr'><strong>memorari</strong></span> <span class='ocrx_word' id='word_1_263' title='bbox 2724 1159 2884 1216; x_wconf 88' lang='lat' dir='ltr'><strong>puto,</strong></span> <span class='ocrx_word' id='word_1_264' title='bbox 2937 1168 3044 1218; x_wconf 91' lang='lat' dir='ltr'><strong>quo</strong></span> <span class='ocrx_word' id='word_1_265' title='bbox 3084 1152 3255 1222; x_wconf 78' lang='lat' dir='ltr'><strong>legem</strong></span> <span class='ocrx_word' id='word_1_266' title='bbox 3286 1153 3540 1222; x_wconf 85' lang='lat' dir='ltr'><strong>accepit;</strong></span> 
     </span>
    </p>
   </div>
   <div class='ocr_carea' id='block_1_37' title="bbox 1955 1234 3541 1308">
    <p class='ocr_par' dir='ltr' id='par_1_37' title="bbox 1955 1234 3541 1308">
     <span class='ocr_line' id='line_1_37' title="bbox 1955 1234 3541 1308; baseline 0.008 -24"><span class='ocrx_word' id='word_1_267' title='bbox 1955 1239 2083 1285; x_wconf 86' lang='lat' dir='ltr'><strong>tunc</strong></span> <span class='ocrx_word' id='word_1_268' title='bbox 2110 1234 2254 1287; x_wconf 91' lang='lat' dir='ltr'><strong>enim</strong></span> <span class='ocrx_word' id='word_1_269' title='bbox 2285 1236 2484 1289; x_wconf 87' lang='lat' dir='ltr'><strong>mundo</strong></span> <span class='ocrx_word' id='word_1_270' title='bbox 2509 1240 2654 1306; x_wconf 89' lang='lat' dir='ltr'><strong>prius</strong></span> <span class='ocrx_word' id='word_1_271' title='bbox 2680 1242 2922 1308; x_wconf 74' lang='lat' dir='ltr'><strong>qutedatn</strong></span> <span class='ocrx_word' id='word_1_272' title='bbox 2957 1243 3276 1299; x_wconf 83' lang='lat' dir='ltr'><strong>illutnioatio</strong></span> <span class='ocrx_word' id='word_1_273' title='bbox 3302 1245 3541 1300; x_wconf 60' lang='lat' dir='ltr'><strong>scientia</strong></span> 
     </span>
    </p>
   </div>
   <div class='ocr_carea' id='block_1_38' title="bbox 1953 1318 3541 1395">
    <p class='ocr_par' dir='ltr' id='par_1_38' title="bbox 1953 1318 3541 1395">
     <span class='ocr_line' id='line_1_38' title="bbox 1953 1318 3541 1395; baseline 0.009 -18"><span class='ocrx_word' id='word_1_274' title='bbox 1953 1318 2076 1377; x_wconf 83' lang='lat' dir='ltr'><strong>data</strong></span> <span class='ocrx_word' id='word_1_275' title='bbox 2105 1333 2214 1391; x_wconf 88' lang='lat' dir='ltr'><strong>est,</strong></span> <span class='ocrx_word' id='word_1_276' title='bbox 2246 1342 2308 1380; x_wconf 78' lang='lat' dir='ltr'><strong>ex</strong></span> <span class='ocrx_word' id='word_1_277' title='bbox 2337 1342 2449 1395; x_wconf 82' lang='lat' dir='ltr'><strong>quo</strong></span> <span class='ocrx_word' id='word_1_278' title='bbox 2479 1329 2625 1383; x_wconf 72' lang='lat' dir='ltr'><strong>velut</strong></span> <span class='ocrx_word' id='word_1_279' title='bbox 2654 1331 2863 1385; x_wconf 88' lang='lat' dir='ltr'><strong>initium</strong></span> <span class='ocrx_word' id='word_1_280' title='bbox 2895 1332 3010 1391; x_wconf 70' lang='lat' dir='ltr'><strong>dies</strong></span> <span class='ocrx_word' id='word_1_281' title='bbox 3041 1335 3284 1390; x_wconf 74' lang='lat' dir='ltr'><strong>scientia:</strong></span> <span class='ocrx_word' id='word_1_282' title='bbox 3315 1336 3541 1391; x_wconf 83' lang='lat' dir='ltr'><strong>creden-</strong></span> 
     </span>
    </p>
   </div>
   <div class='ocr_carea' id='block_1_39' title="bbox 1952 1415 3537 1493">
    <p class='ocr_par' dir='ltr' id='par_1_39' title="bbox 1952 1415 3537 1493">
     <span class='ocr_line' id='line_1_39' title="bbox 1952 1415 3537 1493; baseline 0.009 -25"><span class='ocrx_word' id='word_1_283' title='bbox 1952 1415 2056 1469; x_wconf 87' lang='lat' dir='ltr'><strong>dus</strong></span> <span class='ocrx_word' id='word_1_284' title='bbox 2106 1426 2192 1470; x_wconf 78' lang='lat' dir='ltr'><strong>est</strong></span> <span class='ocrx_word' id='word_1_285' title='bbox 2231 1421 2527 1488; x_wconf 63' lang='lat' dir='ltr'><strong>accepisse.</strong></span> <span class='ocrx_word' id='word_1_286' title='bbox 2590 1421 2711 1475; x_wconf 86' lang='lat' dir='ltr'><strong>Edit</strong></span> <span class='ocrx_word' id='word_1_287' title='bbox 2753 1439 2884 1492; x_wconf 86' lang='lat' dir='ltr'><strong>ergo</strong></span> <span class='ocrx_word' id='word_1_288' title='bbox 2930 1425 3106 1481; x_wconf 86' lang='lat' dir='ltr'><strong>adhuc</strong></span> <span class='ocrx_word' id='word_1_289' title='bbox 3155 1443 3311 1482; x_wconf 89' lang='lat' dir='ltr'><strong>mane</strong></span> <span class='ocrx_word' id='word_1_290' title='bbox 3334 1428 3537 1493; x_wconf 87' lang='lat' dir='ltr'><strong>cibum,</strong></span> 
     </span>
    </p>
   </div>
   <div class='ocr_carea' id='block_1_40' title="bbox 1949 1515 3541 1582">
    <p class='ocr_par' dir='ltr' id='par_1_40' title="bbox 1949 1515 3541 1582">
     <span class='ocr_line' id='line_1_40' title="bbox 1949 1515 3541 1582; baseline 0.008 -23"><span class='ocrx_word' id='word_1_291' title='bbox 1949 1523 2111 1575; x_wconf 82' lang='lat' dir='ltr'><strong>quem</strong></span> <span class='ocrx_word' id='word_1_292' title='bbox 2145 1525 2301 1564; x_wconf 90' lang='lat' dir='ltr'><strong>mane</strong></span> <span class='ocrx_word' id='word_1_293' title='bbox 2330 1521 2648 1581; x_wconf 82' lang='lat' dir='ltr'><strong>acceperat;</strong></span> <span class='ocrx_word' id='word_1_294' title='bbox 2675 1515 2788 1569; x_wconf 90' lang='lat' dir='ltr'><strong>edit</strong></span> <span class='ocrx_word' id='word_1_295' title='bbox 2816 1516 3010 1575; x_wconf 88' lang='lat' dir='ltr'><strong>adhuc.</strong></span> <span class='ocrx_word' id='word_1_296' title='bbox 3040 1527 3094 1571; x_wconf 90' lang='lat' dir='ltr'><strong>et</strong></span> <span class='ocrx_word' id='word_1_297' title='bbox 3112 1519 3422 1582; x_wconf 82' lang='lat' dir='ltr'><strong>meditatur,</strong></span> <span class='ocrx_word' id='word_1_298' title='bbox 3454 1532 3541 1572; x_wconf 81' lang='lat' dir='ltr'><strong>se-</strong></span> 
     </span>
    </p>
   </div>
   <div class='ocr_carea' id='block_1_41' title="bbox 1947 1603 3537 1680">
    <p class='ocr_par' dir='ltr' id='par_1_41' title="bbox 1947 1603 3537 1680">
     <span class='ocr_line' id='line_1_41' title="bbox 1947 1603 3537 1680; baseline 0.008 -26"><span class='ocrx_word' id='word_1_299' title='bbox 1947 1615 2123 1667; x_wconf 83' lang='lat' dir='ltr'><strong>quens</strong></span> <span class='ocrx_word' id='word_1_300' title='bbox 2173 1603 2347 1672; x_wconf 80' lang='lat' dir='ltr'><strong>legem</strong></span> <span class='ocrx_word' id='word_1_301' title='bbox 2388 1605 2610 1671; x_wconf 74' lang='lat' dir='ltr'><strong>iustitia:</strong></span> <span class='ocrx_word' id='word_1_302' title='bbox 2634 1649 2650 1674; x_wconf 94' lang='lat'><strong>,</strong></span> <span class='ocrx_word' id='word_1_303' title='bbox 2689 1616 2713 1644; x_wconf 79' lang='grc' dir='ltr'><strong>ο</strong></span> <span class='ocrx_word' id='word_1_304' title='bbox 2746 1607 2799 1663; x_wconf 89' lang='lat' dir='ltr'><strong>in</strong></span> <span class='ocrx_word' id='word_1_305' title='bbox 2854 1609 3024 1680; x_wconf 86' lang='lat' dir='ltr'><strong>legem</strong></span> <span class='ocrx_word' id='word_1_306' title='bbox 3078 1627 3180 1664; x_wconf 89' lang='lat' dir='ltr'><strong>non</strong></span> <span class='ocrx_word' id='word_1_307' title='bbox 3213 1612 3537 1679; x_wconf 89' lang='lat' dir='ltr'><strong>pervenerit.</strong></span> 
     </span>
    </p>
   </div>
   <div class='ocr_carea' id='block_1_42' title="bbox 1950 1693 3540 1775">
    <p class='ocr_par' dir='ltr' id='par_1_42' title="bbox 1950 1693 3540 1775">
     <span class='ocr_line' id='line_1_42' title="bbox 1950 1693 3540 1775; baseline 0.009 -31"><span class='ocrx_word' id='word_1_308' title='bbox 1950 1693 2031 1745; x_wconf 74' lang='lat' dir='ltr'><strong>Ad</strong></span> <span class='ocrx_word' id='word_1_309' title='bbox 2062 1709 2322 1764; x_wconf 82' lang='lat' dir='ltr'><strong>vesperam</strong></span> <span class='ocrx_word' id='word_1_310' title='bbox 2368 1698 2550 1750; x_wconf 80' lang='lat' dir='ltr'><strong>dividit</strong></span> <span class='ocrx_word' id='word_1_311' title='bbox 2596 1702 2783 1754; x_wconf 71' lang='lat' dir='ltr'><strong>cibum.</strong></span> <span class='ocrx_word' id='word_1_312' title='bbox 2842 1702 3075 1769; x_wconf 77' lang='lat' dir='ltr'><strong>Vespera</strong></span> <span class='ocrx_word' id='word_1_313' title='bbox 3118 1704 3235 1759; x_wconf 53' lang='lat' dir='ltr'><strong>hinc</strong></span> <span class='ocrx_word' id='word_1_314' title='bbox 3266 1703 3435 1774; x_wconf 77' lang='lat' dir='ltr'><strong>[Alias</strong></span> <span class='ocrx_word' id='word_1_315' title='bbox 3463 1703 3540 1775; x_wconf 87' lang='lat' dir='ltr'><strong>et]</strong></span> 
     </span>
    </p>
   </div>
   <div class='ocr_carea' id='block_1_43' title="bbox 1880 1772 3541 1864">
    <p class='ocr_par' dir='ltr' id='par_1_43' title="bbox 1880 1772 3541 1864">
     <span class='ocr_line' id='line_1_43' title="bbox 1880 1772 3541 1864; baseline 0.006 -25"><span class='ocrx_word' id='word_1_316' title='bbox 1880 1772 1923 1831; x_wconf 80' lang='grc' dir='ltr'>Β</span> <span class='ocrx_word' id='word_1_317' title='bbox 1952 1795 2036 1839; x_wconf 84' lang='lat' dir='ltr'><strong>est</strong></span> <span class='ocrx_word' id='word_1_318' title='bbox 2066 1785 2196 1841; x_wconf 91' lang='lat' dir='ltr'><strong>illud</strong></span> <span class='ocrx_word' id='word_1_319' title='bbox 2226 1798 2436 1856; x_wconf 88' lang='lat' dir='ltr'><strong>tempus</strong></span> <span class='ocrx_word' id='word_1_320' title='bbox 2458 1791 2811 1847; x_wconf 85' lang='lat' dir='ltr'><strong>novissimum</strong></span> <span class='ocrx_word' id='word_1_321' title='bbox 2844 1795 2894 1847; x_wconf 88' lang='lat' dir='ltr'><strong>in</strong></span> <span class='ocrx_word' id='word_1_322' title='bbox 2919 1811 3025 1864; x_wconf 86' lang='lat' dir='ltr'><strong>quo</strong></span> <span class='ocrx_word' id='word_1_323' title='bbox 3050 1796 3404 1861; x_wconf 87' lang='lat' dir='ltr'><strong>convertitur,</strong></span> <span class='ocrx_word' id='word_1_324' title='bbox 3436 1798 3541 1849; x_wconf 86' lang='lat' dir='ltr'><strong>sic-</strong></span> 
     </span>
    </p>
   </div>
   <div class='ocr_carea' id='block_1_44' title="bbox 1950 1878 3541 1947">
    <p class='ocr_par' dir='ltr' id='par_1_44' title="bbox 1950 1878 3541 1947">
     <span class='ocr_line' id='line_1_44' title="bbox 1950 1878 3541 1947; baseline 0.007 -17"><span class='ocrx_word' id='word_1_325' title='bbox 1950 1886 2010 1931; x_wconf 90' lang='lat' dir='ltr'><strong>ut</strong></span> <span class='ocrx_word' id='word_1_326' title='bbox 2052 1886 2108 1931; x_wconf 90' lang='lat' dir='ltr'><strong>et</strong></span> <span class='ocrx_word' id='word_1_327' title='bbox 2146 1878 2308 1933; x_wconf 88' lang='lat' dir='ltr'><strong>nobis</strong></span> <span class='ocrx_word' id='word_1_328' title='bbox 2340 1894 2567 1947; x_wconf 85' lang='lat' dir='ltr'><strong>vespera</strong></span> <span class='ocrx_word' id='word_1_329' title='bbox 2596 1883 2796 1938; x_wconf 82' lang='lat' dir='ltr'><strong>dicitur</strong></span> <span class='ocrx_word' id='word_1_330' title='bbox 2828 1885 2965 1939; x_wconf 91' lang='lat' dir='ltr'><strong>istud</strong></span> <span class='ocrx_word' id='word_1_331' title='bbox 3000 1896 3198 1940; x_wconf 71' lang='lat' dir='ltr'><strong>nostra:</strong></span> <span class='ocrx_word' id='word_1_332' title='bbox 3226 1889 3541 1943; x_wconf 87' lang='lat' dir='ltr'><strong>conversio-</strong></span> 
     </span>
    </p>
   </div>
   <div class='ocr_carea' id='block_1_45' title="bbox 1948 1971 3543 2045">
    <p class='ocr_par' dir='ltr' id='par_1_45' title="bbox 1948 1971 3543 2045">
     <span class='ocr_line' id='line_1_45' title="bbox 1948 1971 3543 2045; baseline 0.006 -21"><span class='ocrx_word' id='word_1_333' title='bbox 1948 1971 2036 2024; x_wconf 91' lang='lat' dir='ltr'><strong>nis</strong></span> <span class='ocrx_word' id='word_1_334' title='bbox 2067 1981 2299 2038; x_wconf 83' lang='lat' dir='ltr'><strong>tempus,</strong></span> <span class='ocrx_word' id='word_1_335' title='bbox 2332 1973 2385 2026; x_wconf 91' lang='lat' dir='ltr'><strong>iu</strong></span> <span class='ocrx_word' id='word_1_336' title='bbox 2416 1990 2523 2041; x_wconf 90' lang='lat' dir='ltr'><strong>quo</strong></span> <span class='ocrx_word' id='word_1_337' title='bbox 2554 1990 2693 2030; x_wconf 90' lang='lat' dir='ltr'><strong>nunc</strong></span> <span class='ocrx_word' id='word_1_338' title='bbox 2734 1992 2942 2032; x_wconf 81' lang='lat' dir='ltr'><strong>sumus.</strong></span> <span class='ocrx_word' id='word_1_339' title='bbox 3001 1977 3153 2033; x_wconf 70' lang='lat' dir='ltr'><strong>Tune</strong></span> <span class='ocrx_word' id='word_1_340' title='bbox 3180 1994 3309 2045; x_wconf 77' lang='lat' dir='ltr'><strong>ergo</strong></span> <span class='ocrx_word' id='word_1_341' title='bbox 3349 1979 3543 2034; x_wconf 87' lang='lat' dir='ltr'><strong>dividit</strong></span> 
     </span>
    </p>
   </div>
   <div class='ocr_carea' id='block_1_46' title="bbox 1950 2067 3541 2142">
    <p class='ocr_par' dir='ltr' id='par_1_46' title="bbox 1950 2067 3541 2142">
     <span class='ocr_line' id='line_1_46' title="bbox 1950 2067 3541 2142; baseline 0.006 -25"><span class='ocrx_word' id='word_1_342' title='bbox 1950 2077 2133 2118; x_wconf 86' lang='lat' dir='ltr'><strong>escam</strong></span> <span class='ocrx_word' id='word_1_343' title='bbox 2162 2080 2176 2117; x_wconf 90' lang='lat'>:</span> <span class='ocrx_word' id='word_1_344' title='bbox 2202 2074 2334 2120; x_wconf 84' lang='lat' dir='ltr'><strong>tunc</strong></span> <span class='ocrx_word' id='word_1_345' title='bbox 2357 2067 2499 2121; x_wconf 90' lang='lat' dir='ltr'><strong>enim</strong></span> <span class='ocrx_word' id='word_1_346' title='bbox 2530 2067 2678 2122; x_wconf 87' lang='lat' dir='ltr'><strong>iutell</strong></span> <span class='ocrx_word' id='word_1_347' title='bbox 2703 2068 2781 2137; x_wconf 84' lang='lat' dir='ltr'><strong>git</strong></span> <span class='ocrx_word' id='word_1_348' title='bbox 2807 2069 3156 2124; x_wconf 88' lang='lat' dir='ltr'><strong>dividendum</strong></span> <span class='ocrx_word' id='word_1_349' title='bbox 3188 2086 3311 2126; x_wconf 87' lang='lat' dir='ltr'><strong>esse</strong></span> <span class='ocrx_word' id='word_1_350' title='bbox 3338 2072 3390 2125; x_wconf 93' lang='lat' dir='ltr'><strong>in</strong></span> <span class='ocrx_word' id='word_1_351' title='bbox 3424 2072 3541 2142; x_wconf 85' lang='lat' dir='ltr'><strong>lege</strong></span> 
     </span>
    </p>
   </div>
   <div class='ocr_carea' id='block_1_47' title="bbox 1951 2157 3541 2232">
    <p class='ocr_par' dir='ltr' id='par_1_47' title="bbox 1951 2157 3541 2232">
     <span class='ocr_line' id='line_1_47' title="bbox 1951 2157 3541 2232; baseline 0.005 -23"><span class='ocrx_word' id='word_1_352' title='bbox 1951 2157 2159 2211; x_wconf 86' lang='lat' dir='ltr'><strong>literam</strong></span> <span class='ocrx_word' id='word_1_353' title='bbox 2191 2176 2219 2212; x_wconf 85' lang='lat' dir='ltr'><strong>a</strong></span> <span class='ocrx_word' id='word_1_354' title='bbox 2245 2160 2459 2227; x_wconf 77' lang='lat' dir='ltr'><strong>spiritu,</strong></span> <span class='ocrx_word' id='word_1_355' title='bbox 2495 2168 2552 2214; x_wconf 88' lang='lat' dir='ltr'><strong>et</strong></span> <span class='ocrx_word' id='word_1_356' title='bbox 2582 2172 2708 2215; x_wconf 90' lang='lat' dir='ltr'><strong>tunc</strong></span> <span class='ocrx_word' id='word_1_357' title='bbox 2735 2164 3034 2232; x_wconf 81' lang='lat' dir='ltr'><strong>cognoscit,</strong></span> <span class='ocrx_word' id='word_1_358' title='bbox 3061 2163 3201 2230; x_wconf 83' lang='lat' dir='ltr'><strong>Quia</strong></span> <span class='ocrx_word' id='word_1_359' title='bbox 3232 2164 3377 2218; x_wconf 77' lang='lat' dir='ltr'><strong>litera</strong></span> <span class='ocrx_word' id='word_1_360' title='bbox 3401 2164 3541 2217; x_wconf 88' lang='lat' dir='ltr'><strong>occi-</strong></span> 
     </span>
    </p>
   </div>
   <div class='ocr_carea' id='block_1_48' title="bbox 1949 2251 3542 2327">
    <p class='ocr_par' dir='ltr' id='par_1_48' title="bbox 1949 2251 3542 2327">
     <span class='ocr_line' id='line_1_48' title="bbox 1949 2251 3542 2327; baseline 0.006 -25"><span class='ocrx_word' id='word_1_361' title='bbox 1949 2251 2024 2303; x_wconf 86' lang='lat' dir='ltr'><strong>dit</strong></span> <span class='ocrx_word' id='word_1_362' title='bbox 2046 2292 2061 2315; x_wconf 93' lang='lat'><strong>,</strong></span> <span class='ocrx_word' id='word_1_363' title='bbox 2093 2253 2303 2322; x_wconf 80' lang='lat' dir='ltr'><strong>spiritus</strong></span> <span class='ocrx_word' id='word_1_364' title='bbox 2327 2263 2499 2307; x_wconf 81' lang='lat' dir='ltr'><strong>autent</strong></span> <span class='ocrx_word' id='word_1_365' title='bbox 2528 2255 2771 2325; x_wconf 78' lang='lat' dir='ltr'><strong>vivi/ient.</strong></span> <span class='ocrx_word' id='word_1_366' title='bbox 2823 2256 2957 2321; x_wconf 80' lang='lat' dir='ltr'><strong>Quia</strong></span> <span class='ocrx_word' id='word_1_367' title='bbox 2991 2271 3119 2327; x_wconf 80' lang='lat' dir='ltr'><strong>ergo</strong></span> <span class='ocrx_word' id='word_1_368' title='bbox 3158 2255 3265 2325; x_wconf 77' lang='lat' dir='ltr'><strong>iatn</strong></span> <span class='ocrx_word' id='word_1_369' title='bbox 3296 2271 3391 2323; x_wconf 80' lang='lat' dir='ltr'><strong>per</strong></span> <span class='ocrx_word' id='word_1_370' title='bbox 3418 2270 3542 2327; x_wconf 75' lang='lat' dir='ltr'><strong>gra-</strong></span> 
     </span>
    </p>
   </div>
   <div class='ocr_carea' id='block_1_49' title="bbox 1952 2343 3542 2417">
    <p class='ocr_par' dir='ltr' id='par_1_49' title="bbox 1952 2343 3542 2417">
     <span class='ocr_line' id='line_1_49' title="bbox 1952 2343 3542 2417; baseline 0.003 -21"><span class='ocrx_word' id='word_1_371' title='bbox 1952 2343 2081 2397; x_wconf 86' lang='lat' dir='ltr'><strong>tiam</strong></span> <span class='ocrx_word' id='word_1_372' title='bbox 2125 2343 2335 2398; x_wconf 90' lang='lat' dir='ltr'><strong>Domini</strong></span> <span class='ocrx_word' id='word_1_373' title='bbox 2376 2347 2706 2401; x_wconf 87' lang='lat' dir='ltr'><strong>illuminatus</strong></span> <span class='ocrx_word' id='word_1_374' title='bbox 2739 2348 2919 2416; x_wconf 85' lang='lat' dir='ltr'><strong>incipit</strong></span> <span class='ocrx_word' id='word_1_375' title='bbox 2966 2350 3017 2401; x_wconf 83' lang='lat' dir='ltr'><strong>in</strong></span> <span class='ocrx_word' id='word_1_376' title='bbox 3072 2350 3185 2417; x_wconf 85' lang='lat' dir='ltr'><strong>lege</strong></span> <span class='ocrx_word' id='word_1_377' title='bbox 3226 2363 3253 2400; x_wconf 90' lang='lat' dir='ltr'><strong>a</strong></span> <span class='ocrx_word' id='word_1_378' title='bbox 3282 2361 3542 2417; x_wconf 88' lang='lat' dir='ltr'><strong>corpora-</strong></span> 
     </span>
    </p>
   </div>
   <div class='ocr_carea' id='block_1_50' title="bbox 1946 2439 3541 2511">
    <p class='ocr_par' dir='ltr' id='par_1_50' title="bbox 1946 2439 3541 2511">
     <span class='ocr_line' id='line_1_50' title="bbox 1946 2439 3541 2511; baseline 0.003 -20"><span class='ocrx_word' id='word_1_379' title='bbox 1946 2439 2089 2493; x_wconf 88' lang='lat' dir='ltr'><strong>libus</strong></span> <span class='ocrx_word' id='word_1_380' title='bbox 2116 2439 2356 2494; x_wconf 81' lang='lat' dir='ltr'><strong>dividere</strong></span> <span class='ocrx_word' id='word_1_381' title='bbox 2384 2452 2435 2494; x_wconf 88' lang='lat' dir='ltr'><strong>et</strong></span> <span class='ocrx_word' id='word_1_382' title='bbox 2467 2456 2717 2509; x_wconf 56' lang='grc' dir='ltr'><strong>εὓρηται-θ</strong></span> <span class='ocrx_word' id='word_1_383' title='bbox 2748 2442 3073 2511; x_wconf 79' lang='lat' dir='ltr'><strong>spiritualia,</strong></span> <span class='ocrx_word' id='word_1_384' title='bbox 3104 2443 3225 2495; x_wconf 87' lang='lat' dir='ltr'><strong>ideo</strong></span> <span class='ocrx_word' id='word_1_385' title='bbox 3246 2442 3446 2496; x_wconf 83' lang='lat' dir='ltr'><strong>dicitur</strong></span> <span class='ocrx_word' id='word_1_386' title='bbox 3470 2441 3541 2497; x_wconf 88' lang='lat' dir='ltr'><strong>ad</strong></span> 
     </span>
    </p>
   </div>
   <div class='ocr_carea' id='block_1_51' title="bbox 1950 2532 3540 2604">
    <p class='ocr_par' dir='ltr' id='par_1_51' title="bbox 1950 2532 3540 2604">
     <span class='ocr_line' id='line_1_51' title="bbox 1950 2532 3540 2604; baseline 0.005 -23"><span class='ocrx_word' id='word_1_387' title='bbox 1950 2545 2232 2601; x_wconf 84' lang='lat' dir='ltr'><strong>vesperam</strong></span> <span class='ocrx_word' id='word_1_388' title='bbox 2262 2547 2440 2586; x_wconf 83' lang='lat' dir='ltr'><strong>escam</strong></span> <span class='ocrx_word' id='word_1_389' title='bbox 2473 2532 2740 2597; x_wconf 85' lang='lat' dir='ltr'><strong>dividere,</strong></span> <span class='ocrx_word' id='word_1_390' title='bbox 2763 2534 2904 2603; x_wconf 86' lang='lat' dir='ltr'><strong>quod</strong></span> <span class='ocrx_word' id='word_1_391' title='bbox 2936 2544 3044 2587; x_wconf 88' lang='lat' dir='ltr'><strong>tota</strong></span> <span class='ocrx_word' id='word_1_392' title='bbox 3075 2533 3165 2587; x_wconf 88' lang='lat' dir='ltr'><strong>die</strong></span> <span class='ocrx_word' id='word_1_393' title='bbox 3194 2536 3246 2586; x_wconf 91' lang='lat' dir='ltr'><strong>in</strong></span> <span class='ocrx_word' id='word_1_394' title='bbox 3279 2534 3397 2604; x_wconf 82' lang='lat' dir='ltr'><strong>lego</strong></span> <span class='ocrx_word' id='word_1_395' title='bbox 3423 2547 3540 2589; x_wconf 87' lang='lat' dir='ltr'><strong>nte-</strong></span> 
     </span>
    </p>
   </div>
   <div class='ocr_carea' id='block_1_52' title="bbox 1949 2621 2618 2689">
    <p class='ocr_par' dir='ltr' id='par_1_52' title="bbox 1949 2621 2618 2689">
     <span class='ocr_line' id='line_1_52' title="bbox 1949 2621 2618 2689; baseline 0 -13"><span class='ocrx_word' id='word_1_396' title='bbox 1949 2621 2151 2689; x_wconf 84' lang='lat' dir='ltr'><strong>ditans,</strong></span> <span class='ocrx_word' id='word_1_397' title='bbox 2182 2635 2308 2677; x_wconf 87' lang='lat' dir='ltr'><strong>ante</strong></span> <span class='ocrx_word' id='word_1_398' title='bbox 2335 2640 2441 2677; x_wconf 83' lang='lat' dir='ltr'><strong>non</strong></span> <span class='ocrx_word' id='word_1_399' title='bbox 2472 2623 2618 2678; x_wconf 81' lang='lat' dir='ltr'><strong>fecit.</strong></span> 
     </span>
    </p>
   </div>
   <div class='ocr_carea' id='block_1_53' title="bbox 2022 2714 3545 2786">
    <p class='ocr_par' dir='ltr' id='par_1_53' title="bbox 2022 2714 3545 2786">
     <span class='ocr_line' id='line_1_53' title="bbox 2022 2714 3545 2786; baseline 0.001 -17"><span class='ocrx_word' id='word_1_400' title='bbox 2022 2715 2077 2769; x_wconf 85' lang='lat'><strong>5.</strong></span> <span class='ocrx_word' id='word_1_401' title='bbox 2118 2714 2333 2771; x_wconf 82' lang='lat' dir='ltr'><strong>Tertius</strong></span> <span class='ocrx_word' id='word_1_402' title='bbox 2359 2732 2489 2770; x_wconf 87' lang='lat' dir='ltr'><strong>vero</strong></span> <span class='ocrx_word' id='word_1_403' title='bbox 2510 2716 2667 2771; x_wconf 91' lang='lat' dir='ltr'><strong>nobis</strong></span> <span class='ocrx_word' id='word_1_404' title='bbox 2697 2732 2835 2786; x_wconf 90' lang='lat' dir='ltr'><strong>pene</strong></span> <span class='ocrx_word' id='word_1_405' title='bbox 2866 2730 3018 2771; x_wconf 85' lang='lat' dir='ltr'><strong>vacat</strong></span> <span class='ocrx_word' id='word_1_406' title='bbox 3048 2718 3098 2771; x_wconf 90' lang='lat' dir='ltr'><strong>in</strong></span> <span class='ocrx_word' id='word_1_407' title='bbox 3129 2719 3233 2772; x_wconf 85' lang='lat' dir='ltr'><strong>hoc</strong></span> <span class='ocrx_word' id='word_1_408' title='bbox 3262 2717 3381 2772; x_wconf 84' lang='lat' dir='ltr'><strong>loco</strong></span> <span class='ocrx_word' id='word_1_409' title='bbox 3411 2731 3508 2773; x_wconf 87' lang='lat' dir='ltr'><strong>seu</strong></span> <span class='ocrx_word' id='word_1_410' title='bbox 3538 2748 3545 2759; x_wconf 54' lang='lat'><em>.</em></span> 
     </span>
    </p>
   </div>
   <div class='ocr_carea' id='block_1_54' title="bbox 1949 2809 3540 2882">
    <p class='ocr_par' dir='ltr' id='par_1_54' title="bbox 1949 2809 3540 2882">
     <span class='ocr_line' id='line_1_54' title="bbox 1949 2809 3540 2882; baseline 0.005 -21"><span class='ocrx_word' id='word_1_411' title='bbox 1949 2822 2083 2874; x_wconf 89' lang='lat' dir='ltr'><strong>sus,</strong></span> <span class='ocrx_word' id='word_1_412' title='bbox 2125 2809 2249 2877; x_wconf 76' lang='lat' dir='ltr'><strong>quia</strong></span> <span class='ocrx_word' id='word_1_413' title='bbox 2291 2809 2381 2864; x_wconf 74' lang='lat' dir='ltr'><strong>ille</strong></span> <span class='ocrx_word' id='word_1_414' title='bbox 2432 2820 2616 2865; x_wconf 89' lang='lat' dir='ltr'><strong>noster</strong></span> <span class='ocrx_word' id='word_1_415' title='bbox 2663 2810 2843 2875; x_wconf 89' lang='lat' dir='ltr'><strong>homo,</strong></span> <span class='ocrx_word' id='word_1_416' title='bbox 2891 2812 2981 2882; x_wconf 89' lang='lat' dir='ltr'><strong>qui</strong></span> <span class='ocrx_word' id='word_1_417' title='bbox 3024 2812 3321 2867; x_wconf 86' lang='lat' dir='ltr'><strong>secundum</strong></span> <span class='ocrx_word' id='word_1_418' title='bbox 3372 2812 3540 2869; x_wconf 89' lang='lat' dir='ltr'><strong>Deum</strong></span> 
     </span>
    </p>
   </div>
   <div class='ocr_carea' id='block_1_55' title="bbox 1949 2903 3543 2982">
    <p class='ocr_par' dir='ltr' id='par_1_55' title="bbox 1949 2903 3543 2982">
     <span class='ocr_line' id='line_1_55' title="bbox 1949 2903 3543 2982; baseline 0.005 -27"><span class='ocrx_word' id='word_1_419' title='bbox 1949 2913 2165 2957; x_wconf 75' lang='lat' dir='ltr'><strong>creatus</strong></span> <span class='ocrx_word' id='word_1_420' title='bbox 2190 2912 2293 2969; x_wconf 89' lang='lat' dir='ltr'><strong>est,</strong></span> <span class='ocrx_word' id='word_1_421' title='bbox 2326 2903 2414 2970; x_wconf 89' lang='lat' dir='ltr'><strong>qui</strong></span> <span class='ocrx_word' id='word_1_422' title='bbox 2448 2906 2623 2974; x_wconf 89' lang='lat' dir='ltr'><strong>primo</strong></span> <span class='ocrx_word' id='word_1_423' title='bbox 2647 2905 2697 2958; x_wconf 92' lang='lat' dir='ltr'><strong>in</strong></span> <span class='ocrx_word' id='word_1_424' title='bbox 2731 2904 2917 2959; x_wconf 79' lang='lat' dir='ltr'><strong>Ruben</strong></span> <span class='ocrx_word' id='word_1_425' title='bbox 2945 2948 2961 2971; x_wconf 91' lang='lat'><strong>,</strong></span> <span class='ocrx_word' id='word_1_426' title='bbox 2992 2917 3045 2960; x_wconf 91' lang='lat' dir='ltr'><strong>et</strong></span> <span class='ocrx_word' id='word_1_427' title='bbox 3068 2909 3322 2963; x_wconf 85' lang='lat' dir='ltr'><strong>Simeone</strong></span> <span class='ocrx_word' id='word_1_428' title='bbox 3354 2924 3406 2963; x_wconf 87' lang='lat' dir='ltr'><strong>et</strong></span> <span class='ocrx_word' id='word_1_429' title='bbox 3435 2910 3543 2982; x_wconf 82' lang='lat'><strong>50</strong></span> 
     </span>
    </p>
   </div>
   <div class='ocr_carea' id='block_1_56' title="bbox 1951 2994 3541 3073">
    <p class='ocr_par' dir='ltr' id='par_1_56' title="bbox 1951 2994 3541 3073">
     <span class='ocr_line' id='line_1_56' title="bbox 1951 2994 3541 3073; baseline 0.006 -24"><span class='ocrx_word' id='word_1_430' title='bbox 1951 2994 2101 3058; x_wconf 85' lang='lat' dir='ltr'><strong>Levi,</strong></span> <span class='ocrx_word' id='word_1_431' title='bbox 2136 2995 2416 3065; x_wconf 83' lang='lat' dir='ltr'><strong>tripartitis</strong></span> <span class='ocrx_word' id='word_1_432' title='bbox 2465 2998 2660 3051; x_wconf 73' lang='lat' dir='ltr'><strong>animm</strong></span> <span class='ocrx_word' id='word_1_433' title='bbox 2710 3010 2985 3053; x_wconf 80' lang='lat' dir='ltr'><strong>erraverat</strong></span> <span class='ocrx_word' id='word_1_434' title='bbox 3038 3002 3275 3056; x_wconf 83' lang='lat' dir='ltr'><strong>motibus</strong></span> <span class='ocrx_word' id='word_1_435' title='bbox 3306 3019 3319 3056; x_wconf 91' lang='lat'><strong>:</strong></span> <span class='ocrx_word' id='word_1_436' title='bbox 3349 3005 3439 3073; x_wconf 88' lang='lat' dir='ltr'><strong>qui</strong></span> <span class='ocrx_word' id='word_1_437' title='bbox 3489 3006 3541 3059; x_wconf 90' lang='lat' dir='ltr'><strong>in</strong></span> 
     </span>
    </p>
   </div>
   <div class='ocr_carea' id='block_1_57' title="bbox 1948 3084 3541 3164">
    <p class='ocr_par' dir='ltr' id='par_1_57' title="bbox 1948 3084 3541 3164">
     <span class='ocr_line' id='line_1_57' title="bbox 1948 3084 3541 3164; baseline 0.004 -24"><span class='ocrx_word' id='word_1_438' title='bbox 1948 3084 2109 3149; x_wconf 84' lang='lat' dir='ltr'><strong>Juda,</strong></span> <span class='ocrx_word' id='word_1_439' title='bbox 2140 3101 2327 3139; x_wconf 87' lang='lat' dir='ltr'><strong>errore</strong></span> <span class='ocrx_word' id='word_1_440' title='bbox 2374 3089 2579 3155; x_wconf 74' lang='lat' dir='ltr'><strong>agnito,</strong></span> <span class='ocrx_word' id='word_1_441' title='bbox 2627 3088 2919 3143; x_wconf 82' lang='lat' dir='ltr'><strong>conﬁtetur</strong></span> <span class='ocrx_word' id='word_1_442' title='bbox 2967 3099 3021 3144; x_wconf 84' lang='lat' dir='ltr'><strong>t-t</strong></span> <span class='ocrx_word' id='word_1_443' title='bbox 3068 3093 3329 3159; x_wconf 66' lang='lat' dir='ltr'><strong>paenitet:</strong></span> <span class='ocrx_word' id='word_1_444' title='bbox 3362 3094 3453 3164; x_wconf 86' lang='lat' dir='ltr'><strong>qui</strong></span> <span class='ocrx_word' id='word_1_445' title='bbox 3490 3096 3541 3147; x_wconf 89' lang='lat' dir='ltr'><strong>in</strong></span> 
     </span>
    </p>
   </div>
   <div class='ocr_carea' id='block_1_58' title="bbox 248 3159 3544 3255">
    <p class='ocr_par' dir='ltr' id='par_1_58' title="bbox 248 3159 3544 3255">
     <span class='ocr_line' id='line_1_58' title="bbox 248 3159 3544 3255; baseline 0.003 -25"><span class='ocrx_word' id='word_1_446' title='bbox 248 3187 386 3249; x_wconf 68' lang='lat' dir='ltr'><strong>siis,</strong></span> <span class='ocrx_word' id='word_1_447' title='bbox 431 3194 486 3237; x_wconf 79' lang='lat' dir='ltr'><strong>et</strong></span> <span class='ocrx_word' id='word_1_448' title='bbox 521 3183 778 3238; x_wconf 61' lang='lat' dir='ltr'><strong>Ecclesiae</strong></span> <span class='ocrx_word' id='word_1_449' title='bbox 824 3184 1216 3253; x_wconf 70' lang='grc' dir='ltr'><strong>[ηιίηιᾱιὶγοηιιη</strong></span> <span class='ocrx_word' id='word_1_450' title='bbox 1256 3186 1539 3255; x_wconf 61' lang='lat' dir='ltr'><strong>adscriptas,</strong></span> <span class='ocrx_word' id='word_1_451' title='bbox 1578 3187 1631 3241; x_wconf 82' lang='lat' dir='ltr'><strong>in</strong></span> <span class='ocrx_word' id='word_1_452' title='bbox 1669 3187 1841 3252; x_wconf 64' lang='lat' dir='ltr'><strong>emus,</strong></span> <span class='ocrx_word' id='word_1_453' title='bbox 1868 3159 1917 3220; x_wconf 65' lang='grc' dir='ltr'><strong>(ἶ</strong></span> <span class='ocrx_word' id='word_1_454' title='bbox 1951 3178 2193 3233; x_wconf 80' lang='lat' dir='ltr'><strong>Zabulon</strong></span> <span class='ocrx_word' id='word_1_455' title='bbox 2248 3180 2395 3234; x_wconf 85' lang='lat' dir='ltr'><strong>exuit</strong></span> <span class='ocrx_word' id='word_1_456' title='bbox 2445 3196 2505 3236; x_wconf 90' lang='lat' dir='ltr'><strong>se</strong></span> <span class='ocrx_word' id='word_1_457' title='bbox 2558 3182 2825 3236; x_wconf 89' lang='lat' dir='ltr'><strong>hominem</strong></span> <span class='ocrx_word' id='word_1_458' title='bbox 2886 3193 3120 3238; x_wconf 84' lang='lat' dir='ltr'><strong>veterem</strong></span> <span class='ocrx_word' id='word_1_459' title='bbox 3171 3201 3292 3239; x_wconf 92' lang='lat' dir='ltr'><strong>cum</strong></span> <span class='ocrx_word' id='word_1_460' title='bbox 3335 3186 3544 3241; x_wconf 82' lang='lat' dir='ltr'><strong>actibus</strong></span> 
     </span>
    </p>
   </div>
   <div class='ocr_carea' id='block_1_59' title="bbox 252 3276 1845 3348">
    <p class='ocr_par' dir='ltr' id='par_1_59' title="bbox 252 3276 1845 3348">
     <span class='ocr_line' id='line_1_59' title="bbox 252 3276 1845 3348; baseline 0.002 -18"><span class='ocrx_word' id='word_1_461' title='bbox 252 3286 463 3345; x_wconf 87' lang='lat' dir='ltr'><strong>tempus</strong></span> <span class='ocrx_word' id='word_1_462' title='bbox 485 3276 795 3339; x_wconf 73' lang='lat' dir='ltr'><strong>advenerit,</strong></span> <span class='ocrx_word' id='word_1_463' title='bbox 828 3276 941 3332; x_wconf 63' lang='lat' dir='ltr'><strong>hare</strong></span> <span class='ocrx_word' id='word_1_464' title='bbox 972 3293 1113 3333; x_wconf 90' lang='lat' dir='ltr'><strong>nunc</strong></span> <span class='ocrx_word' id='word_1_465' title='bbox 1143 3292 1264 3348; x_wconf 68' lang='lat' dir='ltr'><strong>quin</strong></span> <span class='ocrx_word' id='word_1_466' title='bbox 1307 3286 1526 3348; x_wconf 84' lang='lat' dir='ltr'><strong>propter</strong></span> <span class='ocrx_word' id='word_1_467' title='bbox 1554 3280 1845 3335; x_wconf 88' lang='lat' dir='ltr'><strong>increduli-</strong></span> 
     </span>
    </p>
   </div>
   <div class='ocr_carea' id='block_1_60' title="bbox 248 3369 1845 3438">
    <p class='ocr_par' dir='ltr' id='par_1_60' title="bbox 248 3369 1845 3438">
     <span class='ocr_line' id='line_1_60' title="bbox 248 3369 1845 3438; baseline 0.002 -16"><span class='ocrx_word' id='word_1_468' title='bbox 248 3377 416 3423; x_wconf 85' lang='lat' dir='ltr'><strong>tatem</strong></span> <span class='ocrx_word' id='word_1_469' title='bbox 449 3369 655 3437; x_wconf 87' lang='lat' dir='ltr'><strong>abjecta</strong></span> <span class='ocrx_word' id='word_1_470' title='bbox 703 3377 786 3422; x_wconf 88' lang='lat' dir='ltr'><strong>est</strong></span> <span class='ocrx_word' id='word_1_471' title='bbox 830 3379 883 3423; x_wconf 92' lang='lat' dir='ltr'><strong>ct</strong></span> <span class='ocrx_word' id='word_1_472' title='bbox 931 3370 1145 3438; x_wconf 89' lang='lat' dir='ltr'><strong>repulsa</strong></span> <span class='ocrx_word' id='word_1_473' title='bbox 1192 3369 1525 3436; x_wconf 88' lang='lat' dir='ltr'><strong>Jerusalem,</strong></span> <span class='ocrx_word' id='word_1_474' title='bbox 1562 3385 1683 3427; x_wconf 81' lang='lat' dir='ltr'><strong>cum</strong></span> <span class='ocrx_word' id='word_1_475' title='bbox 1721 3370 1845 3427; x_wconf 90' lang='lat' dir='ltr'><strong>liliis</strong></span> 
     </span>
    </p>
   </div>
   <div class='ocr_carea' id='block_1_61' title="bbox 248 3458 1845 3531">
    <p class='ocr_par' dir='ltr' id='par_1_61' title="bbox 248 3458 1845 3531">
     <span class='ocr_line' id='line_1_61' title="bbox 248 3458 1845 3531; baseline 0.002 -20"><span class='ocrx_word' id='word_1_476' title='bbox 248 3460 397 3523; x_wconf 79' lang='lat' dir='ltr'><strong>suis,</strong></span> <span class='ocrx_word' id='word_1_477' title='bbox 432 3458 658 3512; x_wconf 87' lang='lat' dir='ltr'><strong>inediam</strong></span> <span class='ocrx_word' id='word_1_478' title='bbox 692 3459 839 3512; x_wconf 81' lang='lat' dir='ltr'><strong>verbi</strong></span> <span class='ocrx_word' id='word_1_479' title='bbox 894 3459 1019 3524; x_wconf 86' lang='lat' dir='ltr'><strong>Dei,</strong></span> <span class='ocrx_word' id='word_1_480' title='bbox 1062 3471 1112 3515; x_wconf 91' lang='lat' dir='ltr'><strong>ct</strong></span> <span class='ocrx_word' id='word_1_481' title='bbox 1147 3460 1290 3515; x_wconf 87' lang='lat' dir='ltr'><strong>sitim</strong></span> <span class='ocrx_word' id='word_1_482' title='bbox 1323 3462 1657 3531; x_wconf 87' lang='lat' dir='ltr'><strong>spiritualem</strong></span> <span class='ocrx_word' id='word_1_483' title='bbox 1690 3462 1845 3517; x_wconf 77' lang='lat' dir='ltr'><strong>inulti</strong></span> 
     </span>
    </p>
   </div>
   <div class='ocr_carea' id='block_1_62' title="bbox 254 3549 1841 3619">
    <p class='ocr_par' dir='ltr' id='par_1_62' title="bbox 254 3549 1841 3619">
     <span class='ocr_line' id='line_1_62' title="bbox 254 3549 1841 3619; baseline 0.003 -16"><span class='ocrx_word' id='word_1_484' title='bbox 254 3549 515 3613; x_wconf 69' lang='lat' dir='ltr'><strong>temporis</strong></span> <span class='ocrx_word' id='word_1_485' title='bbox 544 3564 733 3619; x_wconf 77' lang='lat' dir='ltr'><strong>passo,</strong></span> <span class='ocrx_word' id='word_1_486' title='bbox 767 3551 790 3584; x_wconf 79' lang='lat'>&quot;</span> <span class='ocrx_word' id='word_1_487' title='bbox 819 3566 938 3604; x_wconf 70' lang='lat' dir='ltr'><strong>cum</strong></span> <span class='ocrx_word' id='word_1_488' title='bbox 973 3552 1245 3616; x_wconf 90' lang='lat' dir='ltr'><strong>plenitudo</strong></span> <span class='ocrx_word' id='word_1_489' title='bbox 1275 3551 1523 3607; x_wconf 84' lang='lat' dir='ltr'><strong>Gentium</strong></span> <span class='ocrx_word' id='word_1_490' title='bbox 1564 3552 1841 3607; x_wconf 62' lang='lat' dir='ltr'><strong>subintroo</strong></span> 
     </span>
    </p>
   </div>
   <div class='ocr_carea' id='block_1_63' title="bbox 254 3644 1847 3715">
    <p class='ocr_par' dir='ltr' id='par_1_63' title="bbox 254 3644 1847 3715">
     <span class='ocr_line' id='line_1_63' title="bbox 254 3644 1847 3715; baseline 0.003 -18"><span class='ocrx_word' id='word_1_491' title='bbox 254 3644 416 3706; x_wconf 88' lang='lat' dir='ltr'><strong>ierit,</strong></span> <span class='ocrx_word' id='word_1_492' title='bbox 470 3644 766 3698; x_wconf 87' lang='lat' dir='ltr'><strong>secundum</strong></span> <span class='ocrx_word' id='word_1_493' title='bbox 832 3645 1079 3713; x_wconf 73' lang='lat' dir='ltr'><strong>Apostoli</strong></span> <span class='ocrx_word' id='word_1_494' title='bbox 1136 3646 1631 3715; x_wconf 83' lang='lat' dir='ltr'><strong>reprntnissionetu.</strong></span> <span class='ocrx_word' id='word_1_495' title='bbox 1701 3646 1847 3701; x_wconf 81' lang='lat' dir='ltr'><strong>Tunc</strong></span> 
     </span>
    </p>
   </div>
   <div class='ocr_carea' id='block_1_64' title="bbox 252 3733 1843 3806">
    <p class='ocr_par' dir='ltr' id='par_1_64' title="bbox 252 3733 1843 3806">
     <span class='ocr_line' id='line_1_64' title="bbox 252 3733 1843 3806; baseline 0.005 -21"><span class='ocrx_word' id='word_1_496' title='bbox 252 3736 416 3789; x_wconf 86' lang='lat' dir='ltr'><strong>omnis</strong></span> <span class='ocrx_word' id='word_1_497' title='bbox 445 3737 616 3788; x_wconf 83' lang='lat' dir='ltr'><strong>salvus</strong></span> <span class='ocrx_word' id='word_1_498' title='bbox 644 3736 729 3802; x_wconf 75' lang='lat' dir='ltr'><strong>ﬁet</strong></span> <span class='ocrx_word' id='word_1_499' title='bbox 767 3733 932 3789; x_wconf 77' lang='lat' dir='ltr'><strong>lsrucl</strong></span> <span class='ocrx_word' id='word_1_500' title='bbox 955 3751 973 3787; x_wconf 89' lang='lat'><strong><em>:</em></strong></span> <span class='ocrx_word' id='word_1_501' title='bbox 1011 3738 1098 3806; x_wconf 86' lang='lat' dir='ltr'><strong>qui</strong></span> <span class='ocrx_word' id='word_1_502' title='bbox 1149 3753 1289 3792; x_wconf 85' lang='lat' dir='ltr'><strong>nunc</strong></span> <span class='ocrx_word' id='word_1_503' title='bbox 1317 3742 1416 3793; x_wconf 74' lang='lat' dir='ltr'><strong>sub</strong></span> <span class='ocrx_word' id='word_1_504' title='bbox 1448 3754 1674 3805; x_wconf 90' lang='lat' dir='ltr'><strong>persona</strong></span> <span class='ocrx_word' id='word_1_505' title='bbox 1705 3740 1843 3793; x_wconf 65' lang='grc' dir='ltr'><strong>Ιίνιι-</strong></span> 
     </span>
    </p>
   </div>
   <div class='ocr_carea' id='block_1_65' title="bbox 249 3825 1842 3902">
    <p class='ocr_par' dir='ltr' id='par_1_65' title="bbox 249 3825 1842 3902">
     <span class='ocr_line' id='line_1_65' title="bbox 249 3825 1842 3902; baseline 0.006 -25"><span class='ocrx_word' id='word_1_506' title='bbox 249 3825 410 3895; x_wconf 76' lang='lat' dir='ltr'><strong>iamin</strong></span> <span class='ocrx_word' id='word_1_507' title='bbox 457 3826 787 3895; x_wconf 78' lang='lat' dir='ltr'><strong>designatur.</strong></span> <span class='ocrx_word' id='word_1_508' title='bbox 879 3828 1108 3884; x_wconf 83' lang='lat' dir='ltr'><strong>Ultimus</strong></span> <span class='ocrx_word' id='word_1_509' title='bbox 1161 3830 1323 3901; x_wconf 81' lang='lat' dir='ltr'><strong>igitur</strong></span> <span class='ocrx_word' id='word_1_510' title='bbox 1374 3834 1514 3886; x_wconf 84' lang='lat' dir='ltr'><strong>titius</strong></span> <span class='ocrx_word' id='word_1_511' title='bbox 1566 3833 1842 3902; x_wconf 83' lang='lat' dir='ltr'><strong>Benjatniu</strong></span> 
     </span>
    </p>
   </div>
   <div class='ocr_carea' id='block_1_66' title="bbox 253 3918 1847 3992">
    <p class='ocr_par' dir='ltr' id='par_1_66' title="bbox 253 3918 1847 3992">
     <span class='ocr_line' id='line_1_66' title="bbox 253 3918 1847 3992; baseline 0.006 -24"><span class='ocrx_word' id='word_1_512' title='bbox 253 3918 497 3974; x_wconf 83' lang='lat' dir='ltr'><strong>ultimam</strong></span> <span class='ocrx_word' id='word_1_513' title='bbox 528 3919 874 3989; x_wconf 71' lang='lat' dir='ltr'><strong>consemtitur</strong></span> <span class='ocrx_word' id='word_1_514' title='bbox 902 3920 1329 3976; x_wconf 72' lang='lat' dir='ltr'><strong>benedictionem</strong></span> <span class='ocrx_word' id='word_1_515' title='bbox 1350 3964 1365 3985; x_wconf 95' lang='lat'><strong>,</strong></span> <span class='ocrx_word' id='word_1_516' title='bbox 1392 3924 1513 3992; x_wconf 83' lang='lat' dir='ltr'><strong>quia</strong></span> <span class='ocrx_word' id='word_1_517' title='bbox 1542 3934 1596 3978; x_wconf 87' lang='lat' dir='ltr'><strong>et</strong></span> <span class='ocrx_word' id='word_1_518' title='bbox 1627 3924 1847 3978; x_wconf 89' lang='lat' dir='ltr'><strong>ultimus</strong></span> 
     </span>
    </p>
   </div>
   <div class='ocr_carea' id='block_1_67' title="bbox 247 4012 1846 4084">
    <p class='ocr_par' dir='ltr' id='par_1_67' title="bbox 247 4012 1846 4084">
     <span class='ocr_line' id='line_1_67' title="bbox 247 4012 1846 4084; baseline 0.004 -19"><span class='ocrx_word' id='word_1_519' title='bbox 247 4012 543 4066; x_wconf 86' lang='lat' dir='ltr'><strong>salvantlus</strong></span> <span class='ocrx_word' id='word_1_520' title='bbox 593 4022 696 4065; x_wconf 86' lang='lat' dir='ltr'><strong>est.</strong></span> <span class='ocrx_word' id='word_1_521' title='bbox 768 4013 831 4065; x_wconf 85' lang='lat' dir='ltr'><strong>l-.t</strong></span> <span class='ocrx_word' id='word_1_522' title='bbox 858 4012 1055 4066; x_wconf 88' lang='lat' dir='ltr'><strong>dicitur</strong></span> <span class='ocrx_word' id='word_1_523' title='bbox 1082 4013 1149 4068; x_wconf 90' lang='lat' dir='ltr'><strong>de</strong></span> <span class='ocrx_word' id='word_1_524' title='bbox 1179 4030 1243 4069; x_wconf 90' lang='lat' dir='ltr'><strong>eo</strong></span> <span class='ocrx_word' id='word_1_525' title='bbox 1273 4015 1422 4084; x_wconf 85' lang='lat' dir='ltr'><strong>lupus</strong></span> <span class='ocrx_word' id='word_1_526' title='bbox 1455 4033 1656 4084; x_wconf 70' lang='lat' dir='ltr'><strong>rapax;</strong></span> <span class='ocrx_word' id='word_1_527' title='bbox 1690 4017 1846 4083; x_wconf 86' lang='lat' dir='ltr'><strong>lupus</strong></span> 
     </span>
    </p>
   </div>
   <div class='ocr_carea' id='block_1_68' title="bbox 251 4103 1847 4173">
    <p class='ocr_par' dir='ltr' id='par_1_68' title="bbox 251 4103 1847 4173">
     <span class='ocr_line' id='line_1_68' title="bbox 251 4103 1847 4173; baseline 0.006 -20"><span class='ocrx_word' id='word_1_528' title='bbox 251 4113 469 4173; x_wconf 84' lang='lat' dir='ltr'><strong>propter</strong></span> <span class='ocrx_word' id='word_1_529' title='bbox 507 4103 816 4156; x_wconf 88' lang='lat' dir='ltr'><strong>aviditatem</strong></span> <span class='ocrx_word' id='word_1_530' title='bbox 859 4103 1095 4157; x_wconf 84' lang='lat' dir='ltr'><strong>dicitur:</strong></span> <span class='ocrx_word' id='word_1_531' title='bbox 1151 4104 1249 4158; x_wconf 85' lang='lat' dir='ltr'><strong>hoe</strong></span> <span class='ocrx_word' id='word_1_532' title='bbox 1302 4108 1466 4159; x_wconf 88' lang='lat' dir='ltr'><strong>multa</strong></span> <span class='ocrx_word' id='word_1_533' title='bbox 1517 4110 1660 4161; x_wconf 88' lang='lat' dir='ltr'><strong>enim</strong></span> <span class='ocrx_word' id='word_1_534' title='bbox 1703 4108 1847 4163; x_wconf 77' lang='lat' dir='ltr'><strong>fatue</strong></span> 
     </span>
    </p>
   </div>
   <div class='ocr_carea' id='block_1_69' title="bbox 323 4258 1844 4332">
    <p class='ocr_par' dir='ltr' id='par_1_69' title="bbox 323 4258 1844 4332">
     <span class='ocr_line' id='line_1_69' title="bbox 323 4258 1844 4332; baseline 0.004 -19"><span class='ocrx_word' id='word_1_535' title='bbox 323 4269 346 4295; x_wconf 78' lang='grc' dir='ltr'>ι</span> <span class='ocrx_word' id='word_1_536' title='bbox 377 4260 502 4315; x_wconf 70' lang='lat' dir='ltr'><strong>Ilvc</strong></span> <span class='ocrx_word' id='word_1_537' title='bbox 536 4260 629 4314; x_wconf 76' lang='lat' dir='ltr'><strong>Ms.</strong></span> <span class='ocrx_word' id='word_1_538' title='bbox 665 4258 880 4313; x_wconf 86' lang='lat' dir='ltr'><strong>Codicis</strong></span> <span class='ocrx_word' id='word_1_539' title='bbox 923 4259 1082 4332; x_wconf 85' lang='lat' dir='ltr'><strong>lectio</strong></span> <span class='ocrx_word' id='word_1_540' title='bbox 1111 4270 1227 4326; x_wconf 89' lang='lat' dir='ltr'><strong>est,</strong></span> <span class='ocrx_word' id='word_1_541' title='bbox 1266 4277 1427 4332; x_wconf 88' lang='lat' dir='ltr'><strong>quam</strong></span> <span class='ocrx_word' id='word_1_542' title='bbox 1482 4263 1729 4318; x_wconf 66' lang='lat' dir='ltr'><strong>Bai-riuus</strong></span> <span class='ocrx_word' id='word_1_543' title='bbox 1778 4266 1844 4319; x_wconf 86' lang='lat' dir='ltr'><strong>ad</strong></span> 
     </span>
    </p>
   </div>
   <div class='ocr_carea' id='block_1_70' title="bbox 254 4331 1842 4403">
    <p class='ocr_par' dir='ltr' id='par_1_70' title="bbox 254 4331 1842 4403">
     <span class='ocr_line' id='line_1_70' title="bbox 254 4331 1842 4403; baseline 0.004 -21"><span class='ocrx_word' id='word_1_544' title='bbox 254 4332 369 4383; x_wconf 87' lang='lat' dir='ltr'><strong>lihrt</strong></span> <span class='ocrx_word' id='word_1_545' title='bbox 420 4347 570 4385; x_wconf 84' lang='lat' dir='ltr'><strong>oratu</strong></span> <span class='ocrx_word' id='word_1_546' title='bbox 604 4332 887 4394; x_wconf 87' lang='lat' dir='ltr'><strong>rejecerat.</strong></span> <span class='ocrx_word' id='word_1_547' title='bbox 935 4331 1025 4385; x_wconf 80' lang='lat' dir='ltr'><strong>Est</strong></span> <span class='ocrx_word' id='word_1_548' title='bbox 1058 4345 1235 4387; x_wconf 89' lang='lat' dir='ltr'><strong>autem</strong></span> <span class='ocrx_word' id='word_1_549' title='bbox 1260 4334 1459 4402; x_wconf 88' lang='lat' dir='ltr'><strong>oppido</strong></span> <span class='ocrx_word' id='word_1_550' title='bbox 1497 4337 1842 4403; x_wconf 90' lang='lat' dir='ltr'><strong>concinnior,</strong></span> 
     </span>
    </p>
   </div>
   <div class='ocr_carea' id='block_1_71' title="bbox 253 4402 1846 4470">
    <p class='ocr_par' dir='ltr' id='par_1_71' title="bbox 253 4402 1846 4470">
     <span class='ocr_line' id='line_1_71' title="bbox 253 4402 1846 4470; baseline 0.006 -18"><span class='ocrx_word' id='word_1_551' title='bbox 253 4418 412 4469; x_wconf 76' lang='lat' dir='ltr'><strong>aque</strong></span> <span class='ocrx_word' id='word_1_552' title='bbox 465 4402 725 4469; x_wconf 73' lang='lat' dir='ltr'><strong>integrior</strong></span> <span class='ocrx_word' id='word_1_553' title='bbox 775 4403 1060 4468; x_wconf 61' lang='lat' dir='ltr'><strong>impressa,</strong></span> <span class='ocrx_word' id='word_1_554' title='bbox 1092 4419 1213 4470; x_wconf 78' lang='lat' dir='ltr'><strong>qua:</strong></span> <span class='ocrx_word' id='word_1_555' title='bbox 1256 4406 1458 4459; x_wconf 74' lang='lat' dir='ltr'><strong>ferebat</strong></span> <span class='ocrx_word' id='word_1_556' title='bbox 1488 4446 1502 4468; x_wconf 95' lang='lat'><strong>,</strong></span> <span class='ocrx_word' id='word_1_557' title='bbox 1558 4402 1846 4461; x_wconf 81' lang='lat' dir='ltr'><strong>Historiam</strong></span> 
     </span>
    </p>
   </div>
   <div class='ocr_carea' id='block_1_72' title="bbox 253 4474 1847 4544">
    <p class='ocr_par' dir='ltr' id='par_1_72' title="bbox 253 4474 1847 4544">
     <span class='ocr_line' id='line_1_72' title="bbox 253 4474 1847 4544; baseline 0.008 -24"><span class='ocrx_word' id='word_1_558' title='bbox 253 4474 406 4541; x_wconf 79' lang='lat' dir='ltr'><strong>hujus</strong></span> <span class='ocrx_word' id='word_1_559' title='bbox 444 4474 761 4544; x_wconf 75' lang='lat' dir='ltr'><strong>narrationis</strong></span> <span class='ocrx_word' id='word_1_560' title='bbox 790 4476 1043 4527; x_wconf 68' lang='lat' dir='ltr'><strong>adducere</strong></span> <span class='ocrx_word' id='word_1_561' title='bbox 1068 4475 1213 4527; x_wconf 79' lang='lat' dir='ltr'><strong>velim</strong></span> <span class='ocrx_word' id='word_1_562' title='bbox 1242 4477 1386 4539; x_wconf 82' lang='lat' dir='ltr'><strong>milii,</strong></span> <span class='ocrx_word' id='word_1_563' title='bbox 1411 4480 1535 4544; x_wconf 89' lang='lat' dir='ltr'><strong>quitl</strong></span> <span class='ocrx_word' id='word_1_564' title='bbox 1556 4478 1609 4529; x_wconf 85' lang='lat' dir='ltr'><strong>in</strong></span> <span class='ocrx_word' id='word_1_565' title='bbox 1639 4494 1691 4531; x_wconf 82' lang='lat' dir='ltr'><strong>se</strong></span> <span class='ocrx_word' id='word_1_566' title='bbox 1712 4477 1847 4532; x_wconf 67' lang='lat' dir='ltr'><strong>lieu-</strong></span> 
     </span>
    </p>
   </div>
   <div class='ocr_carea' id='block_1_73' title="bbox 253 4543 1843 4615">
    <p class='ocr_par' dir='ltr' id='par_1_73' title="bbox 253 4543 1843 4615">
     <span class='ocr_line' id='line_1_73' title="bbox 253 4543 1843 4615; baseline 0.004 -22"><span class='ocrx_word' id='word_1_567' title='bbox 253 4547 448 4615; x_wconf 71' lang='lat' dir='ltr'><strong>jannn.</strong></span> <span class='ocrx_word' id='word_1_568' title='bbox 482 4554 588 4598; x_wconf 90' lang='lat' dir='ltr'><strong>etc.</strong></span> <span class='ocrx_word' id='word_1_569' title='bbox 638 4543 712 4615; x_wconf 80' lang='lat' dir='ltr'><strong>De</strong></span> <span class='ocrx_word' id='word_1_570' title='bbox 744 4544 951 4613; x_wconf 89' lang='lat' dir='ltr'><strong>reliquo</strong></span> <span class='ocrx_word' id='word_1_571' title='bbox 982 4545 1113 4598; x_wconf 88' lang='lat' dir='ltr'><strong>mihi</strong></span> <span class='ocrx_word' id='word_1_572' title='bbox 1142 4548 1356 4613; x_wconf 86' lang='lat' dir='ltr'><strong>quidem</strong></span> <span class='ocrx_word' id='word_1_573' title='bbox 1387 4543 1493 4602; x_wconf 84' lang='lat' dir='ltr'><strong>non</strong></span> <span class='ocrx_word' id='word_1_574' title='bbox 1526 4549 1664 4602; x_wconf 86' lang='lat' dir='ltr'><strong>adeo</strong></span> <span class='ocrx_word' id='word_1_575' title='bbox 1698 4550 1843 4604; x_wconf 83' lang='lat' dir='ltr'><strong>vide-</strong></span> 
     </span>
    </p>
   </div>
   <div class='ocr_carea' id='block_1_74' title="bbox 253 4614 1843 4688">
    <p class='ocr_par' dir='ltr' id='par_1_74' title="bbox 253 4614 1843 4688">
     <span class='ocr_line' id='line_1_74' title="bbox 253 4614 1843 4688; baseline 0.005 -23"><span class='ocrx_word' id='word_1_576' title='bbox 253 4614 340 4688; x_wconf 69' lang='lat' dir='ltr'><strong>tur</strong></span> <span class='ocrx_word' id='word_1_577' title='bbox 372 4615 593 4688; x_wconf 72' lang='lat' dir='ltr'><strong>historia</strong></span> <span class='ocrx_word' id='word_1_578' title='bbox 626 4614 861 4688; x_wconf 73' lang='lat' dir='ltr'><strong>tlilli_cilis</strong></span> <span class='ocrx_word' id='word_1_579' title='bbox 882 4657 896 4675; x_wconf 96' lang='lat'><strong>,</strong></span> <span class='ocrx_word' id='word_1_580' title='bbox 922 4631 1041 4684; x_wconf 70' lang='lat' dir='ltr'><strong>quae</strong></span> <span class='ocrx_word' id='word_1_581' title='bbox 1074 4615 1220 4671; x_wconf 74' lang='lat' dir='ltr'><strong>ferox</strong></span> <span class='ocrx_word' id='word_1_582' title='bbox 1268 4617 1672 4688; x_wconf 79' lang='lat' dir='ltr'><strong>violentutntpte</strong></span> <span class='ocrx_word' id='word_1_583' title='bbox 1703 4621 1843 4674; x_wconf 68' lang='lat' dir='ltr'><strong>lieu-</strong></span> 
     </span>
    </p>
   </div>
   <div class='ocr_carea' id='block_1_75' title="bbox 253 4682 1485 4755">
    <p class='ocr_par' dir='ltr' id='par_1_75' title="bbox 253 4682 1485 4755">
     <span class='ocr_line' id='line_1_75' title="bbox 253 4682 1485 4755; baseline 0.004 -18"><span class='ocrx_word' id='word_1_584' title='bbox 253 4682 434 4753; x_wconf 77' lang='lat' dir='ltr'><strong>jamini</strong></span> <span class='ocrx_word' id='word_1_585' title='bbox 465 4686 690 4753; x_wconf 72' lang='lat' dir='ltr'><strong>ejusque</strong></span> <span class='ocrx_word' id='word_1_586' title='bbox 718 4686 912 4740; x_wconf 90' lang='lat' dir='ltr'><strong>Trihus</strong></span> <span class='ocrx_word' id='word_1_587' title='bbox 942 4682 1213 4755; x_wconf 81' lang='lat' dir='ltr'><strong>ingenium</strong></span> <span class='ocrx_word' id='word_1_588' title='bbox 1245 4690 1485 4742; x_wconf 66' lang='lat' dir='ltr'><strong>denotat.</strong></span> 
     </span>
    </p>
   </div>
   <div class='ocr_carea' id='block_1_76' title="bbox 330 4754 1845 4830">
    <p class='ocr_par' dir='ltr' id='par_1_76' title="bbox 330 4754 1845 4830">
     <span class='ocr_line' id='line_1_76' title="bbox 330 4754 1845 4830; baseline 0.004 -19"><span class='ocrx_word' id='word_1_589' title='bbox 330 4756 653 4830; x_wconf 66' lang='lat' dir='ltr'><strong>b_Tcstatttttt</strong></span> <span class='ocrx_word' id='word_1_590' title='bbox 703 4754 804 4810; x_wconf 89' lang='lat' dir='ltr'><strong>hoc</strong></span> <span class='ocrx_word' id='word_1_591' title='bbox 830 4756 897 4811; x_wconf 89' lang='lat' dir='ltr'><strong>dc</strong></span> <span class='ocrx_word' id='word_1_592' title='bbox 930 4754 1274 4812; x_wconf 67' lang='lat' dir='ltr'><strong>llehrmnrtnn</strong></span> <span class='ocrx_word' id='word_1_593' title='bbox 1317 4758 1574 4824; x_wconf 89' lang='lat' dir='ltr'><strong>opinione</strong></span> <span class='ocrx_word' id='word_1_594' title='bbox 1620 4760 1845 4830; x_wconf 87' lang='lat' dir='ltr'><strong>reliquit</strong></span> 
     </span>
    </p>
   </div>
   <div class='ocr_carea' id='block_1_77' title="bbox 256 4826 1843 4899">
    <p class='ocr_par' dir='ltr' id='par_1_77' title="bbox 256 4826 1843 4899">
     <span class='ocr_line' id='line_1_77' title="bbox 256 4826 1843 4899; baseline 0.001 -17"><span class='ocrx_word' id='word_1_595' title='bbox 256 4826 314 4882; x_wconf 89' lang='lat' dir='ltr'><strong>S.</strong></span> <span class='ocrx_word' id='word_1_596' title='bbox 348 4828 728 4899; x_wconf 73' lang='lat' dir='ltr'><strong>Hieronymus,</strong></span> <span class='ocrx_word' id='word_1_597' title='bbox 754 4844 911 4897; x_wconf 83' lang='lat' dir='ltr'><strong>quem</strong></span> <span class='ocrx_word' id='word_1_598' title='bbox 937 4840 990 4883; x_wconf 89' lang='lat' dir='ltr'><strong>ct</strong></span> <span class='ocrx_word' id='word_1_599' title='bbox 1016 4843 1201 4883; x_wconf 80' lang='lat' dir='ltr'><strong>notare</strong></span> <span class='ocrx_word' id='word_1_600' title='bbox 1232 4830 1460 4884; x_wconf 87' lang='lat' dir='ltr'><strong>lortasse</strong></span> <span class='ocrx_word' id='word_1_601' title='bbox 1493 4831 1716 4885; x_wconf 77' lang='lat' dir='ltr'><strong>llntiuus</strong></span> <span class='ocrx_word' id='word_1_602' title='bbox 1744 4826 1843 4885; x_wconf 68' lang='lat' dir='ltr'><strong>&#39;v..-</strong></span> 
     </span>
    </p>
   </div>
   <div class='ocr_carea' id='block_1_78' title="bbox 258 4899 1844 4971">
    <p class='ocr_par' dir='ltr' id='par_1_78' title="bbox 258 4899 1844 4971">
     <span class='ocr_line' id='line_1_78' title="bbox 258 4899 1844 4971; baseline 0.003 -19"><span class='ocrx_word' id='word_1_603' title='bbox 258 4900 372 4953; x_wconf 88' lang='lat' dir='ltr'><strong>luit.</strong></span> <span class='ocrx_word' id='word_1_604' title='bbox 410 4900 516 4963; x_wconf 88' lang='lat' dir='ltr'><strong>Ita,</strong></span> <span class='ocrx_word' id='word_1_605' title='bbox 549 4900 745 4968; x_wconf 88' lang='lat' dir='ltr'><strong>tttqttil,</strong></span> <span class='ocrx_word' id='word_1_606' title='bbox 791 4899 995 4953; x_wconf 80' lang='lat' dir='ltr'><strong>Ilcbrtt&#39;i</strong></span> <span class='ocrx_word' id='word_1_607' title='bbox 1017 4902 1317 4971; x_wconf 66' lang='lat' dir='ltr'><strong>ctlisst’ruut.</strong></span> <span class='ocrx_word' id='word_1_608' title='bbox 1350 4902 1523 4955; x_wconf 64' lang='lat' dir='ltr'><strong>illtare</strong></span> <span class='ocrx_word' id='word_1_609' title='bbox 1551 4904 1600 4955; x_wconf 87' lang='lat' dir='ltr'><strong>in</strong></span> <span class='ocrx_word' id='word_1_610' title='bbox 1628 4920 1726 4971; x_wconf 89' lang='lat' dir='ltr'><strong>qua</strong></span> <span class='ocrx_word' id='word_1_611' title='bbox 1752 4906 1844 4956; x_wconf 85' lang='lat' dir='ltr'><strong>int-</strong></span> 
     </span>
    </p>
   </div>
   <div class='ocr_carea' id='block_1_79' title="bbox 255 4970 1840 5044">
    <p class='ocr_par' dir='ltr' id='par_1_79' title="bbox 255 4970 1840 5044">
     <span class='ocr_line' id='line_1_79' title="bbox 255 4970 1840 5044; baseline 0.004 -21"><span class='ocrx_word' id='word_1_612' title='bbox 255 4971 580 5044; x_wconf 72' lang='lat' dir='ltr'><strong>ntolabantur</strong></span> <span class='ocrx_word' id='word_1_613' title='bbox 625 4971 973 5044; x_wconf 78' lang='lat' dir='ltr'><strong>Itastitv....iu</strong></span> <span class='ocrx_word' id='word_1_614' title='bbox 1004 4983 1149 5044; x_wconf 76' lang='lat' dir='ltr'><strong>parte</strong></span> <span class='ocrx_word' id='word_1_615' title='bbox 1179 4970 1364 5026; x_wconf 80' lang='lat' dir='ltr'><strong>Tribus</strong></span> <span class='ocrx_word' id='word_1_616' title='bbox 1405 4970 1673 5041; x_wconf 70' lang='lat' dir='ltr'><strong>Beniamin</strong></span> <span class='ocrx_word' id='word_1_617' title='bbox 1718 4976 1840 5044; x_wconf 76' lang='lat' dir='ltr'><strong>fuit.</strong></span> 
     </span>
    </p>
   </div>
   <div class='ocr_carea' id='block_1_80' title="bbox 256 5039 1844 5112">
    <p class='ocr_par' dir='ltr' id='par_1_80' title="bbox 256 5039 1844 5112">
     <span class='ocr_line' id='line_1_80' title="bbox 256 5039 1844 5112; baseline 0.006 -19"><span class='ocrx_word' id='word_1_618' title='bbox 256 5039 386 5100; x_wconf 81' lang='lat' dir='ltr'><strong>lloc,</strong></span> <span class='ocrx_word' id='word_1_619' title='bbox 439 5042 699 5109; x_wconf 78' lang='lat' dir='ltr'><strong>inquiunt,</strong></span> <span class='ocrx_word' id='word_1_620' title='bbox 727 5058 848 5112; x_wconf 84' lang='lat' dir='ltr'><strong>ergo</strong></span> <span class='ocrx_word' id='word_1_621' title='bbox 878 5042 1164 5112; x_wconf 73' lang='lat' dir='ltr'><strong>signi/ictu,</strong></span> <span class='ocrx_word' id='word_1_622' title='bbox 1216 5046 1353 5111; x_wconf 85' lang='lat' dir='ltr'><strong>quod</strong></span> <span class='ocrx_word' id='word_1_623' title='bbox 1373 5039 1665 5099; x_wconf 73' lang='lat' dir='ltr'><strong>sat&#39;ertlotcs</strong></span> <span class='ocrx_word' id='word_1_624' title='bbox 1695 5039 1844 5102; x_wconf 81' lang='lat' dir='ltr'><strong>mane</strong></span> 
     </span>
    </p>
   </div>
   <div class='ocr_carea' id='block_1_81' title="bbox 252 5114 1843 5185">
    <p class='ocr_par' dir='ltr' id='par_1_81' title="bbox 252 5114 1843 5185">
     <span class='ocr_line' id='line_1_81' title="bbox 252 5114 1843 5185; baseline 0.005 -22"><span class='ocrx_word' id='word_1_625' title='bbox 252 5114 519 5167; x_wconf 85' lang='lat' dir='ltr'><strong>immolant</strong></span> <span class='ocrx_word' id='word_1_626' title='bbox 547 5114 762 5175; x_wconf 77' lang='lat' dir='ltr'><strong>hostias,</strong></span> <span class='ocrx_word' id='word_1_627' title='bbox 791 5124 839 5168; x_wconf 86' lang='lat' dir='ltr'><strong>et</strong></span> <span class='ocrx_word' id='word_1_628' title='bbox 870 5117 938 5166; x_wconf 91' lang='lat' dir='ltr'><strong>ad</strong></span> <span class='ocrx_word' id='word_1_629' title='bbox 965 5128 1223 5179; x_wconf 84' lang='lat' dir='ltr'><strong>vesperam</strong></span> <span class='ocrx_word' id='word_1_630' title='bbox 1246 5116 1478 5169; x_wconf 77' lang='lat' dir='ltr'><strong>dividunt</strong></span> <span class='ocrx_word' id='word_1_631' title='bbox 1507 5132 1586 5180; x_wconf 81' lang='lat' dir='ltr'><strong>ra,</strong></span> <span class='ocrx_word' id='word_1_632' title='bbox 1616 5118 1843 5185; x_wconf 74' lang='lat' dir='ltr'><strong>qutesibi</strong></span> 
     </span>
    </p>
   </div>
   <div class='ocr_carea' id='block_1_82' title="bbox 252 5186 1843 5257">
    <p class='ocr_par' dir='ltr' id='par_1_82' title="bbox 252 5186 1843 5257">
     <span class='ocr_line' id='line_1_82' title="bbox 252 5186 1843 5257; baseline 0.004 -22"><span class='ocrx_word' id='word_1_633' title='bbox 252 5186 506 5257; x_wconf 85' lang='lat' dir='ltr'><strong>apopqu</strong></span> <span class='ocrx_word' id='word_1_634' title='bbox 539 5199 601 5237; x_wconf 71' lang='lat' dir='ltr'><strong>ex</strong></span> <span class='ocrx_word' id='word_1_635' title='bbox 627 5186 736 5254; x_wconf 77' lang='lat' dir='ltr'><strong>lcqe</strong></span> <span class='ocrx_word' id='word_1_636' title='bbox 756 5186 945 5257; x_wconf 77' lang='lat' dir='ltr'><strong>collata</strong></span> <span class='ocrx_word' id='word_1_637' title='bbox 975 5196 1209 5240; x_wconf 88' lang='lat' dir='ltr'><strong>sunt.....</strong></span> <span class='ocrx_word' id='word_1_638' title='bbox 1234 5186 1414 5252; x_wconf 79' lang='lat' dir='ltr'><strong>lupu-u</strong></span> <span class='ocrx_word' id='word_1_639' title='bbox 1439 5201 1667 5240; x_wconf 69' lang='lat' dir='ltr'><strong>rorat-ent</strong></span> <span class='ocrx_word' id='word_1_640' title='bbox 1690 5204 1843 5257; x_wconf 90' lang='lat' dir='ltr'><strong>super</strong></span> 
     </span>
    </p>
   </div>
   <div class='ocr_carea' id='block_1_83' title="bbox 254 5254 1841 5324">
    <p class='ocr_par' dir='ltr' id='par_1_83' title="bbox 254 5254 1841 5324">
     <span class='ocr_line' id='line_1_83' title="bbox 254 5254 1841 5324; baseline 0.003 -17"><span class='ocrx_word' id='word_1_641' title='bbox 254 5256 431 5309; x_wconf 84' lang='lat' dir='ltr'><strong>altaris</strong></span> <span class='ocrx_word' id='word_1_642' title='bbox 450 5254 870 5321; x_wconf 74' lang='lat' dir='ltr'><strong>interpretatione</strong></span> <span class='ocrx_word' id='word_1_643' title='bbox 890 5267 1153 5324; x_wconf 76' lang='lat' dir='ltr'><strong>ponentes,</strong></span> <span class='ocrx_word' id='word_1_644' title='bbox 1172 5267 1218 5310; x_wconf 82' lang='lat' dir='ltr'><strong>et</strong></span> <span class='ocrx_word' id='word_1_645' title='bbox 1239 5258 1520 5323; x_wconf 84' lang='lat' dir='ltr'><strong>spoliorum</strong></span> <span class='ocrx_word' id='word_1_646' title='bbox 1542 5254 1841 5312; x_wconf 71' lang='lat' dir='ltr'><strong>divisionem</strong></span> 
     </span>
    </p>
   </div>
   <div class='ocr_carea' id='block_1_84' title="bbox 254 5327 1840 5394">
    <p class='ocr_par' dir='ltr' id='par_1_84' title="bbox 254 5327 1840 5394">
     <span class='ocr_line' id='line_1_84' title="bbox 254 5327 1840 5394; baseline 0.003 -15"><span class='ocrx_word' id='word_1_647' title='bbox 254 5343 407 5393; x_wconf 80' lang='lat' dir='ltr'><strong>super</strong></span> <span class='ocrx_word' id='word_1_648' title='bbox 423 5327 790 5385; x_wconf 81' lang='lat' dir='ltr'><strong>sacerdotibus,</strong></span> <span class='ocrx_word' id='word_1_649' title='bbox 811 5328 896 5394; x_wconf 87' lang='lat' dir='ltr'><strong>qui</strong></span> <span class='ocrx_word' id='word_1_650' title='bbox 920 5330 1184 5381; x_wconf 80' lang='lat' dir='ltr'><strong>scrricntcs</strong></span> <span class='ocrx_word' id='word_1_651' title='bbox 1206 5329 1381 5391; x_wconf 83' lang='lat' dir='ltr'><strong>altari,</strong></span> <span class='ocrx_word' id='word_1_652' title='bbox 1400 5330 1569 5382; x_wconf 76' lang='lat' dir='ltr'><strong>vivunt</strong></span> <span class='ocrx_word' id='word_1_653' title='bbox 1584 5331 1647 5384; x_wconf 83' lang='lat' dir='ltr'><strong>de</strong></span> <span class='ocrx_word' id='word_1_654' title='bbox 1663 5329 1840 5383; x_wconf 88' lang='lat' dir='ltr'><strong>altari.</strong></span> 
     </span>
    </p>
   </div>
   <div class='ocr_carea' id='block_1_85' title="bbox 258 5396 1842 5468">
    <p class='ocr_par' dir='ltr' id='par_1_85' title="bbox 258 5396 1842 5468">
     <span class='ocr_line' id='line_1_85' title="bbox 258 5396 1842 5468; baseline 0.004 -19"><span class='ocrx_word' id='word_1_655' title='bbox 258 5396 489 5451; x_wconf 70' lang='lat' dir='ltr'><strong>lneditus</strong></span> <span class='ocrx_word' id='word_1_656' title='bbox 505 5411 719 5468; x_wconf 83' lang='lat' dir='ltr'><strong>quoque</strong></span> <span class='ocrx_word' id='word_1_657' title='bbox 732 5400 868 5468; x_wconf 83' lang='lat' dir='ltr'><strong>apud</strong></span> <span class='ocrx_word' id='word_1_658' title='bbox 889 5414 983 5450; x_wconf 82' lang='lat' dir='ltr'><strong>nos</strong></span> <span class='ocrx_word' id='word_1_659' title='bbox 1002 5402 1222 5459; x_wconf 70' lang='lat' dir='ltr'><strong>Auctor,</strong></span> <span class='ocrx_word' id='word_1_660' title='bbox 1241 5399 1498 5468; x_wconf 68' lang='lat' dir='ltr'><strong>&#39;l&#39;rmttio,</strong></span> <span class='ocrx_word' id='word_1_661' title='bbox 1521 5402 1713 5468; x_wconf 87' lang='lat' dir='ltr'><strong>inquit,</strong></span> <span class='ocrx_word' id='word_1_662' title='bbox 1738 5401 1842 5455; x_wconf 80' lang='lat' dir='ltr'><strong>lle-</strong></span> 
     </span>
    </p>
   </div>
   <div class='ocr_carea' id='block_1_86' title="bbox 257 5467 1847 5539">
    <p class='ocr_par' dir='ltr' id='par_1_86' title="bbox 257 5467 1847 5539">
     <span class='ocr_line' id='line_1_86' title="bbox 257 5467 1847 5539; baseline 0.003 -19"><span class='ocrx_word' id='word_1_663' title='bbox 257 5471 506 5523; x_wconf 76' lang='lat' dir='ltr'><strong>bra&#39;ornnt</strong></span> <span class='ocrx_word' id='word_1_664' title='bbox 528 5467 637 5533; x_wconf 79' lang='lat' dir='ltr'><strong>cst,</strong></span> <span class='ocrx_word' id='word_1_665' title='bbox 666 5479 712 5520; x_wconf 82' lang='lat' dir='ltr'><strong>rt</strong></span> <span class='ocrx_word' id='word_1_666' title='bbox 738 5467 880 5521; x_wconf 71' lang='lat' dir='ltr'><strong>lirati</strong></span> <span class='ocrx_word' id='word_1_667' title='bbox 912 5470 1217 5539; x_wconf 75' lang='lat' dir='ltr'><strong>Hieronymi</strong></span> <span class='ocrx_word' id='word_1_668' title='bbox 1246 5467 1521 5526; x_wconf 81' lang='lat' dir='ltr'><strong>consensus</strong></span> <span class='ocrx_word' id='word_1_669' title='bbox 1552 5473 1734 5535; x_wconf 77' lang='lat' dir='ltr'><strong>habet,</strong></span> <span class='ocrx_word' id='word_1_670' title='bbox 1769 5475 1847 5526; x_wconf 84' lang='lat' dir='ltr'><strong>his</strong></span> 
     </span>
    </p>
   </div>
   <div class='ocr_carea' id='block_1_87' title="bbox 255 5540 1846 5619">
    <p class='ocr_par' dir='ltr' id='par_1_87' title="bbox 255 5540 1846 5619">
     <span class='ocr_line' id='line_1_87' title="bbox 255 5540 1846 5619; baseline 0.004 -29"><span class='ocrx_word' id='word_1_671' title='bbox 255 5546 413 5619; x_wconf 51' lang='lat' dir='ltr'><strong>verbis</strong></span> <span class='ocrx_word' id='word_1_672' title='bbox 435 5540 723 5619; x_wconf 64' lang='lat' dir='ltr'><strong>signiﬁcari</strong></span> <span class='ocrx_word' id='word_1_673' title='bbox 745 5542 908 5595; x_wconf 78' lang='lat' dir='ltr'><strong>altare</strong></span> <span class='ocrx_word' id='word_1_674' title='bbox 928 5544 1436 5619; x_wconf 77' lang='lat' dir='ltr'><strong>.Icrosolymitanum,</strong></span> <span class='ocrx_word' id='word_1_675' title='bbox 1459 5545 1664 5619; x_wconf 75' lang='lat' dir='ltr'><strong>quodin</strong></span> <span class='ocrx_word' id='word_1_676' title='bbox 1688 5543 1846 5619; x_wconf 80' lang='lat' dir='ltr'><strong>&#39;I&#39;ribtt</strong></span> 
     </span>
    </p>
   </div>
   <div class='ocr_carea' id='block_1_88' title="bbox 256 5610 1848 5683">
    <p class='ocr_par' dir='ltr' id='par_1_88' title="bbox 256 5610 1848 5683">
     <span class='ocr_line' id='line_1_88' title="bbox 256 5610 1848 5683; baseline 0.004 -21"><span class='ocrx_word' id='word_1_677' title='bbox 256 5610 531 5681; x_wconf 70' lang='lat' dir='ltr'><strong>Iienjamiu</strong></span> <span class='ocrx_word' id='word_1_678' title='bbox 562 5621 911 5683; x_wconf 83' lang='lat' dir='ltr'><strong>constructum</strong></span> <span class='ocrx_word' id='word_1_679' title='bbox 933 5625 1153 5673; x_wconf 85' lang='lat' dir='ltr'><strong>constat;</strong></span> <span class='ocrx_word' id='word_1_680' title='bbox 1182 5616 1315 5683; x_wconf 84' lang='lat' dir='ltr'><strong>quod</strong></span> <span class='ocrx_word' id='word_1_681' title='bbox 1339 5610 1480 5668; x_wconf 80' lang='lat' dir='ltr'><strong>more</strong></span> <span class='ocrx_word' id='word_1_682' title='bbox 1505 5614 1615 5681; x_wconf 83' lang='lat' dir='ltr'><strong>lupi</strong></span> <span class='ocrx_word' id='word_1_683' title='bbox 1645 5617 1848 5683; x_wconf 82' lang='lat' dir='ltr'><strong>rapacis</strong></span> 
     </span>
    </p>
   </div>
   <div class='ocr_carea' id='block_1_89' title="bbox 254 5682 1849 5751">
    <p class='ocr_par' dir='ltr' id='par_1_89' title="bbox 254 5682 1849 5751">
     <span class='ocr_line' id='line_1_89' title="bbox 254 5682 1849 5751; baseline 0.004 -19"><span class='ocrx_word' id='word_1_684' title='bbox 254 5696 562 5736; x_wconf 82' lang='lat' dir='ltr'><strong>matutinum</strong></span> <span class='ocrx_word' id='word_1_685' title='bbox 586 5682 899 5747; x_wconf 78' lang='lat' dir='ltr'><strong>sacri/mum</strong></span> <span class='ocrx_word' id='word_1_686' title='bbox 928 5684 1059 5751; x_wconf 81' lang='lat' dir='ltr'><strong>iquts</strong></span> <span class='ocrx_word' id='word_1_687' title='bbox 1082 5682 1371 5737; x_wconf 61' lang='lat' dir='ltr'><strong>ext-actione</strong></span> <span class='ocrx_word' id='word_1_688' title='bbox 1397 5682 1849 5740; x_wconf 15' lang='lat' dir='ltr'><strong>tlevorabat.rl’cs-</strong></span> 
     </span>
    </p>
   </div>
   <div class='ocr_carea' id='block_1_90' title="bbox 253 5753 1843 5823">
    <p class='ocr_par' dir='ltr' id='par_1_90' title="bbox 253 5753 1843 5823">
     <span class='ocr_line' id='line_1_90' title="bbox 253 5753 1843 5823; baseline 0.001 -16"><span class='ocrx_word' id='word_1_689' title='bbox 253 5771 367 5816; x_wconf 73' lang='lat' dir='ltr'><strong>perc</strong></span> <span class='ocrx_word' id='word_1_690' title='bbox 390 5769 564 5807; x_wconf 73' lang='lat' dir='ltr'><strong>autem</strong></span> <span class='ocrx_word' id='word_1_691' title='bbox 595 5753 720 5813; x_wconf 84' lang='lat' dir='ltr'><strong>tttei,</strong></span> <span class='ocrx_word' id='word_1_692' title='bbox 754 5756 1120 5806; x_wconf 79' lang='lat' dir='ltr'><strong>consummatis</strong></span> <span class='ocrx_word' id='word_1_693' title='bbox 1158 5756 1450 5823; x_wconf 76' lang='lat' dir='ltr'><strong>sacriﬁciis.</strong></span> <span class='ocrx_word' id='word_1_694' title='bbox 1476 5766 1524 5810; x_wconf 88' lang='lat' dir='ltr'><strong>ct</strong></span> <span class='ocrx_word' id='word_1_695' title='bbox 1555 5757 1843 5809; x_wconf 63' lang='lat' dir='ltr'><strong>hostiarum</strong></span> 
     </span>
    </p>
   </div>
   <div class='ocr_carea' id='block_1_91' title="bbox 247 5823 1844 5897">
    <p class='ocr_par' dir='ltr' id='par_1_91' title="bbox 247 5823 1844 5897">
     <span class='ocr_line' id='line_1_91' title="bbox 247 5823 1844 5897; baseline -0.001 -15"><span class='ocrx_word' id='word_1_696' title='bbox 247 5841 566 5896; x_wconf 72' lang='grc' dir='ltr'><strong>ςιεγενιοηιω</strong></span> <span class='ocrx_word' id='word_1_697' title='bbox 594 5835 724 5879; x_wconf 78' lang='lat' dir='ltr'><strong>inter</strong></span> <span class='ocrx_word' id='word_1_698' title='bbox 750 5823 1053 5882; x_wconf 59' lang='lat' dir='ltr'><strong>Saccrdotvs</strong></span> <span class='ocrx_word' id='word_1_699' title='bbox 1081 5835 1126 5880; x_wconf 90' lang='lat' dir='ltr'><strong>ct</strong></span> <span class='ocrx_word' id='word_1_700' title='bbox 1156 5826 1381 5893; x_wconf 79' lang='lat' dir='ltr'><strong>Lctitas,</strong></span> <span class='ocrx_word' id='word_1_701' title='bbox 1418 5844 1477 5881; x_wconf 88' lang='lat' dir='ltr'><strong>ea</strong></span> <span class='ocrx_word' id='word_1_702' title='bbox 1506 5843 1619 5897; x_wconf 84' lang='lat' dir='ltr'><strong>qutv</strong></span> <span class='ocrx_word' id='word_1_703' title='bbox 1639 5829 1844 5881; x_wconf 85' lang='lat' dir='ltr'><strong>residua</strong></span> 
     </span>
    </p>
   </div>
   <div class='ocr_carea' id='block_1_92' title="bbox 1948 3273 3544 3348">
    <p class='ocr_par' dir='ltr' id='par_1_92' title="bbox 1948 3273 3544 3348">
     <span class='ocr_line' id='line_1_92' title="bbox 1948 3273 3544 3348; baseline 0.004 -22"><span class='ocrx_word' id='word_1_704' title='bbox 1948 3273 2100 3326; x_wconf 85' lang='lat' dir='ltr'><strong>suis:</strong></span> <span class='ocrx_word' id='word_1_705' title='bbox 2134 3274 2223 3341; x_wconf 89' lang='lat' dir='ltr'><strong>qui</strong></span> <span class='ocrx_word' id='word_1_706' title='bbox 2257 3273 2308 3327; x_wconf 93' lang='lat' dir='ltr'><strong>in</strong></span> <span class='ocrx_word' id='word_1_707' title='bbox 2341 3273 2517 3328; x_wconf 82' lang='lat' dir='ltr'><strong>lsacar</strong></span> <span class='ocrx_word' id='word_1_708' title='bbox 2546 3276 2706 3329; x_wconf 88' lang='lat' dir='ltr'><strong>etiam</strong></span> <span class='ocrx_word' id='word_1_709' title='bbox 2755 3277 3057 3330; x_wconf 88' lang='lat' dir='ltr'><strong>mercedem</strong></span> <span class='ocrx_word' id='word_1_710' title='bbox 3108 3277 3371 3332; x_wconf 90' lang='lat' dir='ltr'><strong>bonorum</strong></span> <span class='ocrx_word' id='word_1_711' title='bbox 3412 3294 3544 3348; x_wconf 84' lang='lat' dir='ltr'><strong>ope-</strong></span> 
     </span>
    </p>
   </div>
   <div class='ocr_carea' id='block_1_93' title="bbox 1947 3365 3540 3437">
    <p class='ocr_par' dir='ltr' id='par_1_93' title="bbox 1947 3365 3540 3437">
     <span class='ocr_line' id='line_1_93' title="bbox 1947 3365 3540 3437; baseline 0.002 -19"><span class='ocrx_word' id='word_1_712' title='bbox 1947 3379 2066 3419; x_wconf 88' lang='lat' dir='ltr'><strong>rum</strong></span> <span class='ocrx_word' id='word_1_713' title='bbox 2112 3374 2428 3430; x_wconf 74' lang='lat' dir='ltr'><strong>exspectat,</strong></span> <span class='ocrx_word' id='word_1_714' title='bbox 2478 3365 2530 3419; x_wconf 93' lang='lat' dir='ltr'><strong>iu</strong></span> <span class='ocrx_word' id='word_1_715' title='bbox 2578 3367 2685 3419; x_wconf 84' lang='lat' dir='ltr'><strong>Dan</strong></span> <span class='ocrx_word' id='word_1_716' title='bbox 2714 3366 2986 3435; x_wconf 78' lang='lat' dir='ltr'><strong>iudicandi</strong></span> <span class='ocrx_word' id='word_1_717' title='bbox 3018 3384 3081 3423; x_wconf 89' lang='lat' dir='ltr'><strong>ac</strong></span> <span class='ocrx_word' id='word_1_718' title='bbox 3113 3369 3399 3437; x_wconf 85' lang='lat' dir='ltr'><strong>separandi</strong></span> <span class='ocrx_word' id='word_1_719' title='bbox 3444 3370 3540 3422; x_wconf 85' lang='lat' dir='ltr'><strong>bo-</strong></span> 
     </span>
    </p>
   </div>
   <div class='ocr_carea' id='block_1_94' title="bbox 1950 3458 3543 3527">
    <p class='ocr_par' dir='ltr' id='par_1_94' title="bbox 1950 3458 3543 3527">
     <span class='ocr_line' id='line_1_94' title="bbox 1950 3458 3543 3527; baseline 0.002 -16"><span class='ocrx_word' id='word_1_720' title='bbox 1950 3473 2077 3511; x_wconf 91' lang='lat' dir='ltr'><strong>num</strong></span> <span class='ocrx_word' id='word_1_721' title='bbox 2106 3472 2137 3511; x_wconf 87' lang='lat' dir='ltr'><strong>a</strong></span> <span class='ocrx_word' id='word_1_722' title='bbox 2171 3458 2313 3511; x_wconf 82' lang='lat' dir='ltr'><strong>nialo</strong></span> <span class='ocrx_word' id='word_1_723' title='bbox 2333 3499 2347 3519; x_wconf 95' lang='lat'><strong>,</strong></span> <span class='ocrx_word' id='word_1_724' title='bbox 2382 3465 2439 3511; x_wconf 91' lang='lat' dir='ltr'><strong>et</strong></span> <span class='ocrx_word' id='word_1_725' title='bbox 2468 3458 2822 3527; x_wconf 75' lang='lat' dir='ltr'><strong>cogitationes</strong></span> <span class='ocrx_word' id='word_1_726' title='bbox 2852 3474 2913 3511; x_wconf 87' lang='lat' dir='ltr'><strong>ac</strong></span> <span class='ocrx_word' id='word_1_727' title='bbox 2941 3459 3161 3524; x_wconf 88' lang='lat' dir='ltr'><strong>spiritus</strong></span> <span class='ocrx_word' id='word_1_728' title='bbox 3199 3459 3543 3515; x_wconf 82' lang='lat' dir='ltr'><strong>discernendi</strong></span> 
     </span>
    </p>
   </div>
   <div class='ocr_carea' id='block_1_95' title="bbox 1948 3550 3544 3619">
    <p class='ocr_par' dir='ltr' id='par_1_95' title="bbox 1948 3550 3544 3619">
     <span class='ocr_line' id='line_1_95' title="bbox 1948 3550 3544 3619; baseline 0.004 -16"><span class='ocrx_word' id='word_1_729' title='bbox 1948 3551 2176 3619; x_wconf 77' lang='lat' dir='ltr'><strong>gratiam</strong></span> <span class='ocrx_word' id='word_1_730' title='bbox 2209 3551 2419 3619; x_wconf 87' lang='lat' dir='ltr'><strong>accepit</strong></span> <span class='ocrx_word' id='word_1_731' title='bbox 2450 3567 2463 3604; x_wconf 89' lang='lat'><strong>:</strong></span> <span class='ocrx_word' id='word_1_732' title='bbox 2494 3552 2581 3612; x_wconf 81' lang='lat' dir='ltr'><strong>qui</strong></span> <span class='ocrx_word' id='word_1_733' title='bbox 2627 3552 2677 3603; x_wconf 93' lang='lat' dir='ltr'><strong>in</strong></span> <span class='ocrx_word' id='word_1_734' title='bbox 2707 3550 2819 3605; x_wconf 82' lang='lat' dir='ltr'><strong>Gad</strong></span> <span class='ocrx_word' id='word_1_735' title='bbox 2851 3552 3014 3606; x_wconf 84' lang='lat' dir='ltr'><strong>etiam</strong></span> <span class='ocrx_word' id='word_1_736' title='bbox 3056 3552 3109 3605; x_wconf 89' lang='lat' dir='ltr'><strong>in</strong></span> <span class='ocrx_word' id='word_1_737' title='bbox 3150 3553 3544 3609; x_wconf 84' lang='lat' dir='ltr'><strong>tentationibus</strong></span> 
     </span>
    </p>
   </div>
   <div class='ocr_carea' id='block_1_96' title="bbox 1949 3642 3543 3712">
    <p class='ocr_par' dir='ltr' id='par_1_96' title="bbox 1949 3642 3543 3712">
     <span class='ocr_line' id='line_1_96' title="bbox 1949 3642 3543 3712; baseline 0.002 -16"><span class='ocrx_word' id='word_1_738' title='bbox 1949 3642 2241 3712; x_wconf 87' lang='lat' dir='ltr'><strong>probabilis</strong></span> <span class='ocrx_word' id='word_1_739' title='bbox 2273 3644 2582 3698; x_wconf 74' lang='lat' dir='ltr'><strong>invenitur:</strong></span> <span class='ocrx_word' id='word_1_740' title='bbox 2636 3645 2688 3697; x_wconf 88' lang='lat' dir='ltr'><strong>in</strong></span> <span class='ocrx_word' id='word_1_741' title='bbox 2740 3648 2875 3697; x_wconf 84' lang='lat' dir='ltr'><strong>Aser</strong></span> <span class='ocrx_word' id='word_1_742' title='bbox 2920 3646 3082 3699; x_wconf 86' lang='lat' dir='ltr'><strong>etiam</strong></span> <span class='ocrx_word' id='word_1_743' title='bbox 3110 3655 3165 3699; x_wconf 87' lang='lat' dir='ltr'><strong>et</strong></span> <span class='ocrx_word' id='word_1_744' title='bbox 3193 3648 3372 3699; x_wconf 91' lang='lat' dir='ltr'><strong>cibum</strong></span> <span class='ocrx_word' id='word_1_745' title='bbox 3404 3646 3543 3699; x_wconf 86' lang='lat' dir='ltr'><strong>divi-</strong></span> 
     </span>
    </p>
   </div>
   <div class='ocr_carea' id='block_1_97' title="bbox 1946 3739 3541 3811">
    <p class='ocr_par' dir='ltr' id='par_1_97' title="bbox 1946 3739 3541 3811">
     <span class='ocr_line' id='line_1_97' title="bbox 1946 3739 3541 3811; baseline -0.001 -17"><span class='ocrx_word' id='word_1_746' title='bbox 1946 3739 2029 3794; x_wconf 89' lang='lat' dir='ltr'><strong>dit</strong></span> <span class='ocrx_word' id='word_1_747' title='bbox 2060 3740 2390 3809; x_wconf 83' lang='lat' dir='ltr'><strong>principihus</strong></span> <span class='ocrx_word' id='word_1_748' title='bbox 2413 3780 2430 3806; x_wconf 92' lang='lat'><strong>,</strong></span> <span class='ocrx_word' id='word_1_749' title='bbox 2479 3741 2528 3794; x_wconf 92' lang='lat' dir='ltr'><strong>id</strong></span> <span class='ocrx_word' id='word_1_750' title='bbox 2585 3750 2667 3795; x_wconf 87' lang='lat' dir='ltr'><strong>est</strong></span> <span class='ocrx_word' id='word_1_751' title='bbox 2701 3740 2968 3807; x_wconf 69' lang='lat' dir='ltr'><strong>prml&#39;eCtis</strong></span> <span class='ocrx_word' id='word_1_752' title='bbox 2996 3741 3295 3811; x_wconf 88' lang='lat' dir='ltr'><strong>quibusque</strong></span> <span class='ocrx_word' id='word_1_753' title='bbox 3324 3743 3541 3807; x_wconf 77' lang='lat' dir='ltr'><strong>sapien-</strong></span> 
     </span>
    </p>
   </div>
   <div class='ocr_carea' id='block_1_98' title="bbox 1948 3834 3546 3901">
    <p class='ocr_par' dir='ltr' id='par_1_98' title="bbox 1948 3834 3546 3901">
     <span class='ocr_line' id='line_1_98' title="bbox 1948 3834 3546 3901; baseline -0.001 -14"><span class='ocrx_word' id='word_1_754' title='bbox 1948 3835 2039 3888; x_wconf 75' lang='lat' dir='ltr'><strong>tia:</strong></span> <span class='ocrx_word' id='word_1_755' title='bbox 2065 3834 2307 3888; x_wconf 76' lang='lat' dir='ltr'><strong>exhibuit</strong></span> <span class='ocrx_word' id='word_1_756' title='bbox 2336 3835 2502 3898; x_wconf 85' lang='lat' dir='ltr'><strong>dapes</strong></span> <span class='ocrx_word' id='word_1_757' title='bbox 2528 3850 2541 3887; x_wconf 89' lang='lat'><strong>:</strong></span> <span class='ocrx_word' id='word_1_758' title='bbox 2577 3834 2629 3888; x_wconf 92' lang='lat' dir='ltr'><strong>in</strong></span> <span class='ocrx_word' id='word_1_759' title='bbox 2659 3834 3027 3901; x_wconf 84' lang='lat' dir='ltr'><strong>Nephtlialim,</strong></span> <span class='ocrx_word' id='word_1_760' title='bbox 3052 3835 3134 3890; x_wconf 85' lang='lat' dir='ltr'><strong>vel</strong></span> <span class='ocrx_word' id='word_1_761' title='bbox 3170 3834 3312 3900; x_wconf 86' lang='lat' dir='ltr'><strong>vitis,</strong></span> <span class='ocrx_word' id='word_1_762' title='bbox 3341 3834 3423 3888; x_wconf 81' lang='lat' dir='ltr'><strong>vel</strong></span> <span class='ocrx_word' id='word_1_763' title='bbox 3456 3849 3546 3888; x_wconf 80' lang='lat' dir='ltr'><strong>ar-</strong></span> 
     </span>
    </p>
   </div>
   <div class='ocr_carea' id='block_1_99' title="bbox 1950 3927 3544 3998">
    <p class='ocr_par' dir='ltr' id='par_1_99' title="bbox 1950 3927 3544 3998">
     <span class='ocr_line' id='line_1_99' title="bbox 1950 3927 3544 3998; baseline 0 -17"><span class='ocrx_word' id='word_1_764' title='bbox 1950 3929 2097 3982; x_wconf 91' lang='lat' dir='ltr'><strong>boris</strong></span> <span class='ocrx_word' id='word_1_765' title='bbox 2125 3937 2461 3984; x_wconf 83' lang='lat' dir='ltr'><strong>sacratnenta</strong></span> <span class='ocrx_word' id='word_1_766' title='bbox 2506 3927 2621 3998; x_wconf 83' lang='lat' dir='ltr'><strong>jam</strong></span> <span class='ocrx_word' id='word_1_767' title='bbox 2664 3928 2905 3998; x_wconf 71' lang='lat' dir='ltr'><strong>suscepit</strong></span> <span class='ocrx_word' id='word_1_768' title='bbox 2934 3944 2948 3985; x_wconf 87' lang='lat'><strong>:</strong></span> <span class='ocrx_word' id='word_1_769' title='bbox 2987 3928 3039 3981; x_wconf 95' lang='lat' dir='ltr'><strong>iu</strong></span> <span class='ocrx_word' id='word_1_770' title='bbox 3072 3928 3272 3997; x_wconf 68' lang='lat' dir='ltr'><strong>Ioseph</strong></span> <span class='ocrx_word' id='word_1_771' title='bbox 3322 3928 3387 3980; x_wconf 90' lang='lat' dir='ltr'><strong>ad</strong></span> <span class='ocrx_word' id='word_1_772' title='bbox 3418 3942 3544 3995; x_wconf 91' lang='lat' dir='ltr'><strong>per-</strong></span> 
     </span>
    </p>
   </div>
   <div class='ocr_carea' id='block_1_100' title="bbox 1950 4020 3546 4091">
    <p class='ocr_par' dir='ltr' id='par_1_100' title="bbox 1950 4020 3546 4091">
     <span class='ocr_line' id='line_1_100' title="bbox 1950 4020 3546 4091; baseline -0.001 -16"><span class='ocrx_word' id='word_1_773' title='bbox 1950 4020 2152 4075; x_wconf 79' lang='lat' dir='ltr'><strong>fectum</strong></span> <span class='ocrx_word' id='word_1_774' title='bbox 2183 4029 2240 4075; x_wconf 88' lang='lat' dir='ltr'><strong>et.</strong></span> <span class='ocrx_word' id='word_1_775' title='bbox 2260 4036 2530 4075; x_wconf 90' lang='lat' dir='ltr'><strong>summum</strong></span> <span class='ocrx_word' id='word_1_776' title='bbox 2573 4021 2912 4091; x_wconf 90' lang='lat' dir='ltr'><strong>perveniens.</strong></span> <span class='ocrx_word' id='word_1_777' title='bbox 2946 4021 3109 4075; x_wconf 72' lang='lat' dir='ltr'><strong>futuri</strong></span> <span class='ocrx_word' id='word_1_778' title='bbox 3134 4020 3245 4089; x_wconf 89' lang='lat' dir='ltr'><strong>jatn</strong></span> <span class='ocrx_word' id='word_1_779' title='bbox 3275 4023 3458 4074; x_wconf 69' lang='lat' dir='ltr'><strong>sreeuli</strong></span> <span class='ocrx_word' id='word_1_780' title='bbox 3488 4029 3546 4074; x_wconf 85' lang='lat' dir='ltr'><strong>et</strong></span> 
     </span>
    </p>
   </div>
   <div class='ocr_carea' id='block_1_101' title="bbox 1949 4111 3546 4181">
    <p class='ocr_par' dir='ltr' id='par_1_101' title="bbox 1949 4111 3546 4181">
     <span class='ocr_line' id='line_1_101' title="bbox 1949 4111 3546 4181; baseline -0.001 -16"><span class='ocrx_word' id='word_1_781' title='bbox 1949 4112 2371 4167; x_wconf 89' lang='lat' dir='ltr'><strong>resurrectionis</strong></span> <span class='ocrx_word' id='word_1_782' title='bbox 2414 4113 2641 4181; x_wconf 80' lang='lat' dir='ltr'><strong>gloriam</strong></span> <span class='ocrx_word' id='word_1_783' title='bbox 2694 4121 2880 4166; x_wconf 89' lang='lat' dir='ltr'><strong>tenet:</strong></span> <span class='ocrx_word' id='word_1_784' title='bbox 2916 4111 3043 4181; x_wconf 89' lang='lat' dir='ltr'><strong>quid</strong></span> <span class='ocrx_word' id='word_1_785' title='bbox 3088 4111 3248 4164; x_wconf 88' lang='lat' dir='ltr'><strong>etiam</strong></span> <span class='ocrx_word' id='word_1_786' title='bbox 3280 4111 3546 4178; x_wconf 88' lang='lat' dir='ltr'><strong>reliquum</strong></span> 
     </span>
    </p>
   </div>
   <div class='ocr_carea' id='block_1_102' title="bbox 1950 4264 3549 4335">
    <p class='ocr_par' dir='ltr' id='par_1_102' title="bbox 1950 4264 3549 4335">
     <span class='ocr_line' id='line_1_102' title="bbox 1950 4264 3549 4335; baseline -0.001 -17"><span class='ocrx_word' id='word_1_787' title='bbox 1950 4277 2093 4319; x_wconf 84' lang='lat' dir='ltr'><strong>erant</strong></span> <span class='ocrx_word' id='word_1_788' title='bbox 2124 4268 2231 4334; x_wconf 84' lang='lat' dir='ltr'><strong>iqui</strong></span> <span class='ocrx_word' id='word_1_789' title='bbox 2254 4312 2268 4332; x_wconf 86' lang='lat'><strong>,</strong></span> <span class='ocrx_word' id='word_1_790' title='bbox 2303 4284 2348 4321; x_wconf 79' lang='lat' dir='ltr'><strong>et</strong></span> <span class='ocrx_word' id='word_1_791' title='bbox 2382 4284 2469 4335; x_wconf 85' lang='lat' dir='ltr'><strong>per</strong></span> <span class='ocrx_word' id='word_1_792' title='bbox 2495 4268 2619 4333; x_wconf 76' lang='lat' dir='ltr'><strong>legis</strong></span> <span class='ocrx_word' id='word_1_793' title='bbox 2666 4266 2999 4324; x_wconf 86' lang='lat' dir='ltr'><strong>mandatum.</strong></span> <span class='ocrx_word' id='word_1_794' title='bbox 3042 4267 3198 4318; x_wconf 79' lang='lat' dir='ltr'><strong>victui</strong></span> <span class='ocrx_word' id='word_1_795' title='bbox 3234 4264 3549 4317; x_wconf 80' lang='lat' dir='ltr'><strong>debebantur</strong></span> 
     </span>
    </p>
   </div>
   <div class='ocr_carea' id='block_1_103' title="bbox 1950 4336 3258 4399">
    <p class='ocr_par' dir='ltr' id='par_1_103' title="bbox 1950 4336 3258 4399">
     <span class='ocr_line' id='line_1_103' title="bbox 1950 4336 3258 4399; baseline -0.002 -9"><span class='ocrx_word' id='word_1_796' title='bbox 1950 4340 2305 4398; x_wconf 80' lang='lat' dir='ltr'><strong>sacerdotum,</strong></span> <span class='ocrx_word' id='word_1_797' title='bbox 2333 4340 2463 4390; x_wconf 85' lang='lat' dir='ltr'><strong>inter</strong></span> <span class='ocrx_word' id='word_1_798' title='bbox 2492 4355 2576 4391; x_wconf 78' lang='lat' dir='ltr'><strong>eos</strong></span> <span class='ocrx_word' id='word_1_799' title='bbox 2607 4338 2838 4390; x_wconf 78' lang='lat' dir='ltr'><strong>dividere</strong></span> <span class='ocrx_word' id='word_1_800' title='bbox 2863 4336 3111 4399; x_wconf 83' lang='lat' dir='ltr'><strong>solebant,</strong></span> <span class='ocrx_word' id='word_1_801' title='bbox 3153 4343 3258 4387; x_wconf 79' lang='lat' dir='ltr'><strong>etc.</strong></span> 
     </span>
    </p>
   </div>
   <div class='ocr_carea' id='block_1_104' title="bbox 2029 4403 3544 4476">
    <p class='ocr_par' dir='ltr' id='par_1_104' title="bbox 2029 4403 3544 4476">
     <span class='ocr_line' id='line_1_104' title="bbox 2029 4403 3544 4476; baseline -0.002 -14"><span class='ocrx_word' id='word_1_802' title='bbox 2029 4419 2051 4445; x_wconf 88' lang='lat'><strong>“-</strong></span> <span class='ocrx_word' id='word_1_803' title='bbox 2081 4410 2311 4462; x_wconf 74' lang='lat' dir='ltr'><strong>Ltttttlztti</strong></span> <span class='ocrx_word' id='word_1_804' title='bbox 2338 4426 2459 4461; x_wconf 69' lang='lat' dir='ltr'><strong>cum</strong></span> <span class='ocrx_word' id='word_1_805' title='bbox 2484 4412 2600 4475; x_wconf 61' lang='lat' dir='ltr'><strong>prio</strong></span> <span class='ocrx_word' id='word_1_806' title='bbox 2624 4409 2669 4459; x_wconf 88' lang='lat' dir='ltr'><strong>is</strong></span> <span class='ocrx_word' id='word_1_807' title='bbox 2696 4418 2917 4474; x_wconf 81' lang='lat' dir='ltr'><strong>possunt</strong></span> <span class='ocrx_word' id='word_1_808' title='bbox 2940 4407 3202 4476; x_wconf 83' lang='lat' dir='ltr'><strong>Origenes</strong></span> <span class='ocrx_word' id='word_1_809' title='bbox 3231 4403 3424 4458; x_wconf 88' lang='lat' dir='ltr'><strong>llomil.</strong></span> <span class='ocrx_word' id='word_1_810' title='bbox 3455 4404 3544 4460; x_wconf 83' lang='lat' dir='ltr'><strong>IV.</strong></span> 
     </span>
    </p>
   </div>
   <div class='ocr_carea' id='block_1_105' title="bbox 1955 4476 3548 4541">
    <p class='ocr_par' dir='ltr' id='par_1_105' title="bbox 1955 4476 3548 4541">
     <span class='ocr_line' id='line_1_105' title="bbox 1955 4476 3548 4541; baseline 0.001 -10"><span class='ocrx_word' id='word_1_811' title='bbox 1955 4479 2009 4532; x_wconf 94' lang='lat' dir='ltr'><strong>iu</strong></span> <span class='ocrx_word' id='word_1_812' title='bbox 2047 4480 2318 4541; x_wconf 68' lang='lat' dir='ltr'><strong>Ezechie&#39;,</strong></span> <span class='ocrx_word' id='word_1_813' title='bbox 2350 4479 2715 4532; x_wconf 87' lang='lat' dir='ltr'><strong>Tertulliauus</strong></span> <span class='ocrx_word' id='word_1_814' title='bbox 2740 4485 2927 4531; x_wconf 89' lang='lat' dir='ltr'><strong>contra</strong></span> <span class='ocrx_word' id='word_1_815' title='bbox 2970 4476 3295 4531; x_wconf 79' lang='lat' dir='ltr'><strong>Marcionem</strong></span> <span class='ocrx_word' id='word_1_816' title='bbox 3354 4476 3449 4531; x_wconf 90' lang='lat' dir='ltr'><strong>lib.</strong></span> <span class='ocrx_word' id='word_1_817' title='bbox 3482 4476 3548 4533; x_wconf 79' lang='grc' dir='ltr'>γ.</span> 
     </span>
    </p>
   </div>
   <div class='ocr_carea' id='block_1_106' title="bbox 1873 4534 3551 4621">
    <p class='ocr_par' dir='ltr' id='par_1_106' title="bbox 1873 4534 3551 4621">
     <span class='ocr_line' id='line_1_106' title="bbox 1873 4534 3551 4621; baseline -0.001 -18"><span class='ocrx_word' id='word_1_818' title='bbox 1873 4534 1928 4596; x_wconf 77' lang='grc' dir='ltr'><strong>Ι)</strong></span> <span class='ocrx_word' id='word_1_819' title='bbox 1954 4564 2077 4621; x_wconf 88' lang='lat' dir='ltr'><strong>cap.</strong></span> <span class='ocrx_word' id='word_1_820' title='bbox 2112 4555 2163 4603; x_wconf 81' lang='grc'><strong>1.</strong></span> <span class='ocrx_word' id='word_1_821' title='bbox 2194 4552 2251 4602; x_wconf 82' lang='lat' dir='ltr'><strong>S.</strong></span> <span class='ocrx_word' id='word_1_822' title='bbox 2277 4534 2593 4621; x_wconf 47' lang='lat' dir='ltr'><strong>A&#39;tubrosius</strong></span> <span class='ocrx_word' id='word_1_823' title='bbox 2622 4549 2672 4602; x_wconf 92' lang='lat' dir='ltr'><strong>in</strong></span> <span class='ocrx_word' id='word_1_824' title='bbox 2697 4548 2837 4621; x_wconf 89' lang='lat' dir='ltr'><strong>hunc</strong></span> <span class='ocrx_word' id='word_1_825' title='bbox 2861 4547 3057 4621; x_wconf 74' lang='lat' dir='ltr'><strong>locum,</strong></span> <span class='ocrx_word' id='word_1_826' title='bbox 3081 4546 3551 4621; x_wconf 13' lang='lat' dir='ltr'><strong>Srsllieronymus,</strong></span> 
     </span>
    </p>
   </div>
   <div class='ocr_carea' id='block_1_107' title="bbox 1953 4617 3551 4689">
    <p class='ocr_par' dir='ltr' id='par_1_107' title="bbox 1953 4617 3551 4689">
     <span class='ocr_line' id='line_1_107' title="bbox 1953 4617 3551 4689; baseline 0 -17"><span class='ocrx_word' id='word_1_827' title='bbox 1953 4617 2066 4689; x_wconf 77' lang='lat' dir='ltr'><strong>qui,</strong></span> <span class='ocrx_word' id='word_1_828' title='bbox 2103 4621 2292 4686; x_wconf 86' lang='lat' dir='ltr'><strong>Quam,</strong></span> <span class='ocrx_word' id='word_1_829' title='bbox 2318 4622 2390 4674; x_wconf 83' lang='lat' dir='ltr'><strong>ait</strong></span> <span class='ocrx_word' id='word_1_830' title='bbox 2443 4621 2506 4673; x_wconf 90' lang='lat' dir='ltr'><strong>de</strong></span> <span class='ocrx_word' id='word_1_831' title='bbox 2531 4617 2695 4673; x_wconf 84' lang='lat' dir='ltr'><strong>Paulo</strong></span> <span class='ocrx_word' id='word_1_832' title='bbox 2718 4618 2960 4688; x_wconf 80' lang='lat' dir='ltr'><strong>Apostolo</strong></span> <span class='ocrx_word' id='word_1_833' title='bbox 2990 4618 3404 4689; x_wconf 74' lang='lat' dir='ltr'><strong>manifestissima</strong></span> <span class='ocrx_word' id='word_1_834' title='bbox 3425 4637 3551 4689; x_wconf 85' lang='lat' dir='ltr'><strong>pro-</strong></span> 
     </span>
    </p>
   </div>
   <div class='ocr_carea' id='block_1_108' title="bbox 1955 4688 3547 4760">
    <p class='ocr_par' dir='ltr' id='par_1_108' title="bbox 1955 4688 3547 4760">
     <span class='ocr_line' id='line_1_108' title="bbox 1955 4688 3547 4760; baseline 0.003 -17"><span class='ocrx_word' id='word_1_835' title='bbox 1955 4688 2131 4755; x_wconf 77' lang='lat' dir='ltr'><strong>phetia</strong></span> <span class='ocrx_word' id='word_1_836' title='bbox 2157 4696 2259 4755; x_wconf 89' lang='lat' dir='ltr'><strong>sit,</strong></span> <span class='ocrx_word' id='word_1_837' title='bbox 2293 4691 2533 4745; x_wconf 79' lang='lat' dir='ltr'><strong>munibus</strong></span> <span class='ocrx_word' id='word_1_838' title='bbox 2572 4701 2708 4760; x_wconf 88' lang='lat' dir='ltr'><strong>patet</strong></span> <span class='ocrx_word' id='word_1_839' title='bbox 2739 4705 2759 4744; x_wconf 87' lang='lat'><strong>.&#39;</strong></span> <span class='ocrx_word' id='word_1_840' title='bbox 2785 4690 2841 4746; x_wconf 89' lang='lat' dir='ltr'><strong>S.</strong></span> <span class='ocrx_word' id='word_1_841' title='bbox 2888 4690 3182 4754; x_wconf 68' lang='lat' dir='ltr'><strong>Gregorius</strong></span> <span class='ocrx_word' id='word_1_842' title='bbox 3232 4688 3324 4744; x_wconf 83' lang='lat' dir='ltr'><strong>lib.</strong></span> <span class='ocrx_word' id='word_1_843' title='bbox 3361 4688 3547 4748; x_wconf 77' lang='lat' dir='ltr'><strong>XVI&quot;.</strong></span> 
     </span>
    </p>
   </div>
   <div class='ocr_carea' id='block_1_109' title="bbox 1952 4760 3541 4833">
    <p class='ocr_par' dir='ltr' id='par_1_109' title="bbox 1952 4760 3541 4833">
     <span class='ocr_line' id='line_1_109' title="bbox 1952 4760 3541 4833; baseline 0.002 -18"><span class='ocrx_word' id='word_1_844' title='bbox 1952 4764 2145 4818; x_wconf 78' lang='lat' dir='ltr'><strong>Illoral.</strong></span> <span class='ocrx_word' id='word_1_845' title='bbox 2174 4778 2293 4821; x_wconf 47' lang='lat' dir='ltr'><strong>calt.</strong></span> <span class='ocrx_word' id='word_1_846' title='bbox 2330 4762 2415 4817; x_wconf 80' lang='grc'>16.</span> <span class='ocrx_word' id='word_1_847' title='bbox 2448 4764 2680 4833; x_wconf 88' lang='lat' dir='ltr'><strong>denique</strong></span> <span class='ocrx_word' id='word_1_848' title='bbox 2712 4762 2944 4833; x_wconf 71' lang='lat' dir='ltr'><strong>iuedittts</strong></span> <span class='ocrx_word' id='word_1_849' title='bbox 2971 4761 3110 4827; x_wconf 88' lang='lat' dir='ltr'><strong>apud</strong></span> <span class='ocrx_word' id='word_1_850' title='bbox 3161 4776 3260 4815; x_wconf 87' lang='lat' dir='ltr'><strong>nos</strong></span> <span class='ocrx_word' id='word_1_851' title='bbox 3298 4760 3503 4818; x_wconf 79' lang='lat' dir='ltr'><strong>Auctor</strong></span> <span class='ocrx_word' id='word_1_852' title='bbox 3525 4810 3541 4833; x_wconf 85' lang='lat'><strong>,</strong></span> 
     </span>
    </p>
   </div>
   <div class='ocr_carea' id='block_1_110' title="bbox 1952 4832 3547 4904">
    <p class='ocr_par' dir='ltr' id='par_1_110' title="bbox 1952 4832 3547 4904">
     <span class='ocr_line' id='line_1_110' title="bbox 1952 4832 3547 4904; baseline 0.003 -16"><span class='ocrx_word' id='word_1_853' title='bbox 1952 4834 2316 4904; x_wconf 69' lang='lat' dir='ltr'><strong>S‘gtt&#39;ﬁc‘ttlut&#39;,</strong></span> <span class='ocrx_word' id='word_1_854' title='bbox 2342 4832 2609 4901; x_wconf 79' lang='lat' dir='ltr'><strong>inquiens,</strong></span> <span class='ocrx_word' id='word_1_855' title='bbox 2640 4834 2831 4888; x_wconf 83' lang='lat' dir='ltr'><strong>Beatus</strong></span> <span class='ocrx_word' id='word_1_856' title='bbox 2866 4832 3071 4887; x_wconf 84' lang='lat' dir='ltr'><strong>Paulus</strong></span> <span class='ocrx_word' id='word_1_857' title='bbox 3091 4836 3156 4887; x_wconf 85' lang='lat' dir='ltr'><strong>de</strong></span> <span class='ocrx_word' id='word_1_858' title='bbox 3178 4834 3359 4888; x_wconf 79' lang='lat' dir='ltr'><strong>eadem</strong></span> <span class='ocrx_word' id='word_1_859' title='bbox 3389 4832 3547 4892; x_wconf 86' lang='lat' dir='ltr'><strong>Tribtt</strong></span> 
     </span>
    </p>
   </div>
   <div class='ocr_carea' id='block_1_111' title="bbox 1950 4906 3547 4977">
    <p class='ocr_par' dir='ltr' id='par_1_111' title="bbox 1950 4906 3547 4977">
     <span class='ocr_line' id='line_1_111' title="bbox 1950 4906 3547 4977; baseline 0.004 -19"><span class='ocrx_word' id='word_1_860' title='bbox 1950 4906 2179 4977; x_wconf 80' lang='lat' dir='ltr'><strong>futurus,</strong></span> <span class='ocrx_word' id='word_1_861' title='bbox 2212 4908 2299 4971; x_wconf 85' lang='lat' dir='ltr'><strong>qui</strong></span> <span class='ocrx_word' id='word_1_862' title='bbox 2330 4922 2471 4959; x_wconf 71' lang='lat' dir='ltr'><strong>more</strong></span> <span class='ocrx_word' id='word_1_863' title='bbox 2492 4906 2603 4977; x_wconf 88' lang='lat' dir='ltr'><strong>lupi</strong></span> <span class='ocrx_word' id='word_1_864' title='bbox 2634 4908 2859 4976; x_wconf 87' lang='lat' dir='ltr'><strong>rapacis,</strong></span> <span class='ocrx_word' id='word_1_865' title='bbox 2884 4921 3054 4969; x_wconf 87' lang='lat' dir='ltr'><strong>mane,</strong></span> <span class='ocrx_word' id='word_1_866' title='bbox 3078 4907 3227 4977; x_wconf 87' lang='lat' dir='ltr'><strong>idest_</strong></span> <span class='ocrx_word' id='word_1_867' title='bbox 3253 4908 3304 4959; x_wconf 86' lang='lat' dir='ltr'><strong>iu</strong></span> <span class='ocrx_word' id='word_1_868' title='bbox 3334 4907 3547 4964; x_wconf 57' lang='lat' dir='ltr'><strong>adolesd</strong></span> 
     </span>
    </p>
   </div>
   <div class='ocr_carea' id='block_1_112' title="bbox 1948 4975 3545 5045">
    <p class='ocr_par' dir='ltr' id='par_1_112' title="bbox 1948 4975 3545 5045">
     <span class='ocr_line' id='line_1_112' title="bbox 1948 4975 3545 5045; baseline 0.006 -18"><span class='ocrx_word' id='word_1_869' title='bbox 1948 4976 2115 5029; x_wconf 85' lang='lat' dir='ltr'><strong>centia</strong></span> <span class='ocrx_word' id='word_1_870' title='bbox 2144 4993 2237 5029; x_wconf 91' lang='lat' dir='ltr'><strong>sua</strong></span> <span class='ocrx_word' id='word_1_871' title='bbox 2263 4978 2502 5041; x_wconf 81' lang='lat' dir='ltr'><strong>comedit,</strong></span> <span class='ocrx_word' id='word_1_872' title='bbox 2536 4975 2926 5045; x_wconf 54' lang='lat' dir='ltr'><strong>quo&#39;tiam’dum</strong></span> <span class='ocrx_word' id='word_1_873' title='bbox 2966 4979 3018 5029; x_wconf 88' lang='lat' dir='ltr'><strong>in</strong></span> <span class='ocrx_word' id='word_1_874' title='bbox 3044 4993 3162 5030; x_wconf 79' lang='lat' dir='ltr'><strong>nece</strong></span> <span class='ocrx_word' id='word_1_875' title='bbox 3188 4975 3254 5031; x_wconf 82' lang='grc' dir='ltr'>Β.</span> <span class='ocrx_word' id='word_1_876' title='bbox 3289 4976 3545 5045; x_wconf 83' lang='lat' dir='ltr'><strong>Stephani</strong></span> 
     </span>
    </p>
   </div>
   <div class='ocr_carea' id='block_1_113' title="bbox 1947 4997 3544 5123">
    <p class='ocr_par' dir='ltr' id='par_1_113' title="bbox 1947 4997 3544 5123">
     <span class='ocr_line' id='line_1_113' title="bbox 1948 4997 3544 5045; baseline 0.006 -18"><span class='ocrx_word' id='word_1_877' title='bbox 1948 4997 2115 5029; x_wconf 76' lang='grc' dir='ltr'><strong>(εηιια</strong></span> <span class='ocrx_word' id='word_1_878' title='bbox 2144 4997 2237 5029; x_wconf 83' lang='lat' dir='ltr'><strong>sua</strong></span> <span class='ocrx_word' id='word_1_879' title='bbox 2263 4997 2502 5041; x_wconf 80' lang='grc' dir='ltr'><strong>σοηιεαιι,</strong></span> <span class='ocrx_word' id='word_1_880' title='bbox 2536 4997 2776 5045; x_wconf 67' lang='lat' dir='ltr'><strong>quo&#39;ttam</strong></span> <span class='ocrx_word' id='word_1_881' title='bbox 2800 4997 2926 5030; x_wconf 83' lang='lat' dir='ltr'><strong>aum</strong></span> <span class='ocrx_word' id='word_1_882' title='bbox 2966 4997 3018 5029; x_wconf 73' lang='grc' dir='ltr'><strong>ιη</strong></span> <span class='ocrx_word' id='word_1_883' title='bbox 3044 4997 3162 5030; x_wconf 70' lang='grc' dir='ltr'><strong>ηεσε</strong></span> <span class='ocrx_word' id='word_1_884' title='bbox 3188 4997 3254 5031; x_wconf 76' lang='grc' dir='ltr'>υ.</span> <span class='ocrx_word' id='word_1_885' title='bbox 3289 4997 3381 5033; x_wconf 72' lang='grc' dir='ltr'><strong>,διε</strong></span> <span class='ocrx_word' id='word_1_886' title='bbox 3420 4997 3544 5036; x_wconf 83' lang='lat' dir='ltr'><strong>nam</strong></span> 
     </span>
     <span class='ocr_line' id='line_1_114' title="bbox 1947 4997 3544 5123; baseline 0.004 -24"><span class='ocrx_word' id='word_1_887' title='bbox 1947 5049 2284 5123; x_wconf 69' lang='lat' dir='ltr'><strong>consentiens,</strong></span> <span class='ocrx_word' id='word_1_888' title='bbox 2317 5060 2362 5101; x_wconf 88' lang='lat' dir='ltr'><strong>et</strong></span> <span class='ocrx_word' id='word_1_889' title='bbox 2384 5047 2782 5123; x_wconf 20' lang='grc' dir='ltr'><strong>αλΡν-ἱηςὶρὶὺιιὲ</strong></span> <span class='ocrx_word' id='word_1_890' title='bbox 2822 5050 3159 5123; x_wconf 74' lang='lat' dir='ltr'><strong>Sacerdotum</strong></span> <span class='ocrx_word' id='word_1_891' title='bbox 3191 5059 3339 5119; x_wconf 86' lang='lat' dir='ltr'><strong>atque</strong></span> <span class='ocrx_word' id='word_1_892' title='bbox 3365 4997 3544 5123; x_wconf 58' lang='grc' dir='ltr'><strong>ἤειρο-</strong></span> 
     </span>
    </p>
   </div>
   <div class='ocr_carea' id='block_1_114' title="bbox 1945 5118 3543 5190">
    <p class='ocr_par' dir='ltr' id='par_1_114' title="bbox 1945 5118 3543 5190">
     <span class='ocr_line' id='line_1_115' title="bbox 1945 5118 3543 5190; baseline 0.005 -21"><span class='ocrx_word' id='word_1_893' title='bbox 1945 5118 2089 5172; x_wconf 86' lang='lat' dir='ltr'><strong>ribus</strong></span> <span class='ocrx_word' id='word_1_894' title='bbox 2119 5130 2242 5172; x_wconf 79' lang='lat' dir='ltr'><strong>natu</strong></span> <span class='ocrx_word' id='word_1_895' title='bbox 2273 5120 2451 5190; x_wconf 85' lang='lat' dir='ltr'><strong>papuli</strong></span> <span class='ocrx_word' id='word_1_896' title='bbox 2493 5120 2706 5173; x_wconf 74' lang='lat' dir='ltr'><strong>Iudaici</strong></span> <span class='ocrx_word' id='word_1_897' title='bbox 2735 5119 2998 5189; x_wconf 74' lang='lat' dir='ltr'><strong>Epistolas</strong></span> <span class='ocrx_word' id='word_1_898' title='bbox 3030 5121 3082 5173; x_wconf 81' lang='lat' dir='ltr'><strong>in</strong></span> <span class='ocrx_word' id='word_1_899' title='bbox 3116 5118 3465 5188; x_wconf 60' lang='lat' dir='ltr'><strong>Damascum,</strong></span> <span class='ocrx_word' id='word_1_900' title='bbox 3492 5134 3543 5177; x_wconf 83' lang='lat' dir='ltr'><strong>et</strong></span> 
     </span>
    </p>
   </div>
   <div class='ocr_carea' id='block_1_115' title="bbox 1946 5191 3543 5260">
    <p class='ocr_par' dir='ltr' id='par_1_115' title="bbox 1946 5191 3543 5260">
     <span class='ocr_line' id='line_1_116' title="bbox 1946 5191 3543 5260; baseline 0.004 -20"><span class='ocrx_word' id='word_1_901' title='bbox 1946 5191 2014 5241; x_wconf 91' lang='lat' dir='ltr'><strong>atl</strong></span> <span class='ocrx_word' id='word_1_902' title='bbox 2034 5198 2243 5243; x_wconf 61' lang='lat' dir='ltr'><strong>crateras</strong></span> <span class='ocrx_word' id='word_1_903' title='bbox 2264 5194 2492 5245; x_wconf 79' lang='lat' dir='ltr'><strong>civitates</strong></span> <span class='ocrx_word' id='word_1_904' title='bbox 2513 5193 2784 5260; x_wconf 87' lang='lat' dir='ltr'><strong>accipiens.</strong></span> <span class='ocrx_word' id='word_1_905' title='bbox 2810 5202 2929 5257; x_wconf 89' lang='lat' dir='ltr'><strong>quot</strong></span> <span class='ocrx_word' id='word_1_906' title='bbox 2951 5201 3153 5245; x_wconf 81' lang='lat' dir='ltr'><strong>sanctus</strong></span> <span class='ocrx_word' id='word_1_907' title='bbox 3175 5192 3372 5245; x_wconf 86' lang='lat' dir='ltr'><strong>diversa</strong></span> <span class='ocrx_word' id='word_1_908' title='bbox 3404 5196 3543 5247; x_wconf 77' lang='lat' dir='ltr'><strong>ctrde</strong></span> 
     </span>
    </p>
   </div>
   <div class='ocr_carea' id='block_1_116' title="bbox 1946 5260 3541 5334">
    <p class='ocr_par' dir='ltr' id='par_1_116' title="bbox 1946 5260 3541 5334">
     <span class='ocr_line' id='line_1_117' title="bbox 1946 5260 3541 5334; baseline 0.001 -21"><span class='ocrx_word' id='word_1_909' title='bbox 1946 5260 2209 5324; x_wconf 81' lang='lat' dir='ltr'><strong>laceravit,</strong></span> <span class='ocrx_word' id='word_1_910' title='bbox 2241 5273 2312 5316; x_wconf 93' lang='lat' dir='ltr'><strong>tot</strong></span> <span class='ocrx_word' id='word_1_911' title='bbox 2342 5263 2489 5334; x_wconf 84' lang='lat' dir='ltr'><strong>quasi</strong></span> <span class='ocrx_word' id='word_1_912' title='bbox 2518 5261 2671 5332; x_wconf 90' lang='lat' dir='ltr'><strong>lupus</strong></span> <span class='ocrx_word' id='word_1_913' title='bbox 2698 5279 2862 5334; x_wconf 72' lang='lat' dir='ltr'><strong>rapam</strong></span> <span class='ocrx_word' id='word_1_914' title='bbox 2891 5263 3095 5331; x_wconf 66' lang='lat' dir='ltr'><strong>privatas</strong></span> <span class='ocrx_word' id='word_1_915' title='bbox 3120 5263 3359 5315; x_wconf 85' lang='lat' dir='ltr'><strong>comedit.</strong></span> <span class='ocrx_word' id='word_1_916' title='bbox 3390 5264 3541 5315; x_wconf 81' lang='lat' dir='ltr'><strong>Atta-</strong></span> 
     </span>
    </p>
   </div>
   <div class='ocr_carea' id='block_1_117' title="bbox 1946 5332 3540 5401">
    <p class='ocr_par' dir='ltr' id='par_1_117' title="bbox 1946 5332 3540 5401">
     <span class='ocr_line' id='line_1_118' title="bbox 1946 5332 3540 5401; baseline 0.003 -20"><span class='ocrx_word' id='word_1_917' title='bbox 1946 5346 2059 5401; x_wconf 86' lang='lat' dir='ltr'><strong>men</strong></span> <span class='ocrx_word' id='word_1_918' title='bbox 2118 5349 2174 5386; x_wconf 85' lang='lat' dir='ltr'><strong>ve</strong></span> <span class='ocrx_word' id='word_1_919' title='bbox 2203 5349 2322 5399; x_wconf 89' lang='lat' dir='ltr'><strong>pere</strong></span> <span class='ocrx_word' id='word_1_920' title='bbox 2367 5332 2536 5399; x_wconf 82' lang='lat' dir='ltr'><strong>spolia</strong></span> <span class='ocrx_word' id='word_1_921' title='bbox 2577 5332 2787 5395; x_wconf 28' lang='lat' dir='ltr'><strong>tlitisit‘,</strong></span> <span class='ocrx_word' id='word_1_922' title='bbox 2832 5335 3039 5401; x_wconf 87' lang='lat' dir='ltr'><strong>quando</strong></span> <span class='ocrx_word' id='word_1_923' title='bbox 3082 5341 3366 5401; x_wconf 84' lang='lat' dir='ltr'><strong>prostratus</strong></span> <span class='ocrx_word' id='word_1_924' title='bbox 3419 5347 3540 5386; x_wconf 87' lang='lat' dir='ltr'><strong>voce</strong></span> 
     </span>
    </p>
   </div>
   <div class='ocr_carea' id='block_1_118' title="bbox 1952 5400 3537 5466">
    <p class='ocr_par' dir='ltr' id='par_1_118' title="bbox 1952 5400 3537 5466">
     <span class='ocr_line' id='line_1_119' title="bbox 1952 5400 3537 5466; baseline 0.001 -13"><span class='ocrx_word' id='word_1_925' title='bbox 1952 5400 2219 5456; x_wconf 83' lang='lat' dir='ltr'><strong>Dominica</strong></span> <span class='ocrx_word' id='word_1_926' title='bbox 2240 5416 2284 5456; x_wconf 87' lang='lat' dir='ltr'><strong>ct</strong></span> <span class='ocrx_word' id='word_1_927' title='bbox 2302 5406 2511 5466; x_wconf 75' lang='lat' dir='ltr'><strong>visione,</strong></span> <span class='ocrx_word' id='word_1_928' title='bbox 2541 5402 2807 5457; x_wconf 76' lang='lat' dir='ltr'><strong>Fideltbus</strong></span> <span class='ocrx_word' id='word_1_929' title='bbox 2831 5400 2966 5456; x_wconf 86' lang='lat' dir='ltr'><strong>intra</strong></span> <span class='ocrx_word' id='word_1_930' title='bbox 2989 5412 3220 5456; x_wconf 83' lang='lat' dir='ltr'><strong>sanctam</strong></span> <span class='ocrx_word' id='word_1_931' title='bbox 3251 5400 3537 5455; x_wconf 79' lang='lat' dir='ltr'><strong>Ecclesium</strong></span> 
     </span>
    </p>
   </div>
   <div class='ocr_carea' id='block_1_119' title="bbox 1948 5471 3539 5544">
    <p class='ocr_par' dir='ltr' id='par_1_119' title="bbox 1948 5471 3539 5544">
     <span class='ocr_line' id='line_1_120' title="bbox 1948 5471 3539 5544; baseline 0.003 -22"><span class='ocrx_word' id='word_1_932' title='bbox 1948 5476 2239 5527; x_wconf 64' lang='lat' dir='ltr'><strong>constitutis</strong></span> <span class='ocrx_word' id='word_1_933' title='bbox 2287 5492 2512 5544; x_wconf 86' lang='lat' dir='ltr'><strong>congrua</strong></span> <span class='ocrx_word' id='word_1_934' title='bbox 2566 5477 2753 5529; x_wconf 76' lang='lat' dir='ltr'><strong>d.viuw</strong></span> <span class='ocrx_word' id='word_1_935' title='bbox 2781 5475 3029 5526; x_wconf 85' lang='lat' dir='ltr'><strong>alimonia</strong></span> <span class='ocrx_word' id='word_1_936' title='bbox 3072 5472 3316 5525; x_wconf 79' lang='lat' dir='ltr'><strong>doctrina:</strong></span> <span class='ocrx_word' id='word_1_937' title='bbox 3359 5471 3539 5527; x_wconf 76' lang='lat' dir='ltr'><strong>distri~</strong></span> 
     </span>
    </p>
   </div>
   <div class='ocr_carea' id='block_1_120' title="bbox 1949 5544 2216 5605">
    <p class='ocr_par' dir='ltr' id='par_1_120' title="bbox 1949 5544 2216 5605">
     <span class='ocr_line' id='line_1_121' title="bbox 1949 5544 2216 5605; baseline 0.015 -9"><span class='ocrx_word' id='word_1_938' title='bbox 1949 5544 2077 5605; x_wconf 87' lang='lat' dir='ltr'><strong>bait,</strong></span> <span class='ocrx_word' id='word_1_939' title='bbox 2110 5556 2216 5600; x_wconf 89' lang='lat' dir='ltr'><strong>etc.</strong></span> 
     </span>
    </p>
   </div>
   <div class='ocr_carea' id='block_1_121' title="bbox 2017 5610 3533 5684">
    <p class='ocr_par' dir='ltr' id='par_1_121' title="bbox 2017 5610 3533 5684">
     <span class='ocr_line' id='line_1_122' title="bbox 2017 5610 3533 5684; baseline 0.001 -15"><span class='ocrx_word' id='word_1_940' title='bbox 2017 5610 2045 5649; x_wconf 69' lang='grc' dir='ltr'>ἀ</span> <span class='ocrx_word' id='word_1_941' title='bbox 2085 5614 2452 5684; x_wconf 87' lang='lat' dir='ltr'><strong>Supplendum</strong></span> <span class='ocrx_word' id='word_1_942' title='bbox 2488 5615 2697 5669; x_wconf 89' lang='lat' dir='ltr'><strong>videtur</strong></span> <span class='ocrx_word' id='word_1_943' title='bbox 2725 5614 2867 5667; x_wconf 88' lang='lat' dir='ltr'><strong>salva</strong></span> <span class='ocrx_word' id='word_1_944' title='bbox 2894 5614 2988 5684; x_wconf 70' lang='lat' dir='ltr'><strong>erit</strong></span> <span class='ocrx_word' id='word_1_945' title='bbox 3007 5651 3023 5674; x_wconf 91' lang='lat'><strong>,</strong></span> <span class='ocrx_word' id='word_1_946' title='bbox 3046 5620 3147 5684; x_wconf 78' lang='lat' dir='ltr'><strong>aut</strong></span> <span class='ocrx_word' id='word_1_947' title='bbox 3176 5612 3303 5680; x_wconf 83' lang='lat' dir='ltr'><strong>quid</strong></span> <span class='ocrx_word' id='word_1_948' title='bbox 3336 5612 3533 5673; x_wconf 89' lang='lat' dir='ltr'><strong>simile.</strong></span> 
     </span>
    </p>
   </div>
   <div class='ocr_carea' id='block_1_122' title="bbox 2023 5682 3531 5752">
    <p class='ocr_par' dir='ltr' id='par_1_122' title="bbox 2023 5682 3531 5752">
     <span class='ocr_line' id='line_1_123' title="bbox 2023 5682 3531 5752; baseline 0.001 -12"><span class='ocrx_word' id='word_1_949' title='bbox 2023 5694 2047 5723; x_wconf 82' lang='lat'><strong><em>°</em></strong></span> <span class='ocrx_word' id='word_1_950' title='bbox 2089 5682 2445 5740; x_wconf 23' lang='lat' dir='ltr'><strong>Aut‘verbum</strong></span> <span class='ocrx_word' id='word_1_951' title='bbox 2497 5686 2615 5740; x_wconf 90' lang='lat' dir='ltr'><strong>heic</strong></span> <span class='ocrx_word' id='word_1_952' title='bbox 2654 5684 2867 5752; x_wconf 89' lang='lat' dir='ltr'><strong>aliquod</strong></span> <span class='ocrx_word' id='word_1_953' title='bbox 2908 5682 3261 5743; x_wconf 86' lang='lat' dir='ltr'><strong>desideratur,</strong></span> <span class='ocrx_word' id='word_1_954' title='bbox 3297 5694 3389 5736; x_wconf 91' lang='lat' dir='ltr'><strong>aut</strong></span> <span class='ocrx_word' id='word_1_955' title='bbox 3430 5703 3531 5742; x_wconf 85' lang='lat' dir='ltr'><strong>non</strong></span> 
     </span>
    </p>
   </div>
   <div class='ocr_carea' id='block_1_123' title="bbox 1948 5753 3545 5826">
    <p class='ocr_par' dir='ltr' id='par_1_123' title="bbox 1948 5753 3545 5826">
     <span class='ocr_line' id='line_1_124' title="bbox 1948 5753 3545 5826; baseline 0.003 -18"><span class='ocrx_word' id='word_1_956' title='bbox 1948 5758 2200 5823; x_wconf 71' lang='lat' dir='ltr'><strong>pervenit,</strong></span> <span class='ocrx_word' id='word_1_957' title='bbox 2238 5772 2335 5826; x_wconf 90' lang='lat' dir='ltr'><strong>pro</strong></span> <span class='ocrx_word' id='word_1_958' title='bbox 2376 5756 2652 5825; x_wconf 83' lang='lat' dir='ltr'><strong>pervenerit</strong></span> <span class='ocrx_word' id='word_1_959' title='bbox 2685 5753 2965 5822; x_wconf 81' lang='lat' dir='ltr'><strong>legendum</strong></span> <span class='ocrx_word' id='word_1_960' title='bbox 2994 5761 3095 5808; x_wconf 86' lang='lat' dir='ltr'><strong>est.</strong></span> <span class='ocrx_word' id='word_1_961' title='bbox 3143 5753 3363 5809; x_wconf 86' lang='lat' dir='ltr'><strong>Leviora</strong></span> <span class='ocrx_word' id='word_1_962' title='bbox 3400 5757 3545 5814; x_wconf 69' lang='lat' dir='ltr'><strong>iule—</strong></span> 
     </span>
    </p>
   </div>
   <div class='ocr_carea' id='block_1_124' title="bbox 1946 5828 2606 5893">
    <p class='ocr_par' dir='ltr' id='par_1_124' title="bbox 1946 5828 2606 5893">
     <span class='ocr_line' id='line_1_125' title="bbox 1946 5828 2606 5893; baseline -0.002 -15"><span class='ocrx_word' id='word_1_963' title='bbox 1946 5828 2058 5883; x_wconf 90' lang='lat' dir='ltr'><strong>rius</strong></span> <span class='ocrx_word' id='word_1_964' title='bbox 2087 5828 2229 5882; x_wconf 86' lang='lat' dir='ltr'><strong>taciti</strong></span> <span class='ocrx_word' id='word_1_965' title='bbox 2261 5829 2606 5893; x_wconf 79' lang='lat' dir='ltr'><strong>castigamus.</strong></span> 
     </span>
    </p>
   </div>
  </div>
