4078 6346
545 345 691 416 sar;

1599 332 1824 388 liU‘FltVl
1870 329 2350 397 AQUILEIENSlS
2392 327 2820 384 PIiESliYTEliI

3736 311 3844 374 356

575 469 657 512 est
704 458 757 509 in
802 453 1079 522 Bcnjatni—n
1116 452 1304 511 «ιιι-δε,
1341 457 1394 500 et
1429 455 1776 515 posteaquam
1811 444 1972 497 veluti
2004 445 2174 514 lupus
2187 451 2238 507 Α
2264 445 2430 499 futuri
2463 445 2608 513 regni
2641 439 3074 510 designaverint:
3107 451 3227 508 qua:
3256 443 3476 506 propter
3508 435 3848 501 interiorem,

577 548 907 603 esuriensct
938 559 1095 611 rapax
1127 541 1338 608 diripuit
1367 553 1588 608 regnum
1621 539 1897 600 mulorum,
1932 544 1988 588 et
2009 535 2153 588 inva-

578 641 648 694 sit
676 656 758 704 ea,
793 653 910 706 qua:
958 637 1010 690 in
1055 636 1191 703 Lege
1239 645 1292 686 et
1342 631 1628 700 Prophetia
1658 638 1815 698 atque
1856 628 2157 697 Evangeliis

580 733 782 798 legerat
810 773 824 795 ,
856 743 1080 799 quorum
1127 725 1406 780 scientiam
1453 737 1516 776 ex
1567 730 1716 788 parte
1747 719 1831 775 hic
1859 720 2042 774 habuit
2068 720 2156 790 (ex

581 836 730 894 parte
755 825 896 878 enim
938 832 990 877 et
1043 820 1330 889 Apostofus
1381 815 1576 869 Paulus
1605 813 1806 868 habere
1845 828 1904 867 se
1933 812 2086 881 dicit)
2111 823 2164 866 et

581 916 860 970 inmundo
907 913 1047 965 velut
1090 911 1142 964 in
1195 909 1456 961 matutino
1505 907 1710 974 positus
1753 905 1974 968 edebat,
2041 919 2161 956 cum

541 1002 546 1008 ’
584 1024 690 1062 non
719 1008 773 1060 in
809 1021 938 1075 pane
967 1005 1084 1056 solo
1118 1004 1340 1064 viveret,
1375 998 1466 1054 sed
1499 1009 1548 1052 et
1581 1000 1630 1051 in
1657 999 1800 1050 omni
1831 993 1997 1050 verbo
2029 996 2119 1049 Dei
2147 1012 2160 1047 :

537 1087 544 1092 ’
582 1101 697 1152 ha'c
751 1097 839 1150 ille
877 1095 1040 1166 [Alias
1067 1092 1182 1164 illa]
1231 1091 1302 1145 ibi
1352 1092 1557 1159 positus
1605 1090 1657 1143 in
1691 1087 2025 1159 regno,jam
2059 1102 2161 1140 non

579 1206 676 1257 per
726 1188 1000 1259 Speculum
1054 1187 1106 1240 in
1164 1187 1486 1251 aenigmate,
1536 1183 1628 1237 sed
1675 1182 1822 1237 ‘facie
1860 1182 1923 1234 ad
1974 1181 2162 1234 faciem

580 1281 835 1349 prospicit
867 1279 1110 1333 universa
1130 1317 1144 1342 ,
1190 1287 1244 1332 et
1273 1275 1460 1329 dividit
1486 1289 1548 1327 ac
1574 1274 1853 1337 discernit,
1881 1281 1934 1326 et
1966 1272 2037 1324 ibi
2070 1271 2166 1326 de-

541 1369 724 1423 'mum
779 1370 1064 1433 intelligit,
1124 1383 1245 1438 qua:
1291 1367 1343 1421 in
1395 1365 1691 1435 Scripturis
1720 1367 1918 1418 sanctis
1949 1370 2166 1431 propter

543 1477 546 1480 ’
580 1475 897 1533 praesentem
945 1465 1068 1516 vita:
1117 1471 1316 1516 statum
1366 1461 1562 1528 scripta
1593 1466 1753 1512 sunt:
1789 1473 1906 1526 qua:
1933 1456 2162 1525 gloriam

2263 553 2383 607 qua:
2409 547 2627 606 propter
2657 535 2978 617 exteriorem
3005 531 3276 587 hominem
3306 529 3449 584 dicta
3473 530 3605 594 sint,
3629 527 3702 582 ibi
3734 537 3854 583 arto

2265 630 2540 696 cognoscit
2569 628 2676 698 [AL
2709 624 3054 694 cOgnoscent]
3082 624 3313 692 plenius,
3343 636 3462 690 qttze
3497 620 3549 674 in
3583 619 3668 673 his
3696 621 3852 688 ipsis,

2268 737 2386 790 quze
2418 736 2560 774 nunc
2592 735 2688 773 nos
2721 720 3043 788 pedetentim
3082 717 3387 786 pulsamus,
3423 724 3637 768 servent
3679 711 3854 768 histo-

2269 814 2362 866 ria:
2398 811 2561 865 tidem
2591 829 2602 862 :
2632 827 2750 877 qua:
2800 810 2915 864 sola
2963 808 3275 862 Contineant
3323 817 3702 863 sacramenta:
3735 819 3855 874 qua:

2270 917 2401 956 vero
2449 901 2743 956 secundum
2793 901 3110 964 Etlniicam,
3160 911 3206 952 et
3245 897 3501 952 Moralem
3534 898 3856 966 interpreta-

2271 994 2470 1047 tionem
2504 993 2794 1062 Scriptura}
2824 993 3055 1045 debeant
3084 988 3300 1055 exponi.
3343 987 3474 1052 Quae
3520 985 3566 1040 si
3606 1000 3707 1039 nos
3733 999 3855 1053 pauo

2270 1105 2424 1160 peres
2452 1087 2694 1141 St‘ienlitl}
2725 1085 2919 1154 gratia,
2947 1091 3000 1136 et
3029 1080 3081 1135 in
3113 1095 3275 1135 carne
3297 1080 3472 1132 adhuc
3501 1077 3657 1145 positi
3681 1077 3856 1130 minus

2269 1183 2428 1252 digne
2469 1178 2735 1248 potuimus
2780 1175 3070 1243 explanare
3098 1217 3112 1239 ,
3135 1172 3352 1226 veniam
3381 1170 3574 1232 dabis;
3603 1170 3728 1237 quia
3756 1168 3857 1221 hoc

2271 1273 2443 1342 ipsum
2496 1279 2552 1323 ut
2592 1268 2912 1335 imperitiam
2947 1273 3183 1318 nostram
3228 1261 3443 1331 prodire
3479 1261 3775 1314 audeamus
3806 1261 3856 1316 in

2273 1365 2566 1432 publicum.
2601 1360 2762 1413 nimia
2791 1358 2991 1411 caritas
3026 1367 3110 1408 tua
3138 1355 3261 1406 facit
3285 1369 3298 1407 :
3326 1355 3410 1406 cui
3438 1353 3482 1406 si
3512 1366 3623 1406 non
3650 1351 3857 1405 obtem-

2271 1471 2476 1524 perem,
2507 1453 2800 1506 maximum
2837 1449 2963 1502 mihi
2995 1448 3134 1500 dona
3161 1445 3436 1500 delictum.

707 1612 3741 1649 Μ

1206 1761 3201 1933 COMMENTARIUS“

724 2066 913 2212 IN
994 2052 2120 2209 SYMBOLUM
2201 2047 3739 2200 APOSTOLORUM

1283 2317 1854 2493 .AUC'l‘liRE
1920 2314 2512 2469 TYRANNlll
2589 2301 2623 2356 ¹’
2679 2310 3104 2467 RUFINll

1397 2583 2168 2692 AQUILEIENSI
2228 2579 3024 2665 PRESBYTERO-

1776 2743 2673 2778 -———-GO=-——-—-——

663 2869 765 2938 51
793 2866 838 2917 l.
869 2861 990 2914 lllihi
1023 2858 1258 2930 quidem,
1280 2855 1590 2910 ﬁdelissime
1605 2853 1746 2921 Papa
1774 2863 1795 2891 ε
1823 2848 2175 2914 Laurenti,ad
2213 2848 2256 2906 Β
2283 2849 2581 2938 reverentia
2610 2889 2625 2912 ,
2673 2863 2830 2938 quam
2860 2846 3060 2917 ingenii
3103 2849 3521 2918 praesumptione
3551 2848 3659 2920 52
3691 2858 3865 2906 tenta-

590 2956 932 3012 scribvndum
965 2954 1176 3005 animus
1201 2959 1306 3002 tam
1341 2964 1443 3001 non
1473 2957 1552 3001 est
1577 2943 1832 3013 cupidus,
1885 2958 2046 3012 quam
2082 2954 2180 2994 nec

599 3051 858 3111 idoneus,
890 3043 1078 3098 scienti
1114 3055 1214 3095 non
1261 3055 1381 3095 esse
1419 3039 1622 3108 absque
1675 3034 1930 3104 periculo,
1984 3030 2182 3084 multo-

593 3154 712 3194 rum
758 3135 973 3206 jndiciis
1020 3133 1290 3196 ingenium
1342 3142 1498 3183 tenue
1546 3136 1600 3181 et
1643 3126 1782 3180 exile
1813 3123 2176 3178 committere.

593 3228 699 3284 Sed
749 3225 1022 3296 quoniam,
1051 3219 1074 3258 ἀ
1111 3231 1167 3275 ιιι
1209 3236 1328 3275 cum
1364 3219 1519 3274 venia
1565 3219 1635 3285 ιιιί
1679 3216 1941 3280 dixerim,
1977 3221 2183 3267 temere

542 3315 550 3321 ’
597 3322 649 3373 in
684 3318 920 3386 Epistula
970 3325 1057 3369 tua
1106 3329 1200 3380 per
1247 3311 1442 3366 Christi
1486 3325 1572 3364 me
1603 3315 1971 3372 sacramenta,
2005 3318 2124 3373 quae
2151 3317 2180 3356 a

595 3409 756 3464 nobis
791 3407 1021 3461 maxima
1070 3421 1189 3458 cum
1246 3403 1542 3458 reverentia
1573 3401 1956 3470 suscipiuntur,
1991 3399 2185 3452 astrin-

597 3496 708 3570 gis,
740 3509 797 3554 ut
823 3499 1024 3568 aliquid
1058 3498 1148 3552 tibi
1193 3498 1260 3552 de
1289 3497 1390 3550 title
1426 3497 1715 3550 secundum
1749 3493 1988 3564 Symboli
2022 3491 2184 3546 tradi-

599 3594 798 3645 tionem
833 3591 1201 3658 rationemque
1240 3605 1595 3657 romponam:
1632 3585 1873 3655 quamvis
1913 3599 2075 3650 supra
2108 3584 2184 3636 vi-

545 3684 551 3689 ’
589 3702 689 3741 τες
713 3697 927 3740 no~'tt'as
959 3686 1027 3739 sit
1062 3685 1266 3753 pondus
1308 3683 1556 3752 prarcepti
1593 3683 1723 3750 (non
1754 3680 1898 3734 enim
1943 3693 2028 3731 nte
2059 3679 2186 3730 latet

603 3775 697 3832 illa
730 3777 994 3830 sententia
1023 3775 1347 3841 sapientum,
1374 3790 1494 3844 qua:
1525 3773 1688 3841 probe
1717 3770 2002 3824 admodum
2032 3766 2181 3832 dicit,

547 3875 552 3880 '
602 3869 722 3939 quia
751 3868 818 3922 de
863 3867 974 3921 Deo
1021 3867 1182 3920 etiam
1233 3881 1359 3920 vcra
1415 3865 1595 3918 dicere
1644 3863 2001 3931 pericutosum
2053 3856 2179 3925 est),

591 3969 782 4013 tamen
835 3961 877 4012 si
924 3966 949 3994 ο
995 3957 1267 4026 petitionis
1317 3973 1346 4009 a
1399 3965 1450 4008 te
1501 3953 1764 4018 imposita:
1810 3948 2182 4003 necessitatem

604 4052 936 4107 orationbus
981 4049 1168 4120 juves,
1218 4049 1398 4103 dicere
1446 4045 1619 4114 aliqua
1669 4042 1989 4097 obedientiat
2018 4041 2184 4109 magis

675 4199 701 4227 α
745 4189 816 4242 lta
847 4188 1091 4242 Barrmus
1127 4185 1288 4240 etiam
1331 4180 1612 4236 inscribit:
1645 4178 1764 4232 aliis
1807 4177 2074 4245 Expositio
2099 4175 2179 4228 di-

603 4232 784 4316 citur:
812 4232 1035 4326 liisignis
1065 4257 1156 4309 illa
1187 4269 1294 4326 pra:
1329 4252 1524 4326 ceteris
1553 4259 1636 4304 est
1665 4232 1956 4326 epigrapitu
1988 4248 2178 4326 vetpsti
2211 4232 2256 4295 C

604 4332 804 4386 codicis
833 4317 1341 4397 Sai‘t'germapensis2
1386 4323 1436 4374 iu
1469 4337 1570 4397 qua
1603 4331 1656 4397 et
1685 4317 1866 4397 sancti
1897 4317 2048 4370 titulo
2079 4317 2185 4397 [ξιι-

592 4404 748 4456 dlnus
776 4388 1025 4453 donatur.
1071 4396 1262 4463 Incipit
1296 4392 1560 4462 Expositio
1599 4388 2057 4463 Syrtibolisstvc'rt
2081 4388 2188 4441 liu-

627 4475 721 4525 itti.
775 4471 976 4523 Laudat
1029 4460 1274 4520 Baluzius
1321 4460 1468 4586 “sive
1511 4466 1598 4529 qui
1650 4461 1765 4528 ejus
1809 4460 2183 4528 Cyprianicam

627 4541 916 4586 miluom-ni
949 4537 1206 4586 vulgavit)
1241 4536 1294 4586 in
1373 4533 1477 4584 otis
1507 4532 1570 4584 ad
1598 4531 1736 4584 hunc
1767 4530 1938 4586 insutu
1964 4530 2181 4586 librum.

655 4541 916 4594 ditionem
949 4537 1206 4604 vulgavit)
1241 4536 1294 4604 in
1326 4530 1477 4586 Notis
1507 4532 1571 4604 ad
1598 4531 1736 4604 hunc
1767 4530 1938 4604 ipsum
1964 4530 2181 4604 librum,

608 4627 765 4678 quem
811 4610 862 4661 in
909 4600 1494 4678 AppttluilcOUOpOI‘tlm
1540 4600 1598 4655 S.
1630 4603 1910 4678 prriani,
1943 4601 2024 4653 t‘ui
2059 4602 2184 4678 olim

608 4672 1034 4738 adtribui-batur,
1077 4675 1298 4728 t'emtdit.
1355 4673 1490 4724 Olim
1537 4681 1590 4723 et
1637 4676 1691 4725 S.
1738 4673 2066 4740 Hieronymo
2094 4672 2187 4723 ad-

607 4750 974 4810 scribebatur,
1005 4751 1128 4814 quin
1154 4745 1322 4796 etiam
1364 4757 1593 4814 nausea
1624 4743 1974 4814 ittsctiptione
2007 4742 2187 4794 lauda-

611 4832 696 4873 tur
724 4833 966 4871 seorsum
997 4811 1171 4868 editus
1201 4815 1334 4868 liber
1359 4813 1579 4868 Omnia:
1609 4813 1708 4866 sub
1751 4811 1879 4880 ipsis
1920 4815 1994 4864 rei
2037 4824 2188 4882 typo-

609 4888 879 4958 graphicm
931 4886 1118 4939 initiis.
1169 4883 1512 4958 Nectalsunt
1569 4885 1774 4958 titulum
1826 4898 2050 4958 moror;
2092 4883 2186 4937 sed

611 4955 858 5027 niagnum
891 4968 1065 5010 tamen
1097 4959 1266 5023 ipsum
1302 4955 1678 5024 llieronymum
1712 4955 2010 5022 hu,usmodi
2038 4955 2188 5009 lucu-

608 5031 782 5083 bratio
811 5028 1100 5087 decuisset,
1133 5027 1264 5080 scio.

684 5100 710 5136 ι
751 5097 1101 5152 ΒϐιοιιιιοιἙε
1138 5099 1255 5148 dum
1284 5094 1639 5159 Oxonicnsis,
1673 5105 1726 5149 et
1754 5095 2037 5150 Baluziana
2074 5096 2189 5149 edi-

611 5169 684 5222 tio
717 5168 908 5237 Ruﬁno
952 5167 1155 5219 Torano
1186 5167 1365 5235 legunt
1391 5206 1404 5229 ,
1448 5166 1637 5222 vitiosa
1671 5168 1874 5220 Scilicet
1903 5166 2187 5222 metathesi

575 5254 919 5307 {pra-nomen
970 5237 1165 5291 nummi
1207 5246 1604 5304 postpoitentes.
1678 5237 1885 5291 Etenim
1925 5237 2190 5307 Tyrannio

546 5304 921 5384 jpramonten
968 5308 1126 5362 fuisse
1171 5307 1496 5376 Aquilejensi
1525 5304 2189 5384 PresbyteroLluéulentis

537 5379 573 5440 ,ῗ’
615 5379 937 5434 testimoniis
964 5389 1292 5440 compertum
1322 5389 1424 5439 est,
1455 5395 1573 5449 qum
1603 5381 1814 5448 adlegat
1857 5379 2189 5434 Foutaniuus

614 5453 666 5503 in
699 5449 814 5503 Vita
844 5466 964 5513 cap.
995 5451 1030 5502 l.
1061 5449 1237 5502 Fellus
1266 5460 1466 5514 autem,
1491 5451 1603 5504 sive
1625 5451 1954 5505 Oxoniensis
1987 5451 2185 5512 editor,

611 5537 677 5573 eo
709 5523 923 5573 nomine
953 5521 1214 5588 designari
1241 5521 1461 5585 patrium
1496 5522 1688 5584 Rulini,
1713 5537 1940 5588 eamque
1968 5521 2186 5586 'l‘oram,

612 5592 727 5644 sive
757 5589 989 5644 Thorani
1015 5631 1029 5652 ,
1074 5593 1256 5643 urbem
1294 5590 1450 5644 ltalim
1491 5607 1636 5645 nunc
1675 5594 1910 5645 excisam
1940 5592 1992 5644 in
2023 5590 2189 5643 limite

613 5661 966 5724 Sabinorum,
1008 5675 1260 5728 perquam
1305 5663 1615 5730 incongrue,
1643 5672 1697 5717 et
1727 5671 1911 5716 contra
1952 5660 2191 5714 historiae

616 5732 772 5784 [idem
808 5745 1018 5784 omnem
1052 5735 1268 5798 putavit.

690 5811 712 5838 ε
759 5800 1014 5856 incertum
1044 5801 1193 5873 cujus
1238 5804 1319 5858 hic
1373 5805 1531 5858 fuerit
1581 5802 1835 5856 Ecclesitc
1871 5799 2188 5870 Episc0pus,

2283 2935 2459 2990 bimus
2486 2954 2498 2990 :
2533 2953 2650 3005 qum
2678 2937 2891 3002 quidem
2923 2954 3026 2991 nou
3060 2945 3165 2990 tam
3206 2939 3565 3006 per-lectorum
3594 2943 3870 2997 exercitiis

2281 3029 2438 3098 digna
2477 3027 2793 3094 videantur,
2824 3045 2982 3100 quam
3016 3046 3136 3099 qua:
3166 3031 3232 3086 ad
3268 3033 3610 3102 parvulorum
3641 3034 3696 3087 in
3727 3033 3871 3089 Chri-

2283 3129 2389 3184 sto,
2434 3129 2490 3175 et
2539 3122 2899 3190 incipiendum
2951 3122 3130 3193 (Rom.
3163 3126 3241 3191 6.)
3291 3126 3555 3180 librentur
3595 3128 3865 3183 auditum.

2286 3212 2545 3282 Equidem
2577 3215 2812 3283 comperi
2855 3216 3144 3270 nonnullos
3173 3216 3456 3270 illustrium
3486 3215 3869 3272 Tractatorum

2284 3306 2460 3375 aliqua
2490 3305 2558 3360 de
2585 3306 2668 3362 his
2696 3307 2780 3376 pie
2806 3317 2859 3363 et
2899 3307 3137 3362 breviter
3166 3308 3417 3363 edidisse.
3461 3308 3750 3363 Photinum
3782 3325 3870 3366 ve-

2286 3413 2346 3452 ro
2376 3397 2685 3453 ltaareticum
2721 3399 2834 3453 scio
2883 3409 3104 3453 eatenus
3144 3399 3457 3468 scripsisse,
3493 3415 3598 3454 non
3629 3409 3687 3454 ιιι
3711 3400 3871 3454 ratio-

2286 3501 2408 3540 nem
2442 3487 2710 3541 dictorum
2763 3489 3101 3544 audientibus
3139 3490 3483 3559 explanat-et,
3519 3492 3612 3545 sed
3655 3504 3707 3545 ut
3739 3493 3870 3546 sim-

2287 3578 2500 3646 pliciter
2549 3577 2886 3646 ﬁdeliterque
2933 3580 3095 3643 dicta,
3139 3581 3205 3632 ad
3244 3590 3618 3650 argumentum
3660 3583 3742 3636 sui
3781 3582 3872 3637 do-

2286 3667 2480 3735 gmatis
2510 3675 2749 3723 traheret
2769 3708 2802 3732 ,.
2827 3685 2946 3723 cum
2981 3671 3030 3724 iu
3067 3671 3150 3726 his
3182 3672 3356 3726 verbis
3382 3673 3614 3728 Sanctus
3643 3673 3874 3743 Spiritus

2289 3763 2604 3831 providerit,
2637 3763 2708 3817 nil
2739 3765 3048 3834 amnguum
3076 3807 3091 3832 ,
3125 3767 3196 3820 nil
3226 3767 3512 3821 obscurum
3541 3808 3556 3832 ,
3587 3769 3662 3822 nil
3693 3783 3724 3822 a
3757 3770 3875 3824 reli-

2291 3854 2411 3924 quis
2451 3857 2730 3910 dissonans
2773 3859 2931 3924 poni:
2963 3862 3085 3927 quia
3120 3859 3171 3912 in
3220 3857 3304 3912 his
3354 3873 3483 3914 vere
3517 3856 3536 3895 ί
3574 3861 3876 3929 completur

2292 3949 2568 4016 prophetia
2595 3992 2608 4013 ,
2651 3967 2769 4019 quae
2799 3951 2967 4015 dicit,
3011 3951 3227 4006 Verbum
3266 3954 3401 4005 enim
3435 3967 3803 4006 consummatis
3831 3961 3877 4006 et

2289 4040 2519 4094 btet-iens
2557 4043 2608 4095 in
2653 4044 2889 4114 wquitate
2930 4061 2942 4096 :
2983 4049 3107 4114 quia
3155 4045 3358 4098 verbum
3402 4046 3682 4100 breviatum
3726 4046 3876 4115 faciet

2292 4182 2343 4234 in
2377 4177 2477 4232 hoc
2506 4178 2646 4232 enim
2673 4179 2840 4249 gradu
2899 4179 3162 4234 meruisse
3183 4220 3197 4245 ,
3227 4179 3386 4249 Papa}
3406 4221 3422 4246 ,
3469 4197 3577 4250 quo
3605 4196 3729 4236 eum
3773 4181 3876 4236 No-

2289 4262 2398 4304 Slel'
2425 4250 2744 4315 compellat,
2777 4266 2971 4304 nomen
3007 4250 3256 4305 dubitare
3288 4266 3392 4304 non
3424 4251 3574 4305 sinit.
3620 4252 3878 4307 Fontani-

2291 4335 2392 4373 nus
2441 4322 2748 4392 suspicatur
2798 4336 2961 4374 unum
3004 4320 3171 4375 fuisse
3197 4338 3259 4374 ex
3295 4321 3573 4392 Episcopis
3596 4324 3879 4392 Metropoli

2295 4391 2618 4460 Aquilejensi
2648 4392 2959 4454 attributis,
2993 4402 3114 4459 puta
3146 4391 3506 4459 Concordiae,
3553 4393 3733 4448 Ruﬁni
3777 4391 3879 4461 pa-

2293 4465 2408 4515 triae
2435 4502 2450 4527 ,
2485 4471 2655 4525 ‘cums
2681 4463 2838 4516 sedes
2869 4473 3022 4516 vacat
3049 4463 3189 4529 apud
3231 4461 3516 4530 Ughellum
3550 4474 3676 4518 ante
3707 4479 3878 4518 sacu-

2290 4534 2397 4586 lutn
2427 4542 2661 4587 sextum.
2707 4533 2774 4586 Et
2805 4533 2857 4585 in
2889 4533 3005 4599 ejus
3034 4531 3251 4603 quidem
3285 4535 3474 4588 vicinia
3507 4535 3706 4598 fuerit,
3735 4534 3879 4603 ejus-

2289 4605 2556 4672 demque,
2587 4604 2734 4656 utira
2767 4603 2974 4668 loquar,
3024 4602 3186 4667 ritus;
3239 4603 3648 4670 Metropoliticae
3693 4602 3876 4660 autem

2289 4674 2509 4728 ditionis
2543 4674 2682 4727 haud
2709 4672 2960 4727 dixerint.
3005 4672 3375 4727 Dubitavintns
3401 4676 3712 4742 aliquando,
3751 4691 3876 4729 num

2290 4743 2549 4799 Gaudenti
2594 4744 2996 4798 rescribendum
3031 4755 3212 4808 esset,
3255 4756 3308 4798 et
3335 4745 3618 4800 Brixianus
3653 4747 3876 4814 Episco-

2293 4833 2391 4882 pus
2422 4816 2803 4885 intelligendus
2829 4857 2842 4878 ,
2891 4814 2977 4869 cui
3007 4826 3056 4869 et
3091 4813 3257 4869 libros
3287 4813 3735 4885 RecOgnitionum
3770 4818 3879 4870 liu-

2292 4888 2428 4941 littus
2459 4887 2746 4953 ittscrtpsil.

2361 4957 2386 4993 (³
2428 4958 2566 5012 Sunt
2607 4957 2696 5026 qui
2749 4966 2802 5008 ut
2838 4957 3082 5011 voculam
3115 4966 3294 5010 tacent
3323 4957 3451 5010 editi
3483 4966 3538 5012 et
3571 4957 3698 5014 Mss.
3732 4960 3876 5023 libri,

2292 5028 2379 5081 alii
2413 5039 2500 5080 tua
2529 5029 2708 5096 legunt
2742 5042 2838 5095 pro
2868 5028 2962 5079 tui.
3003 5027 3179 5090 Olim,
3213 5038 3264 5079 ut
3293 5029 3624 5092 conveniatis,
3656 5047 3772 5098 qua:
3802 5032 3880 5083 di-

2290 5100 2475 5160 xerim,
2510 5099 2774 5152 Manutius
2795 5137 2810 5160 ,
2861 5106 2913 5150 ut
2941 5098 3206 5150 conveniat
3237 5099 3334 5161 iis,
3361 5109 3468 5153 etc.
3505 5100 3716 5154 vitiose.
3759 5102 3878 5154 Mox

2290 5170 2344 5250 id
2376 5185 2688 5237 pronomen,
2721 5168 2860 5237 quod
2891 5176 2961 5238 τῷ
2991 5177 3176 5221 temere
3204 5169 3639 5237 praeponebatur,
3671 5186 3880 5242 expuu-

2294 5255 2488 5293 XllllllS.

2367 5318 2391 5345 ο
2434 5309 2675 5373 Barrmus
2725 5318 2780 5362 et
2835 5307 3133 5362 Frobenius
3187 5309 3419 5374 petitioni
3458 5309 3741 5377 legerant:
3775 5313 3878 5366 mi-

2295 5394 2393 5432 nus
2425 5382 2576 5433 bene.
2624 5379 2790 5432 Paulo
2835 5390 2954 5447 post
2996 5381 3085 5434 ubi
3133 5381 3348 5446 dicitur,
3380 5396 3536 5442 quam
3568 5397 3707 5449 qure,
3740 5387 3875 5436 alte—

2294 5467 2406 5504 r.un
2440 5451 2578 5508 hanc
2615 5450 2855 5503 voculam
2897 5450 2983 5502 alii
3029 5451 3196 5504 ferme
3235 5451 3552 5504 concinnius
3595 5463 3876 5520 respuunt.

2294 5522 2452 5582 'l‘um,
2482 5533 2529 5594 et
2555 5520 2757 5594 quidem
2784 5536 2880 5590 pro
2906 5522 3170 5589 equidem,
3194 5521 3423 5589 denique
3447 5531 3502 5576 et
3520 5526 3882 5594 conscripsisse

2225 5613 2272 5670 ι)
2298 5607 2394 5670 pro
2423 5592 2686 5670 scripsisse
2711 5592 2926 5644 habent.

2374 5659 2391 5697 ί
2435 5662 2606 5714 Antea
2628 5676 2744 5714 erat
2764 5662 3091 5730 comperitur,
3137 5661 3552 5718 reclamantibus
3579 5662 3736 5720 libris
3763 5662 3882 5719 aliis

2299 5733 2567 5802 plerisque
2596 5730 2862 5787 omnibus.
