4078 6346
513 390 616 445 539

1527 380 1763 441 RUFINI
1799 376 2280 449 AQUILEIENSIS
2318 376 2755 438 PRESBYTER]

3677 377 3790 436 διο

512 505 668 559 dibus
716 502 854 557 vivis
905 511 959 557 et
1010 500 1313 572 margaritis
1362 498 1647 555 dominicis
1705 496 2040 553 aedificantes
2071 511 2085 547 :
2120 497 2167 554 Α
2195 496 2509 550 credentibus
2534 498 2589 551 in
2615 514 2668 553 se
2691 458 3043 551 remanerem
3066 497 3126 567 ﬁt
3151 496 3337 568 (Hebr.
3370 498 3459 553 ll.
3484 496 3566 569 6.)
3595 498 3704 556 Sed
3729 512 3786 558 et

513 612 671 667 quam
700 610 871 666 neque
898 596 1043 651 venti
1074 595 1411 665 impellerent
1438 635 1453 659 ,
1500 608 1673 663 neque
1704 592 1928 647 fulmina
1960 592 2091 644 Stili-

514 696 749 751 ruerent,
778 701 951 755 neque
982 694 1356 754 tempestatum
1380 699 1443 739 ac
1469 684 1823 751 procellarum
1856 681 2096 735 turbines

515 789 907 849 permoverent.
936 777 1126 832 nerito
1152 777 1313 845 igitur
1337 776 1416 830 illi
1446 776 1750 830 abinvicem
1785 775 2091 839 separandi,

514 874 705 928 turrim
732 872 992 939 superbiai.
1032 869 1391 933 aedificantes,
1444 868 1744 938 linguarum
1776 866 2095 921 confusione

516 964 752 1018 damnati
791 972 951 1027 sunt,
995 971 1020 998 ιι
1068 976 1134 1015 ne
1172 960 1542 1030 unusquisque
1581 970 1766 1030 posset
1811 959 2095 1012 advertere

519 1055 748 1123 proximi
775 1054 857 1109 sui
884 1054 1170 1124 loquelam.
1199 1053 1286 1108 Isti
1320 1067 1449 1107 vero
1479 1052 1573 1123 qui
1599 1053 1789 1106 turrim
1816 1050 1941 1105 fidei
1965 1065 2094 1104 cou-

512 1147 829 1213 struebant,
876 1146 1115 1201 omnium
1148 1145 1446 1217 linguarum
1478 1144 1700 1200 scientia
1742 1151 1797 1197 et
1824 1144 2095 1212 agnitione

510 1241 695 1296 donati
724 1250 880 1306 sunt,
928 1250 985 1296 ut
1030 1239 1164 1295 illud
1208 1240 1450 1309 peccati,
1481 1238 1581 1292 hoc
1612 1236 1734 1291 fidei
1780 1236 2096 1304 probaretur

512 1332 788 1385 iudicium.
815 1332 919 1387 Sed
946 1332 1054 1400 jam
1088 1331 1241 1383 nobis
1283 1332 1443 1384 etiam
1489 1331 1556 1383 dc
1598 1328 1729 1394 ipsis
1760 1327 1956 1395 aliquid
1992 1336 2095 1379 tra-

510 1424 760 1477 ctandum
788 1434 869 1477 est
901 1424 1228 1491 margaritis,
1257 1424 1306 1475 in
1338 1423 1533 1490 quibus
1563 1422 1739 1488 primo
1758 1421 1808 1473 in
1836 1421 1952 1472 loco
1976 1417 2095 1472 fons

510 1528 563 1569 et
591 1518 741 1583 origo
766 1518 1007 1569 omnium
1041 1516 1275 1584 ponitur,
1308 1530 1427 1568 cum
1462 1514 1659 1568 dicitur
1688 1533 1698 1565 :

580 1607 636 1660 5.
670 1606 694 1643 ι)
728 1606 907 1660 f‘nsuo
959 1620 1009 1659 ut
1061 1605 1172 1659 Duo
1223 1606 1403 1659 Parus
1451 1621 1843 1661 ostmeorums.
1896 1606 2093 1659 Verum

511 1696 675 1765 prius,
709 1710 869 1762 quam
902 1695 1157 1762 incipiam
1188 1690 1256 1749 de
1297 1695 1429 1764 ipsis
1457 1711 1764 1750 sermonum
1800 1697 2090 1750 virtutibus

510 1790 808 1856 disputare,
834 1787 963 1841 illud
989 1804 1092 1839 non
1122 1788 1431 1857 importune
1455 1790 1905 1843 commonendum
1936 1800 2083 1855 puto,

2197 586 2460 653 Propheta
2486 587 2616 641 dicit
2640 605 2653 642 :
2682 586 2799 640 Nisi
2816 587 3152 655 credideritis,
3172 605 3274 643 non
3294 590 3593 661 intelligetis
3621 590 3780 661 (Esa.

2197 678 2246 731 7.
2267 679 2372 746 9.).
2401 679 2465 733 Ut
2488 695 2617 747 ergo
2644 679 3010 747 intelligentia:
3038 679 3130 735 tibi
3155 680 3334 735 aditus
3352 690 3611 749 patescat,
3638 693 3786 739 recte

2198 770 2370 835 primo
2396 769 2634 823 omnium
2661 778 2712 824 te
2732 770 2954 825 credere
2984 772 3284 838 profiteris:
3309 772 3432 841 quia
3454 788 3554 828 nec
3580 782 3603 810 °
3634 788 3785 830 mare

2195 861 2314 930 quis
2340 861 2659 930 ingreditur,
2685 870 2743 915 et
2772 861 2976 932 liquido
3004 876 3067 916 ac
3095 862 3361 931 profundo
3386 877 3507 919 sese
3534 866 3787 921 commit-

2198 954 2259 1006 tit
2284 952 2570 1018 elemento,
2605 953 2706 1007 nisi
2733 968 2794 1009 se
2825 954 2973 1021 prius
2999 938 3188 1009 credat
3214 969 3373 1023 posse
3403 955 3605 1011 salvari
3638 974 3653 1011 :
3683 971 3784 1012 nee

2196 1044 2425 1114 agricola
2457 1048 2660 1101 semina
2707 1046 2874 1101 sulcis
2904 1047 3123 1114 obruit,
3166 1056 3222 1102 et
3269 1047 3454 1118 fruges
3485 1049 3694 1118 spargit
3724 1048 3778 1105 in

2196 1142 2393 1189 tetram
2420 1175 2435 1198 ,
2474 1134 2574 1189 nisi
2600 1136 2889 1190 crediderit
2917 1146 3174 1193 venturos
3206 1139 3407 1193 imbres
3432 1180 3447 1203 ,
3480 1138 3778 1196 affuturum

2196 1242 2410 1296 quoque
2436 1228 2568 1283 solis
2599 1238 2865 1298 teporem,
2897 1231 3090 1298 quibus
3122 1240 3263 1286 terra
3294 1230 3543 1294 confcta,
3572 1241 3785 1300 segetes

2199 1320 2546 1387 multiplicata
2578 1318 2597 1358 ί
2632 1321 2787 1391 fruge
2818 1320 3120 1390 producat,
3148 1337 3212 1375 :ic
3243 1322 3417 1377 ventis
3449 1321 3787 1389 spirantibus

2200 1412 2417 1464 nutriat.
2448 1411 2589 1465 Nihil
2637 1411 2869 1479 denique
2897 1422 3019 1475 est,
3047 1413 3188 1482 quod
3220 1413 3272 1467 in
3306 1412 3411 1467 vita
3441 1414 3557 1483 geri
3590 1412 3784 1483 possit,

2199 1500 2243 1554 si
2274 1518 2377 1555 non
2410 1502 2699 1557 credulitas
2728 1514 2856 1575 ante
2890 1506 3251 1574 praeessem.
3300 1505 3437 1573 Quid
3483 1506 3647 1575 igitur
3685 1508 3784 1559 mi-

2199 1606 2338 1654 rum,
2386 1594 2429 1645 si
2477 1595 2798 1649 accedentes
2844 1596 2909 1648 ad
2958 1594 3147 1660 Deum,
3196 1595 3419 1650 credere
3464 1609 3565 1650 nos
3608 1595 3792 1664 primo

2197 1686 2435 1740 omnium
2469 1686 2805 1755 profitemur,
2838 1704 2959 1742 cunt
2990 1689 3108 1743 sine
3137 1688 3238 1742 hoc
3265 1701 3367 1743 nec
3408 1687 3516 1760 [ΑΙ.
3546 1685 3637 1759 ne]
3670 1687 3786 1755 ipsa

2198 1775 2336 1846 exigi
2367 1777 2537 1846 possit
2585 1778 2691 1832 vita
2738 1781 3062 1833 communis.
3096 1779 3222 1834 Haec
3272 1777 3379 1851 [ΑΙ.
3428 1774 3563 1849 Hoc]
3606 1789 3786 1833 autem

511 1878 652 1946 quod
678 1879 731 1933 in
761 1878 988 1934 diversis
1020 1879 1275 1934 Ecclesiis
1305 1881 1483 1949 aliqua
1517 1881 1567 1934 in
1604 1880 1687 1933 his
1722 1881 1908 1934 verbis
1940 1882 2091 1935 inve-
2128 1880 2171 1937 tt
2201 1865 2400 1921 idcirco
2429 1868 2483 1922 in
2510 1870 2789 1937 principiis
2820 1872 3212 1939 ρηωίείηιιιε.
3247 1872 3371 1940 quia
3400 1869 3601 1937 Paeani
3632 1870 3791 1924 nobis

512 1968 731 2023 niuntur
756 1963 985 2037 adjecta'.
1020 1969 1075 2023 ln
1105 1971 1359 2025 Ecclesia
1384 1981 1563 2026 tamen
1601 1973 1750 2025 urbis
1778 1972 1962 2025 linum:
1996 1974 2097 2026 hoc

512 2076 616 2114 non
664 2060 1085 2129 deprehenditur
1136 2064 1371 2117 factum:
1416 2063 1560 2133 quod
1609 2078 1710 2132 ego
1746 2076 1767 2102 ε
1805 2075 2093 2133 propterea

511 2166 632 2206 esse
679 2150 934 2218 arbitror,
985 2152 1124 2222 quod
1157 2168 1329 2223 neque
1362 2153 1582 2210 haeresis
1615 2156 1721 2210 ulla
1754 2156 1863 2210 illic
1905 2157 2100 2210 sumsit

510 2242 790 2297 exordium
816 2261 829 2297 :
856 2253 911 2298 et
938 2258 1055 2297 mos
1086 2244 1214 2298 inibi
1262 2257 1517 2299 servatur
1566 2248 1847 2316 antiquus,
1884 2263 1977 2301 eos
2007 2249 2095 2317 qui

509 2337 736 2398 gratiam
790 2336 1049 2405 Baptisuii
1098 2341 1400 2406 suscepturi
1441 2352 1603 2404 sunt,
1649 2340 1899 2408 publice,
1934 2340 1985 2394 id
2015 2350 2099 2394 est

512 2427 742 2481 fidelium
796 2430 993 2497 popqu
1040 2429 1330 2493 audiente,
1377 2429 1689 2500 Symbolum
1743 2432 2002 2496 reddere;
2044 2443 2098 2487 et

514 2515 694 2584 utique
723 2516 1078 2585 adiectionem
1111 2518 1269 2572 unius
1309 2520 1503 2573 saltem
1548 2522 1820 2575 sermonis
1868 2539 2091 2591 eorum,

510 2610 602 2676 qui
636 2622 1025 2679 prmcesserunt
1059 2612 1111 2665 in
1141 2611 1275 2676 fide,
1322 2628 1429 2667 non
1473 2612 1705 2668 admittit
1748 2616 1982 2669 auditus.
2040 2618 2094 2672 lu

512 2701 722 2754 ezeteris
751 2711 932 2765 autem
958 2702 1113 2771 locis,
1136 2712 1390 2771 quantum
1414 2703 1636 2774 intelligi
1664 2705 1842 2769 datur,
1869 2718 2091 2776 propter

513 2792 803 2847 nonnullos
852 2793 1136 2849 luercticos
1179 2794 1359 2849 addita
1406 2799 1650 2866 quaedam
1692 2798 1963 2867 videntur,
2001 2816 2095 2870 per

513 2899 635 2954 quae
684 2886 907 2940 novellae
949 2885 1208 2941 doctrina:
1254 2902 1450 2942 sensus
1500 2889 1817 2944 crederetur
1861 2892 2092 2947 excludi.

512 2973 624 3029 Nos
654 2984 833 3031 tamen
865 2976 1013 3031 illum
1040 2978 1282 3031 ordinem
1307 2979 1605 3049 sequimur,
1637 2996 1797 3051 quem
1830 2984 1884 3037 in
1929 2984 2093 3050 Aqui-

514 3065 703 3137 lejensi
737 3066 971 3123 Ecclesia
1002 3066 1031 3104 ἀ
1062 3070 1258 3125 lavacri
1310 3070 1479 3141 gratia
1520 3073 1882 3141 suscepimus.
1928 3075 2094 3131 Credo

514 3159 676 3230 igitur
702 3161 875 3230 primo
903 3162 1142 3216 omnium
1166 3164 1275 3235 56
1304 3167 1538 3234 ponitur,
1571 3168 1710 3222 sicut
1741 3167 1937 3223 Paulus
1959 3171 2097 3240 Apo-

2202 1956 2435 2023 objicere
2459 1960 2651 2023 solent,
2683 1962 2823 2027 quod
2857 1962 3047 2031 religio
3079 1972 3259 2015 nostra
3291 2004 3307 2026 ,
3341 1963 3463 2031 quia
3497 1970 3524 2008 ι
3557 1960 3788 2016 rationi-

2202 2044 2301 2101 bus
2332 2047 2538 2112 deficit,
2574 2047 2628 2102 in
2658 2050 2774 2102 sola
2801 2050 3055 2105 credendi
3086 2052 3436 2120 persuasione
3477 2053 3741 2107 consistat
3769 2068 3784 2104 :

2200 2146 2255 2190 et
2286 2136 2403 2190 ideo
2432 2138 2786 2207 ostendimus,
2816 2155 2917 2195 nec
2944 2142 3051 2209 agi,
3078 2157 3177 2197 nec
3200 2154 3343 2197 stare
3369 2142 3572 2212 aliquid
3604 2157 3788 2212 posse,

2203 2231 2302 2285 nisi
2334 2234 2664 2300 praecesserit
2688 2235 2767 2288 vis
2790 2235 3068 2289 credendi.
3105 2235 3341 2305 Denique
3365 2245 3418 2290 et
3441 2236 3787 2292 matrimonia

2200 2324 2609 2394 contrahuntur,
2657 2326 2780 2395 quia
2828 2328 3063 2381 creditur
3094 2341 3410 2382 successura
3454 2328 3783 2398 posteritas:

2200 2433 2252 2478 et
2285 2426 2431 2494 pueri
2460 2426 2733 2482 discendis
2761 2428 2965 2482 artibus
3007 2427 3310 2493 traduntur,
3338 2429 3462 2497 quia
3494 2429 3785 2498 magistro.

2201 2541 2316 2579 rum
2346 2526 2400 2580 iu
2429 2526 2722 2596 discipulos
2746 2525 3171 2587 trausfundeoda
3196 2528 3436 2583 creditur
3461 2528 3781 2599 disciplina:

2201 2626 2227 2666 δ
2256 2636 2312 2683 et
2357 2631 2567 2699 imperii
2608 2629 2830 2700 insignia
2873 2646 3009 2683 unus
3036 2630 3289 2700 suscipit,
3320 2632 3451 2685 dum
3476 2631 3653 2686 credit
3681 2632 3784 2686 sibi

2201 2732 2423 2801 populos
2452 2741 2506 2787 et
2535 2732 2718 2797 urbes,
2748 2741 2805 2787 et
2834 2743 3097 2787 armatum
3121 2735 3282 2789 etiam
3313 2735 3610 2790 exercitum
3639 2734 3783 2803 pari-

2200 2844 2397 2889 turum.
2426 2834 2574 2900 Quod
2607 2835 2650 2888 si
2684 2833 2799 2888 haec
2838 2834 3048 2905 singula
3078 2876 3093 2901 ,
3144 2836 3245 2889 nisi
3293 2835 3441 2904 prius
3491 2835 3803 2895 crediderit,

2198 2935 2400 3002 futura,
2424 2936 2600 2990 nullus
2629 2935 2935 3007 aggreditur
2962 2954 2973 2988 :
3008 2937 3281 3006 quomodo
3314 2952 3420 2992 non
3455 2937 3629 2991 multo
3660 2953 3775 2990 ma-

2197 3042 2278 3111 gis
2303 3039 2367 3094 ad
2395 3040 2725 3111 agnitionem
2763 3040 2860 3095 Dei
2907 3041 3181 3096 credendo
3211 3042 3505 3097 veniatur?
3546 3041 3651 3097 Sed
3703 3042 3793 3097 vi.

2198 3141 2419 3195 deamus
2448 3140 2575 3211 quid
2626 3140 2737 3211 jam
2766 3141 3019 3196 breviatis
3050 3140 3139 3196 hic
3159 3157 3341 3196 sermo
3372 3143 3616 3215 Symboli
3650 3160 3781 3213 pro-

512 3252 687 3306 stolus
711 3252 777 3305 ad
808 3252 1058 3307 llebrseos
1081 3259 1324 3310 scribens
1353 3257 1482 3313 dicit
1508 3276 1520 3311 :
1546 3258 1771 3315 Credere
1809 3263 1943 3316 enim
1974 3266 2087 3334 pri-
2124 3260 2169 3321 C
2205 3254 2382 3314 P‘mal-
3374 3301 3402 3318 ,

515 3360 600 3398 mo
629 3345 857 3399 omnium
884 3348 1205 3402 accedentem
1231 3353 1296 3401 ad
1324 3348 1484 3404 Deum
1511 3363 1736 3423 oportet,
1762 3356 1882 3425 quia
1910 3367 1980 3410 est
2002 3398 2015 3419 ,
2046 3367 2093 3411 et

588 3495 615 3522 ⁸
656 3486 874 3559 Laudati
897 3486 1130 3541 editores
1162 3489 1236 3539 uti
1271 3505 1332 3541 ne
1358 3506 1375 3543 :
1406 3502 1459 3543 et
1492 3492 1649 3559 paulo
1675 3492 1899 3547 inferius
1926 3537 1937 3553 .
1971 3512 2095 3548 con-

518 3558 839 3613 trectaudum
873 3574 966 3624 pro
994 3564 1226 3609 tr-ncluml
1250 3578 1335 3613 Im.

589 3626 893 3701 bgltalueius
917 3644 1035 3682 cam
1063 3630 1321 3684 lte.ubold
1348 3654 1379 3695 ι,
1402 3644 1563 3701 atque
1590 3633 1836 3699 Erasmo,
1862 3649 1961 3689 nec
1990 3652 2094 3692 non

518 3699 724 3773 duobus
762 3698 885 3773 biss.
928 3701 1049 3773 cod.
1078 3717 1196 3773 cum
1241 3703 1430 3756 dicitur
1467 3698 1839 3773 eninipotente,
1882 3706 2099 3773 rejectis

518 3769 854 3824 intertncdiis
884 3771 1086 3835 verbis,
1112 3770 1275 3826 Credo
1314 3774 1366 3825 in
1400 3774 1505 3826 Deo
1534 3769 1721 3837 Patre,
1772 3776 1887 3829 sive
1933 3769 2097 3831 Deum

519 3837 747 3905 Putrem,
773 3840 911 3911 quod
935 3841 1022 3896 alii
1056 3843 1366 3909 prteferuut,
1394 3856 1447 3898 et
1476 3855 1657 3902 postea
1681 3844 1945 3901 dicemus.
1974 3846 2097 3902 Fel-

522 3913 603 3987 f_t_ts
629 3922 814 3987 autem
834 3952 849 3977 ,
876 3921 930 3965 et
966 3914 1414 3987 olimdllarrteus,
1463 3914 1759 3978 Pamelius,
1804 3916 2059 3987 Morelius
2081 3962 2098 3987 ,

521 3980 837 4050 Frobenius,
868 3991 1028 4053 atque
1050 3985 1138 4038 alii
1170 3985 1445 4038 nobiscum
1476 3990 1708 4038 ret‘ncnt
1734 4003 1747 4037 :
1776 3995 1829 4039 et
1857 3980 2096 4043 Pamelio

519 4068 649 4109 sane
679 4058 820 4122 prior
849 4055 1009 4109 lectio
1042 4056 1129 4109 illa
1172 4057 1353 4109 mutila
1392 4056 1612 4108 omnino
1643 4057 1753 4109 visa
1782 4068 1885 4111 est.
1922 4057 2096 4113 Czrte-

519 4141 634 4180 rutn
665 4142 718 4180 et
753 4128 919 4190 magis
945 4126 992 4179 ei
1027 4126 1213 4191 placet,
1250 4134 1307 4178 ut
1339 4128 1388 4179 in
1418 4127 1725 4179 accusativo
1746 4169 1760 4191 ,
1795 4127 1957 4181 Deum
1984 4128 2094 4182 Pa-

520 4210 670 4266 trem,
696 4206 799 4252 etc.
833 4199 1073 4268 legantur
1096 4198 1271 4248 omnia
1291 4240 1305 4263 ,
1337 4198 1634 4262 prmsertim
1663 4212 1784 4250 cum
1809 4201 1886 4254 sic
1917 4201 2097 4268 legant

520 4286 627 4323 non
658 4268 816 4323 modo
846 4265 1172 4330 Frobenitts,
1207 4274 1261 4319 et
1289 4277 1527 4320 vetusms
1557 4282 1791 4321 escusus
1819 4270 1942 4323 cod.
1973 4265 2090 4325 ilie-

520 4356 665 4406 ron.,
693 4338 785 4394 sed
817 4348 869 4393 et
892 4335 1152 4409 vetustior
1180 4335 1353 4409 a_dhuc
1378 4352 1442 4390 ex
1469 4337 1636 4409 prima
1660 4338 2092 4409 editione,quam

523 4405 749 4477 primum
792 4406 1023 4481 innotuit
1061 4422 1149 4459 ars
1192 4405 1599 4481 Tyiiograpliica
1623 4448 1637 4471 ,
1674 4424 1833 4481 quem
1861 4405 2009 4481 .vidit
2042 4415 2091 4466 iu

521 4476 852 4535 Biliiiutlteca
900 4476 1188 4551 Tolosana.
1219 4476 1404 4551 ‘Adtitt
1449 4476 1591 4545 quid
1644 4478 1747 4532 tria
1800 4476 1901 4533 alii
1951 4485 2090 4551 apud

522 4551 902 4619 Hieronymum
943 4548 1185 4619 symbola
1219 4546 1305 4619 ita,
1322 4547 1552 4619 habent,
1586 4557 1641 4602 et
1683 4551 1797 4617 ipse
1832 4546 2093 4619 Hierony-

521 4638 640 4677 mus
671 4616 888 4685 Dt'alogo
932 4628 1121 4689 contra
1152 4616 1546 4683 Luciferiauos,
1592 4616 1944 4689 przeterquam
1986 4616 2091 4682 uno

518 4695 573 4746 in
603 4695 742 4755 loco,
772 4694 828 4743 S.
859 4702 1069 4754 quoque
1099 4687 1427 4755 Augustinus
1458 4691 1655 4757 ubique
1696 4691 1749 4745 iti
1780 4687 2089 4749 accusativo

2268 3361 2373 3431 57
2400 3358 2452 3413 4.
2475 3360 2675 3423 Caeno,
2703 3362 2891 3429 inquit,
2919 3376 2969 3413 ia
3000 3358 3009 3395 ί
3043 3359 3354 3413 Dcol’srus
3382 3374 3775 3413 ~‘MNIPO'I'ENTE.

2276 3506 2298 3533 ο
2331 3495 2501 3550 Minus
2533 3504 2680 3548 recte
2710 3492 2907 3545 habere
2938 3492 3183 3545 videntur
3215 3492 3473 3544 hactenus
3501 3490 3631 3543 editi
3662 3507 3782 3545 om-

2203 3583 2298 3620 nes
2337 3581 2543 3627 navem,
2577 3580 2673 3633 pro
2700 3579 2869 3626 mare,
2906 3572 2961 3616 et
3019 3579 3139 3616 mox
3190 3566 3344 3615 vitam
3384 3578 3478 3628 pro
3513 3578 3637 3615 sese.
3679 3563 3779 3616 lm-

2202 3651 2402 3702 pressaa
2459 3636 2721 3689 lectiones
2757 3633 3087 3687 doctissimis
3164 3633 3469 3688 Editoribus
3523 3634 3674 3687 f-‘elto
3729 3642 3785 3687 et

2204 3706 2420 3760 Baluzio
2443 3746 2460 3769 ,
2490 3713 2547 3758 ut
2571 3705 2705 3759 alios
2734 3704 3009 3769 omittam,
3054 3720 3122 3759 ne
3153 3705 3500 3759 innatuerunt
3529 3703 3741 3772 quidem
3761 3742 3785 3767 ,

2205 3777 2540 3830 flarrtcanum
2572 3776 2769 3845 quippe
2795 3774 2933 3827 istud
2965 3777 3258 3842 exemplar,
3292 3790 3398 3844 quo
3422 3788 3530 3843 pra:
3557 3774 3777 3829 ceteris

2201 3849 2485 3900 emendato
2514 3852 2735 3911 utimur,
2762 3846 2972 3914 penitus
3002 3847 3333 3913 ignorarunt.

2279 3918 2295 3954 τ
2330 3917 2518 3972 Maluit
2550 3916 2798 3969 Balnzius
2821 3926 2983 3983 segete
3007 3917 3369 3981 multiplicata,
3401 3917 3603 3982 frugem
3656 3929 3777 3970 cum

2202 3989 2372 4041 lrihus
2404 3989 2527 4043 Mss.
2562 3987 2893 4051 totidemque
2920 3986 3079 4041 editis
3111 3988 3263 4041 libris
3288 3986 3589 4051 Remboldi,
3621 3986 3781 4039 Eras-

2202 4060 2271 4113 ini
2296 4067 2349 4111 et
2377 4057 2610 4112 Morelii.

2273 4138 2297 4176 ε
2329 4130 2735 4183 luti-rseruimus
2760 4128 2938 4197 quasi,
2970 4128 3109 4197 quod
3144 4127 3329 4181 deerat
3349 4168 3361 4187 ,
3396 4142 3459 4179 ex
3489 4126 3637 4179 libris
3665 4126 3777 4195 ple.

2200 4199 2386 4266 risque
2410 4200 2528 4254 aliis
2569 4200 2852 4264 omnibus,
2887 4215 2938 4252 ut
2973 4208 3027 4254 et
3065 4200 3179 4253 ideo
3210 4199 3362 4252 iiitio
3399 4197 3780 4266 subseq-ie..tis

2240 4270 2427 4324 eriodi.

2202 4287 2639 4406 νθὶμέιιιίὶιηρεήί
2662 4357 2859 4409 quoque
2880 4360 2899 4398 :
2929 4352 3036 4394 tum
3060 4382 3073 4402 ,
3096 4340 3256 4393 credit
3284 4340 3379 4391 sibi
3409 4337 3559 4409 urbes
3595 4344 3641 4388 et
3684 4353 3774 4404 po-

2200 4413 2369 4478 pulos,
2388 4423 2643 4465 armatum
2667 4413 2817 4464 etiam
2839 4430 2911 4466 ex:
2931 4414 3112 4465 rcitum
3132 4412 3409 4479 perituros.
3431 4408 3538 4463 Sed
3560 4418 3609 4461 et
3626 4412 3783 4476 paulo

2200 4496 2346 4550 post,
2392 4483 2638 4536 breviatus
2671 4498 2767 4552 pro
2804 4483 3068 4544 breviatis,
3111 4478 3289 4550 legure
3327 4489 3409 4534 est
3451 4480 3592 4552 apud
3626 4478 3780 4530 alios.
3828 4490 3836 4513 ι

2276 4552 2290 4591 ί
2328 4554 2483 4621 Quod
2524 4550 2684 4622 paulo
2712 4557 2956 4619 superius
2993 4552 3301 4605 dicebamus
3326 4592 3339 4616 ,
3376 4550 3640 4622 ablativos
3686 4564 3781 4622 pro

2198 4620 2664 4679 accusativislieic
2691 4633 2746 4677 et
2776 4626 2826 4677 in
2848 4622 3305 4689 consequentibus
3333 4620 3591 4673 continuo
3628 4620 3783 4672 resti-

2202 4698 2419 4756 luimus,
2447 4711 2568 4749 cum
2593 4694 2833 4747 melioris
2865 4705 3002 4746 llfﬂil‘
3034 4695 3280 4747 codicum
3301 4692 3639 4751 auctoritate,
3668 4698 3781 4743 tum

519 4764 698 4815 omnia
728 4736 888 4828 legat:
911 4736 1073 4811 Nobis
1096 4736 1401 4831 ccoittrario
1427 4736 1604 4815 veritir
1632 4763 1681 4816 in
1724 4766 1957 4817 ablativo
1982 4766 2091 4820 visa
2123 4736 2176 4795 D
2208 4738 2470 4819 ratimitini
2506 4766 2870 4819 monumentis
2900 4766 3146 4825 adducti,
3172 4779 3287 4831 quae
3315 4762 3350 4813 li
3371 4764 3563 4814 iluzius
3585 4736 3781 4814 adfert.

521 4846 607 4889 est
634 4832 809 4906 lectio»,
838 4844 994 4906 quam
1024 4829 1387 4906 restituimas,
1420 4840 1472 4885 ct
1501 4832 1654 4902 cujus
1678 4849 1897 4889 caussas
1936 4842 2098 4906 paulo

526 4914 645 4973 post
671 4917 738 4955 ex
766 4900 977 4973 littluzio
1006 4899 1284 4973 addemus.

601 4986 623 5014 ο
660 4974 819 5028 Vetus
848 4970 1169 5046 Usouiensis
1204 4971 1401 5035 ftlditio,
1429 4972 1776 5043 Remboldus,
1809 4977 2090 5046 Erasmus,

522 5059 573 5099 et
603 5056 733 5107 tri-s,
756 5056 890 5110 quos
916 5042 1165 5095 fialuzius
1195 5046 1456 5109 sequitur,
1487 5046 1611 5099 Mss.
1646 5064 1739 5113 pro
1767 5066 1825 5101 eo
1841 5066 1968 5112 esse,
1988 5042 2092 5103 etc.

526 5119 645 5171 Mox
678 5129 770 5182 pro
792 5127 873 5165 eos
890 5113 975 5181 qui
1000 5114 1237 5180 gratiam,
1256 5114 1362 5166 duo
1379 5131 1407 5167 e
1426 5116 1651 5170 laudatis
1668 5118 1796 5173 Mss.
1814 5120 2093 5175 ltembold.

528 5190 731 5240 lirasm.
756 5194 803 5236 et
831 5183 1172 5251 Morel.apud
1186 5202 1292 5237 eos.
1312 5188 1548 5254 Denique
1569 5191 1725 5241 tertio
1756 5190 1824 5242 ab
1856 5196 1956 5244 hoc
1975 5208 2095 5243 ver—

523 5274 583 5311 s.t
611 5257 766 5331 unius
786 5255 1132 5331 restituimus,
1158 5272 1250 5321 pro
1282 5260 1657 5331 quorftarrams
1688 5262 1841 5331 hujus
1874 5262 2092 5329 legerat.

595 5328 620 5363 ά
654 5329 928 5399 (Lotisctitit
959 5327 1164 5399 laudata
1199 5336 1348 5378 vetus
1384 5329 1423 5381 Ε
1448 5336 1526 5381 lit.
1559 5327 1879 5394 t'lxoanlii,
1918 5327 2006 5399 per
2028 5337 2100 5384 la-

524 5402 659 5451 vacri
702 5396 946 5467 gratiam.
979 5396 1094 5448 Mox
1147 5399 1196 5449 in
1249 5400 1488 5464 Apostuli
1537 5410 1682 5454 textu
1739 5404 1825 5457 ubi
1878 5396 2095 5468 dicitur,

528 5473 690 5537 primo
714 5467 1243 5541 omuium,_l3aluz'us
1274 5473 1498 5522 omnium
1533 5476 1760 5540 respuit,
1784 5473 1927 5541 quod
1964 5467 2099 5540 prtcé-

528 5556 608 5595 ter
637 5541 903 5593 [Sarra-um
927 5583 942 5607 ,
971 5537 1254 5593 l’amelium
1274 5583 1286 5602 ,
1320 5553 1371 5596 et
1397 5537 1671 5596 Moreliunt
1703 5537 1854 5597 vetus
1886 5537 2099 5608 quoque

525 5624 575 5664 et
614 5624 746 5663 nova
779 5608 952 5663 Editio
992 5612 1162 5663 ()xou.
1212 5613 1463 5666 retinent.
1516 5616 1644 5679 Qum
1697 5617 2100 5679 subsequuntur

530 5682 729 5749 reliqua
756 5694 877 5733 cuin
909 5682 1092 5736 eodem
1125 5682 1351 5752 aliisque
1391 5684 1542 5738 Lbris
1564 5686 1816 5737 omnibus
1841 5684 2096 5736 restitui-

526 5767 642 5822 llith
660 5791 675 5811 ,
712 5752 1027 5804 credentibus
1062 5753 1114 5805 in
1140 5770 1193 5807 se
1220 5764 1565 5808 remunerator
1590 5754 1669 5821 ﬁt.
1698 5753 1873 5809 Grant).
1909 5774 2097 5822 μιστα·

526 5820 751 5893 ποδότης-γ
774 5826 984 5893 γίνεται.
1019 5828 1184 5878 Antea
1216 5830 1277 5878 sit
1310 5827 1502 5880 IcC'um
1531 5840 1544 5877 :
1581 5820 1782 5877 vocula:
1824 5820 2005 5876 autem
2046 5824 2099 5877 in

528 5907 581 5945 se:
608 5892 971 5947 desiderabant
986 5912 1062 5948 ':r.

2206 4836 2294 4890 Ait
2322 4852 2468 4898 vero,
2499 4836 2587 4891 Sic
2618 4846 2727 4889 tres
2757 4836 2881 4888 Mss.
2916 4834 3161 4897 codices,
3192 4848 3311 4887 cum
3347 4834 3536 4884 “t‘lllit.
3570 4831 3782 4883 Erasm.

2206 4920 2259 4961 et
2290 4908 2470 4962 Morel.
2510 4918 2562 4959 et
2603 4906 2678 4958 sic
2719 4906 2770 4960 in
2822 4905 3171 4970 sequentibus
3200 4903 3464 4961 articulis,
3504 4912 3551 4954 et
3584 4904 3636 4954 in
3660 4899 3793 4954 Jesrt’

2207 4978 2411 5031 Christo
2432 5018 2446 5037 ,
2486 4988 2592 5029 etc.
2629 4975 2894 5029 Pamelius
2926 4977 3008 5030 his
3051 4978 3105 5029 in
3136 4975 3264 5028 locis
3294 4976 3657 5027 accusativum
3691 4987 3782 5040 po-

2206 5048 2333 5110 Suit,
2367 5060 2477 5102 tum
2505 5048 2626 5114 quia
2662 5045 2738 5098 sic
2770 5046 2967 5099 invenit
3012 5047 3062 5100 itt
3094 5046 3458 5104 Frobeniana,
3492 5052 3548 5096 et
3576 5043 3629 5095 iu
3662 5043 3786 5097 aliis

2207 5118 2413 5173 duabus
2442 5117 2669 5171 vetustis
2692 5115 3039 5181 editionilms,
3074 5126 3181 5169 tum
3210 5120 3332 5184 quia
3355 5114 3431 5167 sic
3464 5115 3663 5168 habent
3685 5114 3785 5165 tria

2206 5191 2343 5257 apud
2381 5189 2760 5258 Hieronymum
2791 5190 3033 5255 syntbola
3053 5226 3067 5250 ,
3098 5197 3153 5242 et
3181 5189 3257 5239 sic
3286 5187 3399 5258 ipse
3426 5184 3787 5255 llieruuymus

2201 5255 2253 5311 lu
2291 5261 2508 5323 ltialogo
2538 5255 2793 5312 adversus
2817 5258 3204 5322 Luciterianos,
3238 5270 3342 5309 uno
3372 5255 3488 5309 loco
3520 5265 3783 5323 excepto;

2204 5331 2279 5383 sic
2306 5333 2464 5383 etiam
2493 5330 2681 5393 ubique
2706 5329 3051 5393 Augustinus.
3081 5328 3275 5381 Verum
3304 5326 3522 5379 Pamelii
3548 5325 3786 5378 rationes

2208 5406 2454 5461 probant,
2484 5400 2608 5451 illtid
2642 5400 2856 5462 quidem
2887 5399 2937 5451 in
2970 5400 3234 5466 plerisque
3262 5397 3533 5465 Symlmlis
3562 5396 3667 5450 dici
3696 5412 3784 5447 so-

2204 5471 2333 5531 lere,
2364 5469 2526 5522 Credo
2555 5473 2604 5520 iu
2636 5467 2795 5519 Deum
2824 5485 2841 5522 :
2872 5480 2925 5520 at
2957 5474 3177 5523 numine
3215 5470 3478 5535 probant,
3512 5470 3595 5519 sit:
3621 5468 3783 5520 etiam

2205 5541 2475 5593 exstitisse
2516 5542 2567 5592 tu
2597 5540 2853 5608 Symbulo
2897 5539 3153 5593 Ecclesia:
3196 5538 3520 5608 Aqtiilejrnsi
3560 5576 3574 5590 .
3620 5540 3788 5604 Quin-

2211 5615 2367 5663 etiam
2398 5627 2505 5679 quo
2538 5607 2777 5663 usitatior
2807 5619 2921 5664 erat
2942 5611 3278 5664 accusativus
3312 5610 3361 5661 in
3390 5607 3683 5677 Symbutis,
3718 5622 3784 5679 eo

2211 5682 2388 5735 minus
2418 5678 2713 5749 probabile
2744 5689 2862 5744 est,
2895 5680 3171 5743 librarius,
3212 5680 3294 5733 vel
3332 5680 3536 5732 incuria
3560 5722 3571 5741 ,
3603 5680 3683 5731 Vel
3710 5678 3777 5731 de

2213 5752 2464 5804 industria
2496 5750 2787 5804 ablativum
2818 5750 2869 5803 iu
2899 5753 2997 5803 hoc
3018 5749 3271 5818 Symbolo
3296 5753 3556 5816 posuisse.
3594 5755 3663 5801 At
3689 5765 3785 5800 iiii-

2214 5822 2358 5875 uime
2384 5820 2573 5874 mirum
2604 5822 2678 5882 si,
2711 5836 2830 5873 cum
2859 5822 3157 5887 reperirent
3187 5820 3473 5872 ablatzvum
3499 5858 3512 5881 ,
3542 5828 3781 5871 novitate

2213 5892 2434 5956 offensi,
2465 5893 2819 5945 accusativum
2864 5891 3200 5943 inserucrint.
3245 5891 3603 5956 Quamobrem
3637 5890 3785 5943 Codi-
