4078 6346
242 403 340 461 3H

1203 408 1748 465 COMMENTARSUS
1792 409 1856 463 IN
1895 410 2186 465 SYMBOL.
2232 411 2561 467 APOSTOL.

3400 416 3503 470 549.

240 519 583 575 Orientales‘
608 520 862 575 Euclesiaa
882 535 1067 574 omnes
1103 536 1238 589 pene
1268 522 1337 575 ita
1363 521 1615 574 tradunt:
1647 521 1821 575 Credo
1854 527 1893 580 Α
1927 536 1989 575 ea
2040 524 2314 576 memoria:
2363 524 2581 589 spirilus
2609 540 2618 572 :
2653 524 2923 590 quomodo
2970 525 3084 578 haec
3132 540 3252 581 cum
3293 526 3503 584 diversa

241 612 291 665 in
337 624 445 664 uno
494 609 611 664 Deo
662 610 818 665 Patre
864 611 1252 678 omnipotente.
1291 610 1357 664 Et
1408 625 1618 664 rursum
1651 609 1703 663 in
1730 626 1819 664 se-

241 702 416 770 quenti
444 715 727 768 sermone,
753 701 841 756 ubi
874 716 970 755 nos
997 700 1228 756 dicimus
1255 720 1266 755 :
1297 711 1351 754 et
1377 701 1428 753 in
1456 699 1671 753 Christo
1693 700 1819 755 Jesii

243 792 393 847 unico
422 793 566 849 Filio
597 794 716 864 ejus
747 794 976 849 Domino
1007 804 1193 849 nostro
1221 811 1233 847 :
1268 794 1346 849 illi
1382 794 1599 849 tradunt
1627 821 1644 856 ,-
1676 794 1741 847 Et
1768 795 1817 846 in

246 864 349 938 uno
373 884 602 939 Domino
632 897 816 940 nostro
860 886 989 941 Jesu
1041 886 1257 941 Christo
1296 887 1451 941 unico
1498 884 1634 939 Filio
1660 884 1818 954 ejus:

248 990 401 1029 unum
432 976 642 1030 scilicet
672 976 838 1031 Deum
876 987 928 1031 et
960 992 1122 1031 unum
1158 977 1442 1030 Dominum
1474 1016 1489 1041 ,
1523 976 1819 1030 secundum

248 1066 614 1121 auctoritatem
665 1068 811 1123 Pauli
844 1069 1086 1136 Apostoli
1116 1071 1193 1137 (At.
1222 1067 1344 1122 Cor.
1374 1067 1459 1138 8.)
1488 1067 1829 1136 profitentes;

247 1159 344 1212 Sed
376 1158 443 1212 de
471 1160 573 1213 hnc
603 1160 657 1213 in
686 1160 1032 1230 sequentibus
1062 1160 1171 1233 [AL
1201 1158 1823 1231 competentibusLloeis

249 1260 551 1316 repetemus
579 1268 594 1304 :
626 1266 767 1307 nunc
814 1251 1028 1307 interim
1054 1292 1069 1315 ,
1103 1251 1248 1321 quod
1290 1252 1364 1305 ait
1391 1293 1406 1314 ,
1440 1252 1492 1305 in
1528 1250 1637 1306 Deo
1668 1251 1825 1305 Patre

248 1343 646 1409 omnipotente,
666 1345 963 1399 videamus.
997 1344 1160 1410 Deus,
1202 1345 1495 1398 secundum
1532 1342 1674 1414 quod
1706 1343 1823 1408 cpi-

251 1435 355 1487 nari
385 1434 491 1505 [AL
530 1436 821 1507 iiiopinari]
870 1446 1043 1505 potest
1097 1437 1329 1491 humana
1378 1450 1566 1501 mens,
1619 1445 1825 1490 natura:

248 1525 423 1596 ipsius,
450 1526 535 1580 vel
566 1528 885 1582 substantia:
913 1568 927 1589 ,
956 1542 1077 1597 qua:
1103 1537 1187 1583 est
1215 1542 1378 1595 super
1407 1529 1612 1591 omnia,
1640 1527 1825 1596 appel—

248 1615 370 1669 latio
420 1626 525 1671 est.
585 1618 745 1671 Pater
779 1618 803 1656 δ
834 1619 1018 1671 arcani
1064 1630 1118 1672 et
1169 1616 1452 1672 ineﬂ‘abilis
1502 1617 1823 1672 sacramenti

246 1708 556 1761 vocabulum
588 1718 689 1762 est.
726 1707 891 1762 Deum
922 1724 1043 1761 cum
1075 1708 1253 1771 audis,
1289 1708 1641 1762 substantiam
1670 1706 1825 1761 intel-

253 1794 351 1863 lige
379 1796 499 1851 sine
534 1798 710 1859 initio,
740 1798 855 1850 sine
889 1799 1011 1862 line,
1044 1797 1367 1866 simplicem,
1404 1798 1522 1851 sine
1567 1796 1673 1850 ulla
1725 1796 1835 1850 ad-

1926 611 2027 664 sint
2060 612 2218 665 rebus
2244 622 2299 665 et
2329 612 2553 675 actibus,
2580 627 2741 664 Illllltll
2774 610 2792 648 ί
2822 624 2998 666 tamen
3022 616 3129 669 sitit
3154 616 3236 670 vel
3258 616 3504 670 substan-

1925 709 2017 767 tia,
2051 705 2129 756 vel
2160 714 2371 767 natura,
2403 712 2457 757 et
2483 719 2603 756 cum
2627 720 2656 757 c
2679 716 2857 758 mente
2883 705 3196 773 procedant,
3230 722 3500 776 nunquam

1924 805 2101 849 tau-en
2142 796 2208 849 ab
2252 797 2360 864 ipsa
2409 807 2744 863 separentur.
2799 796 2865 850 Et
2914 799 2956 850 si
2991 797 3139 861 hac,
3171 799 3415 868 quamvis
3446 800 3536 853 iii-

1926 885 2100 946 nobis,
2131 894 2180 945 et
2208 885 2401 937 animm
2426 894 2623 937 nostra:
2654 884 2953 939 substantia
2979 886 3295 952 habeantur,
3325 896 3503 942 tamen

1925 984 2074 1029 tanto
2096 975 2251 1028 nobis
2274 976 2482 1028 occulta
2509 974 2779 1040 videntur,
2810 987 3010 1045 quanto
3036 978 3277 1044 aspectui
3305 992 3504 1045 corpo-

1928 1081 2020 1121 reo
2070 1067 2501 1121 invisibilia:de
2542 1067 2902 1134 apertioribus
2952 1069 3310 1137 requiramus.
3362 1069 3529 1123 Fons»

1925 1159 2196 1227 quomodo
2225 1174 2292 1213 cs
2326 1175 2385 1213 se
2414 1169 2639 1228 generat
2666 1161 2883 1213 ﬂuvium
2910 1201 2926 1225 ,
2955 1150 3061 1228 quo
3103 1172 3282 1215 autem
3311 1162 3501 1228 Spiritu

1927 1250 2143 1318 rapidus
2192 1252 2360 1303 r‘rltlt‘
2408 1250 2461 1301 in
2513 1249 2811 1303 ﬂuentum?
2842 1250 2980 1316 Quid
3015 1260 3040 1297 κ
3071 1260 3174 1313 est,
3204 1252 3345 1320 quod
3373 1252 3523 1303 dum

1929 1353 2097 1392 unum
2148 1348 2202 1391 et
2232 1338 2590 1407 inseparabile
2619 1339 2685 1391 sit
2713 1338 2903 1392 ﬂuvius
2937 1350 2989 1392 et
3018 1340 3169 1405 fons,
3203 1352 3377 1396 tamen
3410 1358 3509 1397 nec

1928 1428 2121 1483 ﬂuvius
2142 1429 2259 1483 fons
2281 1469 2297 1492 ,
2328 1444 2429 1482 nec
2458 1429 2576 1479 fons
2600 1429 2796 1481 ﬂuvius
2828 1429 3082 1499 intelligi,
3113 1439 3203 1483 aut
3243 1433 3521 1500 appellari.

1930 1529 2140 1590 potest:
2168 1530 2222 1575 et
2254 1528 2431 1574 tamen
2476 1521 2563 1587 qui
2606 1520 2801 1574 viderit
2845 1520 3091 1573 ﬂuvium.
3128 1522 3273 1575 videt
3301 1530 3354 1575 et
3386 1524 3506 1576 lon-

1930 1611 2070 1666 teni?
2094 1612 2299 1665 Exerce
2330 1620 2380 1662 te
2410 1611 2556 1676 prius
2586 1611 2638 1663 iii
2672 1613 2860 1663 horum
2892 1610 3290 1676 explanatione,
3312 1622 3365 1664 et
3391 1612 3503 1665 dis-

1929 1710 2051 1756 cute
2080 1703 2123 1754 si
2159 1710 2332 1768 potes,
2363 1716 2481 1768 qiiie
2506 1701 2772 1755 habeantur
2805 1701 3127 1754 inmanibus
3153 1717 3165 1752 :
3203 1710 3257 1754 et
3288 1708 3413 1754 tunc
3434 1702 3511 1755 ad

1931 1782 2458 1847 horum—sublimiora
2485 1789 2511 1829 δ
2543 1793 2746 1846 venies.
2791 1793 2897 1846 Nec
2929 1802 3082 1861 putes
3105 1792 3292 1859 ,qiiud
3322 1803 3373 1847 to
3402 1802 3508 1846 sta-

248 1872 534 1953 niistione‘,
571 1889 892 1943 invisiliileni
919 1933 932 1951 ,
990 1890 1360 1957 incorpoream
1386 1931 1402 1955 ,
1454 1887 1776 1943 ineﬂ'abiieiii
1802 1930 1818 1954 ,
1854 1887 1899 1945 Β
1927 1882 2018 1937 tim
2051 1883 2157 1955 59
2185 1882 2251 1937 de
2282 1892 2424 1935 terra
2467 1884 2765 1937 ascendere
2811 1883 3069 1937 suadeam
3116 1897 3278 1950 super
3311 1884 3505 1949 caelus,

243 1978 675 2034 iiizstiiiiabilem
700 2020 714 2042 ,
758 1981 810 2032 iii
854 1997 955 2048 qua
989 1980 1097 2053 [ΑΙ.
1130 1979 1257 2051 quo]
1306 1980 1435 2033 nihil
1475 1980 1821 2050 adiunctum,

243 2070 368 2123 nihil
398 2080 641 2123 creatum
672 2072 763 2123 sit.
797 2071 925 2126 Sine
950 2082 1169 2125 auctore
1198 2081 1283 2125 est
1312 2071 1456 2125 enim
1491 2071 1603 2139 illc,
1626 2072 1715 2141 qui
1742 2081 1827 2127 est

241 2161 457 2217 omnino
485 2163 725 2216 omnium
751 2176 956 2219 aiicior.
992 2163 1204 2217 Patrem
1235 2178 1359 2217 cuni
1387 2162 1565 2228 audis,
1600 2163 1719 2217 Filii
1752 2164 1829 2217 iii-

245 2253 416 2321 tellige
464 2254 678 2308 Patrem
708 2298 723 2320 ,
768 2255 855 2322 qui
890 2255 1055 2310 Filius
1092 2266 1113 2293 ο
1148 2270 1306 2323 supra
1356 2255 1514 2310 dicta:
1545 2256 1614 2309 sit
1646 2257 1822 2326 Imago

242 2344 574 2400 substantiae.
598 2346 745 2402 Sicut
765 2348 907 2402 enim
931 2363 1088 2403 iieiiio
1114 2348 1306 2402 dicitur
1323 2349 1590 2415 dominus,
1610 2350 1712 2403 nisi
1734 2351 1824 2402 lia-

240 2438 381 2515 beat,
402 2438 486 2492 vel
508 2442 925 2507 posse~sionem,
946 2443 1028 2494 vel
1051 2456 1263 2496 servum
1290 2443 1375 2497 cui
1404 2443 1742 2497 dominatur:
1773 2454 1827 2498 et

244 2530 380 2584 sicut
412 2545 572 2584 nemo
602 2532 852 2599 magister
873 2532 1087 2597 dicitur,
1114 2532 1213 2587 nisi
1254 2534 1572 2603 discipulum
1607 2535 1819 2596 habeat;

243 2621 313 2673 ita
338 2629 391 2675 et
424 2629 578 2689 pater
612 2621 757 2675 nullo
788 2633 940 2691 pacto
995 2624 1115 2691 quis
1170 2623 1274 2678 dici
1304 2634 1496 2692 potest,
1529 2625 1629 2678 nisi
1662 2626 1823 2679 lilium

245 2710 467 2767 habens.
489 2713 602 2767 Hoc
630 2714 788 2781 igitur
810 2715 925 2782 ipso
956 2718 1167 2770 nomine
1193 2732 1298 2785 quo
1314 2708 1451 2771 Deus
1465 2718 1619 2773 Pater
1634 2720 1788 2787 appel
1801 2748 1822 2758 -

244 2802 402 2869 latiir,
433 2819 557 2857 cuin
593 2804 748 2859 Patre
778 2806 886 2878 58
924 2809 1120 2876 pariter
1148 2808 1444 2863 subsistere
1465 2810 1627 2863 etiam
1660 2809 1827 2865 Filius

241 2892 660 2950 demonstratur.
685 2898 964 2963 Quomodo
989 2908 1166 2954 autem
1196 2898 1301 2971 [AL
1328 2898 1479 2970 sane]
1503 2900 1644 2955 Deus
1669 2900 1828 2956 Pater

242 2987 487 3052 genuerit
527 2987 723 3041 Filium
744 3034 757 3054 ,
809 2990 933 3044 nolo
970 2990 1227 3045 discutias
1248 3032 1261 3054 .
1294 3007 1395 3047 nec
1418 2988 1445 3027 ἀ
1481 3002 1531 3046 te
1562 2992 1830 3047 curiosius

246 3075 456 3145 ingeras
486 3077 539 3131 in
573 3079 840 3148 profundo
869 3082 1081 3143 arcani,
1116 3100 1180 3136 ue
1204 3084 1341 3137 forte
1369 3083 1497 3136 dum
1531 3083 1821 3138 inaccessa:

246 3167 377 3221 lucis
418 3169 680 3238 fulgorem
737 3174 1062 3241 pertinacius
1121 3176 1512 3242 perscriitaris,
1574 3175 1829 3243 exiguum

1924 1976 2019 2031 sed
2053 1977 2198 2044 prius
2230 1988 2281 2029 te
2309 1980 2350 2029 si
2389 1976 2562 2041 placet
2611 1977 2674 2027 ad
2730 1975 2866 2028 istud
2898 1976 3294 2030 firmamentum
3322 2018 3335 2037 ,
3366 1976 3509 2042 quod

1925 2069 2095 2124 oculis
2117 2070 2347 2133 videtur,
2375 2068 2600 2121 educam
2625 2078 2677 2120 et
2709 2068 2778 2119 ilii
2803 2068 2845 2120 si
2874 2078 3047 2135 poles,
3077 2078 3323 2121 naturam
3351 2069 3510 2137 hujus

1927 2160 2159 2216 visibilis
2181 2161 2399 2212 liiiiiiuis
2429 2158 2660 2223 discute,
2696 2159 2965 2226 quomodo
2993 2158 3130 2229 ignis
3157 2160 3256 2213 iste
3278 2160 3511 2213 caelestis

1926 2261 2149 2323 generet
2198 2269 2260 2305 ex
2314 2253 2606 2319 senietip~o
2649 2251 2990 2319 splendorem
3042 2252 3206 2319 lucis,
3241 2253 3510 2320 quomodo

1926 2348 2086 2402 etiam
2122 2346 2379 2414 producat
2406 2343 2512 2415 [Αι.
2549 2342 2816 2413 producit]
2848 2360 3100 2411 vaporem
3130 2363 3141 2397 :
3176 2354 3229 2400 et
3258 2360 3378 2399 cum
3411 2347 3508 2399 tria

1928 2439 2035 2493 sint
2065 2440 2115 2491 in
2146 2439 2327 2499 rebus,
2359 2452 2521 2490 unum
2554 2447 2730 2491 tamen
2759 2445 2885 2490 sunt
2912 2436 2968 2491 in
3000 2439 3317 2491 substantia.
3350 2440 3503 2503 Quod

1928 2541 1984 2585 et
2011 2532 2055 2584 si
2088 2531 2199 2584 huic
2232 2530 2439 2598 singula
2489 2531 2813 2597 inve-ligare
2845 2531 3088 2598 pniueris
3109 2572 3125 2596 ,
3152 2532 3290 2585 scito
3333 2532 3508 2586 adhuc

1929 2622 2122 2675 divina:
2151 2620 2515 2691 generationis
2566 2622 2879 2708 mysterium
2930 2631 3078 2675 tanto
3107 2638 3229 2677 esse
3254 2624 3504 2677 ditteren-

1932 2714 2035 2768 tius
2080 2726 2133 2769 et
2176 2713 2500 2767 eminentius
2524 2752 2539 2775 ,
2573 2725 2775 2781 quanto
2800 2723 3010 2768 creator
3039 2718 3298 2769 creaturis
3328 2729 3512 2785 puteu-

1932 2811 2055 2873 tior,
2087 2817 2286 2877 quanto
2316 2807 2505 2862 artifex
2548 2822 2714 2874 Opere
2764 2823 2863 2862 suo
2918 2814 3282 2875 priestantmr,
3315 2824 3514 2877 quanio

1932 2901 2021 2954 ille
2044 2900 2134 2969 qui
2158 2914 2373 2964 semper
2403 2907 2506 2962 est,
2540 2912 2606 2953 eo
2636 2899 2726 2968 qui
2757 2914 2821 2952 ex
2856 2898 3024 2952 nihilo
3056 2899 3219 2964 cmpit
3260 2916 3380 2955 esse
3412 2918 3510 2955 tin-

1932 2992 2088 3046 bilior
2119 2989 2136 3029 ί
2171 3003 2272 3046 est.
2303 2992 2616 3046 Credendiis
2645 3002 2727 3045 est
2748 3008 2877 3062 ergo
2902 2991 3187 3048 Deiis'esse
3219 2994 3373 3048 Pater
3399 3000 3516 3047 uni-

1931 3084 1977 3137 ci
2008 3082 2126 3137 Filii
2152 3084 2234 3136 sui
2270 3084 2479 3137 Domini
2526 3083 2736 3147 nostri,
2774 3098 2878 3137 non
2910 3083 3299 3139 discutiendiis.
3329 3086 3512 3155 Neque

1931 3176 2074 3228 enim
2118 3174 2197 3227 las
2238 3185 2318 3226 est
2358 3188 2514 3227 servo
2553 3174 2619 3227 de
2660 3173 2931 3228 natalibus
2960 3174 3161 3227 domini
3213 3175 3507 3243 disputare.

249 3256 441 3327 ipsum,
469 3263 559 3330 qui
590 3264 905 3317 mortalibus
935 3265 1119 3317 divino
1146 3280 1364 3320 munere
1392 3281 1683 3319 concessus
1716 3278 1818 3329 est,
1852 3264 1898 3327 Ο
1930 3268 2270 3321 Contestatus
2291 3274 2375 3320 est
2400 3268 2555 3320 Pater
2582 3268 2648 3320 de
2675 3265 2847 3330 οιιιιίε,
2872 3266 3091 3331 dicens,
3120 3266 3219 3319 llic
3242 3278 3313 3320 est
3343 3268 3511 3321 Filius

250 3350 442 3415 perdas
469 3363 771 3419 aspectum.
802 3359 905 3409 Aut
932 3358 973 3410 si
1002 3368 1154 3424 putas
1185 3357 1235 3410 in
1270 3359 1373 3411 hoc
1414 3359 1561 3412 omni
1606 3359 1825 3428 indaga-

252 3440 410 3494 tioiiis
429 3456 622 3511 genere
645 3446 921 3515 utendum,
944 3448 1087 3515 prius
1107 3449 1196 3501 tibi
1218 3464 1475 3517 propone,
1503 3464 1622 3517 qua:
1644 3461 1825 3504 nostra

250 3545 371 3587 sunt
402 3552 413 3586 :
444 3553 561 3604 qua:
590 3537 635 3591 si
665 3549 1057 3609 consequenter
1086 3541 1323 3595 valueris
1364 3542 1623 3609 expedire
1643 3586 1657 3609 ,
1703 3551 1828 3597 tunc

250 3641 281 3679 a
307 3629 652 3683 terrestribus
678 3630 746 3684 ad
770 3632 1049 3695 czelestiw,
1082 3643 1136 3687 et
1169 3650 1195 3684 a
1223 3633 1525 3689 visibilibus
1556 3634 1624 3688 ad
1647 3635 1829 3689 invisi-

252 3717 373 3773 bilia
407 3731 713 3788 pr0perato.
752 3721 954 3790 Expedi
987 3723 1157 3791 primo
1198 3725 1242 3776 si
1288 3734 1440 3792 potes
1470 3736 1527 3790 ι’,
1558 3726 1829 3795 quomodo

255 3823 424 3875 mens,
450 3828 569 3881 quae
593 3816 729 3868 intra
759 3826 808 3869 te
835 3823 937 3880 est,
965 3816 1184 3887 generet
1208 3818 1452 3882 verbum,
1476 3828 1530 3872 ct
1556 3818 1646 3886 qui
1671 3819 1742 3872 sit
1767 3819 1819 3872 iii

256 3964 343 4002 ces
364 3948 415 4001 in
435 3948 628 4022 quibus
650 3949 860 4019 legitur,
885 3949 1049 4004 Credo
1071 3953 1121 4004 in
1147 3952 1272 4017 Deo,
1299 3963 1426 4014 etc..
1452 3964 1497 4006 et
1522 3956 1575 4008 in
1603 3955 1828 4022 Christo,

258 4030 385 4082 etc.,
416 4030 462 4070 et
494 4020 545 4071 in
577 4020 776 4084 Spiritu
820 4022 1045 4084 Sancto,
1087 4023 1332 4077 videntur
1361 4024 1489 4078 mihi
1530 4020 1830 4081 accuratius

257 4092 690 4165 consuetudinem
726 4091 974 4145 Ecclesia:
1007 4095 1361 4161 Aqu.lejeiisis
1392 4098 1645 4165 retinere,
1668 4113 1827 4165 quam

259 4161 341 4221 uiti
370 4162 733 4235 accusativum
763 4172 1038 4235 usurpant.
1074 4165 1197 4216 Haec
1222 4173 1402 4235 autem
1433 4161 1829 4235 Symboli'pro-

262 4231 536 4283 nuntiandi
570 4234 707 4284 ratio
739 4248 843 4284 non
877 4233 1090 4287 videtur
1120 4236 1187 4287 ab
1217 4234 1317 4289 hac
1349 4231 1584 4290 Ecclesia
1621 4231 1826 4291 adscita

263 4302 378 4355 sine
408 4302 635 4355 consilio
666 4302 857 4366 fuisse;
888 4306 980 4356 sed
1014 4312 1069 4356 ut
1100 4305 1255 4358 trium
1303 4321 1651 4373 personarum
1697 4308 1833 4362 divi-

264 4385 448 4447 narum
477 4373 672 4425 clarior
678 4383 836 4447 esset
862 4374 1138 4428 distinctio
1178 4378 1246 4430 ab
1288 4376 1527 4431 articulis
1557 4380 1832 4447 sequentiv

264 4441 379 4505 bus,
410 4452 637 4495 sanctam
670 4441 978 4507 Ecclestam,
1009 4453 1114 4499 etc.

1937 3375 2074 3411 meus
2100 3357 2333 3417 dilectus,
2364 3360 2414 3410 in
2436 3374 2534 3426 quo
2563 3368 2577 3405 t
2611 3357 2732 3409 ini/ii
2757 3357 2877 3410 bene
2896 3359 3198 3424 coniplacui,
3232 3360 3396 3428 ipsum
3420 3378 3507 3412 au-

1936 3451 2042 3505 dite
2064 3449 2276 3522 (Matth.
2299 3448 2433 3518 17.).
2461 3448 2617 3503 Pater
2636 3450 2804 3517 ipsum
2823 3449 2951 3503 dicit
2976 3464 3097 3504 esse
3122 3449 3310 3503 Filium
3334 3466 3513 3515 suum,

1936 3552 1990 3596 et
2021 3545 2191 3610 ipsum
2220 3543 2390 3595 audiri
2423 3541 2526 3611 [AL
2555 3539 2761 3609 audire]
2791 3540 2963 3608 jubet.
2996 3541 3159 3594 Filius
3203 3542 3333 3595 dicit
3357 3583 3370 3603 ,
3414 3543 3513 3609 Qui

1936 3636 2068 3690 videt
2084 3652 2181 3699 me,
2195 3636 2327 3688 videt
2349 3644 2393 3686 et
2415 3633 2639 3687 Patrem.
2670 3634 2755 3696 Et,
2776 3631 2883 3702 Ego
2900 3642 2946 3684 et
2970 3631 3125 3685 Pa'er
3140 3650 3293 3685 unum
3317 3651 3513 3686 sanius.

1939 3731 2036 3793 Et,
2061 3728 2173 3799 Ego
2195 3746 2226 3780 α
2258 3728 2361 3781 Deo
2387 3728 2539 3791 exivi,
2579 3736 2626 3780 et
2667 3728 2777 3779 veni
2806 3727 2857 3778 iii
2891 3726 3023 3778 hunc
3054 3726 3300 3778 mundum
3330 3726 3511 3794 (Joau.

1938 3823 2025 3877 14.
2058 3821 2158 3890 9.).
2182 3820 2310 3885 Quis
2332 3829 2433 3886 est,
2459 3819 2547 3888 qui
2590 3818 2728 3872 inter
2762 3818 2855 3872 has
2890 3816 3058 3870 Patris
3110 3828 3163 3870 et
3210 3816 3325 3870 Filii
3355 3834 3510 3873 vaces

1937 3971 2179 4008 arcanum
2212 3954 2411 4022 legunt.
2448 3950 2709 4005 Pamclius
2740 3953 2792 4005 in
2825 3952 3135 4024 profundum
3166 3950 3319 4019 liujus
3336 3954 3515 4005 arcani

1940 4028 2232 4080 maluisset.

2012 4106 2037 4133 θ
2072 4098 2282 4149 Addunt
2313 4093 2506 4145 laudati
2539 4092 2679 4154 liliri,
2710 4103 2755 4143 et
2779 4093 3018 4156 explana.

2014 4165 2032 4203 ί
2074 4167 2235 4218 Vetus
2264 4166 2393 4216 edit.
2444 4165 2619 4215 Oxon.
2666 4173 2861 4214 tantum
2890 4164 2988 4211 sint
3014 4162 3309 4212 substantia.
3344 4163 3521 4227 primo

1939 4236 2016 4290 uel
2046 4236 2411 4305 praetermisso
2433 4277 2445 4295 ,
2479 4236 2616 4305 quod
2646 4243 2699 4285 et
2734 4235 2851 4305 liliri
2880 4232 2973 4305 alii
2999 4234 3263 4305 ignoraui.
3301 4230 3360 4282 lli
3395 4247 3515 4281 rttr-

1942 4300 2061 4360 sum
2088 4306 2192 4358 Sed
2221 4305 2413 4356 habent
2440 4319 2535 4367 pio
2563 4302 2625 4353 Et
2654 4304 2718 4364 si,
2740 4313 2791 4351 et
2817 4300 3011 4353 deinde
3032 4303 3082 4352 in
3105 4301 3289 4352 auium:
3312 4310 3519 4362 πολιτην,

1946 4388 2053 4430 tuin
2083 4388 2271 4441 quanto
2291 4383 2337 4425 et
2363 4373 2589 4437 aspectui
2614 4388 2631 4423 .'
2655 4371 2884 4438 denique
2906 4373 3148 4435 rapidum
3173 4370 3334 4438 fertur
3355 4372 3523 4438 ﬂucti-

1949 4458 2077 4507 tum,
2103 4446 2243 4512 quod
2268 4446 2446 4509 utique
2476 4445 2649 4493 minus
2673 4442 2863 4507 placet,
2894 4456 3066 4505 neque
3089 4441 3207 4505 ipsi,
3235 4450 3379 4501 puto,
3405 4456 3525 4505 ιιι-υ-

336 4547 362 4573 ι
393 4535 491 4588 Am
523 4536 745 4590 (meum
767 4552 785 4588 ε
811 4539 965 4591 ιεηίθ
987 4538 1053 4591 ab
1077 4538 1174 4591 hoc
1207 4554 1384 4599 versu.
1410 4540 1483 4592 ita
1505 4540 1583 4593 im
1607 4542 1839 4594 "mlum.
1870 4532 1922 4591 ι)
1951 4518 2167 4599 hassent
2200 4512 2496 4599 titlflli>§illli
2523 4512 2788 4599 editores,
2821 4514 2861 4564 si
2894 4512 3230 4564 Barrneaiiinn
3266 4520 3403 4562 nunc
3429 4526 3523 4564 eo-

271 4606 492 4659 Videtur
520 4609 746 4661 ltuliiius
774 4609 872 4661 hac
892 4608 1265 4663 observatione
1296 4609 1530 4662 voluisse
1562 4610 1683 4665 ﬂdci
1720 4627 1843 4676 pro-

271 4676 531 4742 tessiones
565 4680 616 4730 in
646 4678 878 4731 Orientis
909 4679 1184 4742 Ecclesiis,
1208 4678 1481 4733 Niczenain
1505 4688 1560 4734 et
1579 4681 1846 4735 Constan-

272 4738 676 4817 tiiiopolitanam
703 4749 1027 4817 signitiCare.

338 4840 365 4878 δ
398 4840 614 4894 Addunt
660 4854 777 4920 vero
825 4839 915 4893 alLi
945 4857 959 4891 :
990 4848 1100 4919 tum
1149 4840 1329 4920 legunt
1376 4841 1533 4920 paulo
1578 4853 1727 4907 post,
1762 4843 1850 4910 qui

272 4922 444 4965 auctor
464 4920 539 4963 est
563 4913 812 4973 omnium,
842 4926 937 4978 pro
961 4913 1047 4979 qui
1070 4927 1141 4963 est
1164 4914 1370 4964 omnino
1392 4913 1621 4965 omnium
1649 4926 1847 4967 auctor.

346 5012 368 5039 ε
402 4999 545 5056 Olim
584 5000 950 5067 supradictus:
979 5009 1088 5053 tum
1120 5011 1191 5053 est
1215 5042 1230 5063 ,
1263 5017 1358 5070 pro
1387 5004 1451 5054 sit
1486 5004 1535 5055 iu
1566 5003 1687 5055 cod.
1721 5006 1854 5056 Sau-

275 5070 630 5142 germanensi.
664 5070 948 5136 Accepisse
978 5084 1254 5142 auteniau
1288 5078 1385 5125 lioe
1418 5072 1595 5126 ttulini
1627 5074 1743 5128 loco
1773 5076 1853 5127 vi-

282 5141 434 5196 detur
460 5142 587 5194 milii
618 5143 818 5193 Aueior
850 5142 1122 5196 Sermonis
1149 5141 1217 5195 de
1247 5143 1512 5206 Tempore
1549 5144 1670 5197 181.
1712 5143 1855 5199 inter

281 5213 337 5267 S.
373 5209 651 5271 Augustini
692 5213 886 5273 Opi-ra.
934 5214 1215 5275 Advertite,
1258 5213 1502 5279 inquiens
1527 5254 1542 5278 ,
1572 5214 1709 5282 quod
1740 5230 1855 5267 cum

282 5282 377 5338 Dei
405 5282 576 5334 Patris
616 5297 799 5333 nomen
827 5284 878 5332 in
919 5282 1235 5350 confessione
1273 5285 1568 5351 conjungit,
1597 5286 1852 5348 ostendit,

278 5356 415 5423 quod
454 5370 554 5404 non
600 5364 718 5423 ante
754 5352 884 5402 (lens
916 5369 1021 5405 esse
1051 5354 1233 5422 ca'pit,
1279 5366 1324 5406 et
1357 5366 1530 5421 postea
1562 5353 1737 5419 Pater,
1767 5358 1856 5408 sed

234 5442 247 5453 ·
280 5422 386 5478 sine
407 5426 513 5476 ulla
538 5422 683 5474 initio
706 5430 750 5473 et
779 5423 910 5474 Deus
939 5438 1153 5491 ερτηρεν,
1176 5435 1222 5477 et
1258 5424 1429 5478 Pater.
1463 5426 1666 5478 l’a'rem
1686 5437 1858 5477 autem

281 5511 395 5548 cum
424 5495 595 5553 audis,
620 5507 835 5561 agnosce
856 5494 994 5559 quod
1016 5495 1183 5555 habet,
1219 5492 1412 5547 Filium
1443 5500 1688 5547 veraciter
1718 5498 1857 5565 geni-

288 5579 411 5623 tum.
431 5568 685 5635 quomodo
705 5578 973 5635 possessor
1002 5566 1190 5616 dicitur
1208 5568 1294 5631 qui
1315 5567 1523 5635 aliquid,
1540 5567 1785 5631 possidet,
1810 5575 1857 5618 et

284 5637 520 5688 dominus
542 5634 631 5702 qui
661 5633 821 5704 alicui
845 5633 1154 5687 dominatur.
1191 5635 1328 5688 Deus
1354 5633 1477 5704 ergo
1502 5634 1657 5688 Pater
1683 5637 1859 5688 secreti

286 5705 593 5759 sacramenti
615 5703 908 5755 vocabulum
921 5712 1017 5763 ett.
1041 5707 1188 5773 cuius
1209 5720 1322 5758 vere
1340 5704 1507 5758 Filius
1525 5717 1595 5758 est
1616 5705 1857 5758 Verbum.

356 5775 383 5813 ἀ
414 5773 739 5830 Suﬂ'eciinus
761 5783 826 5836 te,
851 5774 992 5840 quod
1014 5774 1436 5838 desiderabatur,
1458 5790 1522 5828 ex
1548 5777 1693 5827 libris
1719 5777 1767 5828 :il
1794 5778 1858 5835 is,

289 5848 378 5915 qui
411 5849 541 5901 item
583 5844 808 5905 inseras,
836 5859 946 5909 αντη
975 5845 1204 5913 ingeras,
1238 5854 1291 5899 et
1330 5847 1381 5896 in
1412 5844 1655 5914 profundi
1701 5846 1857 5914 hujus

1947 4588 2117 4642 dicem
2147 4583 2561 4637 Consulitisselll.

2022 4666 2047 4701 κ
2082 4657 2365 4722 Perperaiii
2398 4653 2488 4704 alii
2515 4694 2529 4716 ,
2570 4668 2636 4705 ne
2667 4651 2815 4705 Fello
2843 4650 3054 4719 quidem
3103 4659 3357 4716 excepto,
3389 4653 3531 4722 quod

1948 4721 2313 4793 quidempcuni
2347 4739 2524 4789 unum,
2557 4738 2659 4776 e'e.
2690 4723 2969 4776 rel‘ereiiilo
2992 4723 3056 4773 ad
3084 4723 3355 4790 ﬂuentum,
3386 4721 3524 4788 quod

1950 4800 2194 4868 proxime
2227 4793 2501 4868 prmi-edit.
2535 4793 2777 4868 Mincius
2806 4809 2864 4868 se
2893 4795 2959 4843 ait
2994 4794 3294 4868 restituisse
3315 4807 3378 4844 ex
3402 4794 3527 4868 eod.

1950 4863 2299 4936 Sangeriiian.
2327 4880 2373 4917 ei
2406 4866 2512 4936 alio
2541 4880 2604 4918 ex
2639 4864 2970 4936 liihiiodieca
3007 4863 3135 4930 lleg.
3166 4873 3222 4936 et
3250 4863 3531 4936 hlorellio;

1954 4933 2233 5003 ignorabat
2280 4951 2423 4989 ciiiin
2473 4934 2637 4990 fuisse
2691 4934 3013 5003 j:iiiipi'iileiii
3068 4933 3204 4993 apud
3250 4933 3527 4985 Barru-uiii

1954 5009 2197 5062 eamdem
2232 5008 2513 5061 lectionem
2536 5004 2856 5070 restitutam,
2883 5014 3107 5073 eli-epla
3123 5004 3265 5069 dum,
3291 5018 3387 5073 pro
3414 5020 3530 5056 cum

1958 5079 2170 5134 vocula.
3318 5102 3323 5107 -

2028 5167 2055 5207 ιι
2085 5170 2169 5223 ΑΙ.
2202 5171 2477 5232 veniemus,
2510 5178 2563 5223 et
2591 5170 2871 5223 veniamus.
2915 5168 3048 5220 Tum
3079 5167 3197 5230 quia
3231 5181 3326 5233 pro
3360 5165 3495 5231 quod
3514 5204 3529 5226 ,

1955 5253 2012 5295 et
2041 5257 2160 5294 mox
2194 5251 2330 5305 patet
2367 5257 2462 5305 pro
2493 5242 2710 5307 videtur,
2745 5241 2885 5308 quod
2930 5248 2983 5292 et
3016 5247 3166 5291 vetus
3212 5238 3354 5291 Edit.
3384 5235 3532 5289 Oxo-

1959 5314 2165 5366 iiiensis
2200 5312 2435 5380 prail'ert.
2485 5374 2491 5381 η

2039 5401 2059 5439 ί
2090 5404 2422 5456 Postremum
2450 5400 2549 5454 hoc
2570 5412 2642 5454 est
2666 5401 2753 5454 alii
2788 5400 3034 5455 reticent.

2036 5494 2267 5547 iCodex
2329 5493 2809 5561 Snugenuauensk
2862 5500 2915 5545 ct
2972 5486 3319 5561 lteinlioldtis
3358 5493 3538 5561 tacent

1961 5566 2105 5618 mihi.
2145 5565 2196 5616 lii
2231 5556 2471 5631 sequenti
2508 5566 2624 5615 loco
2658 5563 3014 5631 llaliiziiiseit
3048 5557 3237 5631 eodem
3278 5556 3372 5606 Ms.
3414 5556 3539 5631 cidit

1962 5652 2062 5695 me,
2096 5636 2217 5687 vidit
2247 5624 2553 5686 et'Patri-m.
2588 5626 3146 5705 Barrmus_adjiciebat
3174 5640 3362 5705 meum,
3395 5624 3535 5692 quod

1964 5708 2343 5771 expunxiiuiis,
2362 5716 2561 5769 proque
2585 5718 2649 5753 eo
2669 5701 2729 5771 Et
2754 5698 3079 5771 siiﬂ'eciiiius.
3107 5695 3341 5771 Denique
3360 5711 3543 5748 einen—

1965 5766 2228 5837 daviiniis,
2256 5766 2419 5841 Egit!
2454 5766 2556 5823 1)ιύ
2588 5769 2713 5822 eiivi
2732 5809 2744 5827 ,
2772 5769 3034 5820 librorum
3065 5766 3393 5833 reliquorum
3422 5781 3537 5819 om-

1971 5847 2117 5899 nium
2149 5845 2420 5910 Sittiragio,
2452 5858 2552 5908 pro
2580 5856 2685 5907 quo
2709 5848 2822 5890 erat
2845 5843 2906 5887 ab
2930 5851 3007 5898 eo,
3042 5846 3149 5889 etc.
