4078 6346
243 422 355 481 545

1217 424 1753 487 COMMENTARIUS
1790 430 1854 486 IN
1895 427 2192 489 SYMBOL.
2237 426 2566 487 APOS’I‘OL.

3423 428 3537 484 566

244 534 566 604 reputabitur
594 533 729 589 alter
756 533 824 587 ad
850 550 987 590 eum.
1014 541 1039 569 ⁸
1063 533 1261 590 Invenit
1289 553 1487 592 omnem
1513 540 1645 592 viam
1684 540 1838 593 disci—
1866 547 1914 606 Α
1943 542 2010 596 de
2032 558 2135 612 quo
2148 543 2513 611 exposuimus,
2538 537 2904 594 unicusFilius
2930 537 3053 606 Dei,
3078 547 3131 594 et
3146 548 3329 595 noster
3352 539 3529 595 Domi-

247 628 425 695 plinar,
452 636 500 682 et
529 626 673 680 dedit
705 643 815 680 eam
855 626 1017 681 Iacob
1047 643 1206 698 puero
1231 645 1325 683 suo
1345 670 1360 695 ,
1387 640 1435 683 et
1461 628 1628 684 Israel
1657 629 1842 685 dilecto

245 733 342 773 suo
362 734 384 772 :
414 727 530 788 post
562 720 674 772 hcce
698 717 751 769 in
782 719 931 771 terris
960 717 1096 771 uisus
1126 727 1217 785 est,
1242 730 1289 772 et
1314 720 1446 773 inter
1473 721 1703 774 homines
1723 737 1844 774 con-

250 819 483 866 versatus
510 821 585 864 est
633 808 886 878 (Baruch.
919 808 971 863 5.
996 808 1139 879 36.).
1171 810 1427 880 Sequitur
1449 821 1566 879 post
1601 812 1701 865 hoc
1730 829 1742 865 :

319 905 377 958 6.
418 904 499 958 ΕΤ
532 919 585 958 IN
617 902 644 942 ι’
676 904 912 958 Cuuts'ro
938 903 1067 959 Jesu
1099 920 1255 960 umco
1293 920 1433 960 nuo
1473 923 1594 962 usus
1635 908 1845 963 Doutuo

251 1009 482 1051 nos'rao.
512 993 673 1050 Jesus
700 996 808 1067 62
836 995 1049 1051 Hebraei
1078 997 1318 1052 vocabuli
1343 1007 1427 1052 est
1453 1014 1671 1066 nomen,
1702 1001 1846 1071 quod

249 1086 399 1156 apud
423 1101 525 1142 nos
552 1085 806 1142 Salvator
842 1086 1059 1143 dicitur.
1102 1089 1345 1144 Chrisms
1390 1105 1417 1143 a
1447 1091 1768 1159 chrismate,
1794 1093 1845 1146 id

250 1186 334 1234 est
379 1179 448 1232 ab
501 1178 761 1233 unctione
798 1178 1115 1248 appellatur.
1157 1179 1407 1250 Legimus
1435 1184 1578 1237 enim
1613 1185 1662 1236 iu
1692 1182 1846 1239 libris

253 1271 459 1343 Moysi,
511 1271 658 1341 quod
704 1271 877 1326 Auses
907 1271 1066 1326 Name
1094 1272 1256 1326 Filius
1275 1313 1289 1338 ,
1320 1287 1440 1327 cum
1471 1275 1674 1331 electus
1704 1284 1849 1330 esset

160 1410 163 1411 ν
251 1364 359 1419 dux
394 1365 579 1435 populi
606 1405 624 1430 ,
677 1373 1004 1420 commutato
1033 1366 1249 1420 nomine
1268 1409 1282 1433 ,
1312 1368 1379 1422 de
1405 1369 1548 1422 Ause
1572 1366 1729 1423 Jesus
1756 1383 1848 1424 co-

251 1459 601 1525 gnominatus
647 1456 749 1521 sit,
793 1472 899 1525 quo
949 1457 1154 1512 scilicet
1196 1458 1571 1513 ostenderetur
1601 1459 1701 1513 hoc
1726 1474 1850 1515 esse

255 1564 456 1602 nomen
476 1588 490 1612 ,
518 1549 661 1617 quod
693 1550 1022 1617 principibus
1051 1561 1108 1606 et
1133 1551 1361 1606 ducibus
1386 1553 1733 1618 conveniret,
1768 1555 1850 1611 his

253 1640 536 1693 dumtaxat
585 1638 677 1707 qni
728 1640 960 1694 salutem
1011 1642 1360 1711 sequentibus
1406 1658 1467 1699 se
1506 1645 1716 1714 populis
1748 1645 1849 1699 da-

254 1741 399 1787 rent.
444 1731 626 1799 Itaque
656 1742 712 1786 et
761 1732 851 1786 ille
895 1730 1049 1786 Jesus
1100 1733 1399 1801 appellatus
1432 1743 1555 1801 est,
1589 1736 1678 1803 qui
1719 1736 1853 1789 edu-

257 1838 404 1881 ctum
432 1826 499 1880 de
532 1835 673 1878 terra
699 1824 914 1894 tEgy'pti
949 1827 1201 1894 populum
1222 1867 1239 1894 ,
1266 1836 1319 1881 et
1340 1828 1408 1881 de
1431 1828 1706 1881 erroribus
1727 1844 1850 1884 ere-

1945 652 2044 690 nus
2072 640 2159 690 sit.
2213 636 2289 690 Ne
2321 637 2456 689 forte
2482 643 2633 703 putes
2655 673 2670 698 ,
2709 633 2849 703 quod
2883 634 3110 686 humana
3143 634 3242 687 i5'a
3271 634 3531 688 vocabula

1942 736 2213 781 terrenum
2245 736 2296 781 te
2338 724 2534 796 aliquid
2565 725 2812 789 doceant,
2840 722 2959 777 ideo
2987 722 3280 792 subiungit,
3312 722 3527 776 unicum

1949 817 2092 871 hunc
2148 831 2271 869 esse
2335 815 2524 869 Filium
2577 814 2670 867 Dei
2720 813 3000 867 Dominum
3055 820 3316 866 nostrum.
3381 812 3531 868 Unus

1945 910 2087 963 enim
2131 908 2199 963 de
2244 923 2350 961 uno
2392 907 2647 971 nascitur,
2675 907 2798 976 quia
2830 914 2886 960 et
2919 906 3171 975 splendor
3196 905 3304 976 63
3336 915 3359 942 ο
3391 921 3533 961 unus

1946 1012 2031 1056 est
2056 1000 2211 1065 lucis,
2246 1010 2298 1054 et
2321 1016 2482 1054 unum
2511 1010 2593 1055 est
2618 1000 2838 1055 verbum
2868 1000 3045 1055 cordis
3071 1016 3085 1054 :
3131 1015 3230 1055 nec
3264 1002 3314 1055 in
3342 1016 3533 1055 nume-

1948 1107 2067 1145 rum
2119 1090 2377 1155 pluralem
2426 1087 2612 1143 delluit
2658 1090 2972 1158 incorporea
3008 1089 3314 1159 generatio,
3345 1105 3446 1144 nec
3478 1089 3530 1144 in

1947 1181 2266 1238 divisionem
2299 1181 2464 1247 cadit,
2495 1182 2582 1235 ubi
2613 1182 2701 1251 qui
2732 1182 2988 1250 nascitur,
3019 1197 3350 1251 nequaquam
3382 1197 3412 1235 a
3435 1196 3533 1253 ge-

1948 1283 2171 1329 nerante
2183 1283 2479 1341 separatur.
2498 1273 2698 1329 Unicus
2711 1282 2809 1337 est,
2835 1281 2894 1326 ut
2916 1272 3079 1325 menti
3107 1286 3315 1336 sensus,
3334 1280 3388 1325 ut
3407 1286 3535 1326 cor-

1948 1365 1999 1420 di
2028 1366 2264 1429 verbum,
2299 1372 2357 1418 ut
2387 1362 2504 1417 torti
2532 1361 2722 1429 virtus,
2748 1370 2806 1417 ut
2832 1362 3091 1429 sapientia
3124 1363 3366 1431 sapienti.
3398 1360 3531 1416 Nam

1950 1454 2086 1509 sicut
2103 1456 2248 1509 solus
2265 1455 2476 1522 sapiens
2505 1453 2661 1509 Pater
2682 1453 2749 1507 ab
2771 1452 3027 1521 Apostolo
3046 1452 3236 1507 dicitur
3257 1469 3272 1505 :
3296 1451 3367 1505 ita
3380 1461 3434 1508 et
3446 1467 3533 1506 so-

1951 1547 2034 1601 Ius
2063 1546 2227 1600 Filius
2254 1547 2512 1615 sapientia
2543 1545 2869 1600 nominatur.
2896 1544 3087 1600 Unicus
3102 1559 3228 1613 ergo
3244 1542 3529 1597 Filiusest:

1951 1649 2003 1693 et
2026 1653 2144 1693 cum
2162 1638 2231 1691 sit
2249 1637 2439 1708 gloria,
2460 1636 2902 1707 sempiteruitate.
2924 1636 3142 1699 virtute,
3175 1651 3354 1704 regno,
3386 1644 3534 1701 pote-

1953 1742 2088 1786 statc
2118 1731 2215 1784 hoc
2236 1730 2374 1800 quod
2400 1730 2556 1784 Pater
2576 1737 2698 1784 est:
2744 1728 2922 1784 omnia
2950 1738 3122 1783 tamen
3148 1728 3260 1782 haec
3281 1741 3384 1781 non
3416 1728 3534 1780 sine

1954 1834 2203 1891 aut-tore,
2240 1822 2423 1877 fsicut
2452 1823 2631 1886 Pater,
2669 1821 2761 1876 sed
2793 1837 2856 1875 ex
2889 1821 3048 1875 Patre
3078 1830 3330 1886 tauquam
3365 1816 3535 1872 Filius

258 1920 329 1973 mi
360 1919 643 1973 liberatum
664 1919 715 1972 itt
736 1919 1399 1987 terramRepromissiouis
1432 1922 1656 1976 induxit.
1682 1922 1743 1975 Et
1764 1924 1852 1978 hic
1886 1927 1927 1986 Β
1956 1919 2072 1971 Sine
2104 1917 2280 1979 ἱηὶιίο»
2325 1924 2378 1968 el
2424 1916 2645 1982 aequalis
2691 1914 2849 1967 habet
2876 1931 2891 1968 ι
2924 1927 3150 1981 Cumque
3182 1912 3253 1965 sit
3278 1910 3392 1978 ipse
3420 1923 3537 1962 om-

269 2012 490 2073 “Jesus,
521 2015 610 2081 qui
642 2012 974 2080 populumde
999 2012 1314 2081 ignorantiae
1337 2014 1854 2079 tenebriseduetum,

260 2111 314 2156 et
342 2101 411 2156 de
441 2102 625 2155 mundi
656 2103 933 2156 erroribus
957 2111 1261 2157 revocatum
1292 2147 1307 2171 ,
1351 2105 1645 2159 introduxit
1671 2106 1735 2159 ad
1768 2122 1856 2161 re-

261 2209 368 2265 gna
398 2195 679 2249 caelorum.
721 2193 965 2251 Christus
1003 2211 1249 2265 quoque,
1293 2197 1376 2251 vel
1409 2198 1738 2267 pontilieale,
1771 2198 1859 2253 vel

266 2292 469 2361 regium
499 2306 697 2345 nomen
725 2286 826 2346 est.
859 2290 991 2345 Nam
1024 2292 1168 2357 prius
1197 2301 1251 2347 et
1283 2292 1564 2359 pontiﬁces
1585 2301 1863 2361 unguento

264 2383 576 2437 chrismatis
624 2384 1086 2438 tonsecrahantur
1136 2394 1189 2439 et
1238 2400 1413 2453 reges.
1457 2384 1561 2443 Sed
1589 2386 1663 2438 illi
1691 2386 1853 2441 veluti

275 2477 533 2529 tuortafes
564 2484 620 2528 et
649 2475 1049 2542 corruptibiles,
1076 2487 1345 2543 unguento
1368 2479 1607 2531 tnaterite
1634 2492 1859 2545 corrup-

268 2566 434 2620 tibilis
486 2565 859 2634 angebantur:
897 2567 982 2620 hic
1023 2582 1152 2621 vero
1191 2568 1388 2623 Sancto
1433 2568 1632 2636 Spiritu
1665 2585 1859 2636 perun-

269 2667 385 2711 ctus
415 2655 662 2711 Christus
706 2651 957 2720 el'ticitnr,
1007 2657 1146 2711 sicut
1194 2659 1467 2727 Scriptura
1499 2658 1564 2712 de
1594 2676 1658 2713 eo
1681 2661 1855 2715 dicit:

273 2756 434 2817 Quem
461 2752 609 2803 unxit
646 2749 804 2803 Pater
837 2751 1039 2817 Spiritu
1067 2752 1257 2806 Sancto
1283 2754 1436 2806 misso
1465 2755 1527 2806 de
1551 2755 1690 2807 ctelis
1718 2754 1859 2822 (Act.

271 2844 405 2914 10.).
452 2846 517 2898 Et
569 2844 755 2899 Esaias
800 2847 1275 2914 prteliguraverat,
1327 2846 1510 2903 dicens
1535 2866 1598 2903 ex
1631 2864 1857 2917 persona

273 2938 393 2993 Filii
420 2956 433 2993 :
466 2938 699 3008 Spiritus
730 2938 940 2994 Domini
966 2957 1118 3012 super
1159 2958 1238 2996 me
1260 2958 1279 2996 :
1303 2954 1509 3014 propter
1552 2946 1687 3013 quod
1714 2946 1859 2999 unxit

272 3048 368 3096 me,
398 3033 751 3101 euangelizare
774 3033 909 3086 misit
937 3051 1014 3086 me
1036 3034 1345 3102 pauperibus
1368 3035 1536 3105 (Esai.
1561 3036 1697 3102 6L).
1725 3039 1860 3103 Quia

273 3137 399 3193 ergo
422 3124 777 3190 ostendimus,
794 3124 917 3195 quid
936 3126 1006 3181 sit
1030 3125 1203 3189 Iesus,
1223 3130 1310 3195 qui
1331 3127 1582 3194 pepulum
1600 3128 1789 3195 salt-et,
1807 3137 1862 3182 et

275 3216 397 3285 quid
423 3218 492 3271 sit
518 3216 788 3281 Christus,
819 3221 906 3289 qui
940 3219 1172 3288 pontifex
1204 3220 1375 3275 factus
1406 3220 1473 3275 sit
1499 3220 1547 3273 iu
1576 3233 1857 3289 teternnm,

1957 2013 2105 2065 niuu
2137 2018 2298 2077 caput
2320 2049 2337 2073 ,
2366 2010 2533 2077 ipsius
2559 2018 2735 2062 tamen
2765 2017 2925 2076 caput
2957 2007 3112 2061 Pater
3132 2014 3233 2060 est.
3274 2006 3365 2059 Sic
3392 2003 3538 2060 enim

1957 2104 2216 2168 scriptum
2246 2111 2364 2154 est:
2402 2101 2537 2163 Quia
2566 2109 2714 2169 t‘apttl
2739 2098 2928 2151 Christi
2958 2097 3094 2151 Deus
3123 2106 3219 2152 est.

2030 2197 2081 2248 7.
2124 2193 2311 2247 Filium
2363 2207 2494 2247 sane
2540 2207 2660 2245 cum
2707 2190 2894 2256 audis,
2948 2192 3071 2243 nolo
3103 2198 3128 2236 Β
3157 2188 3538 2257 cogitationem

1957 2287 2191 2339 Carnalis
2241 2284 2532 2339 nativitatis
2581 2297 2858 2345 assumas,
2908 2281 3000 2335 sed
3042 2290 3311 2335 memento
3341 2279 3442 2334 hoc
3468 2279 3539 2335 de

1959 2377 2271 2444 incorporea
2320 2375 2426 2429 diri
2475 2374 2772 2429 substantia
2821 2382 2877 2428 et
2917 2382 3119 2426 natura:
3170 2370 3443 2439 simplicis.
3482 2370 3541 2425 Si

1958 2470 2102 2523 enim
2134 2476 2193 2520 ut
2228 2482 2385 2535 supra
2425 2467 2534 2533 jam
2567 2466 2797 2519 diximus
2821 2504 2836 2528 ,
2867 2464 2950 2519 vel
2980 2466 3031 2517 in
3062 2479 3128 2516 eo
3156 2462 3297 2531 quod
3327 2476 3420 2516 cor
3449 2476 3541 2533 ge-

1972 2573 2128 2617 netat
2156 2561 2401 2625 verbum,
2432 2560 2514 2613 vel
2546 2573 2697 2613 meus
2722 2575 2973 2622 sensum,
3000 2560 3083 2611 vel
3109 2558 3196 2611 lux
3224 2572 3286 2611 ex
3316 2571 3375 2612 se
3407 2557 3544 2625 parit

1966 2655 2336 2722 splendorem,
2370 2654 2497 2706 nihil
2534 2653 2721 2704 horum
2758 2650 3067 2719 requiritur,
3097 2665 3195 2704 nec
3228 2649 3336 2702 ulla
3370 2649 3421 2703 iu
3451 2649 3542 2703 tali

1960 2747 2311 2818 generatione
2360 2745 2620 2815 fragilitas
2672 2747 2972 2813 cogitatur:
3029 2751 3225 2810 quanto
3267 2743 3447 2808 purius
3492 2749 3547 2795 et

1960 2843 2226 2895 sacratius
2281 2838 2348 2894 de
2395 2839 2583 2892 horum
2628 2838 2867 2891 omnium
2918 2846 3163 2890 creatore
3211 2834 3540 2888 censendum

1962 2934 2081 2989 est?
2106 2933 2213 2987 Sed
2248 2932 2478 2986 fortasse
2506 2930 2676 2994 dicas,
2700 2930 2798 2984 ista
2828 2944 2985 2999 quam
3011 2942 3277 2983 memoras
3307 2926 3335 2963 ιι
3365 2925 3549 2981 insub-

1963 3025 2191 3079 Slttttli\‘a
2220 3031 2302 3078 est
2330 3022 2640 3091 generatio:
2671 3036 2843 3089 neque
2871 3020 3013 3073 enim
3044 3019 3133 3072 lux
3157 3017 3548 3073 substantivum

1964 3118 2094 3171 facit
2123 3116 2487 3184 splendorem,
2521 3123 2612 3168 aut
2640 3128 2734 3167 cor
2761 3111 3151 3168 substantivum
3183 3119 3403 3179 generat
3432 3123 3552 3163 ver-

1968 3209 2090 3261 hunt
2119 3224 2133 3262 :
2180 3208 2351 3261 Filius
2395 3214 2570 3258 autem
2601 3204 2693 3258 Dei
2726 3202 3150 3257 substantialiter
3174 3202 3430 3257 asseritur
3456 3215 3551 3268 ge-

277 3324 415 3363 uunc
446 3325 510 3364 ex
545 3288 1018 3377 consequentibus,
1048 3315 1114 3367 t'e
1136 3330 1243 3382 quo
1265 3313 1512 3367 dicantur
1533 3314 1655 3379 ista,
1681 3288 1863 3368 videa-
1893 3316 1937 3378 C
1973 3308 2218 3352 ¹¹⁶³¹⁵³¹¹¹δο
2263 3297 2339 3351 Ad
2372 3297 2472 3350 ίιοο
2504 3295 2611 3367 [AL
2640 3293 2773 3364 ⁸⁸³⁵0]
2823 3293 2994 3362 Primo
3035 3291 3271 3382 0'“_"i“m
3311 3288 3438 3344 ίηυδ
3467 3289 3550 3382 fﬁ‘

281 3414 417 3452 mus.
434 3398 642 3455 dUnico
668 3400 824 3467 Filio,
848 3392 1165 3471 inquit,rjus
1179 3403 1403 3458 Domino
1417 3416 1619 3459 nostro.
1647 3406 1748 3460 Per
1765 3407 1865 3462 hoc

283 3490 439 3545 docet
459 3507 575 3558 nos,
600 3492 722 3561 quia
739 3493 897 3549 Jesus
916 3495 1034 3559 istc,
1054 3496 1119 3548 de
1142 3511 1247 3564 quo
1267 3496 1520 3562 diximus,
1545 3505 1599 3551 et
1618 3496 1865 3552 Christus

309 3652 754 3731 ulAmovitnus
800 3654 923 3708 hinc
965 3655 1051 3723 qui
1091 3672 1412 3731 pronomen,
1471 3659 1606 3713 sacri
1638 3658 1863 3726 Textns,

288 3722 652 3795 librarumque
690 3727 916 3778 aliorum
964 3722 1300 3781 auctoritate.
1349 3729 1651 3795 Insequenti
1699 3722 1869 3784 versi;-

288 3793 426 3877 cttlo,
463 3809 561 3877 pro
597 3796 1023 3877 inter-“homines,
1058 3813 1122 3852 ex
1155 3797 1345 3853 Gl'il‘CO
1368 3802 1415 3853 ἐν
1436 3793 1542 3860 rei;
1565 3803 1866 3877 ἀνθρώποις,

289 3866 374 3934 alii
404 3880 518 3915 cum
543 3866 828 3920 hominibus
857 3870 1161 3934 praeferunt.

362 3931 390 3972 δ
431 3936 630 3989 Murem
671 3940 801 4010 aliis
851 3931 1158 3995 I'Iditot-ibus
1203 3941 1476 4009 gerimus,
1529 3942 1619 4010 qui
1673 3942 1870 3996 Christi

296 4020 489 4081 nomen
540 4008 741 4081 ttotuini
785 4009 913 4064 Jesu
945 4023 1261 4079 praeponunt
1289 4054 1300 4070 ,
1331 4014 1451 4081 quia
1485 4008 1715 4072 et'prius
1746 4014 1875 4067 illttd

295 4076 515 4155 Ilutiuus
540 4078 792 4155 expia-at.
834 4076 1003 4135 Antea
1034 4076 1147 4136 erat
1174 4085 1226 4155 in
1253 4076 1429 4137 Jesum
1460 4083 1735 4148 Christum,
1767 4096 1874 4140 etc.

297 4150 349 4199 in
381 4150 666 4202 accusandi
692 4153 850 4203 etiam
881 4167 1028 4215 casu,
1065 4164 1121 4206 ut
1147 4154 1278 4208 alias
1305 4156 1626 4209 monuimus.

367 4226 390 4254 °
431 4219 639 4271 Addqu
669 4222 755 4273 alii
780 4222 990 4288 dicitur,
1029 4234 1085 4278 et
1125 4240 1245 4278 mox
1276 4237 1570 4289 evocatum,
1604 4240 1700 4291 pro
1736 4242 1879 4278 revo-

295 4301 509 4364 catum.‘
531 4292 815 4364 Sapienter
864 4295 1221 4364 Hieronymus
1263 4294 1567 4349 Comment.
1604 4299 1653 4347 itt
1688 4297 1876 4351 M'tlllt.

295 4375 413 4427 cap.
446 4358 529 4443 6.
560 4362 791 4443 Christus
806 4358 1086 4443 commune
1103 4366 1369 4443 dignitatis
1398 4375 1470 4419 est
1498 4383 1702 4443 nomen,
1725 4366 1877 4420 Jesus

296 4434 557 4507 proprium
602 4434 903 4507 vocabulum
933 4434 1239 4491 Saluatoris.
1291 4441 1443 4492 Adde
1485 4438 1875 4507 Cltrysologum

299 4500 474 4574 Ituﬁni
522 4505 757 4573 vestigiis
804 4505 1094 4561 haerentem
1137 4508 1312 4564 Serm.
1364 4509 1452 4562 59.
1496 4508 1571 4559 Ab
1597 4500 1876 4574 'tmcrioiw,

297 4572 389 4634 ait,
422 4572 677 4649 Christus,
688 4576 824 4649 ‘quia
849 4585 895 4629 et
926 4579 1119 4641 unctio,
1150 4594 1267 4649 quas
1297 4595 1387 4643 per
1406 4580 1610 4649 illeges,
1646 4572 1878 4649 PropheQ

299 4653 395 4719 tus,
424 4652 474 4695 et
500 4644 805 4719 sacerdotes
831 4650 951 4719 olim
978 4644 1272 4719 cucurrerut
1302 4644 1632 4719 ini/ignium,
1662 4649 1714 4701 in
1741 4647 1879 4719 hunc

301 4712 491 4784 [legem
544 4714 767 4785 Regum,
817 4718 1149 4771 Sacerdotem
1180 4712 1552 4779 Sticerdotitm,
1590 4717 1878 4774 Prw/teta-

300 4785 782 4909 ruutdl’rophetam,
813 4798 917 4842 tota
945 4806 998 4844 se
1027 4790 1340 4859 plenitudine
1370 4790 1579 4859 spiritus
1603 4790 1884 4844 divinitatis

301 4870 404 4909 eiu
442 4868 500 4909 ll.

301 4870 357 4922 ελ
371 4868 500 4910 παπ.

372 4924 399 4962 ά
443 4928 689 4981 Baluzius
730 4926 795 5000 Et
823 4930 876 4982 in
902 4931 1073 4995 unico,
1104 4940 1210 4985 etc.
1245 4929 1412 4985 Nobis
1439 4931 1754 4994 ablativum,
1786 4945 1887 5000 pro

306 4999 607 5052 accusativo
635 4999 980 5070 reseripsisse
1020 5003 1149 5055 satis
1178 5003 1292 5055 luit.
1336 5002 1471 5055 Tum
1500 5018 1628 5057 vero
1659 5000 1762 5055 Per
1791 4999 1888 5055 hoc

306 5069 733 5132 emendavimus,
762 5069 854 5136 pro
884 5087 990 5138 quo
1017 5083 1127 5126 erat
1167 5071 1288 5123 Post
1314 5074 1427 5126 hoc.

380 5147 404 5175 ε
443 5140 613 5194 Antea
642 5144 831 5214 unius,
876 5143 1017 5211 quod
1045 5153 1097 5196 et
1124 5143 1390 5195 Patnel=us
1423 5143 1625 5211 pridem
1657 5143 1886 5214 castiga-

309 5222 459 5262 verat
488 5226 551 5264 ex
584 5210 702 5264 aliis
732 5210 906 5276 libris,
936 5214 1024 5281 qui
1050 5215 1211 5267 etiam
1248 5210 1473 5266 inferius
1505 5217 1689 5277 verba,
1722 5226 1775 5267 ut
1799 5210 1887 5266 sa—

309 5282 499 5347 pientia
545 5282 803 5352 sapiemi,
855 5294 1174 5352 pra-ponunt
1223 5285 1360 5352 illis,
1394 5296 1447 5336 ut
1490 5286 1632 5338 cordi
1664 5286 1889 5350 verbum,

309 5366 410 5404 θιυ.

343 5420 404 5503 ’ί
451 5422 803 5503 Ιὶθειίιυίῐηιιε
847 5436 909 5477 ex
960 5424 1078 5478 aliis
1131 5423 1399 5493 plerisque
1439 5426 1687 5503 ohmnibus
1719 5425 1890 5503 libris,

312 5494 437 5546 sicut
468 5494 645 5557 Pater,
677 5507 773 5555 pro
802 5510 905 5561 quo
931 5507 1085 5549 antea
1114 5503 1233 5549 erat
1255 5537 1268 5554 ,
1306 5506 1423 5549 sunt
1454 5495 1645 5551 Patre:
1678 5496 1892 5551 stillet-iu

312 5579 430 5617 mus
480 5578 693 5634 quoque
739 5578 859 5637 me}
900 5566 1095 5637 verba,
1122 5567 1232 5618 sine
1261 5568 1407 5618 initio
1435 5577 1481 5620 et
1507 5568 1741 5637 a'qttalis,
1775 5583 1894 5633 qua:

312 5637 779 5691 desiderabantur.
804 5635 1009 5689 Caetera
1039 5636 1105 5689 ad
1130 5638 1287 5689 tinem
1311 5652 1477 5705 u-que
1506 5635 1761 5691 se'ctimtis
1793 5652 1883 5689 ve-

317 5718 435 5758 sata
480 5709 705 5759 multum
745 5705 814 5758 ab
862 5705 1171 5759 Editoribus
1210 5716 1355 5761 sunt.
1404 5708 1565 5761 Nobis
1596 5725 1718 5762 eum
1751 5709 1887 5761 bene

316 5780 444 5830 satis
488 5778 689 5831 habere
737 5782 919 5830 nostra
975 5776 1089 5829 hzrc
1142 5777 1299 5830 lectio
1346 5778 1621 5842 videatur,
1666 5788 1889 5844 excepta

317 5862 421 5913 quo
443 5864 528 5916 lue
556 5860 588 5899 a
617 5848 834 5900 Βελιτωο
861 5846 1019 5899 fuerit
1045 5862 1109 5900 ex
1140 5847 1541 5916 antiquissimo.
1566 5858 1727 5913 atque
1752 5849 1892 5911 epti-

320 5934 420 5973 huc
453 5930 594 5973 noue
643 5918 736 5970 Ms.
772 5925 979 5968 mutare
1011 5917 1136 5970 nihil
1170 5918 1359 5983 piat-uit
1383 5962 1397 5983 ,
1433 5928 1486 5971 ιιι
1515 5918 1689 5985 δίιιυνιι
1719 5918 1889 5971 refor-

1970 3391 2167 3454 cimus,
2209 3398 2222 3425 ι
2259 3404 2377 3442 cum
2405 3388 2567 3442 etiam
2593 3386 2646 3440 in
2674 3387 2883 3439 caderis
2917 3377 3253 3453 proferantur
3278 3380 3546 3449 exempla,

1972 3499 2077 3537 nun
2142 3498 2237 3550 per
2283 3481 2463 3533 omnia
2509 3488 2687 3533 tamen
2732 3475 2843 3548 64
2882 3473 3283 3530 similitudinem
3330 3485 3548 3527 servare

1976 3643 2225 3697 n-andum
2257 3640 2469 3693 erudito
2499 3638 2705 3693 Lectori
2740 3638 3026 3704 videbitur,
3062 3635 3179 3701 eius
3218 3632 3422 3703 judicio
3462 3647 3548 3688 re-

1978 3716 2295 3783 linquamus.
2358 3712 2600 3765 Baluztus
2650 3714 2824 3779 itaque
2866 3711 3030 3777 legit,
3077 3718 3145 3783 et_
3168 3722 3282 3759 cum
3326 3706 3393 3756 sit
3441 3704 3553 3767 ipse

1977 3777 2204 3839 omnium
2226 3792 2400 3848 caput,
2434 3783 2594 3849 ipsius
2617 3777 2782 3834 tamen
2802 3790 2983 3834 auctor
3002 3789 3073 3833 est
3108 3777 3285 3849 Pater,
3311 3790 3556 3847 generan-

1979 3858 2043 3910 do
2070 3858 2176 3910 sine
2214 3847 2397 3907 initio:
2426 3847 2545 3923 quin
2579 3868 2667 3905 nec
2716 3851 2869 3906 Pater
2912 3849 3150 3923 prtrcedit
3183 3847 3413 3923 lj‘ilium,
3461 3860 3554 3898 nec

1981 3926 2151 3981 Filius
2190 3917 2448 3995 sequitltr'
2472 3923 2679 3976 Patrem
2709 3926 2761 3975 in
2798 3917 3030 3995 faciendo
3059 3921 3206 3989 quasi
3235 3917 3555 3995 a_doptitjnm,

1981 3999 2112 4052 sicut
2160 3987 2271 4049 nos;
2329 3992 2527 4047 Filium
2574 4009 2697 4047 sane
2727 3987 2842 4045 cum
2872 3993 3022 4044 nudis
3046 3987 3193 4055 ,etc.
3248 3989 3314 4042 Et
3342 3987 3559 4041 codices

1982 4069 2197 4136 quidem
2222 4067 2349 4119 Mss.
2391 4077 2549 4133 atque
2580 4065 2752 4136 editos
2782 4061 3121 4136 lidejnssores
3151 4060 3392 4125 adlegat,
3422 4070 3559 4136 quos

1985 4130 2134 4207 sequi
2166 4138 2433 4197 maluerit,
2464 4130 2622 4201 quam
2648 4130 3081 4207 Pattteliutn,_qui
3111 4144 3351 4207 mancam
3383 4136 3436 4177 et
3462 4130 3560 4206 im-

1984 4199 2275 4276 perfectam
2329 4199 2651 4258 sententiam
2698 4201 3030 4267 adposuerit.
3103 4199 3204 4276 llic
3252 4206 3429 4250 autem
3479 4199 3561 4248 sic

1985 4269 2202 4347 praefert
2226 4292 2246 4347 ς
2273 4291 2386 4327 cum
2422 4276 2500 4347 sit_
2510 4276 2618 4347 ipse
2639 4275 2867 4347 omnium
2891 4281 3065 4337 caput,
3098 4269 3271 4347 ipsius
3285 4276 3453 4346 tamen
3475 4281 3563 4347 ea:

1984 4336 2072 4416 put
2104 4357 2177 4400 est
2210 4344 2421 4416 Γαίῃ-,Α
2464 4336 2554 4416 Sic
2598 4344 2736 4396 enim
2782 4346 3023 4405 scriptum
3074 4349 3176 4401 est,
3230 4336 3561 4416 Quia-caput

1986 4404 2174 4471 'Chiisti
2199 4414 2336 4467 Deus
2361 4429 2379 4468 :
2406 4414 2564 4482 ipsius
2606 4424 2776 4465 tamen
2816 4404 2992 4482 auctor
3024 4416 3097 4462 est
3137 4406 3425 4482 generando
3449 4404 3564 4482 sine

1984 4490 2150 4541 initio.
2197 4487 2331 4551 Quia
2358 4476 2447 4538 nec
2477 4483 2650 4547 Pater,
2682 4492 2787 4536 etc.
2810 4484 2940 4536 κατά
2963 4476 3231 4551 ligneum
3260 4477 3419 4531 modo
3448 4476 3565 4551 Iau-

1985 4560 2145 4611 datis.
2188 4545 2316 4622 (ina:
2348 4555 2463 4622 plus
2494 4545 2679 4617 habet,
2708 4567 2766 4606 se
2792 4562 3019 4606 testatur
3044 4550 3307 4622 adiecisse
3334 4562 3399 4622 es
3422 4545 3568 4622 dua-

1988 4628 2083 4680 bus
2109 4616 2436 4681 edittooihus
2468 4623 2896 4695 llieronymianis
2941 4621 3206 4688 antiquis,
3238 4618 3376 4695 haud
3404 4616 3567 4695 dubie

1987 4716 2261 4766 germana.
2307 4697 2372 4750 Et
2421 4690 2807 4762 videturfait,
2852 4694 3214 4766 tamenﬂetiam
3249 4690 3350 4766 hoc
3375 4690 3567 4766 aut_si-

1993 4759 2119 4823 utile
2151 4770 2274 4836 quid
2321 4759 2717 4834 adjiciendum,
2765 4780 2975 4833 cumque
3024 4759 3194 4836 Filius
3233 4762 3296 4815 sit
3338 4759 3569 4813 omnium

1990 4833 2177 4894 auctor
2195 4856 2213 4893 :
2248 4848 2303 4892 et
2324 4833 2514 4891 deinde
2535 4836 2961 4905 subjungenduui
2980 4878 2992 4897 ,
3026 4833 3185 4904 ipsius
3207 4844 3370 4886 tamen
3392 4839 3571 4905 auctor

1991 4923 2064 4965 est
2098 4911 2274 4973 Pater,
2306 4919 2412 4963 etc.
2443 4901 2697 4976 usquead
2729 4907 2879 4969 illttd,
2912 4901 3109 4957 Filium
3134 4919 3276 4976 sane,
3307 4914 3414 4957 etc.
3463 4901 3571 4976 μυ·-

1990 4982 2073 5036 bis
2102 4996 2220 5051 qua:
2251 4971 2443 5050 praeter
2470 4971 2783 5051 impressam
2812 4977 3095 5051 lectionem
3115 4974 3389 5051 "adsuunt,
3425 4971 3567 5051 glos-

1994 5040 2193 5107 semata
2228 5040 2450 5106 studiosi
2482 5040 2708 5117 alicujus
2738 5049 2986 5101 videntur
3020 5046 3086 5100 ad
3114 5044 3234 5100 libri
3265 5044 3443 5098 album
3475 5040 3573 5094 ad-

1995 5130 2198 5182 notata.
2227 5139 2289 5177 ex
2315 5138 2487 5191 eoque
2519 5123 2571 5174 in
2605 5128 2806 5173 textum
2832 5121 3053 5171 iutrusa.

2070 5203 2095 5241 Β
2137 5181 2302 5247 Antea
2333 5181 2450 5245 erat
2474 5194 2869 5261 generationem,
2903 5205 2997 5256 pro
3022 5185 3401 5261 cogitationem,
3434 5181 3576 5261 quod

1999 5264 2114 5317 libri
2147 5266 2234 5316 alii
2270 5265 2378 5332 pari
2429 5252 2692 5315 consensu
2728 5252 3032 5332 implerunt.
3088 5252 3216 5310 Mox
3258 5255 3420 5308 etiam
3470 5252 3577 5332 haec

2000 5336 2195 5387 habent
2227 5322 2324 5404 pio
2348 5334 2444 5387 hoc
2470 5374 2484 5398 ,
2517 5345 2572 5387 et
2597 5322 2785 5384 natura
2811 5329 3062 5401 simplici,
3113 5341 3209 5395 pro
3236 5334 3434 5377 natura:
3455 5322 3580 5373 sint-

2053 5423 2159 5457 ιειε.

1996 5423 2028 5475 ρ
2053 5423 2211 5528 [finita
2238 5473 2676 5535 emendavimus,
2703 5487 2798 5538 pro
2829 5484 2934 5536 quo
2958 5475 3073 5521 erat
3101 5459 3461 5539 insubstantia,
3494 5468 3580 5539 tx-

2000 5550 2359 5615 potltetarum,
2394 5556 2449 5596 ut
2481 5532 2715 5615 videtur,
2743 5532 2974 5615 tuendo;
3008 5546 3212 5615 uomet
3240 5532 3582 5615 insubstanti:

1996 5600 2108 5668 i'am
2134 5600 2435 5677 scintillam,
2483 5627 2528 5668 et
2566 5600 2992 5665 insubstantivum
3025 5604 3152 5657 nihil
3186 5602 3410 5677 inferius
3451 5600 3584 5653 dicit

2002 5687 2242 5740 llnlinus.
2276 5687 2391 5739 Mox
2418 5671 2611 5752 profert
2644 5683 2761 5733 libri
2791 5681 2880 5752 alii
2906 5676 3103 5752 habent
3136 5688 3230 5752 pro
3258 5671 3403 5743 facit.

2075 5739 2099 5795 ίν
2136 5757 2261 5818 Alii,
2302 5739 2436 5819 quod
2462 5739 2576 5806 cum
2606 5752 2756 5803 etiam
2796 5750 2849 5801 in
2881 5745 3079 5819 cmteris
3111 5739 3267 5798 rebus
3305 5739 3579 5819 proferun-

1999 5835 2084 5879 tnr
2108 5815 2368 5890 exempla.
2395 5840 2492 5876 non
2524 5838 2612 5892 per
2628 5820 2801 5872 omnia
2828 5816 3220 5892 s'militudinent
3263 5821 3348 5867 etc
3403 5815 3586 5864 Isti-ts-

2002 5897 2141 5951 IIIinI
2174 5886 2414 5962 exculpit
2446 5886 2747 5945 aréuratmn
2787 5903 3011 5943 examen
3043 5886 3261 5939 terendo
3303 5898 3406 5936 non
3438 5897 3585 5946 esse,
