4078 6346
524 335 626 391 547

1555 325 1787 383 RUFINI
1826 322 2304 393 AQUILEIENSIS
2345 324 2787 383 PliESBYTERl

3688 330 3807 395 an

522 456 749 520 possunt
777 445 851 504 rei
881 446 1043 513 illius,
1076 446 1160 502 cui
1192 444 1432 515 prtebcre
1461 452 1716 512 putantur
1743 440 2045 509 exemplum
2079 458 2089 490 ε
2127 445 2173 501 Δ
2209 442 2346 513 71*
2388 444 2505 499 sine
2543 446 2789 515 exemplo
2811 461 2841 499 e
2872 459 2890 499 ι
2939 443 2965 483 ἀ
2990 446 3260 501 divinitas.
3295 447 3428 500 Tum
3457 448 3619 501 etiam
3660 450 3790 500 illud

521 544 616 600 sed
644 543 801 597 unius
828 541 1056 612 alicujus
1086 540 1251 611 partis
1270 580 1284 605 ,
1314 552 1412 607 p'o
1442 552 1542 606 qua
1569 534 1815 589 videntur
1842 541 2098 597 assumta,

518 632 927 691 similitudinem
967 645 1168 689 tenent.
1214 629 1373 685 Verbi
1403 628 1595 697 gratia,
1625 635 1684 681 ut
1704 642 1823 681 cutn
1848 625 1901 679 in
1931 626 2102 679 Evan-

518 726 661 797 gelio
688 726 923 780 dicitur:
958 724 1139 779 Simile
1178 732 1251 777 est
1292 736 1502 789 regnum
1551 716 1794 771 ca'lorum
1830 719 2099 784 fermento,

521 820 659 889 quod
702 818 962 872 abscondit
1014 815 1198 868 mulier
1265 814 1317 866 in
1370 813 1553 883 {arium
1623 810 1867 864 mensuris
1942 809 2102 861 tribus

517 908 754 977 (Matth.
804 908 955 975 l3.).
992 915 1017 942 ⁸
1068 904 1461 972 Numquidnam
1514 900 1819 969 putabimus
1880 912 2100 968 regnum

520 1001 774 1054 czelorum
819 1013 914 1066 per
958 998 1139 1050 omnia
1185 994 1361 1048 simile
1405 1007 1525 1045 esse
1558 992 1820 1044 fermento
1845 1028 1861 1051 ,
1894 998 1949 1040 ιιι
1977 987 2101 1039 sub-

520 1092 716 1146 stantia
750 1092 837 1144 illa
871 1090 942 1144 ita
993 1088 1276 1156 palpabitis
1307 1088 1373 1138 sit
1401 1100 1464 1137 ac
1492 1082 1696 1153 fragilis
1727 1123 1743 1146 ,
1786 1092 1845 1134 ιιι
1873 1090 1926 1133 ει
1948 1080 2097 1134 acida

516 1182 630 1234 lieri
661 1180 830 1248 possit
872 1189 927 1233 et
954 1178 1237 1246 corrupta?
1289 1175 1394 1231 Sed
1427 1175 1490 1227 ad
1544 1172 1644 1227 hoc
1694 1172 1867 1226 solum
1913 1186 2098 1224 exem-

520 1272 663 1337 plum
696 1271 834 1324 istud
864 1270 1074 1324 videtur
1105 1269 1329 1330 assumi,
1360 1275 1416 1318 ut
1446 1264 1818 1319 ostenderetur
1844 1277 1907 1316 ex
1939 1276 2099 1330 parva

514 1362 901 1430 prtedicatione
953 1362 1100 1414 verbi
1148 1359 1239 1413 Dei
1288 1358 1549 1412 humanas
1590 1366 1796 1410 mentes
1828 1355 1948 1407 lidei
1996 1355 2099 1407 ler-

512 1462 694 1503 mento
723 1467 879 1517 posse
910 1452 935 1488 δ
959 1453 1285 1503 coalescere.
1336 1446 1593 1500 Similiter
1618 1455 1671 1499 et
1702 1460 1823 1499 cum
1859 1444 2052 1496 dicitur
2078 1460 2093 1495 :

513 1542 696 1597 Simile
722 1552 794 1595 est
820 1558 1033 1606 requum
1065 1542 1302 1594 crelorum
1333 1540 1426 1591 reti
1457 1538 1609 1591 misso
1641 1538 1691 1589 in
1736 1552 1879 1588 mare
1904 1577 1917 1599 ,
1962 1534 2096 1601 quod

510 1652 575 1689 ea:
606 1636 746 1688 omni
775 1650 958 1705 genere
992 1635 1208 1701 piscium
1237 1630 1483 1685 abstrahit
1517 1629 1622 1701 [Αι.
1654 1624 1895 1697 attrahit]
1930 1624 2090 1679 :‘lhitl.

510 1725 649 1795 35.).
686 1726 749 1779 Et
781 1728 831 1778 in
867 1726 966 1778 hoc
996 1724 1230 1790 ttottqnitl
1262 1724 1548 1791 putandum
1578 1730 1695 1784 est,
1721 1720 1858 1786 qttod
1890 1728 2089 1769 natura:

2204 534 2473 598 addimus,
2509 537 2633 599 quia
2662 537 2835 590 tltltﬂlS
2868 547 3109 591 creatura
3146 553 3211 591 ex
3242 536 3407 591 nihilo
3435 548 3538 592 est.
3570 537 3631 593 Si
3658 553 3790 607 ergo

2206 625 2593 680 insubstantiva
2619 629 2871 691 scintilla,
2887 646 3001 698 quae
3019 631 3153 697 ignis
3170 640 3271 701 est,
3294 646 3357 685 ex
3383 645 3441 685 se
3461 640 3786 694 creaturam,

2202 734 2323 788 qua:
2346 734 2409 773 ex
2439 720 2607 773 nihilo
2634 722 2767 774 facta
2791 732 2896 783 est,
2920 725 3108 791 gignit,
3137 733 3191 776 et
3219 724 3579 777 conditionem
3612 725 3663 778 itt
3689 727 3789 777 hoc

2204 821 2377 866 scrvat
2425 816 2647 879 originis
2687 829 2796 867 sna:
2836 834 2846 867 :
2884 831 2981 868 cur
3026 815 3210 870 'illios
3240 825 3455 870 :rterna:
3495 819 3627 871 lucis
3656 819 3785 872 sob-

2204 904 2428 964 stantia,
2461 919 2579 969 qua:
2611 919 2819 971 semper
2854 906 2979 969 luit,
3012 907 3130 975 quia
3164 907 3614 963 insobstantivum
3646 910 3698 961 in
3730 896 3791 963 se

2204 993 2333 1047 nihil
2360 994 2567 1056 habuit,
2596 994 2985 1048 substantivtmt
3011 1012 3073 1049 es
3097 1011 3154 1049 se
3175 997 3518 1065 splendorem
3546 999 3788 1066 proferre

2204 1097 2309 1135 non
2344 1083 2549 1146 totuit?
2580 1085 2642 1137 Et
2671 1085 2790 1137 ideo
2814 1096 2960 1139 recte
2994 1087 3182 1140 unicus
3207 1088 3401 1141 dicitur
3436 1088 3621 1142 Filius.
3658 1072 3798 1143 Uni-5

2201 1189 2297 1229 cus
2337 1176 2480 1228 enim
2521 1175 2538 1211 ί
2565 1186 2617 1229 ει
2647 1177 2795 1230 solus
2824 1187 2939 1240 est,
2969 1179 3057 1244 qni
3094 1179 3163 1231 ita
3194 1190 3350 1232 natus
3370 1192 3481 1244 est,
3509 1194 3607 1234 nec
3632 1195 3785 1233 eom-

2201 1267 2532 1334 parationem
2557 1266 2790 1335 aliquam
2817 1277 2991 1335 potest
3015 1269 3232 1333 habere,
3258 1271 3397 1339 quod
3421 1270 3635 1324 unicum
3659 1282 3742 1325 est
3768 1287 3782 1323 :

2202 1372 2299 1409 nec
2322 1356 2731 1412 similitudinem
2752 1358 2801 1411 in
2826 1360 3119 1412 substantia
3138 1376 3256 1413 cum
3286 1361 3506 1415 iacturis
3537 1362 3644 1434 [AL
3672 1362 3784 1415 lac-

2200 1446 2286 1518 tis]
2318 1450 2428 1501 suis
2458 1448 2659 1503 habere
2700 1460 2869 1515 potest
2913 1449 3036 1513 ille,
3078 1453 3168 1517 qui
3216 1451 3385 1505 factor
3409 1460 3492 1505 est
3517 1453 3778 1506 omnium.

2201 1537 2296 1591 llic
2326 1548 2407 1590 est
2437 1554 2563 1603 ergo
2589 1536 2838 1591 Christus
2868 1538 3026 1592 .Iesus
3054 1540 3194 1594 [ilius
3223 1541 3411 1595 unicus
3447 1541 3559 1606 Dei,
3589 1544 3677 1611 qui
3702 1554 3784 1596 est

2197 1639 2245 1681 et
2280 1628 2543 1682 Dominus
2574 1641 2772 1683 noster.
2806 1628 3008 1682 Unicus
3039 1640 3094 1683 et
3122 1631 3185 1683 ad
3220 1632 3383 1685 hlium
3414 1634 3605 1688 rel'erri
3632 1643 3687 1689 et
3714 1635 3778 1686 ad

2198 1719 2478 1773 Itaminntn
2506 1732 2697 1788 potest.
2724 1721 2802 1776 Un
2826 1738 2920 1775 cos
2942 1732 3021 1775 t'el
3052 1732 3076 1768 ε
3099 1725 3239 1776 enim
3269 1734 3321 1778 et
3349 1741 3473 1779 vere
3502 1726 3694 1789 Filius,
3729 1736 3789 1781 et

510 1818 627 1883 lini,
660 1833 766 1886 quo
790 1834 904 1873 rete
931 1829 952 1855 ο
985 1832 1292 1883 onerantur,
1338 1832 1399 1868 ac
1445 1815 1597 1866 nodis
1642 1812 1833 1878 qubus
1870 1811 2091 1864 macula:
2124 1809 2171 1870 Β
2203 1825 2339 1863 untts
2388 1812 2645 1865 Dominus
2685 1813 2840 1865 Jesns
2882 1812 3143 1867 Clitistus.
3175 1814 3364 1868 Caneri
3409 1816 3606 1883 quippe
3656 1810 3779 1881 (τι-ί,

512 1906 818 1975 nectuntur,
849 1912 995 1979 regni
1018 1912 1269 1964 caalorutn
1300 1906 1598 1960 substantia
1629 1919 1722 1973 per
1752 1906 1929 1955 otttnia
1961 1918 2090 1955 con-

512 2001 751 2055 teratur?
778 2001 881 2056 Sed
918 2000 983 2055 ad
1016 2002 1114 2054 hoc
1156 2000 1327 2053 solum
1367 1997 1577 2051 videtur
1604 2005 1838 2048 assumta
1867 2008 2089 2062 compa-

511 2094 681 2154 ratio.
711 2104 769 2148 ut
797 2094 1193 2156 ostenderetur,
1241 2092 1363 2159 quia
1412 2091 1549 2144 sicut
1588 2099 1701 2143 rete
1730 2088 1797 2142 de
1828 2087 2092 2157 profundo

509 2185 675 2239 maris
704 2185 876 2254 pisces
898 2184 1113 2238 adducit
1137 2184 1202 2237 ad
1233 2184 1245 2236 Ι
1270 2192 1377 2236 ttus
1403 2199 1415 2235 :
1443 2182 1511 2234 ita
1534 2180 1601 2235 de
1625 2179 1887 2248 profundo
1910 2179 2091 2231 surculi

512 2274 669 2343 hujus
697 2290 884 2330 errore
934 2276 1181 2329 bumanze
1219 2274 1409 2327 animze
1441 2273 1588 2342 regni
1618 2271 1868 2325 caelorum
1899 2269 2094 2339 praedi-

512 2369 726 2422 catione
755 2368 1071 2422 liberantur.
1118 2367 1195 2421 Ex
1227 2368 1421 2436 quibus
1442 2372 1681 2425 constat.
1712 2364 1957 2430 exempla
1986 2378 2090 2416 non

514 2458 570 2511 in
600 2459 852 2514 omnibus
884 2461 985 2525 his,
1012 2476 1242 2529 quorum
1274 2459 1516 2526 exempla
1547 2467 1690 2520 sunt,
1711 2470 1831 2510 esse
1860 2456 2090 2535 similia:

510 2550 711 2614 alioqui
739 2551 783 2604 si
813 2551 1001 2606 eadem
1033 2560 1217 2605 essent
1240 2551 1416 2604 omnia
1436 2591 1451 2615 ,
1477 2549 1585 2617 jam
1618 2566 1721 2601 nou
1744 2548 1986 2614 exenqu
2015 2548 2094 2601 di-

509 2654 780 2709 cerentur,
816 2645 909 2699 sed
940 2644 1069 2713 ipsa:
1097 2645 1270 2713 potius
1308 2658 1425 2708 res,
1457 2642 1527 2697 de
1567 2642 1758 2712 quibus
1785 2643 1980 2710 agitur,
2010 2641 2092 2694 vi-

510 2736 790 2793 derentur.
820 2738 1022 2793 Deinde
1037 2738 1197 2793 etiam
1228 2737 1355 2791 illud
1378 2736 1661 2791 dicendum
1694 2736 1947 2804 est,qnod
1976 2734 2093 2787 nul-

516 2829 566 2882 la
594 2840 844 2884 creatura
877 2830 995 2886 talis
1024 2846 1145 2885 esse
1178 2842 1369 2900 potem,
1400 2829 1574 2899 qualis
1602 2836 1812 2883 creator
1841 2828 1957 2896 ejus
1984 2843 1998 2881 :
2040 2836 2095 2881 et

508 2919 632 2976 ideo
661 2921 801 2977 sicut
837 2921 953 2978 sine
983 2923 1227 2991 exemplo
1265 2931 1347 2977 est
1379 2922 1554 2975 divina
1586 2920 1906 2984 substantia,
1936 2918 2004 2971 il-t
2038 2927 2094 2973 et

502 3032 822 3102 jampride
854 3034 1144 3089 declaravit
1169 3036 1224 3089 S.
1256 3034 1576 3098 Alexander,
1606 3032 1694 3100 qui
1726 3031 1943 3085 Arrium
1976 3033 2086 3101 pri-

506 3119 626 3175 mus
651 3106 990 3159 anathemate
1014 3105 1254 3175 perculit.
1302 3108 1432 3159 Eum
1462 3105 1658 3160 videsis
1677 3106 1815 3171 apttd
1848 3104 1877 3156 Ἰ
1899 3104 2088 3156 ιιυυιιυ.

504 3172 665 3227 ritum
692 3172 1065 3230 llist.-Eccles.
1100 3178 1191 3229 lib.
1226 3192 1297 3229 tv.

538 3252 600 3292 .⁶
643 3245 792 3300 llaud
821 3257 963 3301 recte
991 3256 1107 3300 erat
1135 3247 1343 3301 duobus
1387 3246 1563 3301 verbis
1600 3246 1753 3297 Nunc
1797 3245 2039 3311 quidnam
2063 3262 2082 3298 :

499 3315 572 3369 al.
606 3316 891 3385 Numquid.
934 3318 1133 3373 Deinde
1158 3320 1230 3371 sic
1268 3323 1508 3371 voculatu
1533 3358 1547 3379 ,
1579 3334 1697 3385 quo!
1721 3318 1902 3367 deerat
1927 3356 1940 3379 ,
1973 3317 2081 3367 sil-

501 3386 745 3441 l’ecimus.
779 3387 900 3442 Mox
934 3389 1003 3441 ita
1034 3390 1344 3443 adverbium
1376 3387 1698 3442 Usonieusis
1720 3388 1895 3437 editor
1919 3397 2077 3439 tacet.

504 3457 739 3525 Denique
768 3472 1010 3525 corrupta
1042 3459 1286 3527 legimus,
1325 3476 1417 3521 pro
1447 3468 1762 3527 corruptum.
1834 3458 1964 3520 Qua:
1993 3471 2079 3527 se-

498 3538 732 3593 quuntur
769 3530 923 3583 ell‘ert
978 3525 1220 3583 Baltiz'us
1264 3531 1362 3582 sub
1405 3525 1768 3596 interro-gandi
1817 3536 1964 3587 nota,
2000 3525 2077 3576 An
2120 3582 2123 3583 ν

496 3597 565 3647 ad
592 3598 689 3649 hoc
716 3600 875 3652 solum
900 3602 1187 3662 exemplum
1216 3602 1351 3653 istud
1374 3602 1572 3652 videtur
1601 3607 1885 3651 assumtum
1904 3637 1915 3655 ,
1941 3605 2041 3647 etc.
2060 3635 2075 3656 .

494 3682 618 3740 cum
647 3670 895 3740 lllorelio,
928 3669 1225 3725 Remboldo
1252 3683 1410 3740 atque
1444 3672 1689 3724 Erasmo.

568 3736 594 3774 δ
638 3739 821 3794 Editor
843 3742 1161 3798 Oxonicnsis
1189 3736 1404 3806 recens,
1438 3755 1761 3802 coacescere;
1797 3753 1916 3789 mox
1950 3737 2073 3792 end.

494 3808 871 3877 Sangerman.,
896 3813 1038 3866 retice
1064 3816 1250 3867 missa'.

570 3892 591 3917 ο
636 3881 807 3935 Minus
836 3884 1039 3947 placet,
1074 3884 1216 3953 quod
1265 3882 1354 3936 alii
1386 3896 1574 3936 omnes
1604 3879 1799 3933 habent
1841 3892 2075 3953 aptatur.

492 3965 591 4017 pro
617 3968 887 4020 operamur
911 3970 929 4007 :
962 3951 1105 4007 male
1128 3963 1308 4008 autem
1336 3954 1556 4003 omnino
1584 3961 1687 4011 est,
1720 3951 1862 4016 quod
1894 3970 2078 4005 nassu-

491 4024 592 4081 lrc.
650 4039 769 4077 ntox
818 4022 1055 4087 habent,
1092 4041 1187 4091 pro
1236 4022 1469 4075 maculw.
1514 4022 1665 4075 Betis
1712 4026 1935 4076 maculte
1968 4023 2074 4075 ille

487 4102 633 4159 sunt,
666 4110 799 4164 quas
826 4097 1004 4151 Italice
1053 4096 1239 4167 ntaglie
1282 4108 1549 4167 vocamus.
1602 4091 1763 4167 Dixit
1790 4104 1844 4145 et
1883 4092 2075 4167 Cicero

486 4162 754 4218 reticulum
787 4167 994 4219 minutis
1024 4162 1258 4219 maculis.
1290 4164 1345 4217 In
1372 4162 1718 4230 sequentibus
1754 4164 1944 4217 iterum
1976 4164 2076 4216 sub

486 4238 849 4306 interrogandi
881 4248 1002 4288 nota
1037 4236 1303 4297 Baluzitts,
1330 4237 1407 4287 An
1434 4235 1502 4285 ad
1523 4234 1618 4306 hoc
1644 4231 1834 4297 solum,
1868 4246 1974 4287 etc.
2012 4236 2069 4287 Et

485 4322 608 4361 mox
635 4305 754 4362 cum
778 4309 1228 4373 Sangerntanensi
1258 4306 1442 4357 codice
1472 4305 1675 4365 educit,
1708 4321 1801 4367 pro
1832 4305 2067 4359 adducit.

484 4377 709 4431 Leviora
741 4380 843 4430 alia
874 4379 1117 4445 quzedaot
1150 4378 1502 4442 praeterimus.

558 4449 583 4485 ἀ
611 4450 682 4503 Ita
718 4442 1038 4501 vetustiores
1068 4448 1263 4499 habent
1311 4442 1739 4512 llierooymianae
1779 4445 2061 4500 editiones.

483 4517 751 4570 Pamelius
796 4533 915 4569 cum
962 4517 1079 4568 a'its
1124 4518 1294 4569 diiina
1345 4516 1619 4581 ntajestas,
1656 4515 1901 4569 ιιειιικὶιις
1946 4533 2067 4569 eum

2196 1900 2321 1953 licet
2351 1901 2445 1955 lilii
2471 1902 2737 1965 dicantur,
2772 1902 3078 1971 adoptionis
3111 1914 3283 1959 tamen
3310 1909 3477 1975 gratia
3503 1908 3785 1973 dicuntur,

2195 2010 2299 2048 non
2329 1994 2553 2048 veritate
2584 2008 2810 2049 natorte.
2846 1998 2908 2050 lit
2938 2000 2981 2051 si
3006 2001 3256 2054 dicuntur
3276 2000 3363 2052 alii
3395 2001 3624 2061 Domini,
3650 2004 3787 2054 con;

2194 2101 2345 2141 cessa
2393 2098 2568 2141 tamen
2616 2104 2720 2141 non
2771 2090 3005 2158 ingenita
3046 2101 3311 2159 potestate
3359 2091 3631 2145 dit-untur.
3683 2092 3778 2145 llic

2195 2192 2327 2230 Vero
2355 2180 2503 2231 solus
2531 2189 2614 2232 est
2660 2178 2846 2230 unicus
2880 2179 3044 2233 Filius
3065 2223 3079 2242 ,
3112 2190 3166 2234 et
3196 2182 3342 2235 solus
3375 2182 3559 2234 unicus
3596 2182 3781 2235 Domi-

2195 2284 2295 2323 nus
2323 2287 2334 2321 :
2362 2272 2501 2323 sicut
2526 2280 2583 2323 et
2608 2272 2890 2339 Apostolus
2919 2274 2991 2325 ait
3022 2291 3033 2325 :
3064 2270 3088 2309 '4
3111 2271 3174 2325 Et
3199 2291 3328 2326 unus
3353 2273 3605 2327 Dominus
3624 2274 3787 2326 Jesns

2195 2362 2447 2424 Christus,
2472 2380 2559 2433 per
2580 2380 2724 2429 quem
2743 2365 2914 2417 omnia
2942 2365 3160 2433 (Ep/tes.
3189 2369 3241 2419 6.
3266 2367 3370 2431 6.).
3400 2366 3523 2420 Ideo
3547 2366 3651 2436 [ΑΙ.
3682 2369 3777 2436 lgi~

2197 2455 2303 2527 tur]
2339 2468 2683 2524 posteaquam
2720 2458 3025 2521 propositus
3054 2458 3189 2510 ordo
3232 2458 3262 2511 li
3287 2460 3353 2514 'ci
3385 2460 3656 2513 ineﬂ'abile
3687 2478 3773 2512 stt-

2195 2562 2524 2605 cramentunt
2559 2549 2675 2603 Filii
2707 2550 2774 2603 de
2807 2549 2964 2603 Patre
2993 2551 3291 2604 ttali'il'tlis
3325 2555 3598 2619 exposuit,
3634 2570 3775 2607 nunc

2194 2644 2259 2695 ad
2294 2642 2539 2709 humana;
2585 2641 2775 2694 salutis
2820 2640 3180 2709 dignationem
3212 2644 3779 2713 dispensationemqtte

2194 2734 2473 2790 descendit
2506 2749 2518 2785 :
2545 2741 2599 2785 et
2626 2734 2765 2787 hunc
2786 2749 2944 2803 quem
2970 2749 3127 2804 supra
3156 2734 3293 2787 dixit
3335 2735 3547 2789 unicum
3581 2735 3782 2790 Fi'ium

2198 2826 2311 2892 Dei,
2342 2835 2395 2878 et
2427 2823 2706 2878 Dominum
2741 2836 2978 2881 nostrum
3006 2842 3143 2881 nunc
3170 2826 3317 2880 dicit.

2264 2917 2317 2972 9.
2361 2917 2459 2984 ρει
2485 2932 2651 2971 unus
2681 2932 2773 2970 asr
2808 2934 2870 2970 nr:
2894 2933 3100 2973 srtntru
3130 2933 3331 2973 sucro
3358 2921 3463 2990 72
3502 2938 3567 2974 es
3598 2922 3774 2977 MAMA

2194 3030 2348 3085 aliter
2376 3046 2439 3085 ac
2467 3030 2516 3084 in
2540 3030 2831 3096 exemplis,
2861 3047 2980 3099 qum
3004 3048 3065 3084 es
3094 3033 3251 3087 rebus
3278 3034 3473 3088 treatis
3496 3045 3769 3101 petuntur.

2194 3102 2412 3156 Sublata
2476 3103 2641 3176 igitur
2692 3118 2782 3154 cur
2840 3102 3049 3176 vocula,
3112 3118 3270 3176 atque
3322 3104 3561 3176 intetrog
3597 3108 3771 3168 tione,

2192 3178 2490 3226 consultum
2542 3172 2673 3225 satis
2703 3184 2752 3226 et
2788 3173 2951 3227 menti
3003 3174 3251 3227 Aut-toris
3284 3176 3485 3239 potavit
3526 3172 3581 3229 et
3626 3178 3769 3230 lidei.

2192 3244 2259 3297 At
2308 3259 2482 3311 neque
2533 3244 2599 3295 ibi
2641 3244 2890 3297 mendum
2933 3244 3125 3306 ruhat,
3177 3261 3347 3311 neque
3390 3244 3475 3298 illa
3525 3248 3773 3300 Auctoris

2189 3330 2342 3369 mens
2372 3326 2471 3366 est.
2510 3311 2796 3366 Pro-Stabat
2826 3354 2841 3376 ,
2892 3316 3029 3379 quod
3065 3316 3258 3370 deinde
3306 3316 3549 3369 laudatus
3584 3318 3771 3370 Editur

2187 3387 2519 3449 suspicatur,
2548 3386 2913 3437 substantirum
2942 3383 3149 3447 legere,
3184 3402 3279 3453 pro
3310 3388 3769 3451 insubslantivum,

2185 3456 2391 3509 scilicet
2420 3471 2482 3507 ea:
2502 3470 2555 3505 se
2577 3458 2928 3519 splendorem,
2961 3466 3069 3509 etc.
3098 3471 3361 3524 expuncto
3396 3459 3777 3512 tantummodo

2184 3526 2239 3597 in
2281 3525 2491 3597 vocula,
2506 3540 2705 3597 “quam
2747 3526 3099 3597 pra-cedentis
3116 3528 3261 3580 verbi
3282 3527 3523 3597 ejusdem
3548 3543 3771 3583 recursu

2184 3596 2440 3669 deceptos
2484 3594 2734 3669 librarios
2777 3596 3083 3663 atltlidis~e,
3136 3594 3476 3669 perspicuum
3507 3610 3614 3654 est.
3657 3598 3773 3654 Nos

2186 3666 2253 3718 ita
2288 3668 2459 3717 locum
2488 3666 2835 3718 vestituitlttts.

2258 3734 2278 3773 ί
2309 3736 2495 3788 Editur
2524 3736 2841 3789 Uxoniensis
2870 3753 2929 3790 eo
2958 3739 3123 3791 solum
3156 3749 3260 3803 est,
3296 3747 3405 3791 tum
3437 3747 3487 3792 et
3522 3738 3775 3795 Balozius

2177 3806 2295 3875 quia
2325 3817 2477 3857 natus
2510 3807 2601 3875 sit.
2646 3805 2918 3872 Intellize,
2968 3820 3023 3863 ttt
3073 3809 3297 3863 inferius
3335 3824 3396 3863 se
3433 3810 3637 3863 Auctor
3675 3827 3770 3865 es-

2184 3874 2372 3944 ptieat,
2406 3876 2471 3927 de
2501 3874 2654 3929 l’atre
2686 3879 3022 3933 nativitatem.
3056 3881 3130 3933 Ex
3164 3880 3354 3933 iisdem
3386 3881 3544 3934 tertio
3571 3880 3641 3934 ab
3667 3886 3768 3936 hoc

2181 3963 2338 4001 versu
2365 3961 2565 4017 nomen
2582 3946 2759 4017 ﬁlius,
2793 3948 2934 4017 quod
2965 3949 3153 4004 deerat
3176 3950 3507 4004 sullecimus.

2260 4028 2284 4064 ε
2314 4019 2510 4091 Iidem,
2548 4016 2693 4069 Unus
2724 4027 2794 4071 est
2816 4016 2991 4091 ﬁlius,
3034 4038 3145 4073 vere
3192 4020 3333 4084 filius
3359 4022 3593 4091 :qoibus
3642 4038 3764 4077 cum

2178 4098 2233 4144 et
2275 4105 2372 4140 nos
2413 4090 2639 4140 alterum
2675 4105 2791 4160 orre
2811 4134 2824 4154 ,
2855 4090 2996 4157 quod
3024 4092 3392 4155 subsequitur,
3420 4090 3757 4160 supplem'ns.

2185 4159 2427 4232 Vici~sim
2462 4159 2535 4210 illi
2562 4158 2703 4220 quod
2731 4162 2901 4225 primo
2933 4163 3166 4215 occurrit
3188 4162 3286 4228 ﬁlii
3310 4171 3508 4224 tacent,
3529 4158 3592 4218 et
3619 4164 3769 4232 quod

2180 4232 2305 4283 item
2338 4230 2509 4295 primo
2530 4232 2763 4282 occurrit
2787 4240 2957 4285 tamen
2982 4234 3033 4285 in
3058 4244 3251 4285 tantunt
3278 4242 3505 4299 mutant,
3534 4230 3765 4288 alterum

2180 4302 2427 4354 reticent.
2464 4301 2632 4373 Porro
2676 4313 2853 4373 autem
2886 4303 2998 4355 haec
3042 4304 3202 4357 etiam
3234 4307 3511 4367 accepisse
3559 4305 3627 4357 ab
3656 4306 3760 4373 Cy-

2182 4373 2301 4425 rillo
2328 4386 2426 4422 suo
2450 4411 2463 4432 ,
2496 4370 2539 4422 ,Ι-
2564 4370 2949 4436 ro~ol)mitano
2993 4375 3242 4439 inquam,
3284 4374 3503 4427 ltolinus
3532 4370 3761 4432 videtur.

2175 4444 2285 4519 1:6;
2316 4440 2369 4496 δὲ
2388 4444 2579 4519 ἀκού-ων
2601 4442 2712 4519 (ait
2753 4442 2841 4519 ille
2861 4444 3077 4497 Catech.
3102 4443 3193 4498 XI.
3216 4444 3240 4519 )7
3262 4452 3331 4519 μή
3352 4449 3565 4519 νομίσῃς
3596 4447 3763 4507 θετὸν,

2176 4515 2301 4599 ἐς).λά
2346 4514 2553 4601 enim)»;
2580 4514 2720 4573 υἱὸν.
2762 4515 2871 4567 υἱὸν
2906 4525 3179 4601 μὶονογενῆ,
3221 4514 3424 4589 ἀδελφὸν
3465 4514 3640 4601 ἔέερον
3670 4523 3768 4573 οὐκ

483 4592 837 4655 Sangerman.
873 4587 1057 4638 codice
1093 4596 1148 4639 ct
1189 4599 1366 4673 vetere
1391 4578 1519 4637 edit.
1550 4586 1849 4673 thllllellhl
1895 4588 2065 4639 divina

2188 4584 2396 4667 Fxo-ww"
2428 4584 2513 4639 διὰ
2553 4593 2703 4673 εξορτο
2738 4588 2839 4657 γὰρ
2869 4578 3096 4673 misi-rat
3140 4578 3429 4673 μοιξσγενῖὸς,
3484 4578 3562 4642 δτέ
3595 4592 3672 4673 εἷς
3708 4593 3767 4643 τὸ

482 4662 721 4712 nolit-itas
772 4658 1073 4724 rescripsit,
1125 4668 1178 4710 et
1223 4656 1395 4717 'I'uuc,
1444 4672 1540 4722 pro
1580 4656 1711 4709 Tant
1758 4660 1897 4725 quod
1942 4662 2069 4710 sub-

481 4734 740 4797 sequitur.

501 4818 505 4821 ·
556 4812 579 4836 ι’
607 4798 880 4855 Daunius,
930 4798 1044 4850 sive
1084 4796 1172 4863 qui
1203 4798 1319 4865 ejus
1362 4796 1736 4867 Cyprianiram
1776 4797 2063 4852 editionem

481 4870 775 4924 Monachus
841 4867 1215 4920 Benedictiotts
1286 4870 1548 4936 vulgavit,
1618 4886 1711 4920 cur
1784 4872 2062 4932 voculam,

482 4943 629 4992 nullo
656 4940 983 5004 sulTragattte
1021 4938 1113 4990 Ms.
1142 4949 1229 4990 aut
1263 4938 1406 4992 edito
1434 4940 1607 5005 libro,
1640 4942 1896 5008 expultin
1920 4982 1934 5003 ,
1970 4944 2063 4995 ad-

481 5027 651 5076 eoque
677 5022 731 5065 et
762 5022 940 5063 notant
988 5012 1347 5078 interrogandi
1378 5012 1624 5073 sustulit,
1656 5026 1815 5079 quam
1845 5014 2060 5077 quidem

482 5081 532 5132 iu
577 5081 1023 5149 Sangermaue-thi
1073 5085 1166 5133 Ms.
1221 5084 1400 5134 haberi
1451 5091 1560 5144 att,
1608 5098 1782 5150 neque
1830 5082 1881 5133 in
1930 5086 2057 5138 edit.

484 5153 761 5205 lientboldi
812 5164 969 5220 atque
1027 5153 1253 5204 Erasini.
1308 5155 1507 5219 Nempe
1555 5170 1675 5206 cum
1730 5153 2062 5217 sttbseqnetu

479 5232 760 5275 contextus
814 5225 1013 5283 ferret,
1057 5224 1249 5275 lltsubal
1287 5227 1480 5277 utivum
1528 5242 1591 5276 ex
1647 5242 1699 5279 se
1735 5225 2060 5289 splendunm

483 5296 709 5355 proferre
731 5310 829 5345 non
856 5294 1042 5363 potuit,
1078 5294 1248 5345 visunt
1283 5296 1378 5346 bou-
1402 5310 1485 5349 εει
1516 5298 1634 5348 lidei
1661 5308 1714 5349 et
1740 5296 1909 5348 littliui
1937 5314 2061 5349 sett-

482 5364 660 5414 tentias
684 5366 1030 5417 contrarium.
1062 5367 1170 5415 lloe
1200 5383 1341 5418 enim
1364 5407 1377 5428 ,
1412 5369 1505 5429 ait,
1538 5368 1586 5419 in
1625 5375 1739 5419 loco
1771 5368 2053 5429 refellitur,

478 5432 849 5505 insubstantiva
878 5437 1171 5500 generatio,
1205 5454 1301 5490 nee
1332 5439 1617 5505 quidquam
1650 5440 1788 5491 aliu-l
1819 5438 2055 5502 άὶςιειιιιιι

478 5500 705 5577 Rufinus
730 5545 745 5567 ,
788 5507 888 5577 nisi
924 5508 1111 5560 Filium
1139 5522 1260 5560 esse
1300 5500 1666 5561 stt'bstantivttm
1698 5500 2052 5577 splendorem,

476 5574 840 5629 substantivum
873 5576 1111 5643 Verbum,
1132 5579 1533 5633 substantialiter
1554 5574 1869 5649 generatum,
1898 5579 2054 5647 longe

2176 4653 2267 4731 ἐἷς
2296 4653 2532 4731 (ξεότητος
2564 4653 2868 4731 ἀξίωιιέέκάὶ
2882 4662 2970 4715 τὴν
2992 4658 3045 4711 ἐκ
3078 4653 3281 4731 [lat-(.13.;
3300 4661 3529 4731 ’γέννησιν
3554 4657 3764 4729 ἀδελφὸν

2176 4730 2267 4781 οὐκ
2290 4725 2434 4797 ἔχει,
2458 4750 2507 4780 κ.
2532 4749 2582 4780 τ.
2609 4727 2655 4779 λ.
2678 4712 2872 4778 Filium
2895 4743 3007 4779 runt
3031 4712 3202 4791 audis,
3230 4746 3290 4780 ne
3308 4712 3607 4783 ndomioum
3629 4719 3766 4783 etsis-

2176 4801 2353 4857 times.
2386 4798 2475 4850 sed
2502 4798 2788 4849 naturalem
2819 4797 3013 4867 ﬁlium,
3065 4799 3227 4863 ﬁlium
3276 4801 3624 4867 unigenitum.
3671 4804 3759 4865 qui

2173 4870 2384 4937 fratrem
2428 4870 2588 4920 alium
2633 4885 2733 4919 non
2763 4867 2930 4919 habet.
2982 4866 3260 4937 Propterea
3290 4866 3423 4922 enim
3470 4873 3763 4939 unigenitns

2172 4943 2341 5003 audit,
2368 4941 2492 5007 quia
2520 4942 2629 4991 sive
2651 4940 2946 5004 dignitatem
2977 4940 3256 4993 divinitatis
3278 4952 3489 5010 spectes,
3517 4944 3620 4993 sive
3649 4945 3760 5009 ejus

2171 5030 2234 5065 ea:
2280 5011 2435 5064 Patre
2476 5011 2827 5069 nativitatem,
2874 5012 3116 5075 fratrem,
3161 5012 3261 5063 sive
3300 5013 3516 5064 similent
3563 5014 3764 5066 nullum

2168 5084 2335 5136 Ιιαὸςλι.
2374 5084 2437 5135 Et
2470 5095 2678 5132 rursum
2711 5095 2832 5131 num
2904 5078 2989 5132 IV.
3025 5079 3155 5133 Cum
3202 5079 3395 5134 Filium
3435 5084 3538 5134 dici
3577 5086 3758 5148 audis,

2166 5171 2269 5207 non
2295 5152 2577 5218 improprie
2604 5159 2652 5201 et
2680 5149 2962 5201 catuc/aresi
2992 5155 3216 5219 quadam
3242 5154 3313 5203 ita
3344 5155 3596 5218 appellari
3626 5157 3763 5207 exis-

2164 5227 2334 5283 limes,
2366 5226 2455 5275 sed
2482 5235 2655 5272 verum
2691 5236 2800 5273 esse
2840 5220 3023 5286 lilium,
3068 5222 3235 5287 ﬁlium
3277 5224 3565 5277 naturalem
3611 5225 3761 5278 intel-

2161 5298 2284 5366 lige,
2310 5304 2416 5346 c-tc.

2234 5367 2259 5402 ιι
2293 5368 2615 5428 l’r:eponttttt
2642 5360 2801 5413 iidem
2826 5375 2891 5415 es
2924 5363 3178 5427 Apostnlo
3208 5363 3391 5425 verba,
3424 5364 3570 5417 Unus
3604 5364 3760 5418 Pater

2169 5437 2326 5499 Deus,
2353 5446 2458 5486 etc.
2487 5432 2601 5485 Mox
2625 5448 2687 5481 ex
2715 5434 3025 5484 earumdem
3050 5448 3313 5487 consensu
3338 5445 3390 5486 et
3412 5450 3509 5487 nos
3523 5436 3587 5486 de
3606 5433 3759 5489 Patre

2167 5506 2490 5567 ηαιιυιιαιίε,
2544 5502 2877 5556 resoluimus
2922 5519 3016 5572 pro
3059 5520 3165 5572 quo
3214 5515 3333 5560 erat
3373 5504 3437 5557 de
3481 5507 3748 5560 nativitate

2174 5577 2366 5631 Patris.

542 5672 561 5691 ⁶
586 5672 747 5738 llicin
776 5676 988 5722 editione
1022 5672 1320 5738 Vallarsiana
1346 5690 1490 5735 quam
1519 5674 2005 5738 recudimus,_gravis_
2030 5667 2577 5738 error__tgpograiihietts
2598 5667 2650 5738 in
2674 5665 2891 5738 numeris
2918 5664 3135 5738 foliorum
3166 5667 3360 5724 irrepsit
3388 5679 3400 5714 :
3427 5668 3606 5738 omissa
3651 5676 3761 5717 sunt

480 5747 655 5795 netnpe
683 5737 794 5785 l'olia
817 5738 899 5796 65,
922 5738 1002 5795 66,
1027 5737 1107 5792 67,
1133 5741 1212 5795 ιςκ,
1237 5738 1299 5786 69
1323 5727 1375 5786 et
1396 5738 1475 5793 70.
1499 5752 1607 5785 eum
1632 5727 1874 5784 tamenin
1906 5736 2065 5797 imlice
2093 5727 2757 5797 RutiliiUberibus-subjecto
2780 5730 2838 5775 ad
2863 5727 3170 5797 supradictas
3191 5741 3424 5797 numeros
3446 5727 3604 5779 lector
3624 5743 3757 5797 Srpe

481 5789 758 5847 rem-retur.
784 5789 968 5846 Nos'ne
992 5789 1281 5858 paginarum
1305 5803 1421 5845 ordo
1446 5789 1585 5846 stum
1606 5804 1842 5849 ιιμτιιιιιιο,
1873 5796 2082 5841 eaurleu

2188 5789 2340 5842 tunam
2368 5789 2588 5837 consulto
2612 5796 2886 5848 servantes,
2911 5789 3203 5851 supradictis
3230 5793 3466 5858 muneris,
3491 5789 3726 5851 quotics'i
3747 5810 3758 5839 ι

484 5858 638 5905 iudice
664 5859 890 5923 appellati
914 5854 1046 5920 sunt,
1072 5875 1158 5907 ro.»
1182 5861 1518 5909 substituzttmx
1542 5874 1622 5920 "ut
1654 5859 1839 5911 lllL-l'lllll
1870 5858 1913 5903 itt
1942 5864 2083 5905 textu
2111 5854 2268 5905 locum
2291 5857 2543 5914 occupant.

3302 5853 3415 5903 linit:
3425 5889 3435 5901 .

3756 6031 3794 6045 .-
