4078 6346
215 398 319 455 349
1179 395 1725 456 COMMENTARIUS
1761 399 1828 456 IN
1869 399 2165 459 SYMBOL.
2203 401 2534 463 APOSTOL.
3385 412 3493 468 550

214 530 445 575 unctus.
481 515 611 572 llaec
636 515 747 587 jam
779 515 921 571 inter
947 512 1194 569 homines
1221 513 1638 585 dispensationis
1667 516 1806 570 nati-
1835 520 1882 580 Α
1906 527 1966 573 ιιι
2018 529 2072 574 et
2112 531 2406 591 conceptus
2455 520 2687 592 Virginis
2737 523 3118 589 sanctificatur.
3168 533 3225 580 et
3280 536 3485 594 partus.

215 615 350 667 vitas
370 616 473 674 est,
501 609 591 667 illa
619 609 810 663 divina:
832 608 1148 664 substantia:
1173 621 1189 660 :
1218 606 1334 661 bare
1355 607 1518 677 digna
1542 608 1680 661 iouis
1699 618 1805 671 est,

224 703 315 757 illa
347 710 580 754 naturze.
616 700 690 755 De
714 698 916 770 Spiritu
949 698 1151 753 Sancto
1179 712 1244 752 ex
1275 697 1498 767 Virgine
1529 699 1805 753 nascitur:

220 806 273 851 et
311 794 418 863 jam
464 793 517 846 in
546 791 653 847 hoc
696 792 816 846 loco
855 791 1107 846 mundior
1154 789 1373 844 auditus
1418 790 1713 858 requiritur
1750 798 1808 844 et

219 888 397 957 purior
427 899 643 939 sensus.
689 893 713 919 κ
734 884 871 939 Huic
918 882 1094 947 enim,
1133 897 1293 951 quem
1320 882 1523 934 dudum
1554 882 1623 935 de
1650 881 1807 934 Patre

220 990 398 1036 natum
442 977 788 1032 ineffabiliter
815 975 1085 1040 didicisti,
1130 987 1273 1027 nunc
1301 989 1332 1026 a
1359 972 1562 1042 Spiritu
1608 972 1807 1027 Sancto

223 1072 479 1140 templum
514 1070 832 1125 fabricatum
857 1069 996 1123 intra
1020 1076 1227 1123 secreta
1256 1067 1395 1121 uteri
1425 1065 1698 1133 virginalis
1727 1066 1809 1120 in-

221 1165 396 1235 tellige
421 1182 435 1217 :
460 1175 513 1217 et
538 1162 679 1217 sicut
703 1163 754 1217 in
779 1161 1199 1217 sanctificatione
1213 1160 1642 1229 SanctiSpiritus
1664 1160 1806 1214 nulla

218 1255 497 1310 senticnda
522 1263 607 1309 est
640 1254 917 1325 fragilitas,
952 1255 1024 1309 ita
1056 1264 1109 1307 et
1135 1254 1187 1308 in
1221 1265 1372 1322 partu
1404 1251 1639 1321 Virginis
1661 1253 1808 1306 nulla

218 1344 560 1413 intelligenda
599 1354 683 1398 est
726 1344 1015 1413 corruptio.
1041 1343 1220 1398 Novus
1260 1343 1402 1399 enim
1438 1342 1563 1397 huic
1605 1342 1807 1398 sarculo

218 1436 368 1490 datus
388 1445 474 1490 est
497 1434 585 1488 hic
610 1445 816 1503 partus,
844 1448 945 1489 nec
966 1435 1252 1488 immerito.
1277 1432 1379 1499 Qui
1407 1434 1551 1487 enim
1577 1433 1628 1486 in
1651 1432 1805 1487 caelis

218 1528 403 1583 unicus
434 1527 605 1581 Filius
631 1522 745 1589 est,
789 1535 1181 1596 consequi-nter
1208 1535 1262 1581 et
1292 1528 1346 1579 in
1371 1534 1517 1579 terra
1559 1525 1746 1579 unicus
1776 1522 1803 1562 1³

217 1631 315 1687 est,
342 1630 396 1676 et
424 1622 584 1676 unice
609 1620 870 1674 nascitur.
903 1619 1036 1673 Nota
1060 1627 1183 1672 sunt
1205 1617 1453 1673 omnibus
1478 1628 1531 1671 et
1554 1618 1605 1671 in
1635 1618 1808 1671 Evan-

217 1714 365 1784 geliis
409 1712 695 1768 decantata
736 1710 803 1763 de
846 1710 948 1764 hoc
976 1711 1173 1778 scripta
1218 1709 1632 1777 prophetarum,
1685 1722 1806 1776 qua

215 1806 413 1868 dicunt,
446 1803 589 1873 quod
628 1800 781 1873 Virgo
801 1802 1070 1871 concipiet,
1092 1810 1138 1855 et
1160 1800 1325 1871 pariet
1348 1799 1515 1869 ﬁlium
1544 1796 1712 1867 (Esai.
1747 1799 1799 1851 7.

1982 610 2069 665 ιι.
2113 612 2311 668 Verum
2358 614 2477 669 haec
2522 614 2645 681 quia
2691 631 2757 670 es
2811 616 3105 691 Scripturis
3162 616 3488 687 propheticis

1909 716 2243 771 asseruntur,
2277 715 2502 777 possunt
2538 707 2678 763 forte
2719 708 2962 773 Judzeos,
2994 710 3238 777 quamvis
3266 710 3375 767 sint
3404 712 3489 765 in-

1911 795 2091 851 tideles
2120 804 2176 851 et
2205 799 2499 862 increduli,
2531 800 2826 855 confutare.
2860 798 2968 855 Sed
3001 800 3185 869 pagani
3215 801 3392 856 solent
3418 802 3488 855 ir-

1910 883 2089 938 ridere
2130 901 2259 952 nos,
2293 902 2412 940 cum
2442 887 2667 942 audiunt
2697 889 2974 957 praedicari
3004 904 3034 942 a
3077 891 3231 945 nobis
3262 891 3490 960 Virginis
3520 938 3523 941 Α

1909 985 2118 1043 partum
2143 993 2158 1030 :
2184 988 2404 1045 propter
2426 978 2567 1047 quod
2592 981 2772 1047 paucis
2800 996 2986 1036 eorum
3008 982 3488 1038 obtrectationibus

1909 1066 2342 1134 respondendum
2364 1078 2463 1124 est.
2482 1070 2668 1124 Omnis
2690 1081 2872 1139 partus
2891 1089 2956 1127 ex
2982 1074 3151 1129 tribus
3173 1074 3251 1143 (ut
3272 1075 3487 1142 opinor)

1909 1166 2120 1211 constat
2143 1174 2155 1210 :
2183 1160 2227 1213 si
2259 1161 2454 1214 adultae
2478 1163 2648 1216 anatis
2669 1165 2737 1216 sit
2767 1165 2958 1223 femina
2976 1205 2996 1231 ,
3022 1166 3067 1219 si
3095 1167 3265 1221 virum
3292 1170 3482 1233 adeat,

1907 1248 1955 1302 si
1981 1253 2084 1302 nd‘n
2115 1249 2186 1304 sit
2216 1260 2240 1289 ο
2276 1252 2415 1305 illius
2445 1254 2596 1306 vulva
2635 1255 2762 1307 vitio
2814 1256 3110 1311 Sterilitatis
3138 1260 3370 1313 occlusa.
3404 1258 3485 1313 Ex

1912 1340 1997 1394 his
2024 1342 2193 1396 tribus
2221 1343 2272 1396 in
2316 1340 2420 1397 hoc
2458 1354 2608 1410 partu
2631 1385 2646 1406 ,
2692 1361 2852 1415 quem
2901 1348 3287 1414 praedicamus.
3321 1366 3484 1405 unum

1907 1431 2094 1495 defuit,
2112 1433 2429 1487 virscilicct:
2445 1444 2500 1489 et
2520 1438 2657 1489 bane
2676 1445 2877 1503 partem
2895 1438 3037 1503 (quia
3058 1440 3145 1506 qui
3166 1440 3484 1494 nascebatur

1907 1538 2012 1577 non
2045 1532 2161 1578 erat
2189 1533 2432 1578 terrenus
2467 1527 2660 1587 homo,
2693 1527 2785 1580 sed
2815 1527 3083 1597 caelestis)
3112 1543 3209 1597 per
3234 1531 3482 1599 spiritum

1907 1616 2173 1670 caelestem
2206 1617 2453 1680 dicimus,
2470 1617 2612 1670 salta
2642 1618 2869 1685 Virginis
2891 1619 3310 1688 incorruptione,
3335 1636 3484 1675 com-

1910 1707 2130 1773 pletam.
2169 1708 2231 1759 lit
2261 1718 2436 1761 tamen
2467 1708 2592 1777 quid
2625 1711 2817 1764 mirum
2853 1710 3083 1776 videtur,
3109 1711 3153 1765 si
3185 1713 3331 1780 virgo
3358 1726 3485 1767 cou-

1908 1797 2130 1866 ceperit,
2163 1812 2280 1851 cum
2307 1798 2540 1854 Orientis
2562 1815 2734 1863 avem,
2764 1815 2921 1869 quam
2945 1802 3253 1860 Phrenicem
3279 1814 3487 1874 vocant,

215 1895 347 1966 14.).
377 1895 482 1950 Sed
512 1906 567 1947 et
590 1900 774 1963 partus
796 1892 963 1960 ipsius
986 1892 1287 1946 mirabilem
1316 1889 1529 1944 modum
1558 1887 1805 1943 Ezechiel
1838 1887 1883 1948 Β
1911 1892 1960 1946 in
1994 1902 2195 1947 tantum
2245 1893 2362 1947 sine
2390 1896 2616 1962 conjuge
2645 1896 2822 1958 nasci,
2877 1899 2957 1952 vel
2991 1900 3198 1953 renasci
3239 1910 3488 1963 constet,

215 1988 477 2056 Propheta
504 1997 633 2039 ante
659 1984 1001 2050 formaverat,
1028 1982 1244 2036 Mariam
1274 1979 1565 2049 figuraliter
1593 1990 1803 2049 portam

220 2070 427 2133 Domini
454 2076 765 2141 nominans,
789 2089 885 2143 per
906 2089 1068 2143 quam
1093 2072 1301 2127 scilicet
1325 2070 1579 2124 Dominus
1602 2070 1805 2138 ingres-

213 2189 301 2230 sus
315 2186 393 2230 εει
411 2172 675 2227 mundum
686 2211 698 2223 .
717 2171 851 2225 υἰοιι
863 2185 991 2239 ergo
1008 2168 1109 2223 hoc
1126 2167 1314 2221 modo:
1334 2165 1497 2218 Porta
1508 2170 1675 2217 autem
1690 2176 1806 2231 qua:

176 2325 188 2337 ο
214 2267 418 2334 respicit
452 2266 523 2317 ad
556 2262 819 2317 Otimtem
849 2262 1027 2315 clausa
1055 2260 1153 2313 erit
1172 2300 1187 2323 ,
1219 2269 1266 2312 et
1308 2273 1409 2310 non
1448 2256 1727 2325 aperietur,
1755 2263 1803 2308 et

214 2374 355 2411 nemo
385 2355 626 2409 transibit
658 2369 747 2419 per
774 2369 883 2406 cam
917 2367 935 2405 :
964 2351 1211 2422 quoniam
1248 2346 1504 2401 Dominus
1543 2344 1683 2399 Deus
1712 2343 1801 2397 Is-

214 2445 317 2501 rael
334 2445 574 2500 transibit
603 2460 694 2514 per
716 2460 848 2506 eam,
871 2452 916 2496 et
938 2444 1112 2494 clausa
1132 2442 1226 2493 erit
1258 2436 1473 2509 (Ezech.
1500 2437 1642 2505 ιι).
1665 2434 1805 2502 Quid

214 2550 319 2595 tam
350 2539 577 2594 evidens
606 2539 674 2591 de
709 2534 1121 2590 conservatione
1158 2532 1389 2601 Virginis
1415 2531 1521 2585 dici
1556 2531 1802 2597 poterat?

214 2630 405 2685 Clausa
437 2630 538 2683 fuit
578 2643 640 2683 ea
673 2626 997 2698 virgmitatis
1030 2634 1180 2695 porta
1216 2642 1229 2679 :
1265 2640 1358 2694 per
1390 2625 1556 2692 ipsam
1585 2622 1804 2676 intravit

214 2718 317 2793 [AL
333 2716 604 2790 introivit}
620 2718 873 2771 Dominus
894 2716 1030 2771 Deus
1051 2715 1210 2770 Israel
1231 2726 1277 2780 ο,
1294 2731 1383 2783 per
1406 2716 1571 2783 ipsam
1590 2715 1640 2767 in
1661 2714 1804 2769 hunc

216 2812 470 2867 mundum
502 2810 573 2865 de
602 2820 756 2863 utero
790 2807 1023 2878 Virginis
1057 2806 1350 2876 processit,
1377 2816 1429 2860 et
1456 2806 1507 2860 in
1539 2815 1799 2861 aeternum

218 2915 365 2976 porta
398 2905 634 2974 Virginis
656 2904 859 2965 clausa,
890 2913 1102 2957 servata
1123 2902 1448 2970 virginitate,
1485 2904 1798 2968 permansit.

217 2999 380 3071 Igitur
409 2998 519 3069 73
566 2996 796 3052 Sanctus
841 2994 1075 3063 Spiritus
1105 2992 1339 3047 refertur
1362 2992 1647 3047 dominica:
1677 3008 1801 3047 car-

216 3093 329 3157 nis,
351 3100 407 3145 et
456 3088 642 3157 templi
674 3087 789 3156 ejus
831 3097 1062 3140 creator.
1098 3084 1277 3154 Incipe
1301 3083 1411 3152 jam
1446 3083 1571 3137 hinc
1602 3085 1801 3138 intelli-

215 3196 341 3252 gere
379 3181 541 3234 etiam
577 3178 811 3248 Spiritus
851 3177 1027 3231 Sancti
1061 3173 1421 3243 majestatem.
1454 3174 1803 3229 Contestatur

1909 1997 1962 2039 ιιι
1993 2002 2207 2054 semper
2234 1985 2343 2058 74.
2392 2003 2492 2041 una
2520 1988 2609 2051 sit,
2636 1999 2689 2042 et
2717 2005 2930 2059 semper
2954 1991 3056 2046 sibi
3090 1993 3187 2059 ipsi
3217 1992 3321 2064 [AL
3348 1990 3492 2063 ipsa}

1910 2081 2181 2131 nascendo
2204 2120 2219 2141 ,
2253 2080 2334 2133 vel
2366 2079 2700 2133 τειιειειειιάο
2730 2082 3018 2135 succedat?
3048 2083 3187 2152 Apes
3216 2094 3361 2137 certe
3392 2099 3489 2137 ne-

1906 2168 2045 2222 scire
2093 2167 2370 2238 conjugis,
2403 2185 2501 2224 tne
2544 2172 2702 2225 laetus
2746 2171 2956 2226 nixibus
2997 2173 3191 2236 edere,
3238 2173 3491 2227 omnibus

1908 2258 2082 2327 palam
2113 2268 2213 2312 est.
2249 2258 2353 2314 Sed
2386 2269 2439 2313 et
2468 2259 2571 2313 alia
2604 2259 2852 2313 nonnulla
2867 2239 3356 2329 ’ἀρριεΙιιιηιΙυιιιιιτ
3384 2262 3491 2317 sub

1912 2347 2261 2415 'lnnjusntodi
2312 2362 2458 2405 sorte
2504 2354 2780 2406 na~cendi.
2834 2353 2944 2408 lloc
2993 2369 3121 2421 ergo
3171 2352 3484 2409 incredibile

1906 2441 2174 2497 videbitur
2198 2442 2379 2497 divina
2408 2442 2605 2497 virtute
2630 2443 2697 2497 ad
2723 2445 2882 2498 totius
2912 2416 3090 2499 llltl'tlvl
3117 2445 3489 2512 reintegratio-

1907 2547 2027 2587 nem
2059 2535 2289 2601 factmn,
2320 2534 2470 2602 cujus
2498 2535 2745 2604 exempla
2776 2537 2936 2589 etiam
2966 2536 3017 2589 in
3048 2537 3360 2591 animalium
3389 2552 3486 2592 na-

1906 2625 2112 2680 tivitate
2136 2627 2464 2681 cernuntur?
2493 2628 2549 2679 Et
2578 2635 2755 2681 tamen
2782 2627 3083 2682 mirandum
3113 2637 3194 2681 est
3213 2626 3320 2699 [AL
3341 2637 3482 2683 tace-

1904 2729 1989 2773 tur
2023 2719 2159 2792 est],
2211 2736 2309 2774 cur
2358 2722 2460 2775 huc
2505 2720 2803 2777 Gentilibus
2848 2722 3177 2791 impossibile
3223 2723 3516 2785 videatut,

1904 2811 1994 2879 qui
2024 2812 2252 2867 credunt
2274 2812 2567 2867 Minervam
2600 2828 2749 2867 suam
2774 2814 2842 2867 de
2863 2814 3088 2869 cerebro
3115 2813 3261 2869 Jovis
3284 2824 3485 2868 natam.

1903 2901 2040 2967 Quid
2107 2902 2174 2955 ad
2226 2902 2549 2956 credendum
2613 2902 2914 2966 difficilius,
2975 2913 3067 2957 aut
3131 2904 3256 2971 quid
3321 2905 3490 2974 magis

1903 3004 2088 3050 contra
2134 3004 2375 3049 naturam
2425 2995 2540 3049 e~t?
2595 2998 2688 3050 llic
2736 2996 2932 3050 femina
2981 3006 3095 3058 est,
3148 2996 3234 3051 hic
3280 3004 3515 3055 natura}

1903 3088 2037 3141 ordo
2079 3100 2341 3152 servatur,
2392 3088 2479 3141 hic
2518 3097 2842 3155 conceptus,
2889 3087 2977 3142 hic
3017 3088 3145 3161 [AL
3176 3098 3229 3141 et
3263 3086 3273 3157 ι
3306 3096 3487 3157 partus

1908 3180 2237 3245 temporibus
2265 3180 2376 3232 suis
2398 3181 2572 3233 editur
2599 3195 2612 3231 :
2642 3179 2709 3232 ibi
2735 3195 2991 3249 nusquam
3016 3179 3276 3233 fetnineus
3300 3194 3485 3244 sexus,

216 3275 355 3327 enim
387 3280 444 3327 et
484 3269 836 3339 Evangelicus
862 3282 1040 3323 sermo
1075 3267 1142 3321 de
1184 3267 1333 3335 ipso,
1380 3269 1523 3337 quod
1565 3282 1688 3321 cum
1719 3269 1797 3323 lo-
1828 3259 1874 3322 C
1909 3268 2002 3321 Sed
2036 3271 2115 3322 vir
2137 3274 2283 3322 so'us
2308 3281 2360 3324 et
2395 3278 2597 3335 partus.
2646 3269 2745 3334 Qui
2768 3270 2857 3322 illa
2886 3270 3094 3334 credit,
3127 3285 3222 3322 cur
3249 3271 3346 3323 ista
3376 3269 3480 3323 mi-

216 3366 399 3436 quenti
439 3365 644 3432 Angelo
672 3362 738 3416 ad
774 3362 1040 3429 Virginem
1063 3401 1077 3426 ,
1107 3370 1161 3415 et
1199 3360 1427 3424 dicenti,
1469 3359 1602 3425 Quia
1633 3360 1802 3431 paries

219 3456 412 3526 ﬁlium,
442 3466 486 3511 et
515 3455 717 3510 vocabis
746 3469 928 3507 nomen
955 3454 1067 3524 ejus
1091 3452 1269 3506 Iesum
1291 3467 1311 3505 :
1332 3451 1415 3504 hic
1444 3452 1578 3506 enim
1603 3450 1803 3505 salvum

219 3548 365 3617 faciet
409 3548 656 3617 papnlum
696 3562 727 3597 a
773 3545 989 3613 peccatis
1017 3545 1120 3597 suis
1147 3541 1322 3613 (Matt.
1362 3542 1472 3612 1.),
1512 3543 1539 3580 ά
1565 3544 1652 3597 illa
1688 3558 1804 3598 res-

220 3638 524 3706 pondisset,
553 3636 823 3703 Quomodo
844 3636 931 3705 [iet
953 3636 1111 3700 istud,
1134 3636 1375 3704 quoniam
1396 3638 1559 3689 virum
1580 3652 1680 3689 non
1697 3653 1805 3707 cog-

219 3746 366 3784 nosco
402 3729 553 3800 (Luc.
582 3730 606 3783 l
631 3770 646 3793 ,
676 3727 782 3797 5.).
833 3727 898 3782 Ει
942 3727 1139 3781 dixerit
1183 3726 1419 3795 Angelus
1444 3728 1529 3792 ei,
1576 3726 1803 3797 Spiritus

220 3820 440 3877 Sanctus
468 3820 636 3875 veniet
656 3834 809 3889 super
830 3828 878 3872 te
898 3861 914 3886 ,
942 3829 987 3871 et
1029 3819 1191 3872 virtus
1221 3820 1460 3872 altissimi
1487 3820 1802 3873 obumbrabit

221 3915 301 3969 tibi
326 3930 339 3968 :
362 3923 411 3969 et
434 3915 550 3967 ideo
576 3913 713 3980 quod
737 3921 978 3966 nascetur
1000 3927 1063 3965 ex
1079 3924 1124 3965 te
1144 3914 1404 3976 sanctum,
1428 3911 1688 3965 t'owbilur
1714 3910 1805 3964 Fi-

221 4006 312 4061 lius
333 4004 452 4060 Dei.
485 4004 616 4060 Vide
641 4019 771 4076 ergo
790 4016 1169 4073 cooperantem
1193 4003 1297 4058 sibi
1322 4004 1547 4059 invicem
1574 4006 1804 4060 'l'rinita-

221 4106 341 4152 tem.
368 4096 603 4166 Spiritus
627 4094 856 4150 Sanctus
880 4096 1063 4150 venire
1082 4093 1278 4149 dicitur
1298 4109 1461 4163 super
1494 4095 1799 4165 Virginem,

222 4199 264 4245 et
283 4191 459 4245 virtus
484 4188 732 4244 altissimi
764 4188 1089 4242 obumbrare
1116 4186 1185 4242 ei.
1220 4188 1349 4252 Qua:
1377 4196 1461 4242 est
1488 4197 1667 4241 autem
1693 4188 1802 4241 vir-

222 4291 295 4339 tus
317 4282 591 4352 altissimi,
611 4281 712 4336 nisi
734 4281 849 4352 ipse
871 4280 1138 4347 Christus,
1158 4283 1249 4349 qui
1271 4289 1355 4335 est
1375 4279 1468 4335 Dei
1494 4279 1601 4353 [AL
1633 4280 1804 4334 Domi-

189 4435 193 4453 l
223 4377 284 4447 ni]
308 4377 484 4431 virtus
509 4384 564 4430 et
585 4374 679 4430 Dei
700 4373 996 4443 sapientia?
1014 4372 1176 4441 Cujus
1192 4381 1370 4427 autem
1391 4373 1507 4427 huic
1524 4386 1693 4425 Virtus
1719 4381 1804 4433 εδι

224 4466 325 4539 [ΑΙ.
355 4478 553 4521 tacetur
579 4463 721 4537 est]?
749 4467 1006 4520 Altissimi
1035 4465 1225 4531 inquit.
1256 4464 1425 4520 Adest
1448 4486 1576 4540 ergo
1596 4471 1801 4523 altissi-

225 4576 350 4623 ntttS,
387 4560 542 4612 adest
568 4569 622 4612 el
650 4560 817 4610 Virtus
847 4558 1113 4632 altissimi,
1145 4564 1296 4618 adest
1324 4572 1381 4617 et
1409 4564 1638 4632 Spiritus
1667 4563 1804 4617 Satt-

1906 3370 2055 3413 ratur
2087 3358 2196 3431 [AL
2229 3356 2514 3427 miretur]?
2560 3358 2663 3414 Sed
2690 3371 2745 3413 et
2789 3358 3039 3413 Liberum
3073 3368 3273 3426 patrem
3302 3358 3487 3413 dicunt

1905 3451 1972 3506 de
2004 3452 2205 3505 femore
2228 3450 2343 3519 ejus
2374 3460 2578 3505 natum.
2615 3451 2751 3506 Ecce
2780 3451 2923 3505 aiud
2954 3453 3181 3519 portenti
3210 3464 3399 3519 genus,
3429 3462 3486 3507 et

1907 3550 2087 3597 tamen
2116 3544 2375 3598 creditur.
2411 3541 2669 3595 \‘euetetn
2698 3556 2930 3610 quoque,
2963 3558 3120 3611 quam
3151 3541 3487 3612 Aphroditen

1905 3642 2132 3697 vocant,
2163 3632 2232 3688 de
2262 3647 2448 3701 spuma
2480 3633 2642 3687 maris
2665 3672 2678 3697 ,
2730 3634 2871 3687 sicut
2911 3643 2964 3685 et
2993 3632 3167 3685 omnis
3197 3633 3313 3703 ejus
3337 3618 3511 3711 eomg

1907 3728 2101 3796 positto
2142 3726 2410 3791 oatcndit,
2444 3726 2668 3779 credunt
2710 3740 2831 3780 esse
2879 3726 3228 3799 progenitum.
3282 3725 3356 3780 De
3384 3739 3491 3780 ovo

1905 3827 2086 3872 natum
2118 3818 2390 3874 Castorem
2425 3818 2804 3887 Pollucemque
2828 3816 3181 3880 conﬁrmant,
3211 3827 3264 3871 et
3288 3833 3354 3872 ex
3380 3817 3489 3871 lior-

1905 3913 2040 3966 mica
2070 3910 2176 3983 [AL
2212 3909 2469 3982 formicis]
2504 3910 2863 3981 Myrmidones
2896 3931 2908 3965 :
2942 3920 2997 3965 et
3024 3911 3126 3964 alia
3157 3911 3303 3965 mille
3332 3923 3482 3973 sunt,

1904 4018 2023 4074 qua:
2070 4004 2313 4074 quamvis
2358 4013 2384 4051 ε
2414 4015 2596 4057 contra
2654 4014 2896 4056 naturam
2954 4018 3129 4056 rerum
3184 4002 3487 4073 veniantia,

1906 4094 2033 4164 ipsis
2063 4107 2239 4147 tamen
2283 4106 2407 4146 sunt
2456 4094 2566 4147 visa
2612 4094 2923 4164 credibilia,
2957 4110 3014 4153 ιιι
3063 4100 3398 4154 Deucalionis
3436 4111 3493 4156 et

1906 4186 2127 4255 Pyrrhae
2157 4184 2363 4253 lapides
2395 4182 2570 4257 jacms
2593 4231 2606 4253 ,
2638 4201 2692 4243 et
2722 4190 2995 4243 hominum
3038 4205 3103 4243 es
3139 4189 3218 4241 Itis
3248 4199 3486 4257 segetem

1905 4287 2105 4333 natam.
2142 4277 2205 4332 Et
2236 4295 2355 4336 cum
2388 4282 2503 4335 haec
2533 4292 2608 4334 tot
2633 4293 2685 4334 et
2716 4282 2817 4334 alia
2849 4282 3094 4348 figmenta
3126 4279 3450 4334 crediderint
3470 4319 3491 4345 ,

1907 4394 2068 4432 unutn
2087 4378 2164 4429 eis
2184 4374 2509 4444 impossibile
2527 4372 2756 4439 videtur,
2776 4371 2918 4441 quod
2938 4370 3248 4425 adolescens
3265 4370 3488 4436 femina,

1904 4469 2147 4523 divinum
2180 4480 2434 4537 germen,
2485 4480 2589 4517 non
2641 4463 2871 4516 hominis
2916 4462 3072 4527 vitio,
3112 4462 3207 4516 sed
3243 4462 3352 4515 Deo
3382 4461 3493 4530 spi-

1906 4575 2058 4614 ran‘c
2086 4560 2411 4627 conceperit.
2467 4556 2565 4622 Qui
2608 4556 2789 4623 utique
2834 4556 2876 4605 si
2911 4554 2976 4606 ad
3007 4554 3332 4608 credendum
3382 4553 3489 4605 dif-

226 4665 347 4716 rtus.
386 4654 510 4715 Ilaec
538 4671 622 4714 est
650 4658 884 4712 Trinitas
912 4658 1105 4727 ubique
1135 4658 1341 4722 latens,
1376 4648 1431 4709 et
1477 4655 1673 4723 ubique
1704 4671 1800 4719 δέ·
1831 4653 1878 4711 D
1910 4654 2075 4708 licilcs
2099 4660 2253 4717 sunt,
2306 4651 2413 4705 illis
2437 4658 2513 4704 tot
2537 4659 2590 4705 ct
2632 4658 2738 4702 tant
2774 4647 3014 4716 turpibus
3046 4649 3299 4701 monstris
3332 4645 3489 4699 fidem

227 4766 431 4819 parens,
462 4750 735 4807 vocabulis
766 4750 1116 4819 personisjue
1137 4749 1392 4812 discreta,
1426 4745 1801 4814 inseparabilis

228 4859 339 4904 vero
392 4846 688 4902 substantia
737 4844 986 4898 deitatis:
1025 4850 1081 4898 et
1135 4841 1377 4912 quamvis
1436 4842 1581 4895 solus
1633 4839 1800 4895 Filius

229 4946 466 4995 nascatur
519 4953 585 4993 ex
647 4934 893 5005 Virgine,
951 4934 1104 4989 adest
1161 4945 1335 4987 tamen
1385 4930 1552 5004 [Alias
1605 4943 1801 4986 tacetur

231 5028 419 5102 tamen]
481 5038 536 5085 et
581 5029 913 5083 altissimus:
955 5026 1108 5081 adest
1144 5034 1200 5080 et
1251 5022 1798 5092 Spiritus-Sanctus,

292 5209 313 5235 ³·
336 5202 508 5254 Antea
544 5192 701 5246 Hunc
727 5200 861 5254 erat,
892 5197 946 5242 et
974 5201 1095 5241 mox
1124 5185 1261 5247 huic,
1293 5198 1388 5253 pro
1410 5198 1563 5235 nunc.
1600 5182 1671 5235 lta
1705 5181 1802 5251 Ba-

235 5267 387 5325 luzius
424 5274 547 5336 post
568 5264 859 5317 Patnelium
887 5260 1136 5336 re~tit_uit.
1169 5257 1279 5336 Ego
1313 5256 1615 5336 maluissem
1650 5267 1801 5336 prio-

237 5321 621 5395 rctn—dn'utaxat
644 5349 828 5387 vocem
862 5331 1072 5394 tentari,
1122 5337 1175 5380 cl
1208 5326 1360 5380 Nunc
1416 5325 1486 5377 ibi
1512 5339 1609 5392 pro
1639 5321 1798 5376 llum:

238 5411 459 5467 leSClibi.

297 5500 322 5539 δ
347 5503 516 5557 'l’acet
545 5497 684 5554 idem
713 5494 796 5547 Itic
826 5492 1065 5547 voculatu
1089 5531 1104 5553 ,
1156 5503 1263 5541 tum
1285 5528 1300 5552 ,
1342 5487 1530 5555 juncta
1584 5485 1804 5539 Editnrc

237 5568 506 5627 Osoniensi
535 5579 696 5637 atque
744 5567 890 5637 alii~,
949 5570 1068 5628 plus
1110 5561 1296 5624 habet,
1343 5562 1396 5611 in
1438 5570 1511 5610 ter
1541 5574 1573 5611 a
1622 5558 1802 5610 unicus

241 5642 357 5705 ﬁlius
378 5653 471 5707 est,
497 5636 622 5710 quia
642 5649 689 5691 et
712 5636 854 5689 unice
874 5675 888 5698 .
912 5643 1017 5689 etc.

304 5734 557 5789 °Addunt
584 5729 694 5798 ipse
736 5725 950 5796 quidam
996 5739 1115 5776 cum
1148 5720 1386 5798 Balnzio,
1437 5719 1527 5798 qui
1573 5726 1628 5771 ct
1676 5733 1794 5770 mox

243 5791 618 5868 consecratione,
653 5791 1146 5868 pro'conservatrone
1169 5808 1237 5868 ex
1268 5791 1798 5868 codiceSangert‘na-

246 5857 384 5928 tteusi
414 5857 679 5938 editisque
722 5867 841 5921 aliis
889 5865 1037 5919 libris
1079 5863 1280 5917 malut.
1342 5860 1622 5913 Nobiscum
1676 5857 1798 5911 llar-

1913 4762 2244 4817 nequaquam
2285 4744 2663 4800 cnmtnendare
2704 4743 3021 4796 debuerant.
3060 4740 3113 4795 Si
3152 4754 3278 4794 vero
3308 4740 3493 4793 faciles

1908 4851 2030 4895 sunt
2050 4838 2118 4893 ad
2142 4837 2493 4900 credendum,
2524 4835 2692 4889 multo
2716 4833 3015 4903 promptius
3037 4833 3152 4886 haec
3178 4842 3355 4887 nostra
3382 4843 3490 4884 tant

1911 4933 2132 4986 honesta
2165 4941 2219 4985 ct
2248 4939 2353 4983 tam
2394 4938 2575 4981 sancta
2626 4924 2898 4994 recipere,
2944 4938 3106 4993 quam
3151 4922 3238 4977 illa
3269 4932 3374 4976 tam
3405 4924 3490 4975 in-

1908 5024 2066 5094 digna
2096 5031 2148 5075 ct
2179 5032 2285 5073 tam
2316 5018 2453 5074 lteda
2481 5017 2705 5072 credere
2736 5016 3070 5072 debuissent.

1912 5193 2071 5238 rasus,
2105 5175 2420 5240 Frobenins,
2456 5173 2719 5228 Pamelius
2748 5184 2907 5241 atque
2933 5169 3023 5223 alii
3054 5168 3271 5241 faciunt.

1984 5247 2011 5286 ά
2036 5234 2208 5303 Minus
2248 5234 2550 5300 recte'erat
2573 5286 2589 5311 ,
2639 5244 2784 5295 illam
2822 5234 3162 5308 respondisse.
3211 5239 3329 5291 Mox
3361 5234 3447 5288 alii
3470 5274 3487 5297 ,

1914 5321 2099 5373 dixerit
2126 5320 2350 5388 Angelus
2377 5316 2500 5388 Dei,
2529 5314 2690 5388 proci
2720 5316 2919 5388 legunt.
3021 5379 3032 5388 _
3255 5377 3266 5388 _

1986 5403 2009 5429 ο
2038 5374 2431 5448 Desiderantur,
2458 5374 2673 5438 Baluzio
2702 5374 2855 5442 tes'te,
2885 5382 2990 5434 duo
3020 5379 3135 5431 haec
3158 5377 3319 5428 verba
3345 5374 3491 5448 illius

1911 5463 2059 5515 rulva
2082 5461 2133 5514 itt
2173 5458 2296 5514 cod.
2319 5446 2787 5525 Sarigennauerni.
2822 5450 3138 5511 llemboldo,
3170 5457 3332 5513 atque
3361 5446 3485 5497 lira-

1913 5546 2051 5586 ειιιυ.

1982 5622 2002 5662 τ
2034 5622 2089 5677 Ιιι
2116 5620 2237 5677 aliis
2267 5619 2413 5673 libris
2441 5618 2549 5682 uti,
2583 5632 2678 5684 pro
2702 5615 2815 5667 sub.

1983 5724 2005 5761 8
2029 5714 2231 5768 Tacent
2270 5711 2424 5764 tidem
2455 5711 2572 5762 heic
2599 5705 2827 5773 quamvis
2850 5717 2867 5752 :
2899 5700 3053 5773 tertio
3093 5695 3359 5773 autctn_ah
3391 5694 3490 5773 hoc

1910 5766 2066 5840 versu
2094 5766 2211 5851 plus
2232 5783 2449 5841 habent,
2473 5766 2639 5851 unum
2668 5776 2740 5828 cis
2762 5770 3091 5851 impossibile,
3118 5766 3366 5851 etcabiux
3399 5767 3491 5820 alti

1909 5838 2029 5909 cum
2066 5838 2317 5912 Pame'io,
2349 5838 2646 5914 inspirante,
2678 5859 2769 5912 pro
2796 5838 3023 5912 spirante
3053 5838 3274 5893 habent.
