  <div class='ocr_page' id='page_1' title='image "/cluster/home/n/w/nwhite01/storage/ocr_20150623/21/hvd.32044015471360/181.png"; bbox 0 0 4078 6346; ppageno 0'>
   <div class='ocr_carea' id='block_1_1' title="bbox 551 396 653 457">
    <p class='ocr_par' dir='ltr' id='par_1_1' title="bbox 551 396 653 457">
     <span class='ocr_line' id='line_1_1' title="bbox 551 396 653 457; baseline 0 -3"><span class='ocrx_word' id='word_1_1' title='bbox 551 396 653 457; x_wconf 68' lang='grc'><strong>551</strong></span> 
     </span>
    </p>
   </div>
   <div class='ocr_carea' id='block_1_2' title="bbox 1590 380 2825 454">
    <p class='ocr_par' dir='ltr' id='par_1_2' title="bbox 1590 380 2825 454">
     <span class='ocr_line' id='line_1_2' title="bbox 1590 380 2825 454; baseline -0.004 -9"><span class='ocrx_word' id='word_1_2' title='bbox 1590 387 1821 445; x_wconf 81' lang='lat' dir='ltr'><strong>RUFINI</strong></span> <span class='ocrx_word' id='word_1_3' title='bbox 1860 380 2346 454; x_wconf 72' lang='lat' dir='ltr'><strong>AQUILEIENSIS</strong></span> <span class='ocrx_word' id='word_1_4' title='bbox 2386 380 2825 441; x_wconf 79' lang='lat' dir='ltr'><strong>PRESBYTERI</strong></span> 
     </span>
    </p>
   </div>
   <div class='ocr_carea' id='block_1_3' title="bbox 3724 388 3853 444">
    <p class='ocr_par' dir='ltr' id='par_1_3' title="bbox 3724 388 3853 444">
     <span class='ocr_line' id='line_1_3' title="bbox 3724 388 3853 444; baseline 0.016 -2"><span class='ocrx_word' id='word_1_5' title='bbox 3724 388 3853 444; x_wconf 62' lang='lat'><strong>352*</strong></span> 
     </span>
    </p>
   </div>
   <div class='ocr_carea' id='block_1_4' title="bbox 624 495 3832 574">
    <p class='ocr_par' dir='ltr' id='par_1_4' title="bbox 624 495 3832 574">
     <span class='ocr_line' id='line_1_4' title="bbox 624 495 3832 574; baseline -0.004 -4"><span class='ocrx_word' id='word_1_6' title='bbox 624 513 713 570; x_wconf 70' lang='grc' dir='ltr'><strong>η.</strong></span> <span class='ocrx_word' id='word_1_7' title='bbox 755 513 860 568; x_wconf 90' lang='lat' dir='ltr'><strong>Sed</strong></span> <span class='ocrx_word' id='word_1_8' title='bbox 894 522 917 549; x_wconf 76' lang='grc' dir='ltr'>α</span> <span class='ocrx_word' id='word_1_9' title='bbox 942 512 1125 567; x_wconf 89' lang='lat' dir='ltr'><strong>dicunt</strong></span> <span class='ocrx_word' id='word_1_10' title='bbox 1156 508 1420 571; x_wconf 80' lang='lat' dir='ltr'><strong>fortassis,</strong></span> <span class='ocrx_word' id='word_1_11' title='bbox 1449 505 1572 574; x_wconf 88' lang='lat' dir='ltr'><strong>quia</strong></span> <span class='ocrx_word' id='word_1_12' title='bbox 1602 503 1855 574; x_wconf 83' lang='lat' dir='ltr'><strong>possibile</strong></span> <span class='ocrx_word' id='word_1_13' title='bbox 1882 503 1927 558; x_wconf 89' lang='lat' dir='ltr'><strong>si</strong></span> <span class='ocrx_word' id='word_1_14' title='bbox 1957 502 2133 555; x_wconf 81' lang='lat' dir='ltr'><strong>fuerat</strong></span> <span class='ocrx_word' id='word_1_15' title='bbox 2163 502 2206 555; x_wconf 78' lang='grc' dir='ltr'><strong>Α</strong></span> <span class='ocrx_word' id='word_1_16' title='bbox 2243 495 2414 563; x_wconf 87' lang='lat' dir='ltr'><strong>possis</strong></span> <span class='ocrx_word' id='word_1_17' title='bbox 2454 496 2655 562; x_wconf 85' lang='lat' dir='ltr'><strong>dicere,</strong></span> <span class='ocrx_word' id='word_1_18' title='bbox 2685 512 2785 551; x_wconf 90' lang='lat' dir='ltr'><strong>cur</strong></span> <span class='ocrx_word' id='word_1_19' title='bbox 2823 495 3079 552; x_wconf 67' lang='lat' dir='ltr'><strong>obscaena</strong></span> <span class='ocrx_word' id='word_1_20' title='bbox 3122 498 3447 556; x_wconf 78' lang='lat' dir='ltr'><strong>condiderit.</strong></span> <span class='ocrx_word' id='word_1_21' title='bbox 3482 498 3548 554; x_wconf 86' lang='lat' dir='ltr'><strong>Et</strong></span> <span class='ocrx_word' id='word_1_22' title='bbox 3578 500 3705 557; x_wconf 87' lang='lat' dir='ltr'><strong>ideo</strong></span> <span class='ocrx_word' id='word_1_23' title='bbox 3733 502 3832 557; x_wconf 89' lang='lat' dir='ltr'><strong>ob-</strong></span> 
     </span>
    </p>
   </div>
   <div class='ocr_carea' id='block_1_5' title="bbox 552 595 2136 675">
    <p class='ocr_par' dir='ltr' id='par_1_5' title="bbox 552 595 2136 675">
     <span class='ocr_line' id='line_1_5' title="bbox 552 595 2136 675; baseline -0.009 -14"><span class='ocrx_word' id='word_1_24' title='bbox 552 607 686 672; x_wconf 89' lang='lat' dir='ltr'><strong>Deo,</strong></span> <span class='ocrx_word' id='word_1_25' title='bbox 720 616 777 662; x_wconf 93' lang='lat' dir='ltr'><strong>ut</strong></span> <span class='ocrx_word' id='word_1_26' title='bbox 819 608 971 675; x_wconf 81' lang='lat' dir='ltr'><strong>virgo</strong></span> <span class='ocrx_word' id='word_1_27' title='bbox 1013 604 1343 673; x_wconf 76' lang='lat' dir='ltr'><strong>conciperet,</strong></span> <span class='ocrx_word' id='word_1_28' title='bbox 1373 600 1627 671; x_wconf 83' lang='lat' dir='ltr'><strong>possibile</strong></span> <span class='ocrx_word' id='word_1_29' title='bbox 1675 598 1834 653; x_wconf 89' lang='lat' dir='ltr'><strong>etiam</strong></span> <span class='ocrx_word' id='word_1_30' title='bbox 1879 595 2051 650; x_wconf 77' lang='lat' dir='ltr'><strong>fuerat</strong></span> <span class='ocrx_word' id='word_1_31' title='bbox 2079 601 2136 646; x_wconf 92' lang='lat' dir='ltr'><strong>ut</strong></span> 
     </span>
    </p>
   </div>
   <div class='ocr_carea' id='block_1_6' title="bbox 552 686 2137 769">
    <p class='ocr_par' dir='ltr' id='par_1_6' title="bbox 552 686 2137 769">
     <span class='ocr_line' id='line_1_6' title="bbox 552 686 2137 769; baseline -0.009 -13"><span class='ocrx_word' id='word_1_32' title='bbox 552 709 806 769; x_wconf 85' lang='lat' dir='ltr'><strong>pareret:</strong></span> <span class='ocrx_word' id='word_1_33' title='bbox 828 699 923 753; x_wconf 91' lang='lat' dir='ltr'><strong>sed</strong></span> <span class='ocrx_word' id='word_1_34' title='bbox 953 698 1225 768; x_wconf 78' lang='lat' dir='ltr'><strong>indignum</strong></span> <span class='ocrx_word' id='word_1_35' title='bbox 1251 698 1330 751; x_wconf 89' lang='lat' dir='ltr'><strong>eis</strong></span> <span class='ocrx_word' id='word_1_36' title='bbox 1355 693 1548 757; x_wconf 90' lang='lat' dir='ltr'><strong>videri,</strong></span> <span class='ocrx_word' id='word_1_37' title='bbox 1590 702 1646 745; x_wconf 88' lang='lat' dir='ltr'><strong>ut</strong></span> <span class='ocrx_word' id='word_1_38' title='bbox 1670 700 1818 746; x_wconf 87' lang='lat' dir='ltr'><strong>tanta</strong></span> <span class='ocrx_word' id='word_1_39' title='bbox 1848 690 1935 744; x_wconf 90' lang='lat' dir='ltr'><strong>illa</strong></span> <span class='ocrx_word' id='word_1_40' title='bbox 1966 686 2137 757; x_wconf 86' lang='lat' dir='ltr'><strong>maje-</strong></span> 
     </span>
    </p>
   </div>
   <div class='ocr_carea' id='block_1_7' title="bbox 550 780 2134 861">
    <p class='ocr_par' dir='ltr' id='par_1_7' title="bbox 550 780 2134 861">
     <span class='ocr_line' id='line_1_7' title="bbox 550 780 2134 861; baseline -0.007 -16"><span class='ocrx_word' id='word_1_41' title='bbox 550 800 664 846; x_wconf 85' lang='lat' dir='ltr'><strong>stas</strong></span> <span class='ocrx_word' id='word_1_42' title='bbox 702 806 799 861; x_wconf 90' lang='lat' dir='ltr'><strong>per</strong></span> <span class='ocrx_word' id='word_1_43' title='bbox 833 791 1093 860; x_wconf 75' lang='lat' dir='ltr'><strong>genitales</strong></span> <span class='ocrx_word' id='word_1_44' title='bbox 1138 789 1352 844; x_wconf 68' lang='lat' dir='ltr'><strong>femina:</strong></span> <span class='ocrx_word' id='word_1_45' title='bbox 1400 785 1655 840; x_wconf 88' lang='lat' dir='ltr'><strong>transiret</strong></span> <span class='ocrx_word' id='word_1_46' title='bbox 1678 782 1979 852; x_wconf 68' lang='lat' dir='ltr'><strong>begressus</strong></span> <span class='ocrx_word' id='word_1_47' title='bbox 2004 797 2020 836; x_wconf 85' lang='lat'><strong>:</strong></span> <span class='ocrx_word' id='word_1_48' title='bbox 2047 780 2134 855; x_wconf 87' lang='lat' dir='ltr'><strong>ubi</strong></span> 
     </span>
    </p>
   </div>
   <div class='ocr_carea' id='block_1_8' title="bbox 551 872 2134 954">
    <p class='ocr_par' dir='ltr' id='par_1_8' title="bbox 551 872 2134 954">
     <span class='ocr_line' id='line_1_8' title="bbox 551 872 2134 954; baseline -0.008 -17"><span class='ocrx_word' id='word_1_49' title='bbox 551 884 801 954; x_wconf 75' lang='lat' dir='ltr'><strong>quamvis</strong></span> <span class='ocrx_word' id='word_1_50' title='bbox 833 882 973 939; x_wconf 89' lang='lat' dir='ltr'><strong>nulla</strong></span> <span class='ocrx_word' id='word_1_51' title='bbox 1004 879 1161 936; x_wconf 81' lang='lat' dir='ltr'><strong>fuerit</strong></span> <span class='ocrx_word' id='word_1_52' title='bbox 1207 895 1274 935; x_wconf 81' lang='lat' dir='ltr'><strong>ex</strong></span> <span class='ocrx_word' id='word_1_53' title='bbox 1299 878 1399 933; x_wconf 86' lang='lat' dir='ltr'><strong>viri</strong></span> <span class='ocrx_word' id='word_1_54' title='bbox 1447 875 1827 931; x_wconf 84' lang='lat' dir='ltr'><strong>commistione</strong></span> <span class='ocrx_word' id='word_1_55' title='bbox 1864 872 2134 943; x_wconf 72' lang='lat' dir='ltr'><strong>contagio,</strong></span> 
     </span>
    </p>
   </div>
   <div class='ocr_carea' id='block_1_9' title="bbox 548 966 2137 1045">
    <p class='ocr_par' dir='ltr' id='par_1_9' title="bbox 548 966 2137 1045">
     <span class='ocr_line' id='line_1_9' title="bbox 548 966 2137 1045; baseline -0.006 -16"><span class='ocrx_word' id='word_1_56' title='bbox 548 975 653 1029; x_wconf 78' lang='lat' dir='ltr'><strong>fuit</strong></span> <span class='ocrx_word' id='word_1_57' title='bbox 673 984 849 1029; x_wconf 84' lang='lat' dir='ltr'><strong>tamen</strong></span> <span class='ocrx_word' id='word_1_58' title='bbox 877 973 983 1045; x_wconf 83' lang='lat'><strong>75</strong></span> <span class='ocrx_word' id='word_1_59' title='bbox 1019 973 1186 1043; x_wconf 84' lang='lat' dir='ltr'><strong>ipsius</strong></span> <span class='ocrx_word' id='word_1_60' title='bbox 1214 970 1481 1041; x_wconf 83' lang='lat' dir='ltr'><strong>puerperii</strong></span> <span class='ocrx_word' id='word_1_61' title='bbox 1511 970 1779 1024; x_wconf 66' lang='lat' dir='ltr'><strong>obscaena:</strong></span> <span class='ocrx_word' id='word_1_62' title='bbox 1807 966 2137 1021; x_wconf 85' lang='lat' dir='ltr'><strong>attrectatio-</strong></span> 
     </span>
    </p>
   </div>
   <div class='ocr_carea' id='block_1_10' title="bbox 552 1059 2134 1135">
    <p class='ocr_par' dir='ltr' id='par_1_10' title="bbox 552 1059 2134 1135">
     <span class='ocr_line' id='line_1_10' title="bbox 552 1059 2134 1135; baseline -0.007 -14"><span class='ocrx_word' id='word_1_63' title='bbox 552 1067 638 1121; x_wconf 84' lang='lat' dir='ltr'><strong>nis</strong></span> <span class='ocrx_word' id='word_1_64' title='bbox 667 1066 881 1135; x_wconf 82' lang='lat' dir='ltr'><strong>injuria.</strong></span> <span class='ocrx_word' id='word_1_65' title='bbox 913 1066 1019 1120; x_wconf 88' lang='lat' dir='ltr'><strong>Pro</strong></span> <span class='ocrx_word' id='word_1_66' title='bbox 1042 1080 1148 1134; x_wconf 92' lang='lat' dir='ltr'><strong>quo</strong></span> <span class='ocrx_word' id='word_1_67' title='bbox 1178 1065 1449 1134; x_wconf 82' lang='lat' dir='ltr'><strong>paulisper</strong></span> <span class='ocrx_word' id='word_1_68' title='bbox 1472 1062 1551 1117; x_wconf 90' lang='lat' dir='ltr'><strong>eis</strong></span> <span class='ocrx_word' id='word_1_69' title='bbox 1578 1059 1872 1115; x_wconf 89' lang='lat' dir='ltr'><strong>secundum</strong></span> <span class='ocrx_word' id='word_1_70' title='bbox 1916 1072 2134 1111; x_wconf 82' lang='lat' dir='ltr'><strong>sensum</strong></span> 
     </span>
    </p>
   </div>
   <div class='ocr_carea' id='block_1_11' title="bbox 549 1152 2135 1229">
    <p class='ocr_par' dir='ltr' id='par_1_11' title="bbox 549 1152 2135 1229">
     <span class='ocr_line' id='line_1_11' title="bbox 549 1152 2135 1229; baseline -0.008 -13"><span class='ocrx_word' id='word_1_71' title='bbox 549 1176 703 1216; x_wconf 91' lang='lat' dir='ltr'><strong>suum</strong></span> <span class='ocrx_word' id='word_1_72' title='bbox 759 1160 1203 1229; x_wconf 88' lang='lat' dir='ltr'><strong>respondeamus.</strong></span> <span class='ocrx_word' id='word_1_73' title='bbox 1253 1159 1310 1214; x_wconf 89' lang='lat' dir='ltr'><strong>Si</strong></span> <span class='ocrx_word' id='word_1_74' title='bbox 1361 1156 1480 1225; x_wconf 89' lang='lat' dir='ltr'><strong>quis</strong></span> <span class='ocrx_word' id='word_1_75' title='bbox 1521 1154 1699 1209; x_wconf 84' lang='lat' dir='ltr'><strong>videat</strong></span> <span class='ocrx_word' id='word_1_76' title='bbox 1749 1152 2028 1221; x_wconf 87' lang='lat' dir='ltr'><strong>parvulum</strong></span> <span class='ocrx_word' id='word_1_77' title='bbox 2083 1152 2135 1204; x_wconf 94' lang='lat' dir='ltr'><strong>in</strong></span> 
     </span>
    </p>
   </div>
   <div class='ocr_carea' id='block_1_12' title="bbox 548 1243 2138 1318">
    <p class='ocr_par' dir='ltr' id='par_1_12' title="bbox 548 1243 2138 1318">
     <span class='ocr_line' id='line_1_12' title="bbox 548 1243 2138 1318; baseline -0.008 -13"><span class='ocrx_word' id='word_1_78' title='bbox 548 1250 814 1318; x_wconf 83' lang='lat' dir='ltr'><strong>profundo</strong></span> <span class='ocrx_word' id='word_1_79' title='bbox 844 1251 983 1306; x_wconf 73' lang='lat' dir='ltr'><strong>omni</strong></span> <span class='ocrx_word' id='word_1_80' title='bbox 1019 1250 1221 1315; x_wconf 89' lang='lat' dir='ltr'><strong>necari,</strong></span> <span class='ocrx_word' id='word_1_81' title='bbox 1254 1258 1310 1303; x_wconf 93' lang='lat' dir='ltr'><strong>et</strong></span> <span class='ocrx_word' id='word_1_82' title='bbox 1336 1248 1453 1315; x_wconf 92' lang='lat' dir='ltr'><strong>ipse</strong></span> <span class='ocrx_word' id='word_1_83' title='bbox 1481 1260 1603 1300; x_wconf 92' lang='lat' dir='ltr'><strong>cum</strong></span> <span class='ocrx_word' id='word_1_84' title='bbox 1632 1244 1702 1298; x_wconf 90' lang='lat' dir='ltr'><strong>sit</strong></span> <span class='ocrx_word' id='word_1_85' title='bbox 1729 1243 1810 1297; x_wconf 87' lang='lat' dir='ltr'><strong>vir</strong></span> <span class='ocrx_word' id='word_1_86' title='bbox 1838 1256 2064 1312; x_wconf 74' lang='lat' dir='ltr'><strong>magnus</strong></span> <span class='ocrx_word' id='word_1_87' title='bbox 2083 1248 2138 1294; x_wconf 85' lang='lat' dir='ltr'><strong>et</strong></span> 
     </span>
    </p>
   </div>
   <div class='ocr_carea' id='block_1_13' title="bbox 550 1334 2140 1410">
    <p class='ocr_par' dir='ltr' id='par_1_13' title="bbox 550 1334 2140 1410">
     <span class='ocr_line' id='line_1_13' title="bbox 550 1334 2140 1410; baseline -0.005 -14"><span class='ocrx_word' id='word_1_88' title='bbox 550 1350 764 1409; x_wconf 87' lang='lat' dir='ltr'><strong>potens,</strong></span> <span class='ocrx_word' id='word_1_89' title='bbox 794 1352 1095 1397; x_wconf 77' lang='lat' dir='ltr'><strong>extremum</strong></span> <span class='ocrx_word' id='word_1_90' title='bbox 1122 1352 1143 1379; x_wconf 72' lang='grc' dir='ltr'><em>ε</em></span> <span class='ocrx_word' id='word_1_91' title='bbox 1172 1342 1253 1410; x_wconf 94' lang='lat' dir='ltr'><strong>(ut</strong></span> <span class='ocrx_word' id='word_1_92' title='bbox 1286 1341 1357 1393; x_wconf 90' lang='lat' dir='ltr'><strong>ita</strong></span> <span class='ocrx_word' id='word_1_93' title='bbox 1384 1338 1636 1406; x_wconf 78' lang='lat' dir='ltr'><strong>dixerim)</strong></span> <span class='ocrx_word' id='word_1_94' title='bbox 1674 1334 2001 1405; x_wconf 84' lang='lat' dir='ltr'><strong>ingrediatur</strong></span> <span class='ocrx_word' id='word_1_95' title='bbox 2025 1347 2140 1388; x_wconf 80' lang='lat' dir='ltr'><strong>ca:-</strong></span> 
     </span>
    </p>
   </div>
   <div class='ocr_carea' id='block_1_14' title="bbox 547 1426 2135 1501">
    <p class='ocr_par' dir='ltr' id='par_1_14' title="bbox 547 1426 2135 1501">
     <span class='ocr_line' id='line_1_14' title="bbox 547 1426 2135 1501; baseline -0.004 -15"><span class='ocrx_word' id='word_1_96' title='bbox 547 1449 698 1500; x_wconf 89' lang='lat' dir='ltr'><strong>num,</strong></span> <span class='ocrx_word' id='word_1_97' title='bbox 730 1443 789 1487; x_wconf 90' lang='lat' dir='ltr'><strong>nt</strong></span> <span class='ocrx_word' id='word_1_98' title='bbox 828 1434 1110 1501; x_wconf 90' lang='lat' dir='ltr'><strong>parvulum</strong></span> <span class='ocrx_word' id='word_1_99' title='bbox 1162 1432 1354 1486; x_wconf 85' lang='lat' dir='ltr'><strong>liberet</strong></span> <span class='ocrx_word' id='word_1_100' title='bbox 1386 1431 1729 1493; x_wconf 88' lang='lat' dir='ltr'><strong>morientem,</strong></span> <span class='ocrx_word' id='word_1_101' title='bbox 1771 1426 2077 1496; x_wconf 90' lang='lat' dir='ltr'><strong>pollutusne</strong></span> <span class='ocrx_word' id='word_1_102' title='bbox 2104 1439 2135 1479; x_wconf 85' lang='lat' dir='ltr'><strong>a</strong></span> 
     </span>
    </p>
   </div>
   <div class='ocr_carea' id='block_1_15' title="bbox 548 1516 2133 1589">
    <p class='ocr_par' dir='ltr' id='par_1_15' title="bbox 548 1516 2133 1589">
     <span class='ocr_line' id='line_1_15' title="bbox 548 1516 2133 1589; baseline -0.006 -11"><span class='ocrx_word' id='word_1_103' title='bbox 548 1534 600 1578; x_wconf 85' lang='lat' dir='ltr'><strong>te</strong></span> <span class='ocrx_word' id='word_1_104' title='bbox 626 1523 971 1579; x_wconf 86' lang='lat' dir='ltr'><strong>accusabitur</strong></span> <span class='ocrx_word' id='word_1_105' title='bbox 1008 1522 1095 1577; x_wconf 91' lang='lat' dir='ltr'><strong>hic</strong></span> <span class='ocrx_word' id='word_1_106' title='bbox 1137 1523 1238 1587; x_wconf 86' lang='lat' dir='ltr'><strong>vir,</strong></span> <span class='ocrx_word' id='word_1_107' title='bbox 1271 1522 1358 1587; x_wconf 93' lang='lat' dir='ltr'><strong>qui</strong></span> <span class='ocrx_word' id='word_1_108' title='bbox 1392 1520 1661 1589; x_wconf 85' lang='lat' dir='ltr'><strong>paululum</strong></span> <span class='ocrx_word' id='word_1_109' title='bbox 1693 1518 1990 1571; x_wconf 76' lang='lat' dir='ltr'><strong>calcaverit</strong></span> <span class='ocrx_word' id='word_1_110' title='bbox 2013 1516 2133 1582; x_wconf 91' lang='lat' dir='ltr'><strong>luti,</strong></span> 
     </span>
    </p>
   </div>
   <div class='ocr_carea' id='block_1_16' title="bbox 547 1606 2133 1680">
    <p class='ocr_par' dir='ltr' id='par_1_16' title="bbox 547 1606 2133 1680">
     <span class='ocr_line' id='line_1_16' title="bbox 547 1606 2133 1680; baseline -0.003 -14"><span class='ocrx_word' id='word_1_111' title='bbox 547 1628 617 1666; x_wconf 88' lang='lat' dir='ltr'><strong>an</strong></span> <span class='ocrx_word' id='word_1_112' title='bbox 663 1625 721 1667; x_wconf 85' lang='lat' dir='ltr'><strong>tit</strong></span> <span class='ocrx_word' id='word_1_113' title='bbox 763 1614 1074 1668; x_wconf 83' lang='lat' dir='ltr'><strong>misericors</strong></span> <span class='ocrx_word' id='word_1_114' title='bbox 1114 1614 1437 1677; x_wconf 87' lang='lat' dir='ltr'><strong>laudabitur,</strong></span> <span class='ocrx_word' id='word_1_115' title='bbox 1464 1612 1605 1680; x_wconf 89' lang='lat' dir='ltr'><strong>quod</strong></span> <span class='ocrx_word' id='word_1_116' title='bbox 1641 1609 1803 1662; x_wconf 86' lang='lat' dir='ltr'><strong>vitam</strong></span> <span class='ocrx_word' id='word_1_117' title='bbox 1842 1606 2133 1663; x_wconf 87' lang='lat' dir='ltr'><strong>contulerit</strong></span> 
     </span>
    </p>
   </div>
   <div class='ocr_carea' id='block_1_17' title="bbox 548 1699 2134 1760">
    <p class='ocr_par' dir='ltr' id='par_1_17' title="bbox 548 1699 2134 1760">
     <span class='ocr_line' id='line_1_17' title="bbox 548 1699 2134 1760; baseline -0.003 -2"><span class='ocrx_word' id='word_1_118' title='bbox 548 1705 847 1758; x_wconf 83' lang='lat' dir='ltr'><strong>morituro?</strong></span> <span class='ocrx_word' id='word_1_119' title='bbox 880 1703 984 1759; x_wconf 86' lang='lat' dir='ltr'><strong>Sed</strong></span> <span class='ocrx_word' id='word_1_120' title='bbox 1024 1705 1138 1759; x_wconf 69' lang='lat' dir='ltr'><strong>haec</strong></span> <span class='ocrx_word' id='word_1_121' title='bbox 1163 1706 1323 1760; x_wconf 89' lang='lat' dir='ltr'><strong>etiam</strong></span> <span class='ocrx_word' id='word_1_122' title='bbox 1346 1705 1414 1758; x_wconf 94' lang='lat' dir='ltr'><strong>de</strong></span> <span class='ocrx_word' id='word_1_123' title='bbox 1454 1705 1722 1757; x_wconf 90' lang='lat' dir='ltr'><strong>communi</strong></span> <span class='ocrx_word' id='word_1_124' title='bbox 1751 1702 1965 1754; x_wconf 84' lang='lat' dir='ltr'><strong>homine</strong></span> <span class='ocrx_word' id='word_1_125' title='bbox 1992 1699 2134 1754; x_wconf 86' lang='lat' dir='ltr'><strong>dicta</strong></span> 
     </span>
    </p>
   </div>
   <div class='ocr_carea' id='block_1_18' title="bbox 549 1796 2134 1864">
    <p class='ocr_par' dir='ltr' id='par_1_18' title="bbox 549 1796 2134 1864">
     <span class='ocr_line' id='line_1_18' title="bbox 549 1796 2134 1864; baseline -0.003 -13"><span class='ocrx_word' id='word_1_126' title='bbox 549 1796 676 1851; x_wconf 87' lang='lat' dir='ltr'><strong>sint.</strong></span> <span class='ocrx_word' id='word_1_127' title='bbox 714 1797 1018 1853; x_wconf 72' lang='lat' dir='ltr'><strong>Redeamus</strong></span> <span class='ocrx_word' id='word_1_128' title='bbox 1046 1813 1186 1852; x_wconf 89' lang='lat' dir='ltr'><strong>nunc</strong></span> <span class='ocrx_word' id='word_1_129' title='bbox 1212 1797 1277 1850; x_wconf 90' lang='lat' dir='ltr'><strong>ad</strong></span> <span class='ocrx_word' id='word_1_130' title='bbox 1303 1805 1544 1850; x_wconf 86' lang='lat' dir='ltr'><strong>naturam</strong></span> <span class='ocrx_word' id='word_1_131' title='bbox 1567 1798 1706 1864; x_wconf 87' lang='lat' dir='ltr'><strong>ejus,</strong></span> <span class='ocrx_word' id='word_1_132' title='bbox 1732 1797 1820 1861; x_wconf 93' lang='lat' dir='ltr'><strong>qui</strong></span> <span class='ocrx_word' id='word_1_133' title='bbox 1846 1802 1998 1845; x_wconf 87' lang='lat' dir='ltr'><strong>natus</strong></span> <span class='ocrx_word' id='word_1_134' title='bbox 2027 1800 2134 1847; x_wconf 89' lang='lat' dir='ltr'><strong>est.</strong></span> 
     </span>
    </p>
   </div>
   <div class='ocr_carea' id='block_1_19' title="bbox 2237 586 3897 660">
    <p class='ocr_par' dir='ltr' id='par_1_19' title="bbox 2237 586 3897 660">
     <span class='ocr_line' id='line_1_19' title="bbox 2237 586 3897 660; baseline 0.005 -20"><span class='ocrx_word' id='word_1_135' title='bbox 2237 600 2418 640; x_wconf 81' lang='lat' dir='ltr'><strong>sctena</strong></span> <span class='ocrx_word' id='word_1_136' title='bbox 2462 586 2575 641; x_wconf 64' lang='lat' dir='ltr'><strong>haec</strong></span> <span class='ocrx_word' id='word_1_137' title='bbox 2616 602 2758 651; x_wconf 90' lang='lat' dir='ltr'><strong>esse,</strong></span> <span class='ocrx_word' id='word_1_138' title='bbox 2790 602 2899 642; x_wconf 89' lang='lat' dir='ltr'><strong>non</strong></span> <span class='ocrx_word' id='word_1_139' title='bbox 2950 599 3162 655; x_wconf 90' lang='lat' dir='ltr'><strong>natura,</strong></span> <span class='ocrx_word' id='word_1_140' title='bbox 3217 590 3313 646; x_wconf 85' lang='lat' dir='ltr'><strong>sed</strong></span> <span class='ocrx_word' id='word_1_141' title='bbox 3353 592 3703 647; x_wconf 82' lang='lat' dir='ltr'><strong>observantia</strong></span> <span class='ocrx_word' id='word_1_142' title='bbox 3742 594 3833 648; x_wconf 87' lang='lat' dir='ltr'><strong>do-</strong></span> <span class='ocrx_word' id='word_1_143' title='bbox 3894 658 3897 660; x_wconf 97' lang='lat'><em>_</em></span> 
     </span>
    </p>
   </div>
   <div class='ocr_carea' id='block_1_20' title="bbox 2237 658 3903 811">
    <p class='ocr_par' dir='ltr' id='par_1_20' title="bbox 2237 658 3903 811">
     <span class='ocr_line' id='line_1_20' title="bbox 2237 658 3903 811; baseline 0.004 -80"><span class='ocrx_word' id='word_1_144' title='bbox 2237 676 2363 731; x_wconf 88' lang='lat' dir='ltr'><strong>cuit.</strong></span> <span class='ocrx_word' id='word_1_145' title='bbox 2407 676 2673 732; x_wconf 62' lang='lat' dir='ltr'><strong>Caeterum</strong></span> <span class='ocrx_word' id='word_1_146' title='bbox 2704 679 2884 732; x_wconf 89' lang='lat' dir='ltr'><strong>omnia</strong></span> <span class='ocrx_word' id='word_1_147' title='bbox 2915 694 3033 747; x_wconf 67' lang='lat' dir='ltr'><strong>quae</strong></span> <span class='ocrx_word' id='word_1_148' title='bbox 3080 689 3205 734; x_wconf 88' lang='lat' dir='ltr'><strong>sunt</strong></span> <span class='ocrx_word' id='word_1_149' title='bbox 3243 681 3296 735; x_wconf 93' lang='lat' dir='ltr'><strong>in</strong></span> <span class='ocrx_word' id='word_1_150' title='bbox 3345 696 3595 752; x_wconf 87' lang='lat' dir='ltr'><strong>corpore,</strong></span> <span class='ocrx_word' id='word_1_151' title='bbox 3624 699 3690 738; x_wconf 82' lang='lat' dir='ltr'><strong>ex</strong></span> <span class='ocrx_word' id='word_1_152' title='bbox 3725 700 3831 737; x_wconf 90' lang='lat' dir='ltr'><strong>uno</strong></span> <span class='ocrx_word' id='word_1_153' title='bbox 3866 658 3903 811; x_wconf 58' lang='grc' dir='ltr'>Ῐι</span> 
     </span>
     <span class='ocr_line' id='line_1_21' title="bbox 2238 768 3830 811; baseline 0 0"><span class='ocrx_word' id='word_1_154' title='bbox 2238 768 2538 811; x_wconf 67' lang='lat' dir='ltr'><strong>emlnmmm</strong></span> <span class='ocrx_word' id='word_1_155' title='bbox 2586 770 2697 811; x_wconf 86' lang='lat' dir='ltr'><strong>Inln</strong></span> <span class='ocrx_word' id='word_1_156' title='bbox 2720 771 2827 811; x_wconf 65' lang='lat' dir='ltr'><strong>ac</strong></span> <span class='ocrx_word' id='word_1_157' title='bbox 2854 771 3077 811; x_wconf 70' lang='lat' dir='ltr'><strong>fnrnmtn</strong></span> <span class='ocrx_word' id='word_1_158' title='bbox 3140 773 3326 811; x_wconf 66' lang='lat' dir='ltr'><strong>neihna</strong></span> <span class='ocrx_word' id='word_1_159' title='bbox 3368 784 3571 811; x_wconf 68' lang='lat' dir='ltr'><strong>lanium</strong></span> <span class='ocrx_word' id='word_1_160' title='bbox 3621 784 3671 811; x_wconf 73' lang='lat' dir='ltr'><strong>nl</strong></span> <span class='ocrx_word' id='word_1_161' title='bbox 3703 775 3830 811; x_wconf 72' lang='lat' dir='ltr'><strong>nm-</strong></span> 
     </span>
    </p>
   </div>
   <div class='ocr_carea' id='block_1_21' title="bbox 2238 768 3830 841">
    <p class='ocr_par' dir='ltr' id='par_1_21' title="bbox 2238 768 3830 841">
     <span class='ocr_line' id='line_1_22' title="bbox 2238 768 3830 841; baseline 0.004 -19"><span class='ocrx_word' id='word_1_162' title='bbox 2238 768 2539 836; x_wconf 90' lang='lat' dir='ltr'><strong>eodemque</strong></span> <span class='ocrx_word' id='word_1_163' title='bbox 2586 770 2697 823; x_wconf 92' lang='lat' dir='ltr'><strong>luto</strong></span> <span class='ocrx_word' id='word_1_164' title='bbox 2720 771 2831 841; x_wconf 78' lang='lat'><strong>76</strong></span> <span class='ocrx_word' id='word_1_165' title='bbox 2853 771 3104 838; x_wconf 79' lang='lat' dir='ltr'><strong>formata,</strong></span> <span class='ocrx_word' id='word_1_166' title='bbox 3140 773 3326 830; x_wconf 88' lang='lat' dir='ltr'><strong>usibus</strong></span> <span class='ocrx_word' id='word_1_167' title='bbox 3368 784 3572 829; x_wconf 80' lang='lat' dir='ltr'><strong>tantum</strong></span> <span class='ocrx_word' id='word_1_168' title='bbox 3621 784 3677 831; x_wconf 92' lang='lat' dir='ltr'><strong>et</strong></span> <span class='ocrx_word' id='word_1_169' title='bbox 3703 775 3830 831; x_wconf 83' lang='lat' dir='ltr'><strong>olli-</strong></span> 
     </span>
    </p>
   </div>
   <div class='ocr_carea' id='block_1_22' title="bbox 2237 840 3872 986">
    <p class='ocr_par' dir='ltr' id='par_1_22' title="bbox 2237 840 3872 986">
     <span class='ocr_line' id='line_1_23' title="bbox 2237 840 3872 986; baseline 0.005 -72"><span class='ocrx_word' id='word_1_170' title='bbox 2237 860 2339 915; x_wconf 87' lang='lat' dir='ltr'><strong>ciis</strong></span> <span class='ocrx_word' id='word_1_171' title='bbox 2365 860 2699 915; x_wconf 87' lang='lat' dir='ltr'><strong>naturalibus</strong></span> <span class='ocrx_word' id='word_1_172' title='bbox 2724 862 3149 929; x_wconf 71' lang='lat' dir='ltr'><strong>distinguuntur.</strong></span> <span class='ocrx_word' id='word_1_173' title='bbox 3854 840 3872 986; x_wconf 50' lang='grc' dir='ltr'>ί</span> 
     </span>
     <span class='ocr_line' id='line_1_24' title="bbox 2311 948 3828 986; baseline 0 0"><span class='ocrx_word' id='word_1_174' title='bbox 2311 948 2416 986; x_wconf 63' lang='lat' dir='ltr'><strong>Qad</strong></span> <span class='ocrx_word' id='word_1_175' title='bbox 2447 959 2591 986; x_wconf 72' lang='lat' dir='ltr'><strong>none</strong></span> <span class='ocrx_word' id='word_1_176' title='bbox 2619 950 2747 986; x_wconf 78' lang='grc' dir='ltr'>ἰΙΙιιιι</span> <span class='ocrx_word' id='word_1_177' title='bbox 2790 951 3004 986; x_wconf 71' lang='grc' dir='ltr'><strong>ηιιῖΑΔηι</strong></span> <span class='ocrx_word' id='word_1_178' title='bbox 3051 954 3387 986; x_wconf 65' lang='lat' dir='ltr'><strong>olscnlnsinnn</strong></span> <span class='ocrx_word' id='word_1_179' title='bbox 3427 971 3623 986; x_wconf 70' lang='grc' dir='ltr'>ιηηηι-ιι</span> <span class='ocrx_word' id='word_1_180' title='bbox 3670 958 3828 986; x_wconf 73' lang='lat' dir='ltr'><strong>I...:..-</strong></span> 
     </span>
    </p>
   </div>
   <div class='ocr_carea' id='block_1_23' title="bbox 2311 948 3859 1027">
    <p class='ocr_par' dir='ltr' id='par_1_23' title="bbox 2311 948 3859 1027">
     <span class='ocr_line' id='line_1_25' title="bbox 2311 948 3859 1027; baseline 0.005 -22"><span class='ocrx_word' id='word_1_181' title='bbox 2311 948 2417 1005; x_wconf 91' lang='lat' dir='ltr'><strong>Sed</strong></span> <span class='ocrx_word' id='word_1_182' title='bbox 2447 959 2591 1004; x_wconf 54' lang='lat' dir='ltr'><strong>neci3</strong></span> <span class='ocrx_word' id='word_1_183' title='bbox 2618 950 2748 1005; x_wconf 87' lang='lat' dir='ltr'><strong>illttd</strong></span> <span class='ocrx_word' id='word_1_184' title='bbox 2790 951 3005 1021; x_wconf 85' lang='lat' dir='ltr'><strong>quidem</strong></span> <span class='ocrx_word' id='word_1_185' title='bbox 3050 954 3389 1011; x_wconf 90' lang='lat' dir='ltr'><strong>absolutione</strong></span> <span class='ocrx_word' id='word_1_186' title='bbox 3427 971 3623 1013; x_wconf 85' lang='lat' dir='ltr'><strong>vacare</strong></span> <span class='ocrx_word' id='word_1_187' title='bbox 3670 948 3859 1027; x_wconf 73' lang='lat' dir='ltr'><strong>hujus!</strong></span> 
     </span>
    </p>
   </div>
   <div class='ocr_carea' id='block_1_24' title="bbox 2237 1045 3831 1120">
    <p class='ocr_par' dir='ltr' id='par_1_24' title="bbox 2237 1045 3831 1120">
     <span class='ocr_line' id='line_1_26' title="bbox 2237 1045 3831 1120; baseline 0.004 -23"><span class='ocrx_word' id='word_1_188' title='bbox 2237 1045 2551 1113; x_wconf 66' lang='lat' dir='ltr'><strong>quaestionis</strong></span> <span class='ocrx_word' id='word_1_189' title='bbox 2577 1047 2912 1112; x_wconf 79' lang='lat' dir='ltr'><strong>omittamus,</strong></span> <span class='ocrx_word' id='word_1_190' title='bbox 2945 1048 3088 1116; x_wconf 88' lang='lat' dir='ltr'><strong>quod</strong></span> <span class='ocrx_word' id='word_1_191' title='bbox 3112 1051 3409 1103; x_wconf 83' lang='lat' dir='ltr'><strong>substantia</strong></span> <span class='ocrx_word' id='word_1_192' title='bbox 3432 1050 3550 1117; x_wconf 87' lang='lat' dir='ltr'><strong>Dei,</strong></span> <span class='ocrx_word' id='word_1_193' title='bbox 3574 1066 3698 1120; x_wconf 74' lang='lat' dir='ltr'><strong>qua:</strong></span> <span class='ocrx_word' id='word_1_194' title='bbox 3722 1066 3831 1104; x_wconf 89' lang='lat' dir='ltr'><strong>om-</strong></span> 
     </span>
    </p>
   </div>
   <div class='ocr_carea' id='block_1_25' title="bbox 2239 1135 3829 1207">
    <p class='ocr_par' dir='ltr' id='par_1_25' title="bbox 2239 1135 3829 1207">
     <span class='ocr_line' id='line_1_27' title="bbox 2239 1135 3829 1207; baseline 0.005 -20"><span class='ocrx_word' id='word_1_195' title='bbox 2239 1135 2367 1188; x_wconf 86' lang='lat' dir='ltr'><strong>nino</strong></span> <span class='ocrx_word' id='word_1_196' title='bbox 2406 1145 2490 1189; x_wconf 92' lang='lat' dir='ltr'><strong>est</strong></span> <span class='ocrx_word' id='word_1_197' title='bbox 2533 1135 2875 1205; x_wconf 89' lang='lat' dir='ltr'><strong>incorporea,</strong></span> <span class='ocrx_word' id='word_1_198' title='bbox 2918 1137 3082 1193; x_wconf 86' lang='lat' dir='ltr'><strong>inseri</strong></span> <span class='ocrx_word' id='word_1_199' title='bbox 3123 1139 3464 1207; x_wconf 85' lang='lat' dir='ltr'><strong>corporibus,</strong></span> <span class='ocrx_word' id='word_1_200' title='bbox 3487 1140 3571 1194; x_wconf 88' lang='lat' dir='ltr'><strong>vel</strong></span> <span class='ocrx_word' id='word_1_201' title='bbox 3613 1140 3734 1207; x_wconf 90' lang='lat' dir='ltr'><strong>capi</strong></span> <span class='ocrx_word' id='word_1_202' title='bbox 3762 1139 3829 1195; x_wconf 87' lang='lat' dir='ltr'><strong>ab</strong></span> 
     </span>
    </p>
   </div>
   <div class='ocr_carea' id='block_1_26' title="bbox 2238 1227 3827 1300">
    <p class='ocr_par' dir='ltr' id='par_1_26' title="bbox 2238 1227 3827 1300">
     <span class='ocr_line' id='line_1_28' title="bbox 2238 1227 3827 1300; baseline 0.002 -18"><span class='ocrx_word' id='word_1_203' title='bbox 2238 1229 2318 1283; x_wconf 92' lang='lat' dir='ltr'><strong>eis</strong></span> <span class='ocrx_word' id='word_1_204' title='bbox 2368 1227 2736 1297; x_wconf 85' lang='lat' dir='ltr'><strong>principaliter</strong></span> <span class='ocrx_word' id='word_1_205' title='bbox 2784 1243 2891 1282; x_wconf 89' lang='lat' dir='ltr'><strong>non</strong></span> <span class='ocrx_word' id='word_1_206' title='bbox 2933 1237 3131 1298; x_wconf 83' lang='lat' dir='ltr'><strong>pmest.</strong></span> <span class='ocrx_word' id='word_1_207' title='bbox 3166 1228 3268 1283; x_wconf 89' lang='lat' dir='ltr'><strong>nisi</strong></span> <span class='ocrx_word' id='word_1_208' title='bbox 3314 1231 3490 1300; x_wconf 90' lang='lat' dir='ltr'><strong>aliqua</strong></span> <span class='ocrx_word' id='word_1_209' title='bbox 3539 1231 3611 1284; x_wconf 88' lang='lat' dir='ltr'><strong>sit</strong></span> <span class='ocrx_word' id='word_1_210' title='bbox 3651 1232 3827 1285; x_wconf 91' lang='lat' dir='ltr'><strong>media</strong></span> 
     </span>
    </p>
   </div>
   <div class='ocr_carea' id='block_1_27' title="bbox 2238 1317 3829 1389">
    <p class='ocr_par' dir='ltr' id='par_1_27' title="bbox 2238 1317 3829 1389">
     <span class='ocr_line' id='line_1_29' title="bbox 2238 1317 3829 1389; baseline 0.003 -18"><span class='ocrx_word' id='word_1_211' title='bbox 2238 1317 2539 1371; x_wconf 87' lang='lat' dir='ltr'><strong>substantia</strong></span> <span class='ocrx_word' id='word_1_212' title='bbox 2568 1318 2883 1385; x_wconf 88' lang='lat' dir='ltr'><strong>spiritualis,</strong></span> <span class='ocrx_word' id='word_1_213' title='bbox 2913 1334 3031 1387; x_wconf 71' lang='lat' dir='ltr'><strong>quin</strong></span> <span class='ocrx_word' id='word_1_214' title='bbox 3058 1334 3227 1388; x_wconf 81' lang='lat' dir='ltr'><strong>capax</strong></span> <span class='ocrx_word' id='word_1_215' title='bbox 3257 1320 3420 1373; x_wconf 81' lang='lat' dir='ltr'><strong>divini</strong></span> <span class='ocrx_word' id='word_1_216' title='bbox 3451 1321 3675 1387; x_wconf 87' lang='lat' dir='ltr'><strong>spiritus</strong></span> <span class='ocrx_word' id='word_1_217' title='bbox 3706 1337 3829 1389; x_wconf 85' lang='lat' dir='ltr'><strong>pos-</strong></span> 
     </span>
    </p>
   </div>
   <div class='ocr_carea' id='block_1_28' title="bbox 2240 1410 3831 1484">
    <p class='ocr_par' dir='ltr' id='par_1_28' title="bbox 2240 1410 3831 1484">
     <span class='ocr_line' id='line_1_30' title="bbox 2240 1410 3831 1484; baseline 0.004 -21"><span class='ocrx_word' id='word_1_218' title='bbox 2240 1411 2310 1464; x_wconf 88' lang='lat' dir='ltr'><strong>sit</strong></span> <span class='ocrx_word' id='word_1_219' title='bbox 2334 1425 2477 1465; x_wconf 92' lang='lat' dir='ltr'><strong>esse.</strong></span> <span class='ocrx_word' id='word_1_220' title='bbox 2508 1410 2665 1465; x_wconf 91' lang='lat' dir='ltr'><strong>Verbi</strong></span> <span class='ocrx_word' id='word_1_221' title='bbox 2687 1412 2882 1480; x_wconf 78' lang='lat' dir='ltr'><strong>gratia,</strong></span> <span class='ocrx_word' id='word_1_222' title='bbox 2920 1422 2978 1466; x_wconf 94' lang='lat' dir='ltr'><strong>ut</strong></span> <span class='ocrx_word' id='word_1_223' title='bbox 3005 1412 3049 1466; x_wconf 88' lang='lat' dir='ltr'><strong>si</strong></span> <span class='ocrx_word' id='word_1_224' title='bbox 3080 1412 3345 1479; x_wconf 89' lang='lat' dir='ltr'><strong>dicamus,</strong></span> <span class='ocrx_word' id='word_1_225' title='bbox 3377 1415 3465 1467; x_wconf 78' lang='lat' dir='ltr'><strong>lux</strong></span> <span class='ocrx_word' id='word_1_226' title='bbox 3496 1415 3676 1468; x_wconf 90' lang='lat' dir='ltr'><strong>omnia</strong></span> <span class='ocrx_word' id='word_1_227' title='bbox 3705 1417 3831 1484; x_wconf 79' lang='lat' dir='ltr'><strong>qui-</strong></span> 
     </span>
    </p>
   </div>
   <div class='ocr_carea' id='block_1_29' title="bbox 2238 1503 3821 1577">
    <p class='ocr_par' dir='ltr' id='par_1_29' title="bbox 2238 1503 3821 1577">
     <span class='ocr_line' id='line_1_31' title="bbox 2238 1503 3821 1577; baseline 0.004 -20"><span class='ocrx_word' id='word_1_228' title='bbox 2238 1503 2359 1557; x_wconf 85' lang='lat' dir='ltr'><strong>dem</strong></span> <span class='ocrx_word' id='word_1_229' title='bbox 2404 1507 2649 1558; x_wconf 62' lang='lat' dir='ltr'><strong>mem‘sra</strong></span> <span class='ocrx_word' id='word_1_230' title='bbox 2685 1506 2928 1575; x_wconf 89' lang='lat' dir='ltr'><strong>corporis</strong></span> <span class='ocrx_word' id='word_1_231' title='bbox 2959 1506 3227 1563; x_wconf 87' lang='lat' dir='ltr'><strong>illustrare</strong></span> <span class='ocrx_word' id='word_1_232' title='bbox 3264 1516 3460 1577; x_wconf 82' lang='lat' dir='ltr'><strong>putest,</strong></span> <span class='ocrx_word' id='word_1_233' title='bbox 3502 1522 3531 1561; x_wconf 88' lang='lat' dir='ltr'><strong>a</strong></span> <span class='ocrx_word' id='word_1_234' title='bbox 3563 1508 3714 1561; x_wconf 90' lang='lat' dir='ltr'><strong>nullo</strong></span> <span class='ocrx_word' id='word_1_235' title='bbox 3744 1518 3821 1563; x_wconf 87' lang='lat' dir='ltr'><strong>ta-</strong></span> 
     </span>
    </p>
   </div>
   <div class='ocr_carea' id='block_1_30' title="bbox 2240 1597 3837 1669">
    <p class='ocr_par' dir='ltr' id='par_1_30' title="bbox 2240 1597 3837 1669">
     <span class='ocr_line' id='line_1_32' title="bbox 2240 1597 3837 1669; baseline 0.003 -18"><span class='ocrx_word' id='word_1_236' title='bbox 2240 1613 2362 1651; x_wconf 90' lang='lat' dir='ltr'><strong>men</strong></span> <span class='ocrx_word' id='word_1_237' title='bbox 2392 1612 2576 1651; x_wconf 90' lang='lat' dir='ltr'><strong>eormn</strong></span> <span class='ocrx_word' id='word_1_238' title='bbox 2606 1597 2708 1652; x_wconf 88' lang='lat' dir='ltr'><strong>nisi</strong></span> <span class='ocrx_word' id='word_1_239' title='bbox 2737 1612 2767 1650; x_wconf 91' lang='lat' dir='ltr'><strong>a</strong></span> <span class='ocrx_word' id='word_1_240' title='bbox 2816 1599 2932 1653; x_wconf 91' lang='lat' dir='ltr'><strong>solo</strong></span> <span class='ocrx_word' id='word_1_241' title='bbox 2970 1601 3129 1653; x_wconf 88' lang='lat' dir='ltr'><strong>oculo</strong></span> <span class='ocrx_word' id='word_1_242' title='bbox 3171 1599 3288 1669; x_wconf 92' lang='lat' dir='ltr'><strong>capi</strong></span> <span class='ocrx_word' id='word_1_243' title='bbox 3321 1608 3516 1668; x_wconf 89' lang='lat' dir='ltr'><strong>potest.</strong></span> <span class='ocrx_word' id='word_1_244' title='bbox 3550 1599 3714 1654; x_wconf 86' lang='lat' dir='ltr'><strong>Solus</strong></span> <span class='ocrx_word' id='word_1_245' title='bbox 3744 1609 3837 1655; x_wconf 80' lang='lat' dir='ltr'><strong>est</strong></span> 
     </span>
    </p>
   </div>
   <div class='ocr_carea' id='block_1_31' title="bbox 2238 1689 3842 1761">
    <p class='ocr_par' dir='ltr' id='par_1_31' title="bbox 2238 1689 3842 1761">
     <span class='ocr_line' id='line_1_33' title="bbox 2238 1689 3842 1761; baseline 0.001 -17"><span class='ocrx_word' id='word_1_246' title='bbox 2238 1690 2381 1744; x_wconf 90' lang='lat' dir='ltr'><strong>enim</strong></span> <span class='ocrx_word' id='word_1_247' title='bbox 2408 1692 2597 1743; x_wconf 88' lang='lat' dir='ltr'><strong>oculus</strong></span> <span class='ocrx_word' id='word_1_248' title='bbox 2630 1690 2719 1759; x_wconf 90' lang='lat' dir='ltr'><strong>qui</strong></span> <span class='ocrx_word' id='word_1_249' title='bbox 2746 1706 2913 1760; x_wconf 80' lang='lat' dir='ltr'><strong>capax</strong></span> <span class='ocrx_word' id='word_1_250' title='bbox 2953 1700 3036 1744; x_wconf 91' lang='lat' dir='ltr'><strong>est</strong></span> <span class='ocrx_word' id='word_1_251' title='bbox 3057 1690 3165 1761; x_wconf 81' lang='grc' dir='ltr'><strong>[ΑΙ.</strong></span> <span class='ocrx_word' id='word_1_252' title='bbox 3200 1690 3291 1761; x_wconf 90' lang='lat' dir='ltr'><strong>sit]</strong></span> <span class='ocrx_word' id='word_1_253' title='bbox 3324 1692 3477 1745; x_wconf 89' lang='lat' dir='ltr'><strong>lucis.</strong></span> <span class='ocrx_word' id='word_1_254' title='bbox 3513 1692 3581 1745; x_wconf 83' lang='lat' dir='ltr'><strong>Et</strong></span> <span class='ocrx_word' id='word_1_255' title='bbox 3612 1689 3630 1728; x_wconf 72' lang='grc' dir='ltr'><strong>ί</strong></span> <span class='ocrx_word' id='word_1_256' title='bbox 3666 1692 3842 1745; x_wconf 69' lang='lat' dir='ltr'><strong>Filius</strong></span> 
     </span>
    </p>
   </div>
   <div class='ocr_carea' id='block_1_32' title="bbox 2240 1781 3834 1853">
    <p class='ocr_par' dir='ltr' id='par_1_32' title="bbox 2240 1781 3834 1853">
     <span class='ocr_line' id='line_1_34' title="bbox 2240 1781 3834 1853; baseline 0.002 -17"><span class='ocrx_word' id='word_1_257' title='bbox 2240 1797 2369 1852; x_wconf 84' lang='lat' dir='ltr'><strong>ergo</strong></span> <span class='ocrx_word' id='word_1_258' title='bbox 2400 1781 2494 1837; x_wconf 90' lang='lat' dir='ltr'><strong>Dei</strong></span> <span class='ocrx_word' id='word_1_259' title='bbox 2542 1785 2779 1837; x_wconf 90' lang='lat' dir='ltr'><strong>nascitur</strong></span> <span class='ocrx_word' id='word_1_260' title='bbox 2809 1799 2871 1837; x_wconf 76' lang='lat' dir='ltr'><strong>es</strong></span> <span class='ocrx_word' id='word_1_261' title='bbox 2908 1783 3141 1853; x_wconf 79' lang='lat' dir='ltr'><strong>Virgine,</strong></span> <span class='ocrx_word' id='word_1_262' title='bbox 3176 1797 3281 1836; x_wconf 90' lang='lat' dir='ltr'><strong>non</strong></span> <span class='ocrx_word' id='word_1_263' title='bbox 3328 1783 3695 1850; x_wconf 73' lang='lat' dir='ltr'><strong>principaliter</strong></span> <span class='ocrx_word' id='word_1_264' title='bbox 3729 1784 3834 1839; x_wconf 84' lang='lat' dir='ltr'><strong>soli</strong></span> 
     </span>
    </p>
   </div>
   <div class='ocr_carea' id='block_1_33' title="bbox 551 1872 3843 1958">
    <p class='ocr_par' dir='ltr' id='par_1_33' title="bbox 551 1872 3843 1958">
     <span class='ocr_line' id='line_1_35' title="bbox 551 1872 3843 1958; baseline 0.001 -17"><span class='ocrx_word' id='word_1_265' title='bbox 551 1891 822 1956; x_wconf 78' lang='lat' dir='ltr'><strong>Quantum</strong></span> <span class='ocrx_word' id='word_1_266' title='bbox 858 1899 1008 1958; x_wconf 90' lang='lat' dir='ltr'><strong>putas</strong></span> <span class='ocrx_word' id='word_1_267' title='bbox 1058 1900 1246 1945; x_wconf 82' lang='lat' dir='ltr'><strong>natura</strong></span> <span class='ocrx_word' id='word_1_268' title='bbox 1286 1891 1414 1944; x_wconf 88' lang='lat' dir='ltr'><strong>solis</strong></span> <span class='ocrx_word' id='word_1_269' title='bbox 1446 1889 1537 1943; x_wconf 90' lang='lat' dir='ltr'><strong>illo</strong></span> <span class='ocrx_word' id='word_1_270' title='bbox 1570 1888 1790 1942; x_wconf 77' lang='lat' dir='ltr'><strong>inferior</strong></span> <span class='ocrx_word' id='word_1_271' title='bbox 1817 1887 1938 1940; x_wconf 81' lang='lat' dir='ltr'><strong>est?</strong></span> <span class='ocrx_word' id='word_1_272' title='bbox 1968 1902 2135 1955; x_wconf 89' lang='lat' dir='ltr'><strong>quan-</strong></span> <span class='ocrx_word' id='word_1_273' title='bbox 2169 1872 2213 1931; x_wconf 83' lang='grc' dir='ltr'>Β</span> <span class='ocrx_word' id='word_1_274' title='bbox 2240 1874 2388 1929; x_wconf 66' lang='lat' dir='ltr'><strong>carni</strong></span> <span class='ocrx_word' id='word_1_275' title='bbox 2433 1875 2691 1941; x_wconf 69' lang='grc' dir='ltr'><strong>εοοίθιυεν</strong></span> <span class='ocrx_word' id='word_1_276' title='bbox 2746 1874 2841 1929; x_wconf 74' lang='lat' dir='ltr'><strong>sed</strong></span> <span class='ocrx_word' id='word_1_277' title='bbox 2894 1876 3071 1929; x_wconf 70' lang='lat' dir='ltr'><strong>anima</strong></span> <span class='ocrx_word' id='word_1_278' title='bbox 3120 1876 3258 1929; x_wconf 71' lang='grc' dir='ltr'><strong>Ῐηιθτ</strong></span> <span class='ocrx_word' id='word_1_279' title='bbox 3296 1889 3513 1929; x_wconf 70' lang='grc' dir='ltr'><strong>οθτηθιη</strong></span> <span class='ocrx_word' id='word_1_280' title='bbox 3554 1874 3843 1944; x_wconf 67' lang='lat' dir='ltr'><strong>DeWNIW‘</strong></span> 
     </span>
    </p>
   </div>
   <div class='ocr_carea' id='block_1_34' title="bbox 549 1977 2134 2043">
    <p class='ocr_par' dir='ltr' id='par_1_34' title="bbox 549 1977 2134 2043">
     <span class='ocr_line' id='line_1_36' title="bbox 549 1977 2134 2043; baseline -0.001 -10"><span class='ocrx_word' id='word_1_281' title='bbox 549 1988 664 2033; x_wconf 90' lang='lat' dir='ltr'><strong>tum</strong></span> <span class='ocrx_word' id='word_1_282' title='bbox 695 1994 939 2034; x_wconf 81' lang='lat' dir='ltr'><strong>creatuta</strong></span> <span class='ocrx_word' id='word_1_283' title='bbox 969 1982 1087 2036; x_wconf 86' lang='lat' dir='ltr'><strong>sine</strong></span> <span class='ocrx_word' id='word_1_284' title='bbox 1111 1981 1275 2035; x_wconf 91' lang='lat' dir='ltr'><strong>dubio</strong></span> <span class='ocrx_word' id='word_1_285' title='bbox 1301 1989 1565 2035; x_wconf 88' lang='lat' dir='ltr'><strong>creatore.</strong></span> <span class='ocrx_word' id='word_1_286' title='bbox 1598 1979 1809 2033; x_wconf 88' lang='lat' dir='ltr'><strong>Intuere</strong></span> <span class='ocrx_word' id='word_1_287' title='bbox 1839 1992 1981 2033; x_wconf 89' lang='lat' dir='ltr'><strong>nunc</strong></span> <span class='ocrx_word' id='word_1_288' title='bbox 2010 1977 2061 2043; x_wconf 74' lang='grc' dir='ltr'><em>ά,</em></span> <span class='ocrx_word' id='word_1_289' title='bbox 2091 1980 2134 2033; x_wconf 88' lang='lat' dir='ltr'><strong>si</strong></span> 
     </span>
    </p>
   </div>
   <div class='ocr_carea' id='block_1_35' title="bbox 548 2060 2134 2141">
    <p class='ocr_par' dir='ltr' id='par_1_35' title="bbox 548 2060 2134 2141">
     <span class='ocr_line' id='line_1_37' title="bbox 548 2060 2134 2141; baseline -0.002 -17"><span class='ocrx_word' id='word_1_290' title='bbox 548 2070 679 2124; x_wconf 84' lang='lat' dir='ltr'><strong>solis</strong></span> <span class='ocrx_word' id='word_1_291' title='bbox 708 2072 888 2125; x_wconf 89' lang='lat' dir='ltr'><strong>radius</strong></span> <span class='ocrx_word' id='word_1_292' title='bbox 920 2074 970 2126; x_wconf 89' lang='lat' dir='ltr'><strong>in</strong></span> <span class='ocrx_word' id='word_1_293' title='bbox 1001 2075 1139 2127; x_wconf 76' lang='lat' dir='ltr'><strong>comi</strong></span> <span class='ocrx_word' id='word_1_294' title='bbox 1189 2060 1420 2141; x_wconf 80' lang='lat' dir='ltr'><strong>aliCojus</strong></span> <span class='ocrx_word' id='word_1_295' title='bbox 1462 2071 1773 2140; x_wconf 76' lang='lat' dir='ltr'><strong>voraginem</strong></span> <span class='ocrx_word' id='word_1_296' title='bbox 1801 2070 2134 2135; x_wconf 87' lang='lat' dir='ltr'><strong>demittatur,</strong></span> 
     </span>
    </p>
   </div>
   <div class='ocr_carea' id='block_1_36' title="bbox 550 2162 2139 2234">
    <p class='ocr_par' dir='ltr' id='par_1_36' title="bbox 550 2162 2139 2234">
     <span class='ocr_line' id='line_1_38' title="bbox 550 2162 2139 2234; baseline 0.002 -20"><span class='ocrx_word' id='word_1_297' title='bbox 550 2162 917 2230; x_wconf 86' lang='lat' dir='ltr'><strong>nunquidnam</strong></span> <span class='ocrx_word' id='word_1_298' title='bbox 969 2164 1168 2232; x_wconf 90' lang='lat' dir='ltr'><strong>aliquid</strong></span> <span class='ocrx_word' id='word_1_299' title='bbox 1213 2163 1338 2218; x_wconf 89' lang='lat' dir='ltr'><strong>inde</strong></span> <span class='ocrx_word' id='word_1_300' title='bbox 1380 2163 1694 2234; x_wconf 90' lang='lat' dir='ltr'><strong>pollutionis</strong></span> <span class='ocrx_word' id='word_1_301' title='bbox 1735 2164 2000 2233; x_wconf 82' lang='lat' dir='ltr'><strong>acquirit?</strong></span> <span class='ocrx_word' id='word_1_302' title='bbox 2046 2171 2139 2217; x_wconf 87' lang='lat' dir='ltr'><strong>aut</strong></span> 
     </span>
    </p>
   </div>
   <div class='ocr_carea' id='block_1_37' title="bbox 552 2251 2138 2321">
    <p class='ocr_par' dir='ltr' id='par_1_37' title="bbox 552 2251 2138 2321">
     <span class='ocr_line' id='line_1_39' title="bbox 552 2251 2138 2321; baseline -0.001 -13"><span class='ocrx_word' id='word_1_303' title='bbox 552 2251 930 2309; x_wconf 68' lang='lat' dir='ltr'><strong>obsctenorum</strong></span> <span class='ocrx_word' id='word_1_304' title='bbox 970 2256 1255 2309; x_wconf 89' lang='lat' dir='ltr'><strong>illustratio</strong></span> <span class='ocrx_word' id='word_1_305' title='bbox 1280 2296 1295 2319; x_wconf 89' lang='lat'><strong>,</strong></span> <span class='ocrx_word' id='word_1_306' title='bbox 1346 2256 1475 2309; x_wconf 87' lang='lat' dir='ltr'><strong>solis</strong></span> <span class='ocrx_word' id='word_1_307' title='bbox 1497 2256 1708 2309; x_wconf 90' lang='lat' dir='ltr'><strong>ducitur</strong></span> <span class='ocrx_word' id='word_1_308' title='bbox 1755 2254 1807 2306; x_wconf 92' lang='lat' dir='ltr'><strong>in</strong></span> <span class='ocrx_word' id='word_1_309' title='bbox 1849 2253 2138 2321; x_wconf 74' lang='lat' dir='ltr'><strong>injuriam?</strong></span> 
     </span>
    </p>
   </div>
   <div class='ocr_carea' id='block_1_38' title="bbox 549 2345 2142 2417">
    <p class='ocr_par' dir='ltr' id='par_1_38' title="bbox 549 2345 2142 2417">
     <span class='ocr_line' id='line_1_40' title="bbox 549 2345 2142 2417; baseline -0.001 -17"><span class='ocrx_word' id='word_1_310' title='bbox 549 2345 693 2414; x_wconf 76' lang='lat' dir='ltr'><strong>Ignis</strong></span> <span class='ocrx_word' id='word_1_311' title='bbox 720 2362 933 2416; x_wconf 89' lang='lat' dir='ltr'><strong>quoque</strong></span> <span class='ocrx_word' id='word_1_312' title='bbox 961 2364 1163 2417; x_wconf 50' lang='lat' dir='ltr'><strong>quanto</strong></span> <span class='ocrx_word' id='word_1_313' title='bbox 1201 2358 1390 2401; x_wconf 88' lang='lat' dir='ltr'><strong>natura</strong></span> <span class='ocrx_word' id='word_1_314' title='bbox 1421 2358 1504 2402; x_wconf 91' lang='lat' dir='ltr'><strong>est</strong></span> <span class='ocrx_word' id='word_1_315' title='bbox 1546 2346 1769 2401; x_wconf 78' lang='lat' dir='ltr'><strong>inferior</strong></span> <span class='ocrx_word' id='word_1_316' title='bbox 1797 2346 1879 2399; x_wconf 86' lang='lat' dir='ltr'><strong>his</strong></span> <span class='ocrx_word' id='word_1_317' title='bbox 1923 2348 1991 2400; x_wconf 89' lang='lat' dir='ltr'><strong>de</strong></span> <span class='ocrx_word' id='word_1_318' title='bbox 2016 2347 2142 2413; x_wconf 66' lang='lat' dir='ltr'><strong>qui-</strong></span> 
     </span>
    </p>
   </div>
   <div class='ocr_carea' id='block_1_39' title="bbox 548 2436 2136 2503">
    <p class='ocr_par' dir='ltr' id='par_1_39' title="bbox 548 2436 2136 2503">
     <span class='ocr_line' id='line_1_41' title="bbox 548 2436 2136 2503; baseline 0 -14"><span class='ocrx_word' id='word_1_319' title='bbox 548 2436 659 2490; x_wconf 78' lang='lat' dir='ltr'><strong>bus</strong></span> <span class='ocrx_word' id='word_1_320' title='bbox 687 2452 865 2491; x_wconf 89' lang='lat' dir='ltr'><strong>sermo</strong></span> <span class='ocrx_word' id='word_1_321' title='bbox 885 2436 1111 2492; x_wconf 70' lang='lat' dir='ltr'><strong>estt‘Et</strong></span> <span class='ocrx_word' id='word_1_322' title='bbox 1154 2440 1293 2491; x_wconf 89' lang='lat' dir='ltr'><strong>nulla</strong></span> <span class='ocrx_word' id='word_1_323' title='bbox 1337 2439 1581 2503; x_wconf 85' lang='lat' dir='ltr'><strong>materia,</strong></span> <span class='ocrx_word' id='word_1_324' title='bbox 1631 2437 1714 2490; x_wconf 89' lang='lat' dir='ltr'><strong>vel</strong></span> <span class='ocrx_word' id='word_1_325' title='bbox 1746 2443 2020 2501; x_wconf 65' lang='lat' dir='ltr'><strong>obscaena,</strong></span> <span class='ocrx_word' id='word_1_326' title='bbox 2054 2436 2136 2489; x_wconf 89' lang='lat' dir='ltr'><strong>vel</strong></span> 
     </span>
    </p>
   </div>
   <div class='ocr_carea' id='block_1_40' title="bbox 550 2529 2136 2599">
    <p class='ocr_par' dir='ltr' id='par_1_40' title="bbox 550 2529 2136 2599">
     <span class='ocr_line' id='line_1_42' title="bbox 550 2529 2136 2599; baseline 0 -17"><span class='ocrx_word' id='word_1_327' title='bbox 550 2530 721 2597; x_wconf 82' lang='lat' dir='ltr'><strong>turpis</strong></span> <span class='ocrx_word' id='word_1_328' title='bbox 766 2530 1007 2583; x_wconf 89' lang='lat' dir='ltr'><strong>adhibita</strong></span> <span class='ocrx_word' id='word_1_329' title='bbox 1052 2530 1125 2595; x_wconf 91' lang='lat' dir='ltr'><strong>ei,</strong></span> <span class='ocrx_word' id='word_1_330' title='bbox 1171 2531 1345 2599; x_wconf 73' lang='lat' dir='ltr'><strong>ignem</strong></span> <span class='ocrx_word' id='word_1_331' title='bbox 1385 2529 1639 2598; x_wconf 89' lang='lat' dir='ltr'><strong>polluisse</strong></span> <span class='ocrx_word' id='word_1_332' title='bbox 1684 2530 1944 2583; x_wconf 83' lang='lat' dir='ltr'><strong>creditur.</strong></span> <span class='ocrx_word' id='word_1_333' title='bbox 2003 2529 2136 2583; x_wconf 91' lang='lat' dir='ltr'><strong>Cum</strong></span> 
     </span>
    </p>
   </div>
   <div class='ocr_carea' id='block_1_41' title="bbox 557 2618 2140 2691">
    <p class='ocr_par' dir='ltr' id='par_1_41' title="bbox 557 2618 2140 2691">
     <span class='ocr_line' id='line_1_43' title="bbox 557 2618 2140 2691; baseline 0.003 -20"><span class='ocrx_word' id='word_1_334' title='bbox 557 2618 665 2691; x_wconf 75' lang='grc' dir='ltr'><strong>[ΑΙ.</strong></span> <span class='ocrx_word' id='word_1_335' title='bbox 696 2620 825 2674; x_wconf 85' lang='lat' dir='ltr'><strong>add.</strong></span> <span class='ocrx_word' id='word_1_336' title='bbox 863 2619 1013 2690; x_wconf 78' lang='lat' dir='ltr'><strong>ergo]</strong></span> <span class='ocrx_word' id='word_1_337' title='bbox 1057 2622 1171 2676; x_wconf 68' lang='lat' dir='ltr'><strong>haec</strong></span> <span class='ocrx_word' id='word_1_338' title='bbox 1212 2622 1283 2675; x_wconf 91' lang='lat' dir='ltr'><strong>ita</strong></span> <span class='ocrx_word' id='word_1_339' title='bbox 1328 2636 1449 2675; x_wconf 90' lang='lat' dir='ltr'><strong>esse</strong></span> <span class='ocrx_word' id='word_1_340' title='bbox 1481 2622 1531 2675; x_wconf 92' lang='lat' dir='ltr'><strong>in</strong></span> <span class='ocrx_word' id='word_1_341' title='bbox 1580 2622 1739 2675; x_wconf 86' lang='lat' dir='ltr'><strong>rebus</strong></span> <span class='ocrx_word' id='word_1_342' title='bbox 1770 2621 2140 2676; x_wconf 90' lang='lat' dir='ltr'><strong>materialibus</strong></span> 
     </span>
    </p>
   </div>
   <div class='ocr_carea' id='block_1_42' title="bbox 548 2714 2141 2783">
    <p class='ocr_par' dir='ltr' id='par_1_42' title="bbox 548 2714 2141 2783">
     <span class='ocr_line' id='line_1_44' title="bbox 548 2714 2141 2783; baseline 0.001 -16"><span class='ocrx_word' id='word_1_343' title='bbox 548 2722 784 2779; x_wconf 87' lang='lat' dir='ltr'><strong>constet,</strong></span> <span class='ocrx_word' id='word_1_344' title='bbox 820 2724 873 2766; x_wconf 94' lang='lat' dir='ltr'><strong>tu</strong></span> <span class='ocrx_word' id='word_1_345' title='bbox 904 2714 956 2767; x_wconf 93' lang='lat' dir='ltr'><strong>in</strong></span> <span class='ocrx_word' id='word_1_346' title='bbox 988 2714 1079 2768; x_wconf 90' lang='lat' dir='ltr'><strong>illa</strong></span> <span class='ocrx_word' id='word_1_347' title='bbox 1125 2715 1547 2783; x_wconf 90' lang='lat' dir='ltr'><strong>supereminenti</strong></span> <span class='ocrx_word' id='word_1_348' title='bbox 1590 2722 1647 2769; x_wconf 91' lang='lat' dir='ltr'><strong>et</strong></span> <span class='ocrx_word' id='word_1_349' title='bbox 1676 2716 1992 2783; x_wconf 88' lang='lat' dir='ltr'><strong>incorporea</strong></span> <span class='ocrx_word' id='word_1_350' title='bbox 2044 2731 2141 2769; x_wconf 85' lang='lat' dir='ltr'><strong>na-</strong></span> 
     </span>
    </p>
   </div>
   <div class='ocr_carea' id='block_1_43' title="bbox 550 2808 2136 2879">
    <p class='ocr_par' dir='ltr' id='par_1_43' title="bbox 550 2808 2136 2879">
     <span class='ocr_line' id='line_1_45' title="bbox 550 2808 2136 2879; baseline 0.001 -20"><span class='ocrx_word' id='word_1_351' title='bbox 550 2814 693 2871; x_wconf 90' lang='lat' dir='ltr'><strong>tura,</strong></span> <span class='ocrx_word' id='word_1_352' title='bbox 735 2824 853 2879; x_wconf 70' lang='lat' dir='ltr'><strong>qure</strong></span> <span class='ocrx_word' id='word_1_353' title='bbox 883 2825 1043 2879; x_wconf 89' lang='lat' dir='ltr'><strong>super</strong></span> <span class='ocrx_word' id='word_1_354' title='bbox 1089 2825 1303 2863; x_wconf 91' lang='lat' dir='ltr'><strong>omnem</strong></span> <span class='ocrx_word' id='word_1_355' title='bbox 1354 2810 1550 2877; x_wconf 80' lang='lat' dir='ltr'><strong>ignem,</strong></span> <span class='ocrx_word' id='word_1_356' title='bbox 1581 2819 1638 2864; x_wconf 92' lang='lat' dir='ltr'><strong>et</strong></span> <span class='ocrx_word' id='word_1_357' title='bbox 1675 2824 1837 2876; x_wconf 82' lang='lat' dir='ltr'><strong>super</strong></span> <span class='ocrx_word' id='word_1_358' title='bbox 1864 2823 2026 2862; x_wconf 90' lang='lat' dir='ltr'><strong>omne</strong></span> <span class='ocrx_word' id='word_1_359' title='bbox 2058 2808 2136 2861; x_wconf 89' lang='lat' dir='ltr'><strong>Iu-</strong></span> 
     </span>
    </p>
   </div>
   <div class='ocr_carea' id='block_1_44' title="bbox 545 2897 2136 2970">
    <p class='ocr_par' dir='ltr' id='par_1_44' title="bbox 545 2897 2136 2970">
     <span class='ocr_line' id='line_1_46' title="bbox 545 2897 2136 2970; baseline 0.001 -20"><span class='ocrx_word' id='word_1_360' title='bbox 545 2911 670 2951; x_wconf 88' lang='lat' dir='ltr'><strong>men</strong></span> <span class='ocrx_word' id='word_1_361' title='bbox 702 2907 807 2963; x_wconf 90' lang='lat' dir='ltr'><strong>est,</strong></span> <span class='ocrx_word' id='word_1_362' title='bbox 838 2899 1144 2969; x_wconf 90' lang='lat' dir='ltr'><strong>pollutionis</strong></span> <span class='ocrx_word' id='word_1_363' title='bbox 1191 2899 1393 2968; x_wconf 89' lang='lat' dir='ltr'><strong>aliquid</strong></span> <span class='ocrx_word' id='word_1_364' title='bbox 1446 2909 1599 2967; x_wconf 87' lang='lat' dir='ltr'><strong>putas</strong></span> <span class='ocrx_word' id='word_1_365' title='bbox 1630 2914 1691 2952; x_wconf 86' lang='lat' dir='ltr'><strong>ac</strong></span> <span class='ocrx_word' id='word_1_366' title='bbox 1720 2898 1826 2970; x_wconf 77' lang='grc' dir='ltr'><strong>[ΑΙ.</strong></span> <span class='ocrx_word' id='word_1_367' title='bbox 1871 2897 1986 2969; x_wconf 85' lang='lat' dir='ltr'><strong>aut]</strong></span> <span class='ocrx_word' id='word_1_368' title='bbox 2036 2901 2136 2953; x_wconf 88' lang='lat' dir='ltr'><strong>ob-</strong></span> 
     </span>
    </p>
   </div>
   <div class='ocr_carea' id='block_1_45' title="bbox 546 2989 2135 3061">
    <p class='ocr_par' dir='ltr' id='par_1_45' title="bbox 546 2989 2135 3061">
     <span class='ocr_line' id='line_1_47' title="bbox 546 2989 2135 3061; baseline 0.001 -19"><span class='ocrx_word' id='word_1_369' title='bbox 546 2989 847 3043; x_wconf 81' lang='lat' dir='ltr'><strong>sctenitatis</strong></span> <span class='ocrx_word' id='word_1_370' title='bbox 871 2989 1141 3045; x_wconf 84' lang='lat' dir='ltr'><strong>incidere?</strong></span> <span class='ocrx_word' id='word_1_371' title='bbox 1159 2990 1292 3044; x_wconf 86' lang='lat' dir='ltr'><strong>Tum</strong></span> <span class='ocrx_word' id='word_1_372' title='bbox 1316 2989 1511 3044; x_wconf 90' lang='lat' dir='ltr'><strong>deinde</strong></span> <span class='ocrx_word' id='word_1_373' title='bbox 1530 2991 1689 3043; x_wconf 82' lang='lat' dir='ltr'><strong>etiam</strong></span> <span class='ocrx_word' id='word_1_374' title='bbox 1712 2990 1776 3043; x_wconf 90' lang='lat' dir='ltr'><strong>ad</strong></span> <span class='ocrx_word' id='word_1_375' title='bbox 1804 2989 1909 3061; x_wconf 77' lang='lat' dir='ltr'><strong>[AL</strong></span> <span class='ocrx_word' id='word_1_376' title='bbox 1937 3002 2135 3044; x_wconf 85' lang='lat' dir='ltr'><strong>tacetur</strong></span> 
     </span>
    </p>
   </div>
   <div class='ocr_carea' id='block_1_46' title="bbox 549 3078 2136 3149">
    <p class='ocr_par' dir='ltr' id='par_1_46' title="bbox 549 3078 2136 3149">
     <span class='ocr_line' id='line_1_48' title="bbox 549 3078 2136 3149; baseline 0.004 -19"><span class='ocrx_word' id='word_1_377' title='bbox 549 3078 640 3149; x_wconf 82' lang='lat' dir='ltr'><strong>ad]</strong></span> <span class='ocrx_word' id='word_1_378' title='bbox 675 3079 802 3134; x_wconf 92' lang='lat' dir='ltr'><strong>illud</strong></span> <span class='ocrx_word' id='word_1_379' title='bbox 833 3080 1072 3135; x_wconf 80' lang='lat' dir='ltr'><strong>adverte.</strong></span> <span class='ocrx_word' id='word_1_380' title='bbox 1120 3081 1227 3135; x_wconf 86' lang='lat' dir='ltr'><strong>Nos</strong></span> <span class='ocrx_word' id='word_1_381' title='bbox 1270 3082 1537 3135; x_wconf 84' lang='lat' dir='ltr'><strong>hominem</strong></span> <span class='ocrx_word' id='word_1_382' title='bbox 1571 3096 1599 3134; x_wconf 89' lang='lat' dir='ltr'><strong>a</strong></span> <span class='ocrx_word' id='word_1_383' title='bbox 1644 3081 1753 3135; x_wconf 90' lang='lat' dir='ltr'><strong>Deo</strong></span> <span class='ocrx_word' id='word_1_384' title='bbox 1796 3090 2037 3136; x_wconf 87' lang='lat' dir='ltr'><strong>creatum</strong></span> <span class='ocrx_word' id='word_1_385' title='bbox 2068 3082 2136 3137; x_wconf 91' lang='lat' dir='ltr'><strong>de</strong></span> 
     </span>
    </p>
   </div>
   <div class='ocr_carea' id='block_1_47' title="bbox 550 3169 2133 3244">
    <p class='ocr_par' dir='ltr' id='par_1_47' title="bbox 550 3169 2133 3244">
     <span class='ocr_line' id='line_1_49' title="bbox 550 3169 2133 3244; baseline 0 -19"><span class='ocrx_word' id='word_1_386' title='bbox 550 3178 710 3225; x_wconf 63' lang='lat' dir='ltr'><strong>terra:</strong></span> <span class='ocrx_word' id='word_1_387' title='bbox 744 3169 871 3225; x_wconf 90' lang='lat' dir='ltr'><strong>limo</strong></span> <span class='ocrx_word' id='word_1_388' title='bbox 892 3172 1141 3227; x_wconf 90' lang='lat' dir='ltr'><strong>dicimus.</strong></span> <span class='ocrx_word' id='word_1_389' title='bbox 1164 3174 1313 3241; x_wconf 88' lang='lat' dir='ltr'><strong>Quod</strong></span> <span class='ocrx_word' id='word_1_390' title='bbox 1342 3174 1385 3227; x_wconf 91' lang='lat' dir='ltr'><strong>si</strong></span> <span class='ocrx_word' id='word_1_391' title='bbox 1427 3174 1753 3228; x_wconf 77' lang='lat' dir='ltr'><strong>obscmnitas</strong></span> <span class='ocrx_word' id='word_1_392' title='bbox 1782 3176 1889 3228; x_wconf 82' lang='lat' dir='ltr'><strong>lleo</strong></span> <span class='ocrx_word' id='word_1_393' title='bbox 1921 3184 2133 3244; x_wconf 87' lang='lat' dir='ltr'><strong>reputa-</strong></span> 
     </span>
    </p>
   </div>
   <div class='ocr_carea' id='block_1_48' title="bbox 2241 1970 3821 2042">
    <p class='ocr_par' dir='ltr' id='par_1_48' title="bbox 2241 1970 3821 2042">
     <span class='ocr_line' id='line_1_50' title="bbox 2241 1970 3821 2042; baseline 0.003 -19"><span class='ocrx_word' id='word_1_394' title='bbox 2241 1971 2415 2024; x_wconf 90' lang='lat' dir='ltr'><strong>tnedia</strong></span> <span class='ocrx_word' id='word_1_395' title='bbox 2453 1985 2759 2040; x_wconf 82' lang='lat' dir='ltr'><strong>generatus.</strong></span> <span class='ocrx_word' id='word_1_396' title='bbox 2803 1970 2994 2025; x_wconf 85' lang='lat' dir='ltr'><strong>Anima</strong></span> <span class='ocrx_word' id='word_1_397' title='bbox 3040 1986 3167 2042; x_wconf 81' lang='lat' dir='ltr'><strong>ergo</strong></span> <span class='ocrx_word' id='word_1_398' title='bbox 3194 1971 3391 2035; x_wconf 88' lang='lat' dir='ltr'><strong>media,</strong></span> <span class='ocrx_word' id='word_1_399' title='bbox 3421 1981 3476 2025; x_wconf 89' lang='lat' dir='ltr'><strong>et</strong></span> <span class='ocrx_word' id='word_1_400' title='bbox 3522 1972 3573 2025; x_wconf 90' lang='lat' dir='ltr'><strong>in</strong></span> <span class='ocrx_word' id='word_1_401' title='bbox 3609 1982 3821 2027; x_wconf 87' lang='lat' dir='ltr'><strong>secreta</strong></span> 
     </span>
    </p>
   </div>
   <div class='ocr_carea' id='block_1_49' title="bbox 2240 2062 3837 2133">
    <p class='ocr_par' dir='ltr' id='par_1_49' title="bbox 2240 2062 3837 2133">
     <span class='ocr_line' id='line_1_51' title="bbox 2240 2062 3837 2133; baseline 0.002 -17"><span class='ocrx_word' id='word_1_402' title='bbox 2240 2062 2575 2116; x_wconf 89' lang='lat' dir='ltr'><strong>rationabilis</strong></span> <span class='ocrx_word' id='word_1_403' title='bbox 2603 2064 2824 2131; x_wconf 88' lang='lat' dir='ltr'><strong>spiritus</strong></span> <span class='ocrx_word' id='word_1_404' title='bbox 2857 2078 2982 2119; x_wconf 82' lang='lat' dir='ltr'><strong>arce</strong></span> <span class='ocrx_word' id='word_1_405' title='bbox 3016 2063 3247 2117; x_wconf 85' lang='lat' dir='ltr'><strong>Verbum</strong></span> <span class='ocrx_word' id='word_1_406' title='bbox 3273 2063 3365 2118; x_wconf 87' lang='lat' dir='ltr'><strong>Dei</strong></span> <span class='ocrx_word' id='word_1_407' title='bbox 3395 2065 3665 2133; x_wconf 88' lang='lat' dir='ltr'><strong>capiente,</strong></span> <span class='ocrx_word' id='word_1_408' title='bbox 3702 2066 3837 2119; x_wconf 69' lang='lat' dir='ltr'><strong>abs-</strong></span> 
     </span>
    </p>
   </div>
   <div class='ocr_carea' id='block_1_50' title="bbox 2237 2152 3851 2223">
    <p class='ocr_par' dir='ltr' id='par_1_50' title="bbox 2237 2152 3851 2223">
     <span class='ocr_line' id='line_1_52' title="bbox 2237 2152 3851 2223; baseline 0.005 -18"><span class='ocrx_word' id='word_1_409' title='bbox 2237 2168 2343 2222; x_wconf 91' lang='lat' dir='ltr'><strong>que</strong></span> <span class='ocrx_word' id='word_1_410' title='bbox 2373 2154 2479 2208; x_wconf 92' lang='lat' dir='ltr'><strong>ulla</strong></span> <span class='ocrx_word' id='word_1_411' title='bbox 2520 2168 2682 2223; x_wconf 86' lang='lat' dir='ltr'><strong>quam</strong></span> <span class='ocrx_word' id='word_1_412' title='bbox 2714 2152 3005 2223; x_wconf 79' lang='lat' dir='ltr'><strong>SIISpical&#39;is</strong></span> <span class='ocrx_word' id='word_1_413' title='bbox 3050 2154 3266 2223; x_wconf 86' lang='lat' dir='ltr'><strong>injuria,</strong></span> <span class='ocrx_word' id='word_1_414' title='bbox 3303 2154 3444 2210; x_wconf 88' lang='lat' dir='ltr'><strong>Deus</strong></span> <span class='ocrx_word' id='word_1_415' title='bbox 3472 2165 3557 2211; x_wconf 91' lang='lat' dir='ltr'><strong>est</strong></span> <span class='ocrx_word' id='word_1_416' title='bbox 3579 2167 3739 2213; x_wconf 89' lang='lat' dir='ltr'><strong>natus</strong></span> <span class='ocrx_word' id='word_1_417' title='bbox 3762 2174 3851 2216; x_wconf 71' lang='lat' dir='ltr'><strong>ex.</strong></span> 
     </span>
    </p>
   </div>
   <div class='ocr_carea' id='block_1_51' title="bbox 2244 2245 3849 2318">
    <p class='ocr_par' dir='ltr' id='par_1_51' title="bbox 2244 2245 3849 2318">
     <span class='ocr_line' id='line_1_53' title="bbox 2244 2245 3849 2318; baseline 0.006 -19"><span class='ocrx_word' id='word_1_418' title='bbox 2244 2245 2479 2316; x_wconf 76' lang='lat' dir='ltr'><strong>Virgine.</strong></span> <span class='ocrx_word' id='word_1_419' title='bbox 2516 2248 2582 2301; x_wconf 83' lang='lat' dir='ltr'><strong>Et</strong></span> <span class='ocrx_word' id='word_1_420' title='bbox 2623 2248 2743 2302; x_wconf 89' lang='lat' dir='ltr'><strong>ideo</strong></span> <span class='ocrx_word' id='word_1_421' title='bbox 2782 2248 2913 2302; x_wconf 84' lang='lat' dir='ltr'><strong>nihil</strong></span> <span class='ocrx_word' id='word_1_422' title='bbox 2944 2248 3013 2303; x_wconf 90' lang='lat' dir='ltr'><strong>ibi</strong></span> <span class='ocrx_word' id='word_1_423' title='bbox 3066 2258 3222 2318; x_wconf 89' lang='lat' dir='ltr'><strong>turpe</strong></span> <span class='ocrx_word' id='word_1_424' title='bbox 3265 2249 3553 2317; x_wconf 90' lang='lat' dir='ltr'><strong>putandum</strong></span> <span class='ocrx_word' id='word_1_425' title='bbox 3587 2262 3691 2317; x_wconf 83' lang='lat' dir='ltr'><strong>est,</strong></span> <span class='ocrx_word' id='word_1_426' title='bbox 3740 2251 3849 2310; x_wconf 58' lang='lat' dir='ltr'><strong>ubi»</strong></span> 
     </span>
    </p>
   </div>
   <div class='ocr_carea' id='block_1_52' title="bbox 2240 2340 3845 2411">
    <p class='ocr_par' dir='ltr' id='par_1_52' title="bbox 2240 2340 3845 2411">
     <span class='ocr_line' id='line_1_54' title="bbox 2240 2340 3845 2411; baseline 0.006 -20"><span class='ocrx_word' id='word_1_427' title='bbox 2240 2340 2598 2394; x_wconf 81' lang='lat' dir='ltr'><strong>sanctiﬁcatio</strong></span> <span class='ocrx_word' id='word_1_428' title='bbox 2626 2342 2849 2410; x_wconf 89' lang='lat' dir='ltr'><strong>spiritus</strong></span> <span class='ocrx_word' id='word_1_429' title='bbox 2881 2342 3075 2405; x_wconf 86' lang='lat' dir='ltr'><strong>inerat,</strong></span> <span class='ocrx_word' id='word_1_430' title='bbox 3106 2355 3159 2395; x_wconf 85' lang='lat' dir='ltr'><strong>et</strong></span> <span class='ocrx_word' id='word_1_431' title='bbox 3188 2341 3387 2410; x_wconf 91' lang='lat' dir='ltr'><strong>anima,</strong></span> <span class='ocrx_word' id='word_1_432' title='bbox 3420 2358 3541 2411; x_wconf 76' lang='lat' dir='ltr'><strong>qua:</strong></span> <span class='ocrx_word' id='word_1_433' title='bbox 3571 2353 3691 2398; x_wconf 84' lang='lat' dir='ltr'><strong>erat</strong></span> <span class='ocrx_word' id='word_1_434' title='bbox 3736 2344 3845 2401; x_wconf 87' lang='lat' dir='ltr'><strong>Dei.</strong></span> 
     </span>
    </p>
   </div>
   <div class='ocr_carea' id='block_1_53' title="bbox 2238 2432 3849 2502">
    <p class='ocr_par' dir='ltr' id='par_1_53' title="bbox 2238 2432 3849 2502">
     <span class='ocr_line' id='line_1_55' title="bbox 2238 2432 3849 2502; baseline 0.002 -17"><span class='ocrx_word' id='word_1_435' title='bbox 2238 2446 2432 2500; x_wconf 80' lang='lat' dir='ltr'><strong>capax,</strong></span> <span class='ocrx_word' id='word_1_436' title='bbox 2466 2434 2737 2502; x_wconf 81' lang='lat' dir='ltr'><strong>particeps</strong></span> <span class='ocrx_word' id='word_1_437' title='bbox 2769 2433 2931 2486; x_wconf 88' lang='lat' dir='ltr'><strong>liehat</strong></span> <span class='ocrx_word' id='word_1_438' title='bbox 2952 2433 3114 2486; x_wconf 89' lang='lat' dir='ltr'><strong>etiam</strong></span> <span class='ocrx_word' id='word_1_439' title='bbox 3151 2433 3351 2487; x_wconf 86' lang='lat' dir='ltr'><strong>carnis.</strong></span> <span class='ocrx_word' id='word_1_440' title='bbox 3401 2432 3545 2487; x_wconf 85' lang='lat' dir='ltr'><strong>Nihil</strong></span> <span class='ocrx_word' id='word_1_441' title='bbox 3586 2434 3659 2488; x_wconf 93' lang='lat' dir='ltr'><strong>ibi</strong></span> <span class='ocrx_word' id='word_1_442' title='bbox 3683 2445 3709 2482; x_wconf 76' lang='grc' dir='ltr'>ις</span> <span class='ocrx_word' id='word_1_443' title='bbox 3731 2435 3849 2489; x_wconf 40' lang='lat' dir='ltr'><strong>dum</strong></span> 
     </span>
    </p>
   </div>
   <div class='ocr_carea' id='block_1_54' title="bbox 2244 2527 3831 2596">
    <p class='ocr_par' dir='ltr' id='par_1_54' title="bbox 2244 2527 3831 2596">
     <span class='ocr_line' id='line_1_56' title="bbox 2244 2527 3831 2596; baseline 0.003 -15"><span class='ocrx_word' id='word_1_444' title='bbox 2244 2541 2336 2581; x_wconf 87' lang='lat' dir='ltr'><strong>cas</strong></span> <span class='ocrx_word' id='word_1_445' title='bbox 2365 2527 2718 2596; x_wconf 86' lang='lat' dir='ltr'><strong>impossibile,</strong></span> <span class='ocrx_word' id='word_1_446' title='bbox 2752 2528 2840 2581; x_wconf 94' lang='lat' dir='ltr'><strong>ubi</strong></span> <span class='ocrx_word' id='word_1_447' title='bbox 2879 2527 3066 2580; x_wconf 88' lang='lat' dir='ltr'><strong>aderat</strong></span> <span class='ocrx_word' id='word_1_448' title='bbox 3095 2527 3262 2580; x_wconf 89' lang='lat' dir='ltr'><strong>virtus</strong></span> <span class='ocrx_word' id='word_1_449' title='bbox 3291 2527 3561 2581; x_wconf 90' lang='lat' dir='ltr'><strong>altissimi.</strong></span> <span class='ocrx_word' id='word_1_450' title='bbox 3584 2527 3728 2583; x_wconf 87' lang='lat' dir='ltr'><strong>Nihil</strong></span> <span class='ocrx_word' id='word_1_451' title='bbox 3753 2530 3831 2585; x_wconf 85' lang='lat' dir='ltr'><strong>de</strong></span> 
     </span>
    </p>
   </div>
   <div class='ocr_carea' id='block_1_55' title="bbox 2241 2618 3843 2689">
    <p class='ocr_par' dir='ltr' id='par_1_55' title="bbox 2241 2618 3843 2689">
     <span class='ocr_line' id='line_1_57' title="bbox 2241 2618 3843 2689; baseline 0.001 -17"><span class='ocrx_word' id='word_1_452' title='bbox 2241 2618 2469 2673; x_wconf 87' lang='lat' dir='ltr'><strong>humana</strong></span> <span class='ocrx_word' id='word_1_453' title='bbox 2506 2619 2794 2689; x_wconf 79' lang='lat' dir='ltr'><strong>fragilitate</strong></span> <span class='ocrx_word' id='word_1_454' title='bbox 2816 2619 3042 2689; x_wconf 75' lang='lat' dir='ltr'><strong>cogites,</strong></span> <span class='ocrx_word' id='word_1_455' title='bbox 3070 2620 3154 2672; x_wconf 90' lang='lat' dir='ltr'><strong>ubi</strong></span> <span class='ocrx_word' id='word_1_456' title='bbox 3182 2618 3458 2688; x_wconf 82' lang='lat' dir='ltr'><strong>plenitudo</strong></span> <span class='ocrx_word' id='word_1_457' title='bbox 3488 2621 3664 2677; x_wconf 87' lang='lat' dir='ltr'><strong>inerat</strong></span> <span class='ocrx_word' id='word_1_458' title='bbox 3692 2622 3843 2676; x_wconf 64' lang='lat' dir='ltr'><strong>divi-</strong></span> 
     </span>
    </p>
   </div>
   <div class='ocr_carea' id='block_1_56' title="bbox 2238 2709 2443 2763">
    <p class='ocr_par' dir='ltr' id='par_1_56' title="bbox 2238 2709 2443 2763">
     <span class='ocr_line' id='line_1_58' title="bbox 2238 2709 2443 2763; baseline 0 0"><span class='ocrx_word' id='word_1_459' title='bbox 2238 2709 2443 2763; x_wconf 82' lang='lat' dir='ltr'><strong>uitatis.</strong></span> 
     </span>
    </p>
   </div>
   <div class='ocr_carea' id='block_1_57' title="bbox 2311 2800 3845 2863">
    <p class='ocr_par' dir='ltr' id='par_1_57' title="bbox 2311 2800 3845 2863">
     <span class='ocr_line' id='line_1_59' title="bbox 2311 2800 3845 2863; baseline 0.004 -8"><span class='ocrx_word' id='word_1_460' title='bbox 2311 2800 2399 2855; x_wconf 77' lang='lat' dir='ltr'><strong>M.</strong></span> <span class='ocrx_word' id='word_1_461' title='bbox 2442 2800 2763 2855; x_wconf 78' lang='lat' dir='ltr'><strong>Cauetrtxus</strong></span> <span class='ocrx_word' id='word_1_462' title='bbox 2809 2815 2904 2856; x_wconf 76' lang='lat' dir='ltr'><strong>suo</strong></span> <span class='ocrx_word' id='word_1_463' title='bbox 2952 2802 3155 2857; x_wconf 75' lang='lat' dir='ltr'><strong>Pou&#39;rto</strong></span> <span class='ocrx_word' id='word_1_464' title='bbox 3184 2803 3407 2863; x_wconf 77' lang='grc' dir='ltr'>Ριιιιτο,</span> <span class='ocrx_word' id='word_1_465' title='bbox 3454 2820 3521 2858; x_wconf 79' lang='grc' dir='ltr'>ιτ</span> <span class='ocrx_word' id='word_1_466' title='bbox 3564 2820 3845 2861; x_wconf 71' lang='lat' dir='ltr'><strong>seramus.</strong></span> 
     </span>
    </p>
   </div>
   <div class='ocr_carea' id='block_1_58' title="bbox 2240 2890 3843 2962">
    <p class='ocr_par' dir='ltr' id='par_1_58' title="bbox 2240 2890 3843 2962">
     <span class='ocr_line' id='line_1_60' title="bbox 2240 2890 3843 2962; baseline 0.002 -15"><span class='ocrx_word' id='word_1_467' title='bbox 2240 2909 2527 2947; x_wconf 76' lang='lat' dir='ltr'><strong>DESCENDIT</strong></span> <span class='ocrx_word' id='word_1_468' title='bbox 2550 2890 2577 2930; x_wconf 67' lang='grc' dir='ltr'>δ</span> <span class='ocrx_word' id='word_1_469' title='bbox 2603 2910 2668 2946; x_wconf 74' lang='lat' dir='ltr'><strong>so</strong></span> <span class='ocrx_word' id='word_1_470' title='bbox 2699 2909 2947 2947; x_wconf 74' lang='lat' dir='ltr'><strong>INFEBNA.</strong></span> <span class='ocrx_word' id='word_1_471' title='bbox 2980 2893 3142 2947; x_wconf 89' lang='lat' dir='ltr'><strong>Docet</strong></span> <span class='ocrx_word' id='word_1_472' title='bbox 3173 2896 3459 2962; x_wconf 80' lang='lat' dir='ltr'><strong>Apostolus</strong></span> <span class='ocrx_word' id='word_1_473' title='bbox 3490 2896 3710 2960; x_wconf 87' lang='lat' dir='ltr'><strong>Paulus,</strong></span> <span class='ocrx_word' id='word_1_474' title='bbox 3766 2898 3843 2951; x_wconf 52' lang='grc' dir='ltr'><strong>ιιι</strong></span> 
     </span>
    </p>
   </div>
   <div class='ocr_carea' id='block_1_59' title="bbox 2238 2982 3828 3057">
    <p class='ocr_par' dir='ltr' id='par_1_59' title="bbox 2238 2982 3828 3057">
     <span class='ocr_line' id='line_1_61' title="bbox 2238 2982 3828 3057; baseline 0.002 -21"><span class='ocrx_word' id='word_1_475' title='bbox 2238 2983 2525 3036; x_wconf 84' lang='lat' dir='ltr'><strong>luminatos</strong></span> <span class='ocrx_word' id='word_1_476' title='bbox 2560 2997 2681 3037; x_wconf 87' lang='lat' dir='ltr'><strong>esse</strong></span> <span class='ocrx_word' id='word_1_477' title='bbox 2723 2982 2922 3037; x_wconf 77' lang='lat' dir='ltr'><strong>debere</strong></span> <span class='ocrx_word' id='word_1_478' title='bbox 2949 2982 3134 3038; x_wconf 89' lang='lat' dir='ltr'><strong>oculos</strong></span> <span class='ocrx_word' id='word_1_479' title='bbox 3180 2982 3359 3037; x_wconf 89' lang='lat' dir='ltr'><strong>cordis</strong></span> <span class='ocrx_word' id='word_1_480' title='bbox 3409 2990 3575 3040; x_wconf 86' lang='lat' dir='ltr'><strong>nostri</strong></span> <span class='ocrx_word' id='word_1_481' title='bbox 3608 2985 3828 3057; x_wconf 68' lang='lat' dir='ltr'><strong>(Epiros.</strong></span> 
     </span>
    </p>
   </div>
   <div class='ocr_carea' id='block_1_60' title="bbox 2240 3073 3842 3145">
    <p class='ocr_par' dir='ltr' id='par_1_60' title="bbox 2240 3073 3842 3145">
     <span class='ocr_line' id='line_1_62' title="bbox 2240 3073 3842 3145; baseline 0.002 -15"><span class='ocrx_word' id='word_1_482' title='bbox 2240 3075 2340 3145; x_wconf 75' lang='grc'><strong>1.),</strong></span> <span class='ocrx_word' id='word_1_483' title='bbox 2381 3075 2446 3128; x_wconf 89' lang='lat' dir='ltr'><strong>ad</strong></span> <span class='ocrx_word' id='word_1_484' title='bbox 2491 3073 2919 3144; x_wconf 52' lang='lat' dir='ltr'><strong>intelligendum,</strong></span> <span class='ocrx_word' id='word_1_485' title='bbox 2951 3088 3070 3141; x_wconf 76' lang='lat' dir='ltr'><strong>qua:</strong></span> <span class='ocrx_word' id='word_1_486' title='bbox 3117 3074 3186 3129; x_wconf 80' lang='lat' dir='ltr'><strong>sit</strong></span> <span class='ocrx_word' id='word_1_487' title='bbox 3229 3074 3480 3144; x_wconf 88' lang='lat' dir='ltr'><strong>altitudo,</strong></span> <span class='ocrx_word' id='word_1_488' title='bbox 3510 3076 3734 3133; x_wconf 90' lang='lat' dir='ltr'><strong>latitudo</strong></span> <span class='ocrx_word' id='word_1_489' title='bbox 3776 3087 3842 3133; x_wconf 80' lang='lat' dir='ltr'><strong>et-</strong></span> 
     </span>
    </p>
   </div>
   <div class='ocr_carea' id='block_1_61' title="bbox 2240 3164 3842 3238">
    <p class='ocr_par' dir='ltr' id='par_1_61' title="bbox 2240 3164 3842 3238">
     <span class='ocr_line' id='line_1_63' title="bbox 2240 3164 3842 3238; baseline 0.001 -17"><span class='ocrx_word' id='word_1_490' title='bbox 2240 3167 2560 3238; x_wconf 82' lang='lat' dir='ltr'><strong>profundum</strong></span> <span class='ocrx_word' id='word_1_491' title='bbox 2593 3165 2757 3237; x_wconf 88' lang='lat' dir='ltr'><strong>(Ibid.</strong></span> <span class='ocrx_word' id='word_1_492' title='bbox 2787 3164 2892 3235; x_wconf 79' lang='lat'><strong>5.).</strong></span> <span class='ocrx_word' id='word_1_493' title='bbox 2924 3166 3162 3220; x_wconf 83' lang='lat' dir='ltr'><strong>Altitudo</strong></span> <span class='ocrx_word' id='word_1_494' title='bbox 3209 3182 3340 3237; x_wconf 81' lang='lat' dir='ltr'><strong>ergo</strong></span> <span class='ocrx_word' id='word_1_495' title='bbox 3386 3176 3443 3221; x_wconf 90' lang='lat' dir='ltr'><strong>et</strong></span> <span class='ocrx_word' id='word_1_496' title='bbox 3485 3168 3733 3234; x_wconf 87' lang='lat' dir='ltr'><strong>latitudo,</strong></span> <span class='ocrx_word' id='word_1_497' title='bbox 3776 3178 3842 3223; x_wconf 75' lang='lat' dir='ltr'><strong>ct</strong></span> 
     </span>
    </p>
   </div>
   <div class='ocr_carea' id='block_1_62' title="bbox 547 3244 3843 3335">
    <p class='ocr_par' dir='ltr' id='par_1_62' title="bbox 547 3244 3843 3335">
     <span class='ocr_line' id='line_1_64' title="bbox 547 3244 3843 3335; baseline -0.001 -17"><span class='ocrx_word' id='word_1_498' title='bbox 547 3269 635 3314; x_wconf 85' lang='lat' dir='ltr'><strong>tur</strong></span> <span class='ocrx_word' id='word_1_499' title='bbox 664 3276 800 3330; x_wconf 87' lang='lat' dir='ltr'><strong>opus</strong></span> <span class='ocrx_word' id='word_1_500' title='bbox 828 3276 984 3318; x_wconf 78' lang='lat' dir='ltr'><strong>Suum</strong></span> <span class='ocrx_word' id='word_1_501' title='bbox 1023 3267 1335 3334; x_wconf 86' lang='lat' dir='ltr'><strong>requirenti,</strong></span> <span class='ocrx_word' id='word_1_502' title='bbox 1372 3267 1541 3319; x_wconf 90' lang='lat' dir='ltr'><strong>multo</strong></span> <span class='ocrx_word' id='word_1_503' title='bbox 1582 3267 1750 3335; x_wconf 76' lang='lat' dir='ltr'><strong>magis</strong></span> <span class='ocrx_word' id='word_1_504' title='bbox 1780 3268 1827 3320; x_wconf 90' lang='lat' dir='ltr'><strong>ei</strong></span> <span class='ocrx_word' id='word_1_505' title='bbox 1859 3266 2129 3334; x_wconf 72' lang='lat' dir='ltr'><strong>rt&#39;pltlnbi-</strong></span> <span class='ocrx_word' id='word_1_506' title='bbox 2163 3244 2208 3303; x_wconf 70' lang='grc' dir='ltr'>ο</span> <span class='ocrx_word' id='word_1_507' title='bbox 2241 3259 2586 3329; x_wconf 87' lang='lat' dir='ltr'><strong>profundum,</strong></span> <span class='ocrx_word' id='word_1_508' title='bbox 2616 3257 2906 3326; x_wconf 83' lang='lat' dir='ltr'><strong>descriptio</strong></span> <span class='ocrx_word' id='word_1_509' title='bbox 2932 3261 3108 3313; x_wconf 89' lang='lat' dir='ltr'><strong>crucis</strong></span> <span class='ocrx_word' id='word_1_510' title='bbox 3132 3269 3216 3312; x_wconf 91' lang='lat' dir='ltr'><strong>est</strong></span> <span class='ocrx_word' id='word_1_511' title='bbox 3240 3274 3255 3312; x_wconf 89' lang='lat'><strong>:</strong></span> <span class='ocrx_word' id='word_1_512' title='bbox 3280 3258 3435 3328; x_wconf 88' lang='lat' dir='ltr'><strong>cujus</strong></span> <span class='ocrx_word' id='word_1_513' title='bbox 3474 3276 3592 3314; x_wconf 91' lang='lat' dir='ltr'><strong>eam</strong></span> <span class='ocrx_word' id='word_1_514' title='bbox 3620 3272 3843 3331; x_wconf 89' lang='lat' dir='ltr'><strong>partem.</strong></span> 
     </span>
    </p>
   </div>
   <div class='ocr_carea' id='block_1_63' title="bbox 547 3355 2130 3427">
    <p class='ocr_par' dir='ltr' id='par_1_63' title="bbox 547 3355 2130 3427">
     <span class='ocr_line' id='line_1_65' title="bbox 547 3355 2130 3427; baseline 0.005 -22"><span class='ocrx_word' id='word_1_515' title='bbox 547 3361 635 3406; x_wconf 91' lang='lat' dir='ltr'><strong>tur</strong></span> <span class='ocrx_word' id='word_1_516' title='bbox 681 3369 816 3422; x_wconf 86' lang='lat' dir='ltr'><strong>opus</strong></span> <span class='ocrx_word' id='word_1_517' title='bbox 847 3355 988 3411; x_wconf 85' lang='lat' dir='ltr'><strong>istud</strong></span> <span class='ocrx_word' id='word_1_518' title='bbox 1041 3357 1108 3412; x_wconf 90' lang='lat' dir='ltr'><strong>ab</strong></span> <span class='ocrx_word' id='word_1_519' title='bbox 1141 3358 1293 3413; x_wconf 90' lang='lat' dir='ltr'><strong>initio</strong></span> <span class='ocrx_word' id='word_1_520' title='bbox 1334 3358 1636 3413; x_wconf 80' lang='lat' dir='ltr'><strong>fabricanti.</strong></span> <span class='ocrx_word' id='word_1_521' title='bbox 1689 3360 1755 3414; x_wconf 80' lang='lat' dir='ltr'><strong>Et</strong></span> <span class='ocrx_word' id='word_1_522' title='bbox 1798 3360 2130 3427; x_wconf 82' lang='lat' dir='ltr'><strong>superﬂuum</strong></span> 
     </span>
    </p>
   </div>
   <div class='ocr_carea' id='block_1_64' title="bbox 543 3445 2129 3518">
    <p class='ocr_par' dir='ltr' id='par_1_64' title="bbox 543 3445 2129 3518">
     <span class='ocr_line' id='line_1_66' title="bbox 543 3445 2129 3518; baseline 0.005 -22"><span class='ocrx_word' id='word_1_523' title='bbox 543 3451 628 3497; x_wconf 85' lang='lat' dir='ltr'><strong>est</strong></span> <span class='ocrx_word' id='word_1_524' title='bbox 673 3445 871 3514; x_wconf 88' lang='lat' dir='ltr'><strong>dicere,</strong></span> <span class='ocrx_word' id='word_1_525' title='bbox 924 3462 1022 3501; x_wconf 92' lang='lat' dir='ltr'><strong>cur</strong></span> <span class='ocrx_word' id='word_1_526' title='bbox 1069 3464 1164 3518; x_wconf 91' lang='lat' dir='ltr'><strong>per</strong></span> <span class='ocrx_word' id='word_1_527' title='bbox 1210 3450 1468 3506; x_wconf 78' lang='lat' dir='ltr'><strong>obscaena</strong></span> <span class='ocrx_word' id='word_1_528' title='bbox 1510 3450 1806 3518; x_wconf 89' lang='lat' dir='ltr'><strong>transierit,</strong></span> <span class='ocrx_word' id='word_1_529' title='bbox 1858 3464 1979 3503; x_wconf 91' lang='lat' dir='ltr'><strong>cum</strong></span> <span class='ocrx_word' id='word_1_530' title='bbox 2022 3465 2129 3504; x_wconf 92' lang='lat' dir='ltr'><strong>non</strong></span> 
     </span>
    </p>
   </div>
   <div class='ocr_carea' id='block_1_65' title="bbox 612 3598 2127 3676">
    <p class='ocr_par' dir='ltr' id='par_1_65' title="bbox 612 3598 2127 3676">
     <span class='ocr_line' id='line_1_67' title="bbox 612 3598 2127 3676; baseline 0.005 -25"><span class='ocrx_word' id='word_1_531' title='bbox 612 3606 641 3635; x_wconf 72' lang='grc'><strong>⁸</strong></span> <span class='ocrx_word' id='word_1_532' title='bbox 670 3598 767 3676; x_wconf 75' lang='lat' dir='ltr'><strong>Alii</strong></span> <span class='ocrx_word' id='word_1_533' title='bbox 795 3600 999 3676; x_wconf 55' lang='lat' dir='ltr'><strong>dicent;</strong></span> <span class='ocrx_word' id='word_1_534' title='bbox 1026 3613 1080 3657; x_wconf 89' lang='lat' dir='ltr'><strong>et</strong></span> <span class='ocrx_word' id='word_1_535' title='bbox 1100 3605 1342 3676; x_wconf 79' lang='lat' dir='ltr'><strong>possibile</strong></span> <span class='ocrx_word' id='word_1_536' title='bbox 1363 3606 1569 3674; x_wconf 82' lang='lat' dir='ltr'><strong>quidem</strong></span> <span class='ocrx_word' id='word_1_537' title='bbox 1589 3605 1741 3671; x_wconf 76' lang='lat' dir='ltr'><strong>fuerit</strong></span> <span class='ocrx_word' id='word_1_538' title='bbox 1769 3603 1893 3676; x_wconf 75' lang='lat' dir='ltr'><strong>Deo,</strong></span> <span class='ocrx_word' id='word_1_539' title='bbox 1918 3612 1992 3669; x_wconf 89' lang='lat' dir='ltr'><strong>ut,</strong></span> <span class='ocrx_word' id='word_1_540' title='bbox 2017 3613 2127 3658; x_wconf 85' lang='lat' dir='ltr'><strong>etc.</strong></span> 
     </span>
    </p>
   </div>
   <div class='ocr_carea' id='block_1_66' title="bbox 544 3670 2128 3746">
    <p class='ocr_par' dir='ltr' id='par_1_66' title="bbox 544 3670 2128 3746">
     <span class='ocr_line' id='line_1_68' title="bbox 544 3670 2128 3746; baseline 0 -22"><span class='ocrx_word' id='word_1_541' title='bbox 544 3677 654 3746; x_wconf 62' lang='lat' dir='ltr'><strong>tuin</strong></span> <span class='ocrx_word' id='word_1_542' title='bbox 686 3671 837 3746; x_wconf 71' lang='lat' dir='ltr'><strong>fuerit</strong></span> <span class='ocrx_word' id='word_1_543' title='bbox 863 3670 1005 3746; x_wconf 68' lang='lat' dir='ltr'><strong>Deo,</strong></span> <span class='ocrx_word' id='word_1_544' title='bbox 1027 3685 1080 3727; x_wconf 90' lang='lat' dir='ltr'><strong>ut</strong></span> <span class='ocrx_word' id='word_1_545' title='bbox 1100 3670 1306 3742; x_wconf 71' lang='lat' dir='ltr'><strong>pareret</strong></span> <span class='ocrx_word' id='word_1_546' title='bbox 1331 3693 1349 3730; x_wconf 89' lang='lat'><strong><em>:</em></strong></span> <span class='ocrx_word' id='word_1_547' title='bbox 1374 3670 1532 3746; x_wconf 79' lang='lat' dir='ltr'><strong>quam</strong></span> <span class='ocrx_word' id='word_1_548' title='bbox 1556 3676 1838 3746; x_wconf 85' lang='lat' dir='ltr'><strong>lectionem</strong></span> <span class='ocrx_word' id='word_1_549' title='bbox 1864 3675 2128 3746; x_wconf 72' lang='lat' dir='ltr'><strong>Painelins</strong></span> 
     </span>
    </p>
   </div>
   <div class='ocr_carea' id='block_1_67' title="bbox 545 3735 2126 3813">
    <p class='ocr_par' dir='ltr' id='par_1_67' title="bbox 545 3735 2126 3813">
     <span class='ocr_line' id='line_1_69' title="bbox 545 3735 2126 3813; baseline 0.004 -22"><span class='ocrx_word' id='word_1_550' title='bbox 545 3735 929 3813; x_wconf 55' lang='lat' dir='ltr'><strong>oiitn&#39;induxit.</strong></span> <span class='ocrx_word' id='word_1_551' title='bbox 966 3735 1251 3801; x_wconf 82' lang='lat' dir='ltr'><strong>Nobiscum</strong></span> <span class='ocrx_word' id='word_1_552' title='bbox 1285 3735 1547 3801; x_wconf 48' lang='lat' dir='ltr'><strong>sive-cum</strong></span> <span class='ocrx_word' id='word_1_553' title='bbox 1582 3747 1791 3799; x_wconf 73' lang='lat' dir='ltr'><strong>Barrmo</strong></span> <span class='ocrx_word' id='word_1_554' title='bbox 1822 3745 1869 3813; x_wconf 69' lang='grc' dir='ltr'>(ιι</span> <span class='ocrx_word' id='word_1_555' title='bbox 1901 3760 2004 3811; x_wconf 83' lang='grc' dir='ltr'>ιμιο</span> <span class='ocrx_word' id='word_1_556' title='bbox 2026 3744 2126 3797; x_wconf 72' lang='grc' dir='ltr'><strong>ιιίδὶ</strong></span> 
     </span>
    </p>
   </div>
   <div class='ocr_carea' id='block_1_68' title="bbox 541 3810 2129 3884">
    <p class='ocr_par' dir='ltr' id='par_1_68' title="bbox 541 3810 2129 3884">
     <span class='ocr_line' id='line_1_70' title="bbox 541 3810 2129 3884; baseline 0.003 -22"><span class='ocrx_word' id='word_1_557' title='bbox 541 3810 710 3884; x_wconf 67' lang='lat' dir='ltr'><strong>sicubi</strong></span> <span class='ocrx_word' id='word_1_558' title='bbox 763 3827 983 3878; x_wconf 84' lang='lat' dir='ltr'><strong>peccare</strong></span> <span class='ocrx_word' id='word_1_559' title='bbox 1032 3818 1303 3883; x_wconf 86' lang='lat' dir='ltr'><strong>videatur,</strong></span> <span class='ocrx_word' id='word_1_560' title='bbox 1352 3831 1620 3884; x_wconf 88' lang='lat' dir='ltr'><strong>nunquam</strong></span> <span class='ocrx_word' id='word_1_561' title='bbox 1673 3810 2033 3883; x_wconf 85' lang='lat' dir='ltr'><strong>discedimus)</strong></span> <span class='ocrx_word' id='word_1_562' title='bbox 2074 3824 2129 3867; x_wconf 86' lang='lat' dir='ltr'><strong>et</strong></span> 
     </span>
    </p>
   </div>
   <div class='ocr_carea' id='block_1_69' title="bbox 542 3878 2126 4004">
    <p class='ocr_par' dir='ltr' id='par_1_69' title="bbox 542 3878 2126 4004">
     <span class='ocr_line' id='line_1_71' title="bbox 542 3878 2126 4004; baseline 0.004 -72"><span class='ocrx_word' id='word_1_563' title='bbox 542 3878 865 4004; x_wconf 51' lang='lat' dir='ltr'><strong>lFrobetnius,</strong></span> <span class='ocrx_word' id='word_1_564' title='bbox 911 3896 961 3939; x_wconf 90' lang='lat' dir='ltr'><strong>et</strong></span> <span class='ocrx_word' id='word_1_565' title='bbox 994 3887 1246 3941; x_wconf 85' lang='lat' dir='ltr'><strong>Morelius</strong></span> <span class='ocrx_word' id='word_1_566' title='bbox 1290 3878 1344 3941; x_wconf 82' lang='lat' dir='ltr'><strong>et</strong></span> <span class='ocrx_word' id='word_1_567' title='bbox 1392 3878 1711 3942; x_wconf 81' lang='lat' dir='ltr'><strong>vetustiores</strong></span> <span class='ocrx_word' id='word_1_568' title='bbox 1753 3886 1840 3937; x_wconf 86' lang='lat' dir='ltr'><strong>alii</strong></span> <span class='ocrx_word' id='word_1_569' title='bbox 1890 3878 2126 3940; x_wconf 84' lang='lat' dir='ltr'><strong>nonnulli</strong></span> 
     </span>
     <span class='ocr_line' id='line_1_72' title="bbox 561 3966 746 4004; baseline 0 0"><span class='ocrx_word' id='word_1_570' title='bbox 561 3966 699 4004; x_wconf 76' lang='lat' dir='ltr'><strong>eunn</strong></span> <span class='ocrx_word' id='word_1_571' title='bbox 733 3993 746 4004; x_wconf 93' lang='lat'><strong>.</strong></span> 
     </span>
    </p>
   </div>
   <div class='ocr_carea' id='block_1_70' title="bbox 561 3961 746 4018">
    <p class='ocr_par' dir='ltr' id='par_1_70' title="bbox 561 3961 746 4018">
     <span class='ocr_line' id='line_1_73' title="bbox 561 3961 746 4018; baseline 0 -13"><span class='ocrx_word' id='word_1_572' title='bbox 561 3961 746 4018; x_wconf 69' lang='lat' dir='ltr'><strong>tegunt.</strong></span> 
     </span>
    </p>
   </div>
   <div class='ocr_carea' id='block_1_71' title="bbox 610 4022 2129 4095">
    <p class='ocr_par' dir='ltr' id='par_1_71' title="bbox 610 4022 2129 4095">
     <span class='ocr_line' id='line_1_74' title="bbox 610 4022 2129 4095; baseline 0.003 -19"><span class='ocrx_word' id='word_1_573' title='bbox 610 4022 637 4060; x_wconf 69' lang='grc' dir='ltr'>δ</span> <span class='ocrx_word' id='word_1_574' title='bbox 660 4024 832 4091; x_wconf 87' lang='lat' dir='ltr'><strong>Atque</strong></span> <span class='ocrx_word' id='word_1_575' title='bbox 866 4025 983 4079; x_wconf 88' lang='lat' dir='ltr'><strong>beic</strong></span> <span class='ocrx_word' id='word_1_576' title='bbox 1013 4044 1243 4095; x_wconf 81' lang='lat' dir='ltr'><strong>egressus</strong></span> <span class='ocrx_word' id='word_1_577' title='bbox 1291 4028 1582 4081; x_wconf 90' lang='lat' dir='ltr'><strong>retinemus</strong></span> <span class='ocrx_word' id='word_1_578' title='bbox 1604 4068 1617 4087; x_wconf 85' lang='lat'><strong>,</strong></span> <span class='ocrx_word' id='word_1_579' title='bbox 1651 4025 1790 4093; x_wconf 88' lang='lat' dir='ltr'><strong>quod</strong></span> <span class='ocrx_word' id='word_1_580' title='bbox 1822 4034 1876 4078; x_wconf 92' lang='lat' dir='ltr'><strong>et</strong></span> <span class='ocrx_word' id='word_1_581' title='bbox 1905 4026 2129 4080; x_wconf 86' lang='lat' dir='ltr'><strong>concin-</strong></span> 
     </span>
    </p>
   </div>
   <div class='ocr_carea' id='block_1_72' title="bbox 539 4093 2123 4163">
    <p class='ocr_par' dir='ltr' id='par_1_72' title="bbox 539 4093 2123 4163">
     <span class='ocr_line' id='line_1_75' title="bbox 539 4093 2123 4163; baseline 0.003 -18"><span class='ocrx_word' id='word_1_582' title='bbox 539 4093 658 4147; x_wconf 87' lang='lat' dir='ltr'><strong>nius</strong></span> <span class='ocrx_word' id='word_1_583' title='bbox 710 4096 919 4150; x_wconf 89' lang='lat' dir='ltr'><strong>videtur</strong></span> <span class='ocrx_word' id='word_1_584' title='bbox 964 4093 1058 4157; x_wconf 78' lang='lat' dir='ltr'><strong>pro</strong></span> <span class='ocrx_word' id='word_1_585' title='bbox 1105 4114 1371 4160; x_wconf 72' lang='lat' dir='ltr'><strong>excessus,</strong></span> <span class='ocrx_word' id='word_1_586' title='bbox 1421 4097 1562 4163; x_wconf 88' lang='lat' dir='ltr'><strong>quod</strong></span> <span class='ocrx_word' id='word_1_587' title='bbox 1614 4096 1856 4148; x_wconf 81' lang='lat' dir='ltr'><strong>Baluzius</strong></span> <span class='ocrx_word' id='word_1_588' title='bbox 1897 4112 1961 4149; x_wconf 82' lang='lat' dir='ltr'><strong>ex</strong></span> <span class='ocrx_word' id='word_1_589' title='bbox 2004 4098 2123 4152; x_wconf 83' lang='lat' dir='ltr'><strong>rod.</strong></span> 
     </span>
    </p>
   </div>
   <div class='ocr_carea' id='block_1_73' title="bbox 537 4164 2125 4236">
    <p class='ocr_par' dir='ltr' id='par_1_73' title="bbox 537 4164 2125 4236">
     <span class='ocr_line' id='line_1_76' title="bbox 537 4164 2125 4236; baseline 0.002 -18"><span class='ocrx_word' id='word_1_590' title='bbox 537 4164 913 4235; x_wconf 77' lang='lat' dir='ltr'><strong>Sangerman.,</strong></span> <span class='ocrx_word' id='word_1_591' title='bbox 945 4167 1262 4233; x_wconf 73' lang='lat' dir='ltr'><strong>licmboldo,</strong></span> <span class='ocrx_word' id='word_1_592' title='bbox 1292 4177 1453 4236; x_wconf 86' lang='lat' dir='ltr'><strong>atque</strong></span> <span class='ocrx_word' id='word_1_593' title='bbox 1485 4167 1706 4220; x_wconf 82' lang='lat' dir='ltr'><strong>Erasmu</strong></span> <span class='ocrx_word' id='word_1_594' title='bbox 1739 4168 1971 4234; x_wconf 61' lang='lat' dir='ltr'><strong>prinlert.</strong></span> <span class='ocrx_word' id='word_1_595' title='bbox 2007 4167 2125 4221; x_wconf 78' lang='lat' dir='ltr'><strong>Mox</strong></span> 
     </span>
    </p>
   </div>
   <div class='ocr_carea' id='block_1_74' title="bbox 536 4239 2131 4307">
    <p class='ocr_par' dir='ltr' id='par_1_74' title="bbox 536 4239 2131 4307">
     <span class='ocr_line' id='line_1_77' title="bbox 536 4239 2131 4307; baseline 0.002 -18"><span class='ocrx_word' id='word_1_596' title='bbox 536 4245 714 4307; x_wconf 68' lang='lat' dir='ltr'><strong>autem</strong></span> <span class='ocrx_word' id='word_1_597' title='bbox 774 4239 920 4305; x_wconf 91' lang='lat' dir='ltr'><strong>ipse,</strong></span> <span class='ocrx_word' id='word_1_598' title='bbox 973 4251 1131 4307; x_wconf 91' lang='lat' dir='ltr'><strong>atque</strong></span> <span class='ocrx_word' id='word_1_599' title='bbox 1186 4239 1273 4291; x_wconf 92' lang='lat' dir='ltr'><strong>alii</strong></span> <span class='ocrx_word' id='word_1_600' title='bbox 1328 4253 1428 4290; x_wconf 90' lang='lat' dir='ltr'><strong>una</strong></span> <span class='ocrx_word' id='word_1_601' title='bbox 1487 4252 1675 4289; x_wconf 70' lang='lat' dir='ltr'><strong>omnes</strong></span> <span class='ocrx_word' id='word_1_602' title='bbox 1726 4240 1864 4291; x_wconf 89' lang='lat' dir='ltr'><strong>male</strong></span> <span class='ocrx_word' id='word_1_603' title='bbox 1911 4255 2131 4292; x_wconf 69' lang='lat' dir='ltr'><strong>onmvno</strong></span> 
     </span>
    </p>
   </div>
   <div class='ocr_carea' id='block_1_75' title="bbox 535 4305 2125 4375">
    <p class='ocr_par' dir='ltr' id='par_1_75' title="bbox 535 4305 2125 4375">
     <span class='ocr_line' id='line_1_78' title="bbox 535 4305 2125 4375; baseline 0.003 -17"><span class='ocrx_word' id='word_1_604' title='bbox 535 4305 754 4371; x_wconf 75' lang='lat' dir='ltr'><strong>habent,</strong></span> <span class='ocrx_word' id='word_1_605' title='bbox 784 4324 849 4361; x_wconf 76' lang='lat' dir='ltr'><strong>ea:</strong></span> <span class='ocrx_word' id='word_1_606' title='bbox 876 4308 1010 4360; x_wconf 73' lang='lat' dir='ltr'><strong>virili</strong></span> <span class='ocrx_word' id='word_1_607' title='bbox 1030 4305 1342 4360; x_wconf 67' lang='lat' dir='ltr'><strong>admixtione</strong></span> <span class='ocrx_word' id='word_1_608' title='bbox 1368 4309 1688 4361; x_wconf 76' lang='lat' dir='ltr'><strong>commixtio.</strong></span> <span class='ocrx_word' id='word_1_609' title='bbox 1724 4308 1877 4360; x_wconf 74' lang='lat' dir='ltr'><strong>&#39;I‘anti</strong></span> <span class='ocrx_word' id='word_1_610' title='bbox 1911 4309 1987 4362; x_wconf 83' lang='lat' dir='ltr'><strong>eis</strong></span> <span class='ocrx_word' id='word_1_611' title='bbox 2010 4311 2125 4375; x_wconf 84' lang='lat' dir='ltr'><strong>luit,</strong></span> 
     </span>
    </p>
   </div>
   <div class='ocr_carea' id='block_1_76' title="bbox 534 4376 1507 4446">
    <p class='ocr_par' dir='ltr' id='par_1_76' title="bbox 534 4376 1507 4446">
     <span class='ocr_line' id='line_1_79' title="bbox 534 4376 1507 4446; baseline 0.002 -17"><span class='ocrx_word' id='word_1_612' title='bbox 534 4376 878 4431; x_wconf 80' lang='lat' dir='ltr'><strong>Barrzeannm</strong></span> <span class='ocrx_word' id='word_1_613' title='bbox 909 4382 1182 4446; x_wconf 80' lang='lat' dir='ltr'><strong>exemplar</strong></span> <span class='ocrx_word' id='word_1_614' title='bbox 1215 4380 1507 4446; x_wconf 58' lang='lat' dir='ltr'><strong>ignorasse.</strong></span> 
     </span>
    </p>
   </div>
   <div class='ocr_carea' id='block_1_77' title="bbox 534 4448 2128 4568">
    <p class='ocr_par' dir='ltr' id='par_1_77' title="bbox 534 4448 2128 4568">
     <span class='ocr_line' id='line_1_80' title="bbox 534 4448 2128 4568; baseline 0.004 -70"><span class='ocrx_word' id='word_1_615' title='bbox 534 4517 589 4568; x_wconf 41' lang='grc' dir='ltr'><strong>ά.</strong></span> <span class='ocrx_word' id='word_1_616' title='bbox 609 4458 631 4485; x_wconf 75' lang='grc' dir='ltr'><strong><em>ο</em></strong></span> <span class='ocrx_word' id='word_1_617' title='bbox 656 4448 810 4516; x_wconf 84' lang='lat' dir='ltr'><strong>Apud</strong></span> <span class='ocrx_word' id='word_1_618' title='bbox 836 4448 969 4502; x_wconf 85' lang='lat' dir='ltr'><strong>alios</strong></span> <span class='ocrx_word' id='word_1_619' title='bbox 994 4451 1254 4516; x_wconf 73' lang='lat' dir='ltr'><strong>extremis,</strong></span> <span class='ocrx_word' id='word_1_620' title='bbox 1282 4457 1337 4501; x_wconf 87' lang='lat' dir='ltr'><strong>ut</strong></span> <span class='ocrx_word' id='word_1_621' title='bbox 1363 4449 1435 4501; x_wconf 84' lang='lat' dir='ltr'><strong>ita</strong></span> <span class='ocrx_word' id='word_1_622' title='bbox 1473 4449 1708 4514; x_wconf 65' lang='lat' dir='ltr'><strong>dixerim,</strong></span> <span class='ocrx_word' id='word_1_623' title='bbox 1740 4451 1930 4518; x_wconf 85' lang='lat' dir='ltr'><strong>plantis</strong></span> <span class='ocrx_word' id='word_1_624' title='bbox 1956 4451 2128 4522; x_wconf 83' lang='lat' dir='ltr'><strong>ingre-</strong></span> 
     </span>
     <span class='ocr_line' id='line_1_81' title="bbox 573 4529 730 4568; baseline 0 0"><span class='ocrx_word' id='word_1_625' title='bbox 573 4529 730 4568; x_wconf 80' lang='lat' dir='ltr'><strong>tatur.</strong></span> 
     </span>
    </p>
   </div>
   <div class='ocr_carea' id='block_1_78' title="bbox 573 4529 730 4570">
    <p class='ocr_par' dir='ltr' id='par_1_78' title="bbox 573 4529 730 4570">
     <span class='ocr_line' id='line_1_82' title="bbox 573 4529 730 4570; baseline 0.006 -2"><span class='ocrx_word' id='word_1_626' title='bbox 573 4529 730 4570; x_wconf 84' lang='lat' dir='ltr'><strong>tatur.</strong></span> 
     </span>
    </p>
   </div>
   <div class='ocr_carea' id='block_1_79' title="bbox 606 4585 2123 4658">
    <p class='ocr_par' dir='ltr' id='par_1_79' title="bbox 606 4585 2123 4658">
     <span class='ocr_line' id='line_1_83' title="bbox 606 4585 2123 4658; baseline 0.004 -19"><span class='ocrx_word' id='word_1_627' title='bbox 606 4585 632 4624; x_wconf 76' lang='grc' dir='ltr'>ἀ</span> <span class='ocrx_word' id='word_1_628' title='bbox 666 4587 850 4650; x_wconf 90' lang='lat' dir='ltr'><strong>Iidem,</strong></span> <span class='ocrx_word' id='word_1_629' title='bbox 896 4588 1093 4641; x_wconf 81' lang='lat' dir='ltr'><strong>intuere</strong></span> <span class='ocrx_word' id='word_1_630' title='bbox 1122 4605 1257 4641; x_wconf 86' lang='lat' dir='ltr'><strong>nunc</strong></span> <span class='ocrx_word' id='word_1_631' title='bbox 1277 4589 1400 4643; x_wconf 85' lang='lat' dir='ltr'><strong>solis</strong></span> <span class='ocrx_word' id='word_1_632' title='bbox 1429 4589 1624 4658; x_wconf 87' lang='lat' dir='ltr'><strong>radios,</strong></span> <span class='ocrx_word' id='word_1_633' title='bbox 1649 4591 1692 4643; x_wconf 86' lang='lat' dir='ltr'><strong>si</strong></span> <span class='ocrx_word' id='word_1_634' title='bbox 1722 4592 1774 4643; x_wconf 88' lang='lat' dir='ltr'><strong>in</strong></span> <span class='ocrx_word' id='word_1_635' title='bbox 1804 4592 1929 4645; x_wconf 69' lang='lat' dir='ltr'><strong>(teni</strong></span> <span class='ocrx_word' id='word_1_636' title='bbox 1961 4591 2123 4645; x_wconf 81' lang='lat' dir='ltr'><strong>alicu-</strong></span> 
     </span>
    </p>
   </div>
   <div class='ocr_carea' id='block_1_80' title="bbox 536 4656 2125 4731">
    <p class='ocr_par' dir='ltr' id='par_1_80' title="bbox 536 4656 2125 4731">
     <span class='ocr_line' id='line_1_84' title="bbox 536 4656 2125 4731; baseline 0.003 -22"><span class='ocrx_word' id='word_1_637' title='bbox 536 4656 641 4731; x_wconf 80' lang='lat' dir='ltr'><strong>ius,</strong></span> <span class='ocrx_word' id='word_1_638' title='bbox 663 4666 792 4731; x_wconf 83' lang='lat' dir='ltr'><strong>etc.,</strong></span> <span class='ocrx_word' id='word_1_639' title='bbox 819 4658 1305 4731; x_wconf 59' lang='lat' dir='ltr'><strong>tttitideiiiittantur,</strong></span> <span class='ocrx_word' id='word_1_640' title='bbox 1329 4668 1383 4712; x_wconf 89' lang='lat' dir='ltr'><strong>et</strong></span> <span class='ocrx_word' id='word_1_641' title='bbox 1399 4660 1593 4715; x_wconf 89' lang='lat' dir='ltr'><strong>deinde</strong></span> <span class='ocrx_word' id='word_1_642' title='bbox 1610 4656 1912 4731; x_wconf 77' lang='lat' dir='ltr'><strong>acquirunt,</strong></span> <span class='ocrx_word' id='word_1_643' title='bbox 1938 4679 2125 4730; x_wconf 90' lang='lat' dir='ltr'><strong>quem-</strong></span> 
     </span>
    </p>
   </div>
   <div class='ocr_carea' id='block_1_81' title="bbox 534 4726 2121 4800">
    <p class='ocr_par' dir='ltr' id='par_1_81' title="bbox 534 4726 2121 4800">
     <span class='ocr_line' id='line_1_85' title="bbox 534 4726 2121 4800; baseline 0.006 -20"><span class='ocrx_word' id='word_1_644' title='bbox 534 4726 822 4800; x_wconf 89' lang='lat' dir='ltr'><strong>a_dtn_odum</strong></span> <span class='ocrx_word' id='word_1_645' title='bbox 849 4738 901 4800; x_wconf 86' lang='lat' dir='ltr'><strong>et</strong></span> <span class='ocrx_word' id='word_1_646' title='bbox 933 4727 1198 4800; x_wconf 82' lang='lat' dir='ltr'><strong>Paiuelius</strong></span> <span class='ocrx_word' id='word_1_647' title='bbox 1227 4731 1353 4782; x_wconf 90' lang='lat' dir='ltr'><strong>olim</strong></span> <span class='ocrx_word' id='word_1_648' title='bbox 1378 4746 1440 4783; x_wconf 88' lang='lat' dir='ltr'><strong>ex</strong></span> <span class='ocrx_word' id='word_1_649' title='bbox 1467 4726 1771 4800; x_wconf 82' lang='lat' dir='ltr'><strong>conjectura</strong></span> <span class='ocrx_word' id='word_1_650' title='bbox 1803 4726 2025 4786; x_wconf 67' lang='lat' dir='ltr'><strong>(inuenti</strong></span> <span class='ocrx_word' id='word_1_651' title='bbox 2053 4751 2121 4789; x_wconf 74' lang='lat' dir='ltr'><strong>ex</strong></span> 
     </span>
    </p>
   </div>
   <div class='ocr_carea' id='block_1_82' title="bbox 538 4797 2122 4869">
    <p class='ocr_par' dir='ltr' id='par_1_82' title="bbox 538 4797 2122 4869">
     <span class='ocr_line' id='line_1_86' title="bbox 538 4797 2122 4869; baseline 0.004 -18"><span class='ocrx_word' id='word_1_652' title='bbox 538 4797 805 4851; x_wconf 87' lang='lat' dir='ltr'><strong>Frobenio</strong></span> <span class='ocrx_word' id='word_1_653' title='bbox 860 4799 1525 4869; x_wconf 76' lang='lat' dir='ltr'><strong>ittduxerat1quamquam</strong></span> <span class='ocrx_word' id='word_1_654' title='bbox 1565 4797 1663 4855; x_wconf 78' lang='lat' dir='ltr'><strong>iste</strong></span> <span class='ocrx_word' id='word_1_655' title='bbox 1706 4806 1882 4856; x_wconf 83' lang='lat' dir='ltr'><strong>omnia</strong></span> <span class='ocrx_word' id='word_1_656' title='bbox 1925 4806 2036 4857; x_wconf 66' lang='lat' dir='ltr'><strong>hinc</strong></span> <span class='ocrx_word' id='word_1_657' title='bbox 2069 4822 2122 4858; x_wconf 85' lang='lat' dir='ltr'><strong>tn</strong></span> 
     </span>
    </p>
   </div>
   <div class='ocr_carea' id='block_1_83' title="bbox 536 4869 2119 4944">
    <p class='ocr_par' dir='ltr' id='par_1_83' title="bbox 536 4869 2119 4944">
     <span class='ocr_line' id='line_1_87' title="bbox 536 4869 2119 4944; baseline 0.005 -23"><span class='ocrx_word' id='word_1_658' title='bbox 536 4869 790 4944; x_wconf 77' lang='lat' dir='ltr'><strong>singulari</strong></span> <span class='ocrx_word' id='word_1_659' title='bbox 816 4883 1041 4922; x_wconf 87' lang='lat' dir='ltr'><strong>numero</strong></span> <span class='ocrx_word' id='word_1_660' title='bbox 1062 4884 1182 4944; x_wconf 85' lang='lat' dir='ltr'><strong>cum</strong></span> <span class='ocrx_word' id='word_1_661' title='bbox 1203 4880 1323 4944; x_wconf 83' lang='lat' dir='ltr'><strong>vel.</strong></span> <span class='ocrx_word' id='word_1_662' title='bbox 1353 4874 1480 4944; x_wconf 77' lang='lat' dir='ltr'><strong>edit.</strong></span> <span class='ocrx_word' id='word_1_663' title='bbox 1509 4872 1739 4943; x_wconf 82' lang='lat' dir='ltr'><strong>legebat.</strong></span> <span class='ocrx_word' id='word_1_664' title='bbox 1765 4874 1865 4927; x_wconf 81' lang='lat' dir='ltr'><strong>Pro</strong></span> <span class='ocrx_word' id='word_1_665' title='bbox 1889 4890 1954 4928; x_wconf 88' lang='lat' dir='ltr'><strong>eo</strong></span> <span class='ocrx_word' id='word_1_666' title='bbox 1980 4878 2119 4944; x_wconf 87' lang='lat' dir='ltr'><strong>quod</strong></span> 
     </span>
    </p>
   </div>
   <div class='ocr_carea' id='block_1_84' title="bbox 535 4938 2119 5012">
    <p class='ocr_par' dir='ltr' id='par_1_84' title="bbox 535 4938 2119 5012">
     <span class='ocr_line' id='line_1_88' title="bbox 535 4938 2119 5012; baseline 0.006 -22"><span class='ocrx_word' id='word_1_667' title='bbox 535 4938 901 5012; x_wconf 68' lang='lat' dir='ltr'><strong>subsequitur,</strong></span> <span class='ocrx_word' id='word_1_668' title='bbox 965 4942 1329 5012; x_wconf 80' lang='lat' dir='ltr'><strong>numquidnam</strong></span> <span class='ocrx_word' id='word_1_669' title='bbox 1382 4938 1583 5010; x_wconf 79' lang='lat' dir='ltr'><strong>aliquid</strong></span> <span class='ocrx_word' id='word_1_670' title='bbox 1627 4948 1760 5008; x_wconf 85' lang='lat' dir='ltr'><strong>inde,</strong></span> <span class='ocrx_word' id='word_1_671' title='bbox 1814 4957 1942 5012; x_wconf 90' lang='lat' dir='ltr'><strong>etc.,</strong></span> <span class='ocrx_word' id='word_1_672' title='bbox 1996 4938 2119 5000; x_wconf 81' lang='lat' dir='ltr'><strong>cod.</strong></span> 
     </span>
    </p>
   </div>
   <div class='ocr_carea' id='block_1_85' title="bbox 535 5008 2113 5084">
    <p class='ocr_par' dir='ltr' id='par_1_85' title="bbox 535 5008 2113 5084">
     <span class='ocr_line' id='line_1_89' title="bbox 535 5008 2113 5084; baseline 0.006 -24"><span class='ocrx_word' id='word_1_673' title='bbox 535 5008 1046 5084; x_wconf 65' lang='lat' dir='ltr'><strong>Sangermanonsis,</strong></span> <span class='ocrx_word' id='word_1_674' title='bbox 1081 5008 1404 5067; x_wconf 73' lang='lat' dir='ltr'><strong>ltemboldus</strong></span> <span class='ocrx_word' id='word_1_675' title='bbox 1427 5008 1490 5067; x_wconf 84' lang='lat' dir='ltr'><strong>ac</strong></span> <span class='ocrx_word' id='word_1_676' title='bbox 1526 5016 1820 5081; x_wconf 81' lang='lat' dir='ltr'><strong>Morellins,</strong></span> <span class='ocrx_word' id='word_1_677' title='bbox 1864 5008 2113 5084; x_wconf 71' lang='lat' dir='ltr'><strong>numquid</strong></span> 
     </span>
    </p>
   </div>
   <div class='ocr_carea' id='block_1_86' title="bbox 534 5079 2116 5156">
    <p class='ocr_par' dir='ltr' id='par_1_86' title="bbox 534 5079 2116 5156">
     <span class='ocr_line' id='line_1_90' title="bbox 534 5079 2116 5156; baseline 0.008 -27"><span class='ocrx_word' id='word_1_678' title='bbox 534 5080 653 5156; x_wconf 78' lang='lat' dir='ltr'><strong>inde</strong></span> <span class='ocrx_word' id='word_1_679' title='bbox 668 5079 784 5156; x_wconf 71' lang='lat' dir='ltr'><strong>jam</strong></span> <span class='ocrx_word' id='word_1_680' title='bbox 822 5079 1053 5156; x_wconf 65' lang='lat' dir='ltr'><strong>aliquid;</strong></span> <span class='ocrx_word' id='word_1_681' title='bbox 1081 5092 1135 5136; x_wconf 90' lang='lat' dir='ltr'><strong>et</strong></span> <span class='ocrx_word' id='word_1_682' title='bbox 1165 5100 1261 5151; x_wconf 89' lang='lat' dir='ltr'><strong>pro</strong></span> <span class='ocrx_word' id='word_1_683' title='bbox 1291 5086 1493 5136; x_wconf 79' lang='lat' dir='ltr'><strong>ducitur</strong></span> <span class='ocrx_word' id='word_1_684' title='bbox 1524 5090 1575 5139; x_wconf 87' lang='lat' dir='ltr'><strong>in</strong></span> <span class='ocrx_word' id='word_1_685' title='bbox 1608 5079 1871 5156; x_wconf 83' lang='lat' dir='ltr'><strong>injuriam,</strong></span> <span class='ocrx_word' id='word_1_686' title='bbox 1904 5079 2116 5141; x_wconf 77' lang='lat' dir='ltr'><strong>ducetur</strong></span> 
     </span>
    </p>
   </div>
   <div class='ocr_carea' id='block_1_87' title="bbox 534 5149 1079 5217">
    <p class='ocr_par' dir='ltr' id='par_1_87' title="bbox 534 5149 1079 5217">
     <span class='ocr_line' id='line_1_91' title="bbox 534 5149 1079 5217; baseline 0.006 -17"><span class='ocrx_word' id='word_1_687' title='bbox 534 5149 741 5217; x_wconf 72' lang='lat' dir='ltr'><strong>injuriis</strong></span> <span class='ocrx_word' id='word_1_688' title='bbox 773 5151 1079 5217; x_wconf 64' lang='lat' dir='ltr'><strong>praeferunt.</strong></span> 
     </span>
    </p>
   </div>
   <div class='ocr_carea' id='block_1_88' title="bbox 609 5217 2120 5290">
    <p class='ocr_par' dir='ltr' id='par_1_88' title="bbox 609 5217 2120 5290">
     <span class='ocr_line' id='line_1_92' title="bbox 609 5217 2120 5290; baseline 0.009 -21"><span class='ocrx_word' id='word_1_689' title='bbox 609 5229 632 5255; x_wconf 76' lang='grc' dir='ltr'>ε</span> <span class='ocrx_word' id='word_1_690' title='bbox 658 5217 823 5272; x_wconf 88' lang='lat' dir='ltr'><strong>Vetus</strong></span> <span class='ocrx_word' id='word_1_691' title='bbox 855 5221 982 5272; x_wconf 88' lang='lat' dir='ltr'><strong>etlit.</strong></span> <span class='ocrx_word' id='word_1_692' title='bbox 1015 5221 1306 5278; x_wconf 80' lang='lat' dir='ltr'><strong>Oxoniens.</strong></span> <span class='ocrx_word' id='word_1_693' title='bbox 1338 5226 1407 5279; x_wconf 91' lang='lat' dir='ltr'><strong>ad</strong></span> <span class='ocrx_word' id='word_1_694' title='bbox 1433 5227 1739 5280; x_wconf 84' lang='lat' dir='ltr'><strong>solutionem</strong></span> <span class='ocrx_word' id='word_1_695' title='bbox 1786 5244 1999 5290; x_wconf 84' lang='lat' dir='ltr'><strong>vocare;</strong></span> <span class='ocrx_word' id='word_1_696' title='bbox 2029 5228 2120 5283; x_wconf 91' lang='lat' dir='ltr'><strong>alii</strong></span> 
     </span>
    </p>
   </div>
   <div class='ocr_carea' id='block_1_89' title="bbox 535 5288 2124 5370">
    <p class='ocr_par' dir='ltr' id='par_1_89' title="bbox 535 5288 2124 5370">
     <span class='ocr_line' id='line_1_93' title="bbox 535 5288 2124 5370; baseline 0.007 -29"><span class='ocrx_word' id='word_1_697' title='bbox 535 5288 599 5370; x_wconf 77' lang='lat' dir='ltr'><strong>ab</strong></span> <span class='ocrx_word' id='word_1_698' title='bbox 632 5289 950 5370; x_wconf 80' lang='lat' dir='ltr'><strong>absolutione</strong></span> <span class='ocrx_word' id='word_1_699' title='bbox 973 5307 1183 5359; x_wconf 73' lang='lat' dir='ltr'><strong>cacare;</strong></span> <span class='ocrx_word' id='word_1_700' title='bbox 1224 5299 1421 5349; x_wconf 78' lang='lat' dir='ltr'><strong>ret-tius</strong></span> <span class='ocrx_word' id='word_1_701' title='bbox 1446 5299 1508 5350; x_wconf 89' lang='lat' dir='ltr'><strong>ab</strong></span> <span class='ocrx_word' id='word_1_702' title='bbox 1530 5299 1815 5360; x_wconf 85' lang='lat' dir='ltr'><strong>solutione;</strong></span> <span class='ocrx_word' id='word_1_703' title='bbox 1842 5310 1947 5351; x_wconf 88' lang='lat' dir='ltr'><strong>tum</strong></span> <span class='ocrx_word' id='word_1_704' title='bbox 1973 5288 2124 5352; x_wconf 85' lang='lat' dir='ltr'><strong>omit-</strong></span> 
     </span>
    </p>
   </div>
   <div class='ocr_carea' id='block_1_90' title="bbox 535 5368 1946 5433">
    <p class='ocr_par' dir='ltr' id='par_1_90' title="bbox 535 5368 1946 5433">
     <span class='ocr_line' id='line_1_94' title="bbox 535 5368 1946 5433; baseline 0.008 -23"><span class='ocrx_word' id='word_1_705' title='bbox 535 5368 643 5433; x_wconf 77' lang='lat' dir='ltr'><strong>tam</strong></span> <span class='ocrx_word' id='word_1_706' title='bbox 661 5368 869 5433; x_wconf 68' lang='lat' dir='ltr'><strong>initiari</strong></span> <span class='ocrx_word' id='word_1_707' title='bbox 891 5376 1136 5429; x_wconf 84' lang='lat' dir='ltr'><strong>numero,</strong></span> <span class='ocrx_word' id='word_1_708' title='bbox 1163 5375 1218 5419; x_wconf 89' lang='lat' dir='ltr'><strong>et</strong></span> <span class='ocrx_word' id='word_1_709' title='bbox 1249 5384 1337 5431; x_wconf 84' lang='lat' dir='ltr'><strong>per</strong></span> <span class='ocrx_word' id='word_1_710' title='bbox 1363 5385 1557 5433; x_wconf 66' lang='lat' dir='ltr'><strong>omn&#39;a,</strong></span> <span class='ocrx_word' id='word_1_711' title='bbox 1591 5384 1685 5433; x_wconf 87' lang='lat' dir='ltr'><strong>pro</strong></span> <span class='ocrx_word' id='word_1_712' title='bbox 1714 5371 1946 5421; x_wconf 84' lang='lat' dir='ltr'><strong>omnino.</strong></span> 
     </span>
    </p>
   </div>
   <div class='ocr_carea' id='block_1_91' title="bbox 558 5428 2124 5511">
    <p class='ocr_par' dir='ltr' id='par_1_91' title="bbox 558 5428 2124 5511">
     <span class='ocr_line' id='line_1_95' title="bbox 558 5428 2124 5511; baseline 0.006 -30"><span class='ocrx_word' id='word_1_713' title='bbox 558 5499 569 5511; x_wconf 42' lang='lat'><em>.</em></span> <span class='ocrx_word' id='word_1_714' title='bbox 611 5428 807 5485; x_wconf 74' lang='lat' dir='ltr'><strong>‘llunc</strong></span> <span class='ocrx_word' id='word_1_715' title='bbox 852 5430 1035 5511; x_wconf 57' lang='lat' dir='ltr'><strong>locum</strong></span> <span class='ocrx_word' id='word_1_716' title='bbox 1066 5428 1378 5511; x_wconf 30' lang='lat' dir='ltr'><strong>Acassiattus</strong></span> <span class='ocrx_word' id='word_1_717' title='bbox 1414 5428 1716 5511; x_wconf 41' lang='lat' dir='ltr'><strong>Libro&#39;Vll.</strong></span> <span class='ocrx_word' id='word_1_718' title='bbox 1762 5442 1828 5511; x_wconf 86' lang='lat' dir='ltr'><strong>de</strong></span> <span class='ocrx_word' id='word_1_719' title='bbox 1875 5441 2124 5492; x_wconf 76' lang='lat' dir='ltr'><strong>lnnarna-</strong></span> 
     </span>
    </p>
   </div>
   <div class='ocr_carea' id='block_1_92' title="bbox 535 5500 2124 5579">
    <p class='ocr_par' dir='ltr' id='par_1_92' title="bbox 535 5500 2124 5579">
     <span class='ocr_line' id='line_1_96' title="bbox 535 5500 2124 5579; baseline 0.006 -28"><span class='ocrx_word' id='word_1_720' title='bbox 535 5500 680 5579; x_wconf 76' lang='lat' dir='ltr'><strong>tione</strong></span> <span class='ocrx_word' id='word_1_721' title='bbox 701 5517 816 5579; x_wconf 72' lang='lat' dir='ltr'><strong>cap.</strong></span> <span class='ocrx_word' id='word_1_722' title='bbox 850 5500 947 5579; x_wconf 64' lang='lat'><strong>27.</strong></span> <span class='ocrx_word' id='word_1_723' title='bbox 973 5506 1180 5579; x_wconf 83' lang='lat' dir='ltr'><strong>recitat,</strong></span> <span class='ocrx_word' id='word_1_724' title='bbox 1209 5522 1329 5560; x_wconf 89' lang='lat' dir='ltr'><strong>cum</strong></span> <span class='ocrx_word' id='word_1_725' title='bbox 1369 5510 1562 5578; x_wconf 72' lang='lat' dir='ltr'><strong>insigni</strong></span> <span class='ocrx_word' id='word_1_726' title='bbox 1605 5510 1823 5563; x_wconf 89' lang='lat' dir='ltr'><strong>honoris</strong></span> <span class='ocrx_word' id='word_1_727' title='bbox 1855 5511 2124 5579; x_wconf 82' lang='lat' dir='ltr'><strong>sigoilica-</strong></span> 
     </span>
    </p>
   </div>
   <div class='ocr_carea' id='block_1_93' title="bbox 534 5573 2118 5646">
    <p class='ocr_par' dir='ltr' id='par_1_93' title="bbox 534 5573 2118 5646">
     <span class='ocr_line' id='line_1_97' title="bbox 534 5573 2118 5646; baseline 0.004 -23"><span class='ocrx_word' id='word_1_728' title='bbox 534 5573 701 5646; x_wconf 27' lang='lat' dir='ltr'><strong>tiunAe,</strong></span> <span class='ocrx_word' id='word_1_729' title='bbox 734 5573 979 5627; x_wconf 82' lang='lat' dir='ltr'><strong>Auctoris</strong></span> <span class='ocrx_word' id='word_1_730' title='bbox 1002 5578 1081 5630; x_wconf 91' lang='lat' dir='ltr'><strong>sui</strong></span> <span class='ocrx_word' id='word_1_731' title='bbox 1114 5578 1288 5632; x_wconf 72' lang='lat' dir='ltr'><strong>liulini</strong></span> <span class='ocrx_word' id='word_1_732' title='bbox 1323 5573 1516 5633; x_wconf 71' lang='lat' dir='ltr'><strong>noonein</strong></span> <span class='ocrx_word' id='word_1_733' title='bbox 1551 5593 1600 5630; x_wconf 86' lang='lat' dir='ltr'><strong>et</strong></span> <span class='ocrx_word' id='word_1_734' title='bbox 1627 5579 1810 5632; x_wconf 74' lang='lat' dir='ltr'><strong>laudes</strong></span> <span class='ocrx_word' id='word_1_735' title='bbox 1842 5573 2118 5646; x_wconf 65' lang='lat' dir='ltr'><strong>prail‘atns.</strong></span> 
     </span>
    </p>
   </div>
   <div class='ocr_carea' id='block_1_94' title="bbox 538 5640 2124 5716">
    <p class='ocr_par' dir='ltr' id='par_1_94' title="bbox 538 5640 2124 5716">
     <span class='ocr_line' id='line_1_98' title="bbox 538 5640 2124 5716; baseline 0.004 -23"><span class='ocrx_word' id='word_1_736' title='bbox 538 5640 756 5710; x_wconf 77' lang='lat' dir='ltr'><strong>Ruﬁnus</strong></span> <span class='ocrx_word' id='word_1_737' title='bbox 777 5660 989 5716; x_wconf 70' lang='lat' dir='ltr'><strong>quoque.</strong></span> <span class='ocrx_word' id='word_1_738' title='bbox 1024 5649 1117 5711; x_wconf 89' lang='lat' dir='ltr'><strong>ait,</strong></span> <span class='ocrx_word' id='word_1_739' title='bbox 1152 5648 1461 5704; x_wconf 73' lang='lat' dir='ltr'><strong>Christiana:</strong></span> <span class='ocrx_word' id='word_1_740' title='bbox 1493 5640 1951 5716; x_wconf 47' lang='lat' dir='ltr'><strong>pltilosOpltiaz&#39;t&#39;ir,</strong></span> <span class='ocrx_word' id='word_1_741' title='bbox 1984 5649 2124 5701; x_wconf 86' lang='lat' dir='ltr'><strong>haud</strong></span> 
     </span>
    </p>
   </div>
   <div class='ocr_carea' id='block_1_95' title="bbox 532 5713 2123 5784">
    <p class='ocr_par' dir='ltr' id='par_1_95' title="bbox 532 5713 2123 5784">
     <span class='ocr_line' id='line_1_99' title="bbox 532 5713 2123 5784; baseline 0.004 -22"><span class='ocrx_word' id='word_1_742' title='bbox 532 5716 894 5766; x_wconf 82' lang='lat' dir='ltr'><strong>eontetnnenda</strong></span> <span class='ocrx_word' id='word_1_743' title='bbox 927 5713 1401 5774; x_wconf 77' lang='lat' dir='ltr'><strong>Ecclesiasticorum</strong></span> <span class='ocrx_word' id='word_1_744' title='bbox 1433 5713 1706 5772; x_wconf 73' lang='lat' dir='ltr'><strong>doctorum</strong></span> <span class='ocrx_word' id='word_1_745' title='bbox 1732 5722 1919 5784; x_wconf 84' lang='lat' dir='ltr'><strong>portio,</strong></span> <span class='ocrx_word' id='word_1_746' title='bbox 1952 5720 2025 5771; x_wconf 85' lang='lat' dir='ltr'><strong>ita</strong></span> <span class='ocrx_word' id='word_1_747' title='bbox 2069 5720 2123 5769; x_wconf 85' lang='lat' dir='ltr'><strong>in</strong></span> 
     </span>
    </p>
   </div>
   <div class='ocr_carea' id='block_1_96' title="bbox 537 5784 2121 5856">
    <p class='ocr_par' dir='ltr' id='par_1_96' title="bbox 537 5784 2121 5856">
     <span class='ocr_line' id='line_1_100' title="bbox 537 5784 2121 5856; baseline 0.001 -18"><span class='ocrx_word' id='word_1_748' title='bbox 537 5784 864 5856; x_wconf 43' lang='lat' dir='ltr'><strong>Expositione</strong></span> <span class='ocrx_word' id='word_1_749' title='bbox 916 5787 1147 5856; x_wconf 75' lang='lat' dir='ltr'><strong>Syntboli</strong></span> <span class='ocrx_word' id='word_1_750' title='bbox 1190 5793 1255 5845; x_wconf 85' lang='lat' dir='ltr'><strong>de</strong></span> <span class='ocrx_word' id='word_1_751' title='bbox 1300 5791 1509 5844; x_wconf 85' lang='lat' dir='ltr'><strong>Domini</strong></span> <span class='ocrx_word' id='word_1_752' title='bbox 1556 5789 1818 5841; x_wconf 84' lang='lat' dir='ltr'><strong>nativitate</strong></span> <span class='ocrx_word' id='word_1_753' title='bbox 1863 5797 2121 5839; x_wconf 81' lang='lat' dir='ltr'><strong>testatur:</strong></span> 
     </span>
    </p>
   </div>
   <div class='ocr_carea' id='block_1_97' title="bbox 536 5852 2121 5928">
    <p class='ocr_par' dir='ltr' id='par_1_97' title="bbox 536 5852 2121 5928">
     <span class='ocr_line' id='line_1_101' title="bbox 536 5852 2121 5928; baseline 0.002 -21"><span class='ocrx_word' id='word_1_754' title='bbox 536 5852 705 5915; x_wconf 78' lang='lat' dir='ltr'><strong>Fu’ius</strong></span> <span class='ocrx_word' id='word_1_755' title='bbox 759 5857 916 5922; x_wconf 87' lang='lat' dir='ltr'><strong>enim,</strong></span> <span class='ocrx_word' id='word_1_756' title='bbox 961 5852 1153 5928; x_wconf 72' lang='lat' dir='ltr'><strong>inquit,</strong></span> <span class='ocrx_word' id='word_1_757' title='bbox 1208 5862 1300 5917; x_wconf 82' lang='lat' dir='ltr'><strong>Dei</strong></span> <span class='ocrx_word' id='word_1_758' title='bbox 1346 5862 1575 5915; x_wconf 87' lang='lat' dir='ltr'><strong>nascitur</strong></span> <span class='ocrx_word' id='word_1_759' title='bbox 1607 5875 1671 5912; x_wconf 53' lang='lat' dir='ltr'><strong>es</strong></span> <span class='ocrx_word' id='word_1_760' title='bbox 1738 5856 1964 5927; x_wconf 81' lang='lat' dir='ltr'><strong>Virgine,</strong></span> <span class='ocrx_word' id='word_1_761' title='bbox 2019 5873 2121 5910; x_wconf 91' lang='lat' dir='ltr'><strong>non</strong></span> 
     </span>
    </p>
   </div>
   <div class='ocr_carea' id='block_1_98' title="bbox 2155 4554 2205 4612">
    <p class='ocr_par' dir='ltr' id='par_1_98' title="bbox 2155 4554 2205 4612">
     <span class='ocr_line' id='line_1_102' title="bbox 2155 4554 2205 4612; baseline 0 0"><span class='ocrx_word' id='word_1_762' title='bbox 2155 4554 2205 4612; x_wconf 90' lang='lat' dir='ltr'><strong>D</strong></span> 
     </span>
    </p>
   </div>
   <div class='ocr_carea' id='block_1_99' title="bbox 2236 3348 3837 3421">
    <p class='ocr_par' dir='ltr' id='par_1_99' title="bbox 2236 3348 3837 3421">
     <span class='ocr_line' id='line_1_103' title="bbox 2236 3348 3837 3421; baseline 0.002 -17"><span class='ocrx_word' id='word_1_763' title='bbox 2236 3366 2356 3421; x_wconf 69' lang='lat' dir='ltr'><strong>quae</strong></span> <span class='ocrx_word' id='word_1_764' title='bbox 2386 3352 2437 3404; x_wconf 93' lang='lat' dir='ltr'><strong>in</strong></span> <span class='ocrx_word' id='word_1_765' title='bbox 2471 3358 2613 3404; x_wconf 85' lang='lat' dir='ltr'><strong>terra</strong></span> <span class='ocrx_word' id='word_1_766' title='bbox 2638 3349 2813 3404; x_wconf 78' lang='lat' dir='ltr'><strong>deﬁxa</strong></span> <span class='ocrx_word' id='word_1_767' title='bbox 2844 3357 2949 3413; x_wconf 92' lang='lat' dir='ltr'><strong>est,</strong></span> <span class='ocrx_word' id='word_1_768' title='bbox 2980 3348 3304 3418; x_wconf 79' lang='lat' dir='ltr'><strong>profundum</strong></span> <span class='ocrx_word' id='word_1_769' title='bbox 3332 3350 3642 3420; x_wconf 85' lang='lat' dir='ltr'><strong>appellavit.</strong></span> <span class='ocrx_word' id='word_1_770' title='bbox 3688 3354 3837 3407; x_wconf 70' lang='lat' dir='ltr'><strong>Alti-</strong></span> 
     </span>
    </p>
   </div>
   <div class='ocr_carea' id='block_1_100' title="bbox 2239 3440 3825 3513">
    <p class='ocr_par' dir='ltr' id='par_1_100' title="bbox 2239 3440 3825 3513">
     <span class='ocr_line' id='line_1_104' title="bbox 2239 3440 3825 3513; baseline 0.003 -17"><span class='ocrx_word' id='word_1_771' title='bbox 2239 3440 2474 3496; x_wconf 89' lang='lat' dir='ltr'><strong>tudinem</strong></span> <span class='ocrx_word' id='word_1_772' title='bbox 2518 3456 2648 3495; x_wconf 88' lang='lat' dir='ltr'><strong>vero</strong></span> <span class='ocrx_word' id='word_1_773' title='bbox 2695 3441 2864 3505; x_wconf 87' lang='lat' dir='ltr'><strong>illam,</strong></span> <span class='ocrx_word' id='word_1_774' title='bbox 2915 3455 3036 3510; x_wconf 65' lang='lat' dir='ltr'><strong>quae</strong></span> <span class='ocrx_word' id='word_1_775' title='bbox 3086 3457 3248 3511; x_wconf 85' lang='lat' dir='ltr'><strong>super</strong></span> <span class='ocrx_word' id='word_1_776' title='bbox 3280 3440 3295 3478; x_wconf 78' lang='grc' dir='ltr'><strong>ί</strong></span> <span class='ocrx_word' id='word_1_777' title='bbox 3327 3450 3525 3497; x_wconf 88' lang='lat' dir='ltr'><strong>terram</strong></span> <span class='ocrx_word' id='word_1_778' title='bbox 3577 3454 3825 3513; x_wconf 85' lang='lat' dir='ltr'><strong>porrecta</strong></span> 
     </span>
    </p>
   </div>
   <div class='ocr_carea' id='block_1_101' title="bbox 2236 3598 3827 3669">
    <p class='ocr_par' dir='ltr' id='par_1_101' title="bbox 2236 3598 3827 3669">
     <span class='ocr_line' id='line_1_105' title="bbox 2236 3598 3827 3669; baseline 0.001 -17"><span class='ocrx_word' id='word_1_779' title='bbox 2236 3600 2585 3669; x_wconf 85' lang='lat' dir='ltr'><strong>principaliter</strong></span> <span class='ocrx_word' id='word_1_780' title='bbox 2610 3598 2709 3653; x_wconf 81' lang='lat' dir='ltr'><strong>soli</strong></span> <span class='ocrx_word' id='word_1_781' title='bbox 2753 3599 2901 3652; x_wconf 84' lang='lat' dir='ltr'><strong>carni</strong></span> <span class='ocrx_word' id='word_1_782' title='bbox 2942 3600 3190 3664; x_wconf 76' lang='lat' dir='ltr'><strong>sociatus,</strong></span> <span class='ocrx_word' id='word_1_783' title='bbox 3222 3601 3310 3653; x_wconf 88' lang='lat' dir='ltr'><strong>sed</strong></span> <span class='ocrx_word' id='word_1_784' title='bbox 3347 3600 3519 3652; x_wconf 81' lang='lat' dir='ltr'><strong>animo</strong></span> <span class='ocrx_word' id='word_1_785' title='bbox 3548 3600 3683 3655; x_wconf 86' lang='lat' dir='ltr'><strong>inter</strong></span> <span class='ocrx_word' id='word_1_786' title='bbox 3713 3618 3827 3654; x_wconf 89' lang='lat' dir='ltr'><strong>car-</strong></span> 
     </span>
    </p>
   </div>
   <div class='ocr_carea' id='block_1_102' title="bbox 2237 3670 3825 3742">
    <p class='ocr_par' dir='ltr' id='par_1_102' title="bbox 2237 3670 3825 3742">
     <span class='ocr_line' id='line_1_106' title="bbox 2237 3670 3825 3742; baseline 0.002 -20"><span class='ocrx_word' id='word_1_787' title='bbox 2237 3670 2656 3742; x_wconf 83' lang='lat' dir='ltr'><strong>nem,l)eumque</strong></span> <span class='ocrx_word' id='word_1_788' title='bbox 2683 3671 2958 3733; x_wconf 80' lang='lat' dir='ltr'><strong>mediante,</strong></span> <span class='ocrx_word' id='word_1_789' title='bbox 2984 3680 3275 3742; x_wconf 77' lang='lat' dir='ltr'><strong>generatus.</strong></span> <span class='ocrx_word' id='word_1_790' title='bbox 3306 3670 3412 3742; x_wconf 87' lang='lat' dir='ltr'><strong>Nos</strong></span> <span class='ocrx_word' id='word_1_791' title='bbox 3442 3686 3505 3725; x_wconf 78' lang='lat' dir='ltr'><strong>ex</strong></span> <span class='ocrx_word' id='word_1_792' title='bbox 3541 3671 3642 3724; x_wconf 90' lang='lat' dir='ltr'><strong>hoc</strong></span> <span class='ocrx_word' id='word_1_793' title='bbox 3663 3673 3825 3725; x_wconf 88' lang='lat' dir='ltr'><strong>etiam</strong></span> 
     </span>
    </p>
   </div>
   <div class='ocr_carea' id='block_1_103' title="bbox 2238 3741 3826 3808">
    <p class='ocr_par' dir='ltr' id='par_1_103' title="bbox 2238 3741 3826 3808">
     <span class='ocr_line' id='line_1_107' title="bbox 2238 3741 3826 3808; baseline 0.002 -14"><span class='ocrx_word' id='word_1_794' title='bbox 2238 3741 2478 3794; x_wconf 82' lang='lat' dir='ltr'><strong>Cassiani</strong></span> <span class='ocrx_word' id='word_1_795' title='bbox 2527 3742 2854 3804; x_wconf 87' lang='lat' dir='ltr'><strong>testimonio,</strong></span> <span class='ocrx_word' id='word_1_796' title='bbox 2909 3741 3057 3794; x_wconf 84' lang='lat' dir='ltr'><strong>utet</strong></span> <span class='ocrx_word' id='word_1_797' title='bbox 3102 3742 3326 3796; x_wconf 86' lang='lat' dir='ltr'><strong>aliorum</strong></span> <span class='ocrx_word' id='word_1_798' title='bbox 3377 3741 3635 3796; x_wconf 87' lang='lat' dir='ltr'><strong>librorum</strong></span> <span class='ocrx_word' id='word_1_799' title='bbox 3687 3745 3826 3808; x_wconf 85' lang='lat' dir='ltr'><strong>Iide,</strong></span> 
     </span>
    </p>
   </div>
   <div class='ocr_carea' id='block_1_104' title="bbox 2238 3811 3824 3879">
    <p class='ocr_par' dir='ltr' id='par_1_104' title="bbox 2238 3811 3824 3879">
     <span class='ocr_line' id='line_1_108' title="bbox 2238 3811 3824 3879; baseline 0.003 -16"><span class='ocrx_word' id='word_1_800' title='bbox 2238 3811 2497 3864; x_wconf 91' lang='lat' dir='ltr'><strong>nonnulla</strong></span> <span class='ocrx_word' id='word_1_801' title='bbox 2525 3811 2644 3865; x_wconf 88' lang='lat' dir='ltr'><strong>heic</strong></span> <span class='ocrx_word' id='word_1_802' title='bbox 2672 3811 3023 3875; x_wconf 88' lang='lat' dir='ltr'><strong>restituimus,</strong></span> <span class='ocrx_word' id='word_1_803' title='bbox 3053 3828 3173 3879; x_wconf 79' lang='lat' dir='ltr'><strong>qua:</strong></span> <span class='ocrx_word' id='word_1_804' title='bbox 3205 3814 3341 3866; x_wconf 90' lang='lat' dir='ltr'><strong>haud</strong></span> <span class='ocrx_word' id='word_1_805' title='bbox 3375 3822 3518 3867; x_wconf 90' lang='lat' dir='ltr'><strong>recte</strong></span> <span class='ocrx_word' id='word_1_806' title='bbox 3548 3814 3824 3868; x_wconf 88' lang='lat' dir='ltr'><strong>habebant</strong></span> 
     </span>
    </p>
   </div>
   <div class='ocr_carea' id='block_1_105' title="bbox 2238 3882 3825 3949">
    <p class='ocr_par' dir='ltr' id='par_1_105' title="bbox 2238 3882 3825 3949">
     <span class='ocr_line' id='line_1_109' title="bbox 2238 3882 3825 3949; baseline 0 -16"><span class='ocrx_word' id='word_1_807' title='bbox 2238 3882 2288 3933; x_wconf 91' lang='lat' dir='ltr'><strong>in</strong></span> <span class='ocrx_word' id='word_1_808' title='bbox 2323 3882 2606 3935; x_wconf 66' lang='lat' dir='ltr'><strong>Barraaano</strong></span> <span class='ocrx_word' id='word_1_809' title='bbox 2635 3883 2949 3948; x_wconf 75' lang='lat' dir='ltr'><strong>exemplari,</strong></span> <span class='ocrx_word' id='word_1_810' title='bbox 2980 3883 3205 3949; x_wconf 89' lang='lat' dir='ltr'><strong>scilicet,</strong></span> <span class='ocrx_word' id='word_1_811' title='bbox 3231 3885 3319 3936; x_wconf 89' lang='lat' dir='ltr'><strong>sed</strong></span> <span class='ocrx_word' id='word_1_812' title='bbox 3342 3885 3391 3935; x_wconf 87' lang='lat' dir='ltr'><strong>in</strong></span> <span class='ocrx_word' id='word_1_813' title='bbox 3417 3884 3590 3936; x_wconf 83' lang='lat' dir='ltr'><strong>animo</strong></span> <span class='ocrx_word' id='word_1_814' title='bbox 3617 3884 3671 3936; x_wconf 85' lang='lat' dir='ltr'><strong>in</strong></span> <span class='ocrx_word' id='word_1_815' title='bbox 3705 3901 3825 3936; x_wconf 78' lang='lat' dir='ltr'><strong>car-</strong></span> 
     </span>
    </p>
   </div>
   <div class='ocr_carea' id='block_1_106' title="bbox 2236 3951 3824 4023">
    <p class='ocr_par' dir='ltr' id='par_1_106' title="bbox 2236 3951 3824 4023">
     <span class='ocr_line' id='line_1_110' title="bbox 2236 3951 3824 4023; baseline 0.003 -20"><span class='ocrx_word' id='word_1_816' title='bbox 2236 3967 2445 4005; x_wconf 83' lang='lat' dir='ltr'><strong>nem....</strong></span> <span class='ocrx_word' id='word_1_817' title='bbox 2476 3964 2769 4023; x_wconf 87' lang='lat' dir='ltr'><strong>generatur.</strong></span> <span class='ocrx_word' id='word_1_818' title='bbox 2800 3951 2966 4006; x_wconf 84' lang='lat' dir='ltr'><strong>Porro</strong></span> <span class='ocrx_word' id='word_1_819' title='bbox 2999 3968 3097 4006; x_wconf 89' lang='lat' dir='ltr'><strong>nec</strong></span> <span class='ocrx_word' id='word_1_820' title='bbox 3129 3953 3331 4022; x_wconf 61' lang='lat' dir='ltr'><strong>majore</strong></span> <span class='ocrx_word' id='word_1_821' title='bbox 3377 3954 3577 4023; x_wconf 81' lang='lat' dir='ltr'><strong>indiget</strong></span> <span class='ocrx_word' id='word_1_822' title='bbox 3608 3956 3824 4021; x_wconf 89' lang='lat' dir='ltr'><strong>lidejns-</strong></span> 
     </span>
    </p>
   </div>
   <div class='ocr_carea' id='block_1_107' title="bbox 2216 4023 3829 4095">
    <p class='ocr_par' dir='ltr' id='par_1_107' title="bbox 2216 4023 3829 4095">
     <span class='ocr_line' id='line_1_111' title="bbox 2216 4023 3829 4095; baseline 0.002 -20"><span class='ocrx_word' id='word_1_823' title='bbox 2216 4036 2359 4075; x_wconf 84' lang='lat' dir='ltr'><strong>sore</strong></span> <span class='ocrx_word' id='word_1_824' title='bbox 2406 4024 2691 4095; x_wconf 86' lang='lat' dir='ltr'><strong>sententia.</strong></span> <span class='ocrx_word' id='word_1_825' title='bbox 2720 4023 2901 4077; x_wconf 91' lang='lat' dir='ltr'><strong>Visum</strong></span> <span class='ocrx_word' id='word_1_826' title='bbox 2934 4031 3113 4095; x_wconf 82' lang='lat' dir='ltr'><strong>tamen</strong></span> <span class='ocrx_word' id='word_1_827' title='bbox 3150 4034 3234 4095; x_wconf 86' lang='lat' dir='ltr'><strong>est</strong></span> <span class='ocrx_word' id='word_1_828' title='bbox 3265 4025 3498 4088; x_wconf 83' lang='lat' dir='ltr'><strong>Balnzio,</strong></span> <span class='ocrx_word' id='word_1_829' title='bbox 3534 4025 3648 4078; x_wconf 90' lang='lat' dir='ltr'><strong>sive</strong></span> <span class='ocrx_word' id='word_1_830' title='bbox 3683 4027 3829 4095; x_wconf 81' lang='lat' dir='ltr'><strong>Ope-</strong></span> 
     </span>
    </p>
   </div>
   <div class='ocr_carea' id='block_1_108' title="bbox 2235 4093 3833 4165">
    <p class='ocr_par' dir='ltr' id='par_1_108' title="bbox 2235 4093 3833 4165">
     <span class='ocr_line' id='line_1_112' title="bbox 2235 4093 3833 4165; baseline 0.002 -19"><span class='ocrx_word' id='word_1_831' title='bbox 2235 4106 2355 4165; x_wconf 85' lang='lat' dir='ltr'><strong>rum</strong></span> <span class='ocrx_word' id='word_1_832' title='bbox 2409 4094 2846 4165; x_wconf 76' lang='lat' dir='ltr'><strong>Cyprianicorum</strong></span> <span class='ocrx_word' id='word_1_833' title='bbox 2890 4093 3085 4165; x_wconf 87' lang='lat' dir='ltr'><strong>editori</strong></span> <span class='ocrx_word' id='word_1_834' title='bbox 3140 4094 3505 4161; x_wconf 83' lang='lat' dir='ltr'><strong>Dettedictino,</strong></span> <span class='ocrx_word' id='word_1_835' title='bbox 3554 4111 3621 4149; x_wconf 89' lang='lat' dir='ltr'><strong>ne</strong></span> <span class='ocrx_word' id='word_1_836' title='bbox 3664 4093 3833 4165; x_wconf 79' lang='lat' dir='ltr'><strong>quem-</strong></span> 
     </span>
    </p>
   </div>
   <div class='ocr_carea' id='block_1_109' title="bbox 2235 4163 3831 4228">
    <p class='ocr_par' dir='ltr' id='par_1_109' title="bbox 2235 4163 3831 4228">
     <span class='ocr_line' id='line_1_113' title="bbox 2235 4163 3831 4228; baseline 0.002 -13"><span class='ocrx_word' id='word_1_837' title='bbox 2235 4163 2341 4217; x_wconf 88' lang='lat' dir='ltr'><strong>dici</strong></span> <span class='ocrx_word' id='word_1_838' title='bbox 2399 4164 2631 4218; x_wconf 90' lang='lat' dir='ltr'><strong>mediam</strong></span> <span class='ocrx_word' id='word_1_839' title='bbox 2684 4163 2881 4219; x_wconf 88' lang='lat' dir='ltr'><strong>Christi</strong></span> <span class='ocrx_word' id='word_1_840' title='bbox 2939 4164 3172 4217; x_wconf 87' lang='lat' dir='ltr'><strong>animam</strong></span> <span class='ocrx_word' id='word_1_841' title='bbox 3229 4179 3473 4228; x_wconf 87' lang='lat' dir='ltr'><strong>moveat,</strong></span> <span class='ocrx_word' id='word_1_842' title='bbox 3539 4163 3831 4223; x_wconf 84' lang='lat' dir='ltr'><strong>Lectorem.</strong></span> 
     </span>
    </p>
   </div>
   <div class='ocr_carea' id='block_1_110' title="bbox 2235 4235 3819 4305">
    <p class='ocr_par' dir='ltr' id='par_1_110' title="bbox 2235 4235 3819 4305">
     <span class='ocr_line' id='line_1_114' title="bbox 2235 4235 3819 4305; baseline 0.001 -18"><span class='ocrx_word' id='word_1_843' title='bbox 2235 4235 2716 4289; x_wconf 79' lang='lat' dir='ltr'><strong>commonefacere.</strong></span> <span class='ocrx_word' id='word_1_844' title='bbox 2748 4235 2857 4299; x_wconf 91' lang='lat' dir='ltr'><strong>Sic,</strong></span> <span class='ocrx_word' id='word_1_845' title='bbox 2890 4239 2987 4301; x_wconf 83' lang='lat' dir='ltr'><strong>ait,</strong></span> <span class='ocrx_word' id='word_1_846' title='bbox 3016 4235 3163 4288; x_wconf 89' lang='lat' dir='ltr'><strong>multi</strong></span> <span class='ocrx_word' id='word_1_847' title='bbox 3192 4237 3279 4289; x_wconf 88' lang='lat' dir='ltr'><strong>alii</strong></span> <span class='ocrx_word' id='word_1_848' title='bbox 3308 4236 3608 4305; x_wconf 86' lang='lat' dir='ltr'><strong>Scriptores</strong></span> <span class='ocrx_word' id='word_1_849' title='bbox 3632 4238 3819 4304; x_wconf 83' lang='lat' dir='ltr'><strong>locuti,</strong></span> 
     </span>
    </p>
   </div>
   <div class='ocr_carea' id='block_1_111' title="bbox 2233 4305 3825 4372">
    <p class='ocr_par' dir='ltr' id='par_1_111' title="bbox 2233 4305 3825 4372">
     <span class='ocr_line' id='line_1_115' title="bbox 2233 4305 3825 4372; baseline 0.003 -17"><span class='ocrx_word' id='word_1_850' title='bbox 2233 4319 2369 4372; x_wconf 89' lang='lat' dir='ltr'><strong>quos</strong></span> <span class='ocrx_word' id='word_1_851' title='bbox 2394 4315 2637 4359; x_wconf 84' lang='lat' dir='ltr'><strong>recenset</strong></span> <span class='ocrx_word' id='word_1_852' title='bbox 2662 4305 2911 4360; x_wconf 79' lang='lat' dir='ltr'><strong>Petavius</strong></span> <span class='ocrx_word' id='word_1_853' title='bbox 2936 4309 3027 4361; x_wconf 74' lang='lat' dir='ltr'><strong>lib.</strong></span> <span class='ocrx_word' id='word_1_854' title='bbox 3052 4305 3114 4359; x_wconf 89' lang='lat' dir='ltr'><strong>IV</strong></span> <span class='ocrx_word' id='word_1_855' title='bbox 3142 4308 3207 4361; x_wconf 88' lang='lat' dir='ltr'><strong>de</strong></span> <span class='ocrx_word' id='word_1_856' title='bbox 3235 4309 3440 4361; x_wconf 83' lang='lat' dir='ltr'><strong>lncarn.</strong></span> <span class='ocrx_word' id='word_1_857' title='bbox 3466 4322 3582 4372; x_wconf 87' lang='lat' dir='ltr'><strong>cap.</strong></span> <span class='ocrx_word' id='word_1_858' title='bbox 3616 4310 3704 4362; x_wconf 76' lang='grc'><strong>15.</strong></span> <span class='ocrx_word' id='word_1_859' title='bbox 3738 4309 3825 4361; x_wconf 86' lang='lat' dir='ltr'><strong>V&#39;r-</strong></span> 
     </span>
    </p>
   </div>
   <div class='ocr_carea' id='block_1_112' title="bbox 2234 4374 3826 4446">
    <p class='ocr_par' dir='ltr' id='par_1_112' title="bbox 2234 4374 3826 4446">
     <span class='ocr_line' id='line_1_116' title="bbox 2234 4374 3826 4446; baseline 0 -19"><span class='ocrx_word' id='word_1_860' title='bbox 2234 4374 2394 4429; x_wconf 87' lang='lat' dir='ltr'><strong>detur</strong></span> <span class='ocrx_word' id='word_1_861' title='bbox 2425 4387 2602 4431; x_wconf 86' lang='lat' dir='ltr'><strong>autem</strong></span> <span class='ocrx_word' id='word_1_862' title='bbox 2637 4378 2777 4441; x_wconf 88' lang='lat' dir='ltr'><strong>illos,</strong></span> <span class='ocrx_word' id='word_1_863' title='bbox 2824 4389 2881 4428; x_wconf 90' lang='lat' dir='ltr'><strong>ut</strong></span> <span class='ocrx_word' id='word_1_864' title='bbox 2930 4380 3000 4429; x_wconf 91' lang='lat' dir='ltr'><strong>ita</strong></span> <span class='ocrx_word' id='word_1_865' title='bbox 3033 4378 3401 4443; x_wconf 88' lang='lat' dir='ltr'><strong>loquerentur,</strong></span> <span class='ocrx_word' id='word_1_866' title='bbox 3449 4377 3561 4431; x_wconf 70' lang='lat' dir='ltr'><strong>hazc</strong></span> <span class='ocrx_word' id='word_1_867' title='bbox 3606 4380 3826 4446; x_wconf 83' lang='lat' dir='ltr'><strong>potissi-</strong></span> 
     </span>
    </p>
   </div>
   <div class='ocr_carea' id='block_1_113' title="bbox 2236 4448 3826 4517">
    <p class='ocr_par' dir='ltr' id='par_1_113' title="bbox 2236 4448 3826 4517">
     <span class='ocr_line' id='line_1_117' title="bbox 2236 4448 3826 4517; baseline 0.003 -20"><span class='ocrx_word' id='word_1_868' title='bbox 2236 4462 2378 4501; x_wconf 91' lang='lat' dir='ltr'><strong>mum</strong></span> <span class='ocrx_word' id='word_1_869' title='bbox 2405 4454 2583 4501; x_wconf 89' lang='lat' dir='ltr'><strong>cautio</strong></span> <span class='ocrx_word' id='word_1_870' title='bbox 2611 4448 2921 4511; x_wconf 72' lang='lat' dir='ltr'><strong>adduxisse,</strong></span> <span class='ocrx_word' id='word_1_871' title='bbox 2945 4463 3011 4500; x_wconf 87' lang='lat' dir='ltr'><strong>ne</strong></span> <span class='ocrx_word' id='word_1_872' title='bbox 3032 4449 3251 4503; x_wconf 87' lang='lat' dir='ltr'><strong>dolores</strong></span> <span class='ocrx_word' id='word_1_873' title='bbox 3271 4462 3403 4517; x_wconf 91' lang='lat' dir='ltr'><strong>quos</strong></span> <span class='ocrx_word' id='word_1_874' title='bbox 3428 4448 3674 4502; x_wconf 83' lang='lat' dir='ltr'><strong>Christus</strong></span> <span class='ocrx_word' id='word_1_875' title='bbox 3697 4465 3826 4503; x_wconf 84' lang='lat' dir='ltr'><strong>seu-</strong></span> 
     </span>
    </p>
   </div>
   <div class='ocr_carea' id='block_1_114' title="bbox 2232 4519 3825 4585">
    <p class='ocr_par' dir='ltr' id='par_1_114' title="bbox 2232 4519 3825 4585">
     <span class='ocr_line' id='line_1_118' title="bbox 2232 4519 3825 4585; baseline 0.004 -18"><span class='ocrx_word' id='word_1_876' title='bbox 2232 4519 2320 4581; x_wconf 91' lang='lat' dir='ltr'><strong>sit,</strong></span> <span class='ocrx_word' id='word_1_877' title='bbox 2352 4531 2405 4572; x_wconf 90' lang='lat' dir='ltr'><strong>et</strong></span> <span class='ocrx_word' id='word_1_878' title='bbox 2437 4519 2525 4572; x_wconf 91' lang='lat' dir='ltr'><strong>alii</strong></span> <span class='ocrx_word' id='word_1_879' title='bbox 2560 4528 2737 4571; x_wconf 88' lang='lat' dir='ltr'><strong>motus</strong></span> <span class='ocrx_word' id='word_1_880' title='bbox 2770 4520 2819 4571; x_wconf 92' lang='lat' dir='ltr'><strong>in</strong></span> <span class='ocrx_word' id='word_1_881' title='bbox 2853 4519 2969 4585; x_wconf 90' lang='lat' dir='ltr'><strong>ejus</strong></span> <span class='ocrx_word' id='word_1_882' title='bbox 3014 4519 3191 4571; x_wconf 85' lang='lat' dir='ltr'><strong>anima</strong></span> <span class='ocrx_word' id='word_1_883' title='bbox 3222 4519 3286 4571; x_wconf 89' lang='lat' dir='ltr'><strong>ad</strong></span> <span class='ocrx_word' id='word_1_884' title='bbox 3331 4520 3671 4573; x_wconf 79' lang='lat' dir='ltr'><strong>occasionem</strong></span> <span class='ocrx_word' id='word_1_885' title='bbox 3714 4534 3825 4573; x_wconf 87' lang='lat' dir='ltr'><strong>cor-</strong></span> 
     </span>
    </p>
   </div>
   <div class='ocr_carea' id='block_1_115' title="bbox 2234 4588 3823 4656">
    <p class='ocr_par' dir='ltr' id='par_1_115' title="bbox 2234 4588 3823 4656">
     <span class='ocr_line' id='line_1_119' title="bbox 2234 4588 3823 4656; baseline 0.003 -17"><span class='ocrx_word' id='word_1_886' title='bbox 2234 4593 2376 4654; x_wconf 91' lang='lat' dir='ltr'><strong>poris</strong></span> <span class='ocrx_word' id='word_1_887' title='bbox 2423 4600 2661 4642; x_wconf 86' lang='lat' dir='ltr'><strong>motuum</strong></span> <span class='ocrx_word' id='word_1_888' title='bbox 2705 4589 2942 4653; x_wconf 82' lang='lat' dir='ltr'><strong>excitati,</strong></span> <span class='ocrx_word' id='word_1_889' title='bbox 2977 4590 3028 4642; x_wconf 92' lang='lat' dir='ltr'><strong>in</strong></span> <span class='ocrx_word' id='word_1_890' title='bbox 3073 4591 3406 4642; x_wconf 78' lang='lat' dir='ltr'><strong>divinitatem</strong></span> <span class='ocrx_word' id='word_1_891' title='bbox 3437 4588 3611 4656; x_wconf 87' lang='lat' dir='ltr'><strong>ipsam</strong></span> <span class='ocrx_word' id='word_1_892' title='bbox 3648 4589 3823 4643; x_wconf 80' lang='lat' dir='ltr'><strong>refer-</strong></span> 
     </span>
    </p>
   </div>
   <div class='ocr_carea' id='block_1_116' title="bbox 2231 4660 3825 4729">
    <p class='ocr_par' dir='ltr' id='par_1_116' title="bbox 2231 4660 3825 4729">
     <span class='ocr_line' id='line_1_120' title="bbox 2231 4660 3825 4729; baseline 0.001 -18"><span class='ocrx_word' id='word_1_893' title='bbox 2231 4671 2445 4725; x_wconf 90' lang='lat' dir='ltr'><strong>rentur;</strong></span> <span class='ocrx_word' id='word_1_894' title='bbox 2494 4661 2634 4728; x_wconf 84' lang='lat' dir='ltr'><strong>quod</strong></span> <span class='ocrx_word' id='word_1_895' title='bbox 2669 4662 2887 4729; x_wconf 87' lang='lat' dir='ltr'><strong>impium</strong></span> <span class='ocrx_word' id='word_1_896' title='bbox 2934 4674 3152 4727; x_wconf 89' lang='lat' dir='ltr'><strong>prorsus</strong></span> <span class='ocrx_word' id='word_1_897' title='bbox 3194 4660 3351 4720; x_wconf 78' lang='lat' dir='ltr'><strong>feret.</strong></span> <span class='ocrx_word' id='word_1_898' title='bbox 3385 4675 3448 4713; x_wconf 90' lang='lat' dir='ltr'><strong>ac</strong></span> <span class='ocrx_word' id='word_1_899' title='bbox 3482 4660 3580 4713; x_wconf 89' lang='lat' dir='ltr'><strong>soli</strong></span> <span class='ocrx_word' id='word_1_900' title='bbox 3628 4660 3825 4714; x_wconf 66' lang='lat' dir='ltr'><strong>haeresi</strong></span> 
     </span>
    </p>
   </div>
   <div class='ocr_carea' id='block_1_117' title="bbox 2228 4729 3820 4797">
    <p class='ocr_par' dir='ltr' id='par_1_117' title="bbox 2228 4729 3820 4797">
     <span class='ocr_line' id='line_1_121' title="bbox 2228 4729 3820 4797; baseline 0.002 -15"><span class='ocrx_word' id='word_1_901' title='bbox 2228 4743 2550 4797; x_wconf 77' lang='lat' dir='ltr'><strong>congrueret</strong></span> <span class='ocrx_word' id='word_1_902' title='bbox 2603 4734 2837 4786; x_wconf 67' lang='lat' dir='ltr'><strong>Arianae.</strong></span> <span class='ocrx_word' id='word_1_903' title='bbox 2883 4729 3075 4784; x_wconf 72' lang='lat' dir='ltr'><strong>Iiulino</strong></span> <span class='ocrx_word' id='word_1_904' title='bbox 3121 4744 3251 4784; x_wconf 75' lang='lat' dir='ltr'><strong>sane</strong></span> <span class='ocrx_word' id='word_1_905' title='bbox 3294 4730 3397 4782; x_wconf 87' lang='lat' dir='ltr'><strong>hoc</strong></span> <span class='ocrx_word' id='word_1_906' title='bbox 3443 4731 3493 4783; x_wconf 91' lang='lat' dir='ltr'><strong>in</strong></span> <span class='ocrx_word' id='word_1_907' title='bbox 3542 4733 3660 4783; x_wconf 79' lang='lat' dir='ltr'><strong>loto</strong></span> <span class='ocrx_word' id='word_1_908' title='bbox 3691 4730 3820 4785; x_wconf 87' lang='lat' dir='ltr'><strong>nihil</strong></span> 
     </span>
    </p>
   </div>
   <div class='ocr_carea' id='block_1_118' title="bbox 2227 4800 3820 4870">
    <p class='ocr_par' dir='ltr' id='par_1_118' title="bbox 2227 4800 3820 4870">
     <span class='ocr_line' id='line_1_122' title="bbox 2227 4800 3820 4870; baseline 0.002 -18"><span class='ocrx_word' id='word_1_909' title='bbox 2227 4801 2371 4856; x_wconf 91' lang='lat' dir='ltr'><strong>aliud</strong></span> <span class='ocrx_word' id='word_1_910' title='bbox 2416 4805 2771 4869; x_wconf 85' lang='lat' dir='ltr'><strong>pr0positnm,</strong></span> <span class='ocrx_word' id='word_1_911' title='bbox 2821 4803 2920 4856; x_wconf 90' lang='lat' dir='ltr'><strong>nisi</strong></span> <span class='ocrx_word' id='word_1_912' title='bbox 2951 4812 3005 4853; x_wconf 90' lang='lat' dir='ltr'><strong>ut</strong></span> <span class='ocrx_word' id='word_1_913' title='bbox 3050 4802 3284 4853; x_wconf 83' lang='lat' dir='ltr'><strong>divinam</strong></span> <span class='ocrx_word' id='word_1_914' title='bbox 3316 4800 3678 4870; x_wconf 84' lang='lat' dir='ltr'><strong>majestalem,</strong></span> <span class='ocrx_word' id='word_1_915' title='bbox 3721 4815 3820 4861; x_wconf 86' lang='lat' dir='ltr'><strong>nec</strong></span> 
     </span>
    </p>
   </div>
   <div class='ocr_carea' id='block_1_119' title="bbox 2228 4871 3819 4937">
    <p class='ocr_par' dir='ltr' id='par_1_119' title="bbox 2228 4871 3819 4937">
     <span class='ocr_line' id='line_1_123' title="bbox 2228 4871 3819 4937; baseline 0.001 -13"><span class='ocrx_word' id='word_1_916' title='bbox 2228 4871 2279 4924; x_wconf 89' lang='lat' dir='ltr'><strong>in</strong></span> <span class='ocrx_word' id='word_1_917' title='bbox 2307 4873 2500 4926; x_wconf 85' lang='lat' dir='ltr'><strong>Christi</strong></span> <span class='ocrx_word' id='word_1_918' title='bbox 2527 4874 2803 4925; x_wconf 76' lang='lat' dir='ltr'><strong>nativitnte</strong></span> <span class='ocrx_word' id='word_1_919' title='bbox 2832 4874 3269 4937; x_wconf 81' lang='lat' dir='ltr'><strong>contaminatam,</strong></span> <span class='ocrx_word' id='word_1_920' title='bbox 3302 4886 3403 4925; x_wconf 90' lang='lat' dir='ltr'><strong>nec</strong></span> <span class='ocrx_word' id='word_1_921' title='bbox 3432 4871 3482 4924; x_wconf 88' lang='lat' dir='ltr'><strong>in</strong></span> <span class='ocrx_word' id='word_1_922' title='bbox 3518 4884 3693 4927; x_wconf 86' lang='lat' dir='ltr'><strong>morte</strong></span> <span class='ocrx_word' id='word_1_923' title='bbox 3719 4872 3819 4925; x_wconf 86' lang='lat' dir='ltr'><strong>du-</strong></span> 
     </span>
    </p>
   </div>
   <div class='ocr_carea' id='block_1_120' title="bbox 2227 4942 2805 5004">
    <p class='ocr_par' dir='ltr' id='par_1_120' title="bbox 2227 4942 2805 5004">
     <span class='ocr_line' id='line_1_124' title="bbox 2227 4942 2805 5004; baseline -0.002 -8"><span class='ocrx_word' id='word_1_924' title='bbox 2227 4942 2413 5004; x_wconf 85' lang='lat' dir='ltr'><strong>luisse,</strong></span> <span class='ocrx_word' id='word_1_925' title='bbox 2447 4944 2805 4996; x_wconf 86' lang='lat' dir='ltr'><strong>demonstret.</strong></span> 
     </span>
    </p>
   </div>
   <div class='ocr_carea' id='block_1_121' title="bbox 2299 5011 3819 5082">
    <p class='ocr_par' dir='ltr' id='par_1_121' title="bbox 2299 5011 3819 5082">
     <span class='ocr_line' id='line_1_125' title="bbox 2299 5011 3819 5082; baseline 0.001 -16"><span class='ocrx_word' id='word_1_926' title='bbox 2299 5016 2425 5066; x_wconf 62' lang='lat' dir='ltr'><strong>ulta</strong></span> <span class='ocrx_word' id='word_1_927' title='bbox 2457 5023 2514 5068; x_wconf 92' lang='lat' dir='ltr'><strong>et</strong></span> <span class='ocrx_word' id='word_1_928' title='bbox 2539 5014 2660 5067; x_wconf 85' lang='lat' dir='ltr'><strong>eod.</strong></span> <span class='ocrx_word' id='word_1_929' title='bbox 2709 5013 3210 5082; x_wconf 70' lang='lat' dir='ltr'><strong>sangermanensis,</strong></span> <span class='ocrx_word' id='word_1_930' title='bbox 3258 5011 3608 5079; x_wconf 70' lang='lat' dir='ltr'><strong>Iiemboldus,</strong></span> <span class='ocrx_word' id='word_1_931' title='bbox 3656 5023 3819 5080; x_wconf 89' lang='lat' dir='ltr'><strong>atque</strong></span> 
     </span>
    </p>
   </div>
   <div class='ocr_carea' id='block_1_122' title="bbox 2227 5082 3819 5153">
    <p class='ocr_par' dir='ltr' id='par_1_122' title="bbox 2227 5082 3819 5153">
     <span class='ocr_line' id='line_1_126' title="bbox 2227 5082 3819 5153; baseline 0.001 -16"><span class='ocrx_word' id='word_1_932' title='bbox 2227 5082 2484 5137; x_wconf 86' lang='lat' dir='ltr'><strong>Erasmus</strong></span> <span class='ocrx_word' id='word_1_933' title='bbox 2512 5102 2521 5137; x_wconf 91' lang='lat'>:</span> <span class='ocrx_word' id='word_1_934' title='bbox 2550 5085 2841 5151; x_wconf 55' lang='lat' dir='ltr'><strong>pra-lerunt</strong></span> <span class='ocrx_word' id='word_1_935' title='bbox 2890 5092 3067 5137; x_wconf 86' lang='lat' dir='ltr'><strong>tamen</strong></span> <span class='ocrx_word' id='word_1_936' title='bbox 3113 5085 3383 5148; x_wconf 71' lang='lat' dir='ltr'><strong>Daluznus,</strong></span> <span class='ocrx_word' id='word_1_937' title='bbox 3430 5082 3613 5136; x_wconf 81' lang='lat' dir='ltr'><strong>Fellus</strong></span> <span class='ocrx_word' id='word_1_938' title='bbox 3657 5093 3819 5153; x_wconf 88' lang='lat' dir='ltr'><strong>atque</strong></span> 
     </span>
    </p>
   </div>
   <div class='ocr_carea' id='block_1_123' title="bbox 2225 5154 2527 5218">
    <p class='ocr_par' dir='ltr' id='par_1_123' title="bbox 2225 5154 2527 5218">
     <span class='ocr_line' id='line_1_127' title="bbox 2225 5154 2527 5218; baseline -0.003 -11"><span class='ocrx_word' id='word_1_939' title='bbox 2225 5154 2338 5218; x_wconf 82' lang='lat' dir='ltr'><strong>alii,</strong></span> <span class='ocrx_word' id='word_1_940' title='bbox 2364 5155 2527 5207; x_wconf 79' lang='lat' dir='ltr'><strong>dicas.</strong></span> 
     </span>
    </p>
   </div>
   <div class='ocr_carea' id='block_1_124' title="bbox 2300 5222 3820 5294">
    <p class='ocr_par' dir='ltr' id='par_1_124' title="bbox 2300 5222 3820 5294">
     <span class='ocr_line' id='line_1_128' title="bbox 2300 5222 3820 5294; baseline 0.001 -17"><span class='ocrx_word' id='word_1_941' title='bbox 2300 5224 2325 5260; x_wconf 74' lang='grc' dir='ltr'><strong>ιι</strong></span> <span class='ocrx_word' id='word_1_942' title='bbox 2357 5225 2559 5277; x_wconf 85' lang='lat' dir='ltr'><strong>Malunt</strong></span> <span class='ocrx_word' id='word_1_943' title='bbox 2586 5223 2743 5277; x_wconf 91' lang='lat' dir='ltr'><strong>iidem</strong></span> <span class='ocrx_word' id='word_1_944' title='bbox 2776 5223 2829 5275; x_wconf 86' lang='lat' dir='ltr'><strong>in</strong></span> <span class='ocrx_word' id='word_1_945' title='bbox 2868 5222 3091 5293; x_wconf 81' lang='lat' dir='ltr'><strong>inferna,</strong></span> <span class='ocrx_word' id='word_1_946' title='bbox 3115 5242 3211 5293; x_wconf 91' lang='lat' dir='ltr'><strong>pro</strong></span> <span class='ocrx_word' id='word_1_947' title='bbox 3240 5226 3309 5278; x_wconf 80' lang='lat' dir='ltr'><strong>ad</strong></span> <span class='ocrx_word' id='word_1_948' title='bbox 3334 5241 3352 5279; x_wconf 90' lang='lat'><em>:</em></span> <span class='ocrx_word' id='word_1_949' title='bbox 3376 5227 3464 5294; x_wconf 90' lang='lat' dir='ltr'><strong>qui</strong></span> <span class='ocrx_word' id='word_1_950' title='bbox 3492 5240 3591 5279; x_wconf 89' lang='lat' dir='ltr'><strong>nec</strong></span> <span class='ocrx_word' id='word_1_951' title='bbox 3615 5227 3713 5280; x_wconf 62' lang='lat' dir='ltr'><strong>sibi</strong></span> <span class='ocrx_word' id='word_1_952' title='bbox 3741 5235 3820 5279; x_wconf 84' lang='lat' dir='ltr'><strong>ta-</strong></span> 
     </span>
    </p>
   </div>
   <div class='ocr_carea' id='block_1_125' title="bbox 2228 5295 3814 5362">
    <p class='ocr_par' dir='ltr' id='par_1_125' title="bbox 2228 5295 3814 5362">
     <span class='ocr_line' id='line_1_129' title="bbox 2228 5295 3814 5362; baseline 0 -13"><span class='ocrx_word' id='word_1_953' title='bbox 2228 5310 2348 5349; x_wconf 90' lang='lat' dir='ltr'><strong>men</strong></span> <span class='ocrx_word' id='word_1_954' title='bbox 2376 5297 2429 5346; x_wconf 90' lang='lat' dir='ltr'><strong>in</strong></span> <span class='ocrx_word' id='word_1_955' title='bbox 2455 5295 2799 5362; x_wconf 77' lang='lat' dir='ltr'><strong>sequentibus</strong></span> <span class='ocrx_word' id='word_1_956' title='bbox 2840 5305 3106 5348; x_wconf 86' lang='lat' dir='ltr'><strong>constant.</strong></span> <span class='ocrx_word' id='word_1_957' title='bbox 3141 5297 3260 5349; x_wconf 78' lang='lat' dir='ltr'><strong>Mox</strong></span> <span class='ocrx_word' id='word_1_958' title='bbox 3291 5312 3479 5350; x_wconf 84' lang='lat' dir='ltr'><strong>vocem</strong></span> <span class='ocrx_word' id='word_1_959' title='bbox 3513 5297 3814 5362; x_wconf 76' lang='lat' dir='ltr'><strong>divinitatis,</strong></span> 
     </span>
    </p>
   </div>
   <div class='ocr_carea' id='block_1_126' title="bbox 2228 5364 3822 5434">
    <p class='ocr_par' dir='ltr' id='par_1_126' title="bbox 2228 5364 3822 5434">
     <span class='ocr_line' id='line_1_130' title="bbox 2228 5364 3822 5434; baseline 0.004 -19"><span class='ocrx_word' id='word_1_960' title='bbox 2228 5381 2347 5434; x_wconf 75' lang='lat' dir='ltr'><strong>qua:</strong></span> <span class='ocrx_word' id='word_1_961' title='bbox 2390 5364 2507 5417; x_wconf 78' lang='lat' dir='ltr'><strong>voci</strong></span> <span class='ocrx_word' id='word_1_962' title='bbox 2556 5365 2774 5415; x_wconf 88' lang='lat' dir='ltr'><strong>altitudo</strong></span> <span class='ocrx_word' id='word_1_963' title='bbox 2819 5365 3267 5434; x_wconf 72' lang='lat' dir='ltr'><strong>subjungebalur,</strong></span> <span class='ocrx_word' id='word_1_964' title='bbox 3320 5368 3705 5434; x_wconf 80' lang='lat' dir='ltr'><strong>expunximus,</strong></span> <span class='ocrx_word' id='word_1_965' title='bbox 3765 5379 3822 5421; x_wconf 92' lang='lat' dir='ltr'><strong>nt</strong></span> 
     </span>
    </p>
   </div>
   <div class='ocr_carea' id='block_1_127' title="bbox 2230 5435 3810 5503">
    <p class='ocr_par' dir='ltr' id='par_1_127' title="bbox 2230 5435 3810 5503">
     <span class='ocr_line' id='line_1_131' title="bbox 2230 5435 3810 5503; baseline 0.002 -16"><span class='ocrx_word' id='word_1_966' title='bbox 2230 5444 2348 5498; x_wconf 84' lang='lat' dir='ltr'><strong>pote</strong></span> <span class='ocrx_word' id='word_1_967' title='bbox 2379 5449 2539 5500; x_wconf 88' lang='lat' dir='ltr'><strong>quam</strong></span> <span class='ocrx_word' id='word_1_968' title='bbox 2572 5438 2675 5486; x_wconf 90' lang='lat' dir='ltr'><strong>rari</strong></span> <span class='ocrx_word' id='word_1_969' title='bbox 2709 5435 2994 5488; x_wconf 82' lang='lat' dir='ltr'><strong>admodum</strong></span> <span class='ocrx_word' id='word_1_970' title='bbox 3030 5438 3520 5503; x_wconf 68' lang='grc' dir='ltr'>ρι’.ει‹ιι’1ιειιϊ.υιιιιι</span> <span class='ocrx_word' id='word_1_971' title='bbox 3554 5438 3679 5491; x_wconf 70' lang='lat' dir='ltr'><strong>labri</strong></span> <span class='ocrx_word' id='word_1_972' title='bbox 3716 5438 3810 5490; x_wconf 84' lang='lat' dir='ltr'><strong>ha-</strong></span> 
     </span>
    </p>
   </div>
   <div class='ocr_carea' id='block_1_128' title="bbox 2229 5505 3818 5572">
    <p class='ocr_par' dir='ltr' id='par_1_128' title="bbox 2229 5505 3818 5572">
     <span class='ocr_line' id='line_1_132' title="bbox 2229 5505 3818 5572; baseline 0.002 -15"><span class='ocrx_word' id='word_1_973' title='bbox 2229 5505 2377 5565; x_wconf 89' lang='lat' dir='ltr'><strong>bent,</strong></span> <span class='ocrx_word' id='word_1_974' title='bbox 2412 5519 2584 5570; x_wconf 88' lang='lat' dir='ltr'><strong>neque</strong></span> <span class='ocrx_word' id='word_1_975' title='bbox 2614 5507 2900 5570; x_wconf 83' lang='lat' dir='ltr'><strong>Apostolus</strong></span> <span class='ocrx_word' id='word_1_976' title='bbox 2953 5506 3131 5572; x_wconf 86' lang='lat' dir='ltr'><strong>habet,</strong></span> <span class='ocrx_word' id='word_1_977' title='bbox 3178 5519 3229 5562; x_wconf 89' lang='lat' dir='ltr'><strong>cl</strong></span> <span class='ocrx_word' id='word_1_978' title='bbox 3264 5508 3533 5561; x_wconf 86' lang='lat' dir='ltr'><strong>l’amelius</strong></span> <span class='ocrx_word' id='word_1_979' title='bbox 3563 5509 3690 5559; x_wconf 87' lang='lat' dir='ltr'><strong>olim</strong></span> <span class='ocrx_word' id='word_1_980' title='bbox 3724 5524 3818 5562; x_wconf 75' lang='lat' dir='ltr'><strong>ex-</strong></span> 
     </span>
    </p>
   </div>
   <div class='ocr_carea' id='block_1_129' title="bbox 2230 5575 3819 5645">
    <p class='ocr_par' dir='ltr' id='par_1_129' title="bbox 2230 5575 3819 5645">
     <span class='ocr_line' id='line_1_133' title="bbox 2230 5575 3819 5645; baseline 0.004 -20"><span class='ocrx_word' id='word_1_981' title='bbox 2230 5582 2514 5645; x_wconf 82' lang='lat' dir='ltr'><strong>puuxerat.</strong></span> <span class='ocrx_word' id='word_1_982' title='bbox 2552 5575 2771 5641; x_wconf 86' lang='lat' dir='ltr'><strong>Propius</strong></span> <span class='ocrx_word' id='word_1_983' title='bbox 2798 5592 3009 5644; x_wconf 82' lang='lat' dir='ltr'><strong>quoque</strong></span> <span class='ocrx_word' id='word_1_984' title='bbox 3033 5580 3096 5629; x_wconf 77' lang='lat' dir='ltr'><strong>ad</strong></span> <span class='ocrx_word' id='word_1_985' title='bbox 3130 5580 3287 5631; x_wconf 80' lang='lat' dir='ltr'><strong>[idem</strong></span> <span class='ocrx_word' id='word_1_986' title='bbox 3330 5588 3431 5640; x_wconf 71' lang='lat' dir='ltr'><strong>est,</strong></span> <span class='ocrx_word' id='word_1_987' title='bbox 3463 5594 3527 5631; x_wconf 82' lang='lat' dir='ltr'><strong>ex</strong></span> <span class='ocrx_word' id='word_1_988' title='bbox 3578 5580 3819 5645; x_wconf 74' lang='lat' dir='ltr'><strong>margine</strong></span> 
     </span>
    </p>
   </div>
   <div class='ocr_carea' id='block_1_130' title="bbox 2227 5643 3817 5723">
    <p class='ocr_par' dir='ltr' id='par_1_130' title="bbox 2227 5643 3817 5723">
     <span class='ocr_line' id='line_1_134' title="bbox 2227 5643 3817 5723; baseline 0.004 -28"><span class='ocrx_word' id='word_1_989' title='bbox 2227 5643 2395 5696; x_wconf 84' lang='lat' dir='ltr'><strong>fuisse</strong></span> <span class='ocrx_word' id='word_1_990' title='bbox 2441 5645 2503 5723; x_wconf 78' lang='lat' dir='ltr'><strong>in</strong></span> <span class='ocrx_word' id='word_1_991' title='bbox 2561 5652 2764 5698; x_wconf 81' lang='lat' dir='ltr'><strong>textum</strong></span> <span class='ocrx_word' id='word_1_992' title='bbox 2811 5643 3091 5711; x_wconf 83' lang='lat' dir='ltr'><strong>intrusam,</strong></span> <span class='ocrx_word' id='word_1_993' title='bbox 3127 5665 3301 5719; x_wconf 80' lang='lat' dir='ltr'><strong>neque</strong></span> <span class='ocrx_word' id='word_1_994' title='bbox 3344 5663 3489 5704; x_wconf 88' lang='lat' dir='ltr'><strong>en.tn</strong></span> <span class='ocrx_word' id='word_1_995' title='bbox 3542 5648 3668 5701; x_wconf 87' lang='lat' dir='ltr'><strong>huic</strong></span> <span class='ocrx_word' id='word_1_996' title='bbox 3696 5643 3817 5702; x_wconf 80' lang='lat' dir='ltr'><strong>loco</strong></span> 
     </span>
    </p>
   </div>
   <div class='ocr_carea' id='block_1_131' title="bbox 2228 5724 2496 5769">
    <p class='ocr_par' dir='ltr' id='par_1_131' title="bbox 2228 5724 2496 5769">
     <span class='ocr_line' id='line_1_135' title="bbox 2228 5724 2496 5769; baseline -0.015 0"><span class='ocrx_word' id='word_1_997' title='bbox 2228 5724 2496 5769; x_wconf 75' lang='lat' dir='ltr'><strong>COIIVellIl.</strong></span> 
     </span>
    </p>
   </div>
   <div class='ocr_carea' id='block_1_132' title="bbox 2306 5782 3809 5860">
    <p class='ocr_par' dir='ltr' id='par_1_132' title="bbox 2306 5782 3809 5860">
     <span class='ocr_line' id='line_1_136' title="bbox 2306 5782 3809 5860; baseline 0.005 -25"><span class='ocrx_word' id='word_1_998' title='bbox 2306 5782 2323 5821; x_wconf 79' lang='grc' dir='ltr'><strong>ί</strong></span> <span class='ocrx_word' id='word_1_999' title='bbox 2351 5784 2500 5846; x_wconf 81' lang='lat' dir='ltr'><strong>Apud</strong></span> <span class='ocrx_word' id='word_1_1000' title='bbox 2547 5783 2682 5835; x_wconf 88' lang='lat' dir='ltr'><strong>alios</strong></span> <span class='ocrx_word' id='word_1_1001' title='bbox 2719 5785 2771 5837; x_wconf 87' lang='lat' dir='ltr'><strong>in</strong></span> <span class='ocrx_word' id='word_1_1002' title='bbox 2804 5801 2971 5838; x_wconf 84' lang='lat' dir='ltr'><strong>aerem</strong></span> <span class='ocrx_word' id='word_1_1003' title='bbox 2997 5803 3014 5840; x_wconf 93' lang='lat'><em>:</em></span> <span class='ocrx_word' id='word_1_1004' title='bbox 3037 5805 3266 5853; x_wconf 88' lang='lat' dir='ltr'><strong>quorum</strong></span> <span class='ocrx_word' id='word_1_1005' title='bbox 3296 5793 3615 5851; x_wconf 84' lang='lat' dir='ltr'><strong>auctoritate</strong></span> <span class='ocrx_word' id='word_1_1006' title='bbox 3647 5792 3809 5860; x_wconf 86' lang='lat' dir='ltr'><strong>paulo</strong></span> 
     </span>
    </p>
   </div>
   <div class='ocr_carea' id='block_1_133' title="bbox 2232 5862 3819 5931">
    <p class='ocr_par' dir='ltr' id='par_1_133' title="bbox 2232 5862 3819 5931">
     <span class='ocr_line' id='line_1_137' title="bbox 2232 5862 3819 5931; baseline 0.004 -22"><span class='ocrx_word' id='word_1_1007' title='bbox 2232 5864 2346 5922; x_wconf 86' lang='lat' dir='ltr'><strong>post</strong></span> <span class='ocrx_word' id='word_1_1008' title='bbox 2374 5862 2425 5908; x_wconf 91' lang='lat' dir='ltr'><strong>et</strong></span> <span class='ocrx_word' id='word_1_1009' title='bbox 2459 5871 2553 5907; x_wconf 86' lang='lat' dir='ltr'><strong>nos</strong></span> <span class='ocrx_word' id='word_1_1010' title='bbox 2581 5872 2764 5908; x_wconf 67' lang='lat' dir='ltr'><strong>vocem</strong></span> <span class='ocrx_word' id='word_1_1011' title='bbox 2810 5873 3011 5924; x_wconf 75' lang='lat' dir='ltr'><strong>manus,</strong></span> <span class='ocrx_word' id='word_1_1012' title='bbox 3054 5876 3168 5927; x_wconf 77' lang='lat' dir='ltr'><strong>qua:</strong></span> <span class='ocrx_word' id='word_1_1013' title='bbox 3210 5864 3402 5918; x_wconf 76' lang='lat' dir='ltr'><strong>[rostra</strong></span> <span class='ocrx_word' id='word_1_1014' title='bbox 3435 5864 3502 5918; x_wconf 87' lang='lat' dir='ltr'><strong>ad</strong></span> <span class='ocrx_word' id='word_1_1015' title='bbox 3532 5865 3819 5931; x_wconf 63' lang='lat' dir='ltr'><strong>lateantque</strong></span> 
     </span>
    </p>
   </div>
  </div>
