2039 3173
123 160 176 189 3ἲῦ

600 151 874 183 COMMENTARIUS
894 150 925 178 IN
945 149 1095 178 SYMBOL.
1115 146 1284 176 APOSTOL

1705 142 1758 173 554

125 219 246 246 sublimis
271 216 393 252 erigitur.
416 212 595 242 Latitudinem
615 220 723 247 quoque
748 210 832 242 illam,
859 215 917 243 qtae
933 209 1059 237 Actores
1085 213 1149 240 ergo
1175 205 1224 236 illi,
1253 210 1319 237 quos
1344 203 1460 229 humano
1485 201 1575 238 generi
1604 201 1761 235 prmfceerat

126 265 241 293 distenta
263 263 290 290 in
305 261 427 290 deuram
443 260 589 293 laevamque
608 264 703 284 manus
715 255 768 290 77
784 252 921 287 protendi-

130 317 180 338 tur.
194 309 263 336 Cum
278 314 344 342 ergo
359 309 398 333 tot
411 304 514 339 species
528 302 621 330 mortis
634 301 698 332 siut,
716 300 811 335 quibus
823 298 857 324 de
871 298 922 323 hac

131 357 181 383 vita
196 355 287 382 exitus
298 352 357 380 dari
374 349 525 378 hominibus
540 348 619 380 solet,
631 345 696 380 quid
711 345 769 372 vult
786 351 836 371 nos
848 343 921 376 Apo-

134 401 227 433 stolus,
245 397 398 426 illuminato
412 396 493 422 corde
515 394 583 421 srire
605 392 746 422 rationem,
764 398 811 417 cur
825 397 858 416 ex
882 387 923 415 his

133 446 257 475 omnibus
272 445 361 472 crucis
377 443 464 477 potius
479 440 582 474 species
596 439 627 464 ad
644 441 756 464 mortetn
772 436 876 462 delecta
890 434 924 460 sit

134 491 296 521 Salmtoris?
328 489 403 516 Unde
429 488 567 515 sciendum
595 489 653 515 est,
683 482 753 516 quod
781 488 845 507 crux
874 480 924 506 ista

135 539 283 572 triumplms
299 540 366 563 erat.
382 539 394 552 ε
405 533 544 567 Tropa-um
556 531 627 558 enim
644 530 762 563 insigne:
775 527 926 559 triumplms

135 589 222 612 autem
243 582 342 609 devicti
365 581 448 607 hostis
467 578 592 605 iudicium
609 582 659 603 est.
678 575 745 608 Quia
768 580 833 608 ergo
846 572 927 599 adve-

137 631 210 657 niens
233 628 368 658 Christus,
390 626 459 652 sicut
483 623 624 658 Apostolus
650 621 727 652 dicit,
755 620 805 646 tria
826 618 927 652 pariter

137 675 185 703 sibi
199 682 281 708 regna
296 671 412 706 subjecit
427 670 487 703 (ltoc
502 670 572 696 enim
587 667 685 695 indicat
698 666 741 692 ubi
753 666 807 692 ait:
824 664 890 697 Quia
902 664 926 689 in

137 721 236 747 nomine
257 718 320 745 Josu
346 725 420 743 omne
445 723 509 751 genu
535 715 668 749 ﬂectatur,
683 711 833 742 cwlestt‘um,
850 715 928 736 terre-

137 772 226 794 strum
239 771 261 792 et
276 766 434 798 inferuerunt
446 761 530 797 (Phil.
543 760 572 787 2.
585 758 660 795 10.])
672 762 699 785 et
713 758 770 784 haec
779 756 867 783 omnia
880 762 927 782 sua

138 819 223 840 morte
240 810 363 838 vincebat
376 818 381 834 :
393 807 555 835 conveniens
576 797 703 840 mysterio
722 811 794 830 mors
818 802 927 835 quzesita

138 862 188 890 est,
203 861 232 884 ut
246 857 272 883 in
287 862 350 882 aere
366 854 411 889 lal.
428 851 509 886 aeris]
525 851 695 881 sublimatus,
710 853 737 875 et
757 855 850 874 aereas
865 846 928 873 sub-

972 252 1054 285 Deus,
1078 252 1104 279 in
1120 250 1269 287 tyrannidis
1288 249 1482 277 contumaciam
1503 249 1584 281 versi,
1607 248 1763 282 impugnare

976 298 1137 325 commissos
1158 298 1208 325 sibi
1231 297 1353 324 homines
1379 295 1496 330 aggressi
1517 299 1587 327 sunt,
1609 298 1637 321 et
1662 294 1764 328 peccati

974 344 1072 378 prazliis
1087 344 1241 371 debellare:
1255 342 1326 370 sicut
1349 341 1474 369 Etechiel
1497 341 1627 375 propheta
1643 339 1766 375 mysticis

973 390 1095 426 designat
1119 390 1231 424 eloquiis
1256 397 1316 416 cum
1342 388 1426 415 dicit:
1442 386 1474 414 In
1496 387 1543 414 illa
1563 387 1604 413 die
1628 386 1765 421 precedent

975 439 1058 475 angeli
1076 438 1222 472 festinantes
1238 435 1406 462 exterminare
1424 433 1596 466 .Etltioyiam,
1613 433 1709 466 eritque
1728 432 1767 457 iu—

976 492 1014 513 ter
1027 493 1069 512 eos
1082 482 1237 518 perturbatio
1253 482 1278 507 in
1292 481 1332 507 die
1355 479 1474 515 ngypti,
1490 479 1613 514 quoniam
1623 477 1636 496 ἀ
1649 486 1706 504 ecce
1724 485 1768 504 ιτα

976 533 1013 558 nit
1028 530 1134 566 (Ezerh.
1155 529 1223 562 50.).
1243 528 1313 561 Ergo
1330 528 1522 561 omnipotentia
1543 533 1635 553 eorum
1653 525 1763 555 nudata,

977 577 1100 604 Christus
1110 575 1209 602 dii-itur
1225 573 1413 607 triumphasse,
1430 573 1599 606 oblatamque
1611 571 1646 598 ab
1660 571 1701 598 eis
1718 579 1767 605 po-

978 628 1100 650 trstatcm
1128 620 1279 647 hominibus
1304 619 1543 646 tradidisse:sicut
1568 618 1601 644 ad
1623 617 1768 652 discipulos

977 677 1041 696 suos
1052 667 1119 695 dicit
1134 668 1190 702 ipse
1205 667 1231 693 in
1247 666 1391 700 Evangelia
1402 674 1410 691 :
1423 664 1490 691 Ecce
1500 665 1559 691 dedi
1573 664 1642 690 vobis
1655 669 1768 699 potesta-

980 721 1027 742 tcm
1046 714 1165 741 calcundi
1185 721 1262 740 super
1278 716 1406 745 serpentes
1427 716 1449 737 et
1473 710 1629 742 scorpiones,
1646 716 1669 736 et
1692 717 1770 742 super

979 770 1078 788 omnem
1089 762 1207 787 virtutem
1231 759 1328 785 inimici
1349 758 1425 790 (Luc.
1447 758 1513 790 10.).
1529 758 1590 784 Ηυξ
1614 758 1703 790 itaque
1725 757 1769 790 qui

979 812 1089 842 accepta
1116 811 1250 840 potestate
1272 805 1340 831 tnale
1354 804 1429 831 abusi
1452 807 1526 835 sunt,
1545 802 1672 835 subjectis
1691 810 1760 836 quon

980 853 1041 879 dam
1069 852 1124 878 suis
1146 850 1261 884 subjecit
1284 850 1337 885 [ΑΙ.
1353 846 1472 882 subiicit]
1494 855 1559 874 crux
1579 847 1691 874 Christi.
1719 846 1772 873 Nos

138 905 230 940 jugans
242 905 399 937 potestates.
416 899 554 926 victoriam
569 897 602 924 de
618 896 659 923 his
674 895 797 929 supernis
812 899 836 919 et
851 896 928 919 etelc-
944 891 968 920 Β
982 905 1056 930 vero,
1070 897 1120 924 hoc
1137 901 1179 928 est
1200 896 1343 923 humanum
1367 900 1452 929 genus
1474 894 1579 925 edocet,
1612 893 1696 927 primo
1710 901 1770 919 om-

140 937 224 976 stibus
244 946 373 973 traderet.
395 941 657 978 Expansasbaulem
682 946 776 967 manus
800 943 854 965 tota
875 937 928 968 die,

143 999 250 1023 sanctus
269 992 397 1027 propheta
418 990 482 1016 (llt'll
505 996 566 1016 eutn
583 993 674 1015 tenere
687 987 720 1013 ad
735 986 863 1021 populum
886 986 929 1019 qui

141 1046 179 1068 est
194 1039 220 1066 in
237 1044 307 1066 terra
325 1036 403 1071 (Isai.
421 1034 488 1068 05.),
505 1039 533 1061 ιιι
552 1038 579 1061 et
600 1033 751 1059 incredulos
766 1035 931 1057 eontestare-

144 1092 195 1119 tur,
214 1092 240 1114 et
256 1086 381 1113 invitaret
402 1083 551 1110 credentes.
574 1081 609 1107 Ea
631 1087 695 1107 vero
711 1083 795 1113 parte,
812 1084 863 1112 qua
881 1076 931 1103 sub

143 1138 212 1161 terra
226 1131 400 1165 demergitur,
418 1127 514 1155 inlerni
529 1127 578 1154 sibi
592 1133 673 1161 regna
687 1125 842 1159 subiiceret.

178 1178 221 1205 i5.
242 1178 346 1204 Etenim
363 1177 401 1210 (ut
417 1175 533 1202 breviter
547 1173 632 1207 aliqua
647 1172 726 1198 etiam
748 1171 781 1197 de
800 1169 931 1197 secretio-

143 1224 215 1252 ribus
245 1219 466 1257 perstringamus)
490 1219 523 1246 ab
545 1219 619 1245 initio
642 1218 712 1244 Deus
738 1223 797 1243 cum
826 1215 933 1242 fecisset

145 1269 283 1299 mundum.
308 1268 429 1303 prarl'ecit
439 1267 462 1294 ei
486 1270 514 1293 et
534 1266 679 1299 pra'posttit
699 1264 828 1297 quasdam
853 1263 934 1288 virtu-

145 1322 198 1344 tum
219 1316 366 1343 cazlestinm
382 1318 537 1348 potestates.
560 1311 656 1346 quibus
672 1315 810 1345 regeretur
828 1313 855 1336 et
880 1309 933 1335 dis-

145 1367 301 1397 pettsaretur
315 1360 467 1388 mortalium
483 1366 578 1393 genus.
592 1358 667 1390 Quod
683 1357 718 1384 ita
741 1358 840 1384 factum
861 1356 932 1390 Moy-

144 1417 187 1437 ses
205 1409 304 1436 indicat
318 1408 344 1434 in
361 1405 559 1433 Deuteronomii
579 1404 693 1435 cantico,
710 1403 754 1430 ubi
774 1403 840 1430 dicit
853 1411 859 1428 :
872 1402 935 1429 Cum

146 1455 267 1483 divideret
287 1453 403 1480 excelsus
418 1456 514 1486 gentes,
530 1451 618 1477 stu.u."t
639 1449 759 1475 terminus
772 1448 884 1483 gentium
896 1456 936 1474 se-

147 1500 258 1528 cundum
275 1505 408 1526 numerum
425 1496 575 1531 angelorum
588 1495 635 1522 Dei
648 1494 737 1530 (Deut.
755 1494 798 1520 52.
815 1494 867 1528 8.).
884 1493 935 1520 Sed

145 1553 173 1575 et
188 1546 282 1574 horum
298 1544 428 1576 nonnulli,
443 1545 513 1571 sicut
531 1547 558 1570 et
573 1543 631 1577 ipse
644 1544 687 1577 qui
705 1542 829 1576 princeps
843 1541 936 1576 appel-

148 1593 217 1621 latus
228 1597 269 1620 est
289 1591 390 1623 mundi,
407 1591 496 1617 datam
517 1589 567 1616 sibi
591 1596 605 1615 a
622 1589 675 1615 Deo
699 1574 869 1621 potestatem,
885 1594 937 1613 non
952 1574 975 1605 ε

148 1639 190 1666 his
204 1639 300 1672 quibus
313 1640 472 1671 acceperant
489 1635 591 1670 legibus
606 1639 789 1668 temperarunt
803 1642 810 1661 ι
827 1640 876 1660 nec
890 1632 939 1659 hu-

149 1693 254 1713 manum
279 1693 363 1720 genus
380 1684 478 1711 divinis
502 1683 612 1710 obedire
635 1682 787 1717 praeceptis,
810 1681 857 1709 sed
883 1680 940 1708 suis

150 1740 244 1768 parere
260 1731 523 1768 prawaricatiuuibus
538 1730 704 1762 docuerunt;
724 1734 751 1755 et
764 1728 825 1755 hiuc
840 1728 940 1755 adver-

152 1786 198 1806 sus
221 1786 270 1806 nos
286 1782 456 1813 peceatorum
478 1775 655 1810 chirographa
676 1774 773 1808 scripta
790 1779 861 1805 sunt,
879 1775 940 1808 quia

150 1830 180 1852 ut
201 1825 330 1860 propheta
346 1823 409 1850 dicit
425 1831 431 1848 :
445 1821 560 1849 Peccutis
578 1821 672 1847 nostris
696 1820 833 1847 venundati
849 1827 940 1845 sumus

149 1871 225 1907 (Esa.
239 1871 310 1905 59.).
331 1870 449 1897 Pretium
471 1875 586 1902 namque
609 1868 706 1894 anima:
726 1874 782 1893 sua:
800 1866 941 1900 unusquis-

150 1925 202 1952 que
225 1916 408 1950 consequitur,
433 1922 493 1941 cum
519 1913 745 1947 concupiscentia:
767 1912 940 1939 satisfecerit.

154 1970 165 1983 ε
179 1965 229 1993 Per
243 1965 313 1990 istud
325 1970 389 1998 ergo
402 1962 585 1995 unusquisque
598 1959 805 1995 chirographum
820 1959 875 1994 78
891 1959 942 1985 illis

151 2010 303 2038 rectoribus
323 2008 446 2044 pessimis
469 2007 621 2038 tenebatur,
644 2006 714 2040 quod
743 2005 864 2032 Christus
892 2004 942 2031 de-

153 2057 232 2084 traxit
245 2056 402 2087 adveniens,
417 2058 445 2082 et
459 2055 508 2080 hac
522 2060 568 2080 eos
584 2056 715 2087 potestate
727 2051 885 2079 denudavit.
903 2051 943 2078 ld-

151 2110 205 2137 que
223 2103 273 2129 sub
289 2101 389 2136 ingenti
412 2099 538 2136 mysterio
554 2099 651 2126 Paulus
672 2098 782 2131 indicat,
799 2106 859 2125 eum
878 2098 943 2124 dicit

154 2149 187 2176 de
200 2156 252 2176 eo:
265 2148 358 2175 Dolens
373 2147 441 2182 quod
458 2146 581 2172 adversus
598 2154 643 2172 nos
657 2150 710 2172 erat
731 2144 941 2179 chirographum,

154 2200 178 2221 It
191 2194 293 2229 alligans
308 2193 375 2219 illud
389 2192 457 2218 cruci
474 2199 541 2223 suae,
559 2192 672 2218 traduxit
687 2191 845 2226 principatus
859 2195 881 2216 et
898 2198 945 2224 μοι

153 2246 265 2273 testatas,
279 2239 442 2274 triumphans
457 2245 499 2264 eos
521 2239 546 2263 in
566 2237 699 2271 semetipso
714 2236 810 2271 (Culus.
825 2235 877 2269 2.).
895 2236 944 2262 lte-

159 2296 317 2327 :uldebatur,
342 2295 503 2321 amovimus.
528 2292 627 2319 Tacent
657 2292 735 2319 iidem
753 2292 864 2319 inferius
880 2292 942 2325 quid

157 2333 287 2364 Voculam,
303 2330 423 2364 adeoque
438 2334 466 2356 et
481 2328 698 2364 interrogationis
717 2333 817 2354 nutant.

194 2373 206 2386 ιι
217 2362 298 2394 Paulo
314 2362 419 2400 plenius
436 2364 505 2398 apud
520 2364 595 2394 alios,
606 2362 750 2400 >Ttl‘urmp/lt'
766 2364 831 2390 inim
847 2363 947 2399 insigne

159 2408 193 2430 est
209 2398 331 2432 tramenta
344 2409 353 2427 .'
366 2406 489 2435 tropaeum
500 2404 583 2425 autent
592 2398 692 2431 demoti,
708 2405 761 2425 etc.

194 2438 207 2457 δ
222 2438 327 2465 Habent
345 2436 389 2462 alii
406 2434 507 2469 magno
530 2442 651 2466 numero,
672 2442 757 2467 neque
776 2434 833 2467 ipso
853 2442 947 2461 recen-

159 2474 226 2501 tiore
236 2472 382 2500 Uranieusi
396 2471 499 2498 etlitore
517 2477 600 2503 excep
614 2477 640 2500 ο,
657 2477 778 2504 expensas
790 2478 799 2496 :
817 2477 870 2496 llllll
888 2471 945 2502 ipse

157 2510 238 2536 etiam
251 2508 383 2538 lialuzitts,
396 2514 486 2532 munus
498 2510 549 2531 tota
561 2506 612 2536 die,
623 2505 687 2531 sicut
701 2511 805 2532 sanctus
818 2505 947 2538 Prop/tetu

160 2545 230 2577 dicit,
247 2543 359 2570 tenderet
380 2544 412 2568 ad
427 2541 547 2576 populum
561 2541 730 2577 tttcrredilrilent
744 2549 753 2568 :
768 2549 826 2575 qua:
841 2542 948 2577 quidem

160 2588 209 2607 vox
235 2578 411 2606 increditilem
425 2598 432 2607 ,
461 2576 538 2602 l'acde
557 2576 615 2602 aliis
637 2576 759 2602 videatur
783 2576 947 2610 supplenda,

160 2615 224 2643 mihi
238 2622 291 2642 non
306 2615 380 2640 item.
393 2612 494 2639 Dicitur
509 2612 543 2637 ita
561 2611 646 2638 locum
663 2612 814 2638 restituisse
829 2619 861 2638 ex
877 2610 948 2638 Catt-

160 2651 222 2678 chio
237 2649 379 2680 Paruelius,
396 2648 440 2682 qtti
455 2647 556 2673 scilicet
571 2646 669 2673 Barrzei
683 2647 820 2680 exemplar
841 2647 949 2681 ignora-

160 2686 209 2713 vit.
226 2686 360 2713 Caeterum
378 2684 464 2710 multo
480 2684 632 2716 corruptius
651 2682 714 2709 olitn
731 2683 878 2717 legebatur,
896 2686 951 2708 ten-

159 2722 197 2748 dit
217 2728 320 2751 manus,
336 2724 362 2747 et
377 2719 454 2753 paulo
469 2723 526 2752 post
540 2726 545 2743 :
558 2725 611 2743 eam
635 2725 692 2744 vero
706 2723 816 2752 partem,
834 2725 891 2752 qua:
904 2717 950 2744 sub

162 2762 256 2784 terram
283 2755 448 2789 demergitur,
475 2753 543 2786 quod
574 2753 677 2786 inferna
708 2754 755 2779 sibi
783 2761 872 2787 regna,
896 2758 949 2779 etc.

162 2793 306 2822 Morellius,
320 2783 537 2823 esznsasuutem
552 2783 641 2814 manus
652 2793 704 2814 tota
717 2789 758 2815 die
773 2783 875 2815 sanctus
886 2788 952 2814 Pro-

161 2826 238 2864 pheta
252 2828 324 2864 dicit,
340 2824 567 2864 'l‘etettdi_tuatuts
584 2828 637 2850 tota
653 2824 705 2864 die:
714 2824 746 2850 ad
762 2823 888 2859 p0pulutn
912 2824 951 2849 iti-

162 2858 330 2892 credibtlem.
349 2861 392 2894 qui
408 2864 443 2886 est
458 2861 484 2885 in
503 2863 579 2889 terra,
600 2865 653 2885 etc.
683 2858 748 2886 Eam
768 2867 826 2886 rero
840 2863 950 2893 partem,

163 2907 229 2933 qtta’,
242 2903 295 2925 etc.
311 2897 421 2923 Leviora
438 2896 486 2920 alia
504 2895 681 2927 putum-imus.

982 945 1054 971 nittm
1067 951 1152 978 usqtte
1167 943 1199 969 ad
1216 949 1328 969 tnortem
1342 943 1467 968 resisti-re
1481 940 1610 967 adversus
1624 945 1773 974 peccatum.

981 998 1007 1019 et
1029 991 1142 1018 libenter
1169 990 1305 1016 interitum
1331 996 1380 1023 pro
1405 990 1504 1022 pietate
1530 986 1678 1021 suscipere.
1701 985 1776 1012 Tunc

982 1037 1079 1065 deinde
1092 1036 1251 1064 obedientia:
1267 1036 1342 1063 nobis
1358 1036 1383 1062 in
1406 1035 1455 1061 hac
1473 1034 1567 1061 eadem
1583 1040 1663 1061 cruce
1679 1040 1776 1068 propo-

982 1084 1022 1111 nit
1044 1083 1208 1117 exemplum,
1225 1082 1394 1113 sicutcillis.
1420 1081 1465 1116 qui
1488 1080 1632 1115 aliquando
1657 1085 1777 1106 rectores

984 1129 1069 1156 ucstri
1085 1128 1202 1162 fuerant,
1219 1128 1306 1163 posuit
1318 1128 1495 1154 contumacia:
1509 1134 1610 1161 ptenas.
1634 1125 1702 1152 Audi
1719 1125 1771 1160 [ΑΙ.

984 1174 1092 1210 Audite]
1113 1182 1177 1208 ergo
1198 1173 1333 1209 quomodo
1357 1174 1518 1208 Apostolus.
1528 1173 1582 1198 vult
1599 1179 1645 1206 per
1667 1178 1776 1198 crucem

983 1221 1083 1249 Christi
1105 1221 1285 1248 obedientiam
1309 1227 1357 1247 nos
1371 1221 1469 1246 docere
1483 1219 1505 1246 ῐ.
1519 1218 1588 1252 lloc,
1604 1219 1698 1252 inquit,
1720 1226 1779 1244 sen-

985 1269 1028 1294 tite
1042 1268 1069 1294 in
1086 1267 1167 1300 vobis,
1181 1268 1248 1302 quod
1261 1268 1287 1294 in
1310 1266 1411 1293 Christo
1422 1265 1484 1292 Iesu
1499 1266 1562 1300 :qut'
1579 1273 1636 1291 cum
1650 1266 1677 1291 in
1698 1267 1780 1299 {arma

988 1313 1037 1340 Dei
1050 1317 1125 1345 esset,
1143 1321 1194 1339 non
1211 1313 1329 1345 rapinam
1343 1312 1483 1338 arbitratus
1501 1316 1536 1338 est
1552 1319 1607 1338 esse
1620 1319 1646 1337 se
1658 1311 1781 1344 tequidem

987 1360 1052 1392 Deo,
1072 1359 1117 1386 sed
1136 1360 1300 1394 semetipsum
1320 1359 1468 1388 rminaninit.
1491 1361 1600 1392 formant
1624 1359 1688 1384 servi
1713 1358 1781 1383 acci-

988 1407 1069 1441 piens,
1093 1407 1120 1432 in
1147 1406 1341 1433 similitudinem
1365 1405 1417 1441 [AL
1441 1403 1625 1439 similitudine]
1650 1404 1781 1430 heminam

987 1452 1080 1486 factus,
1097 1456 1120 1478 et
1136 1451 1223 1478 habitu
1239 1456 1351 1486 repertus
1368 1456 1395 1477 ut
1408 1451 1494 1482 homo,
1511 1452 1593 1485 {actus
1606 1455 1644 1476 est
1663 1449 1782 1476 obediens

989 1508 1068 1535 usque
1081 1500 1115 1526 ad
1137 1504 1259 1532 mortem,
1278 1504 1384 1525 ntortem
1408 1504 1493 1525 autent
1517 1499 1599 1525 crucis
1622 1497 1731 1532 (Philip.
1755 1496 1783 1524 2.

990 1546 1040 1581 5.).
1057 1546 1123 1579 Quia
1144 1553 1208 1580 ergo
1230 1545 1274 1571 ille
1296 1552 1407 1579 magnus
1423 1546 1549 1579 magiter
1560 1549 1611 1577 cst,
1631 1544 1675 1578 qui
1692 1543 1785 1570 fect-rit

990 1597 1018 1620 et
1027 1591 1157 1623 docuerit.
1176 1591 1236 1618 ideo
1248 1589 1439 1621 obedientiam,
1461 1597 1520 1623 quie
1536 1589 1587 1623 piis
1599 1593 1611 1612 ις
1624 1588 1703 1615 etiam
1720 1595 1783 1614 sus-

990 1644 1068 1672 cepta
1096 1642 1193 1669 morte,
1210 1636 1341 1664 servanda
1361 1641 1413 1669 est,
1432 1636 1485 1670 79
1497 1635 1589 1662 doCuit
1603 1642 1659 1669 Ipse
1673 1642 1720 1669 pro
1735 1634 1785 1661 hac

992 1685 1066 1720 prius
1080 1682 1220 1711 moriendo
1234 1682 1346 1709 servari.

1029 1731 1072 1758 16.
1093 1730 1145 1758 Sed
1163 1730 1275 1757 fortasse
1290 1732 1405 1755 terretur
1416 1727 1470 1763 [ΑΙ.
1487 1725 1630 1761 terrentur]
1646 1725 1743 1760 aliquis
1756 1725 1782 1751 in

993 1776 1177 1813 hujuscemodi
1202 1776 1334 1808 doctrina,
1359 1775 1429 1809 quod
1445 1781 1524 1808 quem
1543 1773 1622 1806 paulo
1642 1775 1705 1798 ante
1726 1778 1786 1796 cum

993 1826 1047 1853 Deo
1062 1825 1141 1852 Patre
1151 1824 1270 1850 diximus
1282 1821 1485 1856 sempiternum,
1499 1828 1529 1845 ali
1542 1819 1576 1845 de
1591 1818 1650 1850 ejus
1665 1817 1789 1844 substan-

994 1872 1028 1898 tia
1043 1877 1104 1898 esse
1119 1869 1286 1905 progenitum
1303 1876 1311 1893 δ
1326 1874 1459 1902 quemque
1475 1873 1568 1900 regno,
1586 1863 1737 1897 maia-late.
1753 1870 1790 1889 te-

995 1916 1130 1949 ternitate,
1144 1922 1225 1942 unum
1237 1920 1299 1940 cum
1315 1913 1370 1939 Deo
1385 1911 1463 1939 Patre
1477 1918 1537 1938 esse
1547 1910 1686 1936 docuimus
1699 1917 1706 1934 ι
1719 1914 1791 1934 nttnc

995 1964 1028 1991 de
1041 1963 1101 1997 ejus
1125 1966 1212 1989 morte
1228 1965 1373 1987 tractamus
1395 1958 1450 1995 (At.
1466 1955 1633 1991 tractemus].
1653 1953 1706 1982 Sed
1730 1954 1793 1980 nolo

996 2009 1134 2040 terrearis,
1151 2015 1168 2035 o
1182 2007 1270 2034 ﬁdelis
1291 2006 1398 2033 auditor
1411 2013 1417 2031 :
1431 2004 1509 2038 paulo
1526 2006 1589 2037 post
1604 2002 1696 2031 istum,
1711 2006 1791 2032 quem

996 2055 1072 2082 audis
1092 2058 1238 2084 mortuum,
1261 2058 1368 2078 rursum
1392 2048 1570 2076 itnmortalem
1587 2045 1699 2073 videbis.
1723 2044 1795 2070 Mors

995 2100 1067 2127 enim
1088 2099 1122 2125 ab
1143 2105 1175 2125 eo
1195 2101 1309 2123 mortem
1330 2095 1477 2128 spoliatum
1501 2092 1654 2125 suscipitur.
1672 2088 1737 2116 Nam
1753 2095 1798 2114 sa-

996 2149 1164 2172 cramentum
1183 2142 1247 2168 illud
1261 2144 1393 2173 suscepta:
1410 2137 1510 2170 carnis,
1527 2136 1598 2170 quod
1617 2141 1698 2167 supra
1713 2139 1796 2165 expo-

998 2190 1112 2220 suimus,
1130 2189 1198 2215 hanc
1214 2187 1295 2213 habet
1307 2191 1443 2214 caussam,
1457 2187 1486 2208 ut
1500 2182 1591 2208 divina
1607 2179 1667 2205 Filii
1682 2177 1731 2203 Dei
1745 2176 1801 2201 vir-

1000 2242 1042 2264 tus
1055 2237 1130 2263 velut
1144 2234 1241 2261 hstnus
1254 2231 1374 2268 quidam,
1391 2229 1483 2256 habitu
1503 2229 1628 2253 humatur:
1646 2223 1737 2250 carnis
1756 2220 1807 2245 ob-

1038 2300 1049 2313 °
1066 2292 1259 2328 Prznpnsitione.
1279 2297 1324 2323 per
1339 2285 1564 2328 outiss:t,'le§unt
1581 2278 1806 2328 a‘lli,'Llstudle.rgo

999 2318 1200 2364 uniusdtiiltsque
1214 2318 1418 2364 chirogruphuttt
1440 2322 1471 2348 ab
1483 2321 1536 2347 illis
1551 2318 1703 2364 natatibus:
1719 2318 1771 2364 ellt'.

1038 2351 1214 2400 rlh-éeb‘aiur
1321 2351 1373 2387 II'OII
1395 2355 1609 2400 lt§l18,qlllotl.latll
1624 2351 1751 2400 rectitude
1767 2358 1807 2376 ve-

1002 2402 1048 2428 nit.
1065 2389 1222 2435 ’ErZBTQic.
1239 2399 1393 2435 Enn-nilum
1417 2389 1613 2435 “(militarique
1633 2389 1802 2435 ειιϋμιᾳηιιιιι-

999 2427 1078 2470 quam
1095 2427 1159 2463 illud
1173 2442 1229 2461 ecce
1244 2435 1297 2459 duo
1378 2430 1448 2462 apud
1467 2427 1612 2458 lialuzium,
1636 2427 1801 2470 totidetttqlue

1081 2471 1222 2498 Retuhold.
1240 2475 1319 2502 atque
1334 2468 1460 2494 Erasmus
1475 2469 1564 2502 tacent
1578 2472 1585 2496 ;
1601 2468 1697 2502 (-{elera
1763 2462 1800 2502 li:-

1110 2507 1182 2542 lierttj.
1207 2497 1337 2539 ergo-eos
1361 2500 1550 2542 ornuipatentt’a
1571 2499 1694 2542 nudatos,
1722 2497 1800 2524 Chri-

1004 2534 1138 2575 sltus,'etc.
1158 2534 1302 2568 Nobiscum
1319 2545 1436 2573 postreni
1450 2544 1463 2563 s
1479 2535 1568 2563 verbis
1591 2534 1655 2560 facit
1671 2538 1699 2560 et
1723 2538 1800 2560 vetus

1004 2579 1071 2606 edit.
1087 2577 1259 2604 Oxottieusxs.

1042 2603 1152 2641 gnatoa
1167 2617 1224 2638 erat
1242 2611 1308 2637 sicut
1332 2610 1358 2636 in
1375 2609 1432 2635 aliis
1448 2616 1457 2634 .'
1470 2615 1529 2634 mox
1547 2613 1594 2640 pro
1619 2603 1797 2641 contumacitr,

1005 2650 1058 2676 duo
1068 2638 1155 2675 inodo
1167 2647 1265 2673 laudati
1281 2646 1343 2672 cod.
1360 2645 1425 2671 Mss.
1438 2644 1468 2669 Ιὶι
1479 2638 1613 2674 ιιιὺυΙίΙιιε,
1628 2646 1708 2674 atque
1719 2638 1799 2665 Eras-

1006 2692 1065 2711 tntts
1081 2683 1242 2709 contumeliae
1260 2681 1368 2707 habent.

1043 2720 1051 2738 ῐ
1065 2719 1123 2745 Duo
1138 2717 1206 2752 apud
1222 2717 1356 2743 Italuzium
1373 2715 1435 2741 Mss.
1453 2713 1547 2752 doceri.

1044 2760 1056 2778 ὅ
1065 2742 1235 2786 λίιίξνῆιῶἰέ
1245 2742 1325 2778 etiam
1339 2755 1466 2784 suscepta,
1479 2754 1506 2775 et
1529 2748 1583 2786 ipse
1596 2744 1677 2786 prius_
1690 2751 1736 2786 pro
1750 2742 1800 2786 Itale

1004 2779 1147 2821 morie—udo,
1162 2792 1215 2815 etc.
1233 2787 1380 2814 Frobeuius
1390 2779 1418 2821 et
1428 2788 1505 2821 vetus
1516 2779 1599 2809 edttio
1609 2779 1678 2821 apud
1697 2779 1798 2821 Pan-el.

1006 2827 1118 2859 Ideoque
1131 2818 1195 2858 (leg.
1210 2821 1272 2859 Ideo
1286 2822 1356 2859 quas)
1372 2820 1453 2859 prius,
1470 2818 1545 2845 etiam
1566 2820 1683 2859 suscepta
1704 2818 1798 2859 morte,

1005 2850 1247 2891 (iacuit,
1264 2850 1317 2891 ipse
1337 2850 1390 2881 [nec
1411 2855 1510 2889 primus
1533 2850 1663 2878 moriendo
1678 2853 1797 2877 servant.
