4078 6346
256 331 361 389 557

1227 320 1767 380 COMMENTARIUS
1805 318 1869 374 IN
1911 319 2199 374 SYMBUL.
2246 319 2577 375 APOSTOL

3429 303 3533 379 533

258 450 478 505 stvrium
512 445 696 501 carnis
724 451 998 497 assumtae.
1045 438 1253 493 Fideles
1289 454 1419 493 vero
1447 442 1534 506 qui
1567 445 1622 489 et
1668 445 1848 489 uatum
1882 438 1923 492 Α
1955 431 2123 503 nulla]
2155 435 2234 487 eis
2266 449 2497 503 unquam
2548 434 2618 485 de
2651 433 2754 493 his.
2783 447 2899 501 quas
2929 435 3173 498 credunt,
3224 436 3542 505 ambiguitas

260 552 313 593 et
346 552 560 609 passum
594 537 649 590 in
694 548 861 590 carne
898 538 1250 594 susceperant
1271 528 1379 600 (At.
1409 525 1773 595 receperant],
1804 535 1861 579 et

263 647 291 681 a
331 628 560 683 mortuis
599 622 986 682 resurrexisse,
1022 622 1214 674 merito
1251 618 1508 672 virtutem
1557 617 1647 670 Dei
1678 617 1858 671 crede-

265 721 393 774 bant
435 733 582 785 esse,
628 730 750 785 quae
796 714 1003 768 vicerat
1051 719 1302 765 mortem.
1358 710 1537 763 Primo
1581 723 1711 778 ergo
1759 711 1860 760 hoc

268 780 465 879 ipsum:
499 780 864 877 qnud'Judzei,
911 801 1105 870 quibus
1136 801 1405 869 propheta:
1435 798 1551 852 hinc
1596 796 1859 865 prmdixe—

268 911 412 963 rant,
446 915 553 952 non
578 905 763 952 essent
793 892 1045 950 credituri
1075 908 1091 946 :
1119 891 1211 943 sed
1235 890 1309 945 illi
1335 889 1426 957 qui
1450 903 1720 958 nunquam
1744 887 1860 941 hinc

272 1010 301 1046 a
334 991 615 1061 prophetis
643 988 924 1043 audierant
952 1002 965 1038 :
1001 984 1123 1038 audi
1155 983 1423 1052 quomodo
1452 989 1476 1018 ³
1509 997 1604 1050 ιιι-ι’
1645 981 1861 1035 Esaiam

272 1082 591 1152 prolabetico
626 1091 876 1133 sermone
902 1080 1161 1144 signatur.
1196 1073 1387 1139 Quibus
1418 1088 1518 1123 non
1544 1080 1638 1136 est,
1668 1069 1859 1138 inquit,

270 1174 641 1227 annuneiatum
669 1170 735 1222 de
758 1185 837 1231 eo,
864 1168 1097 1221 videbunt
1127 1182 1146 1219 :
1165 1176 1215 1219 et
1242 1165 1328 1232 qui
1358 1179 1459 1215 non
1488 1162 1764 1214 audierunt
1786 1161 1865 1213 in-

272 1264 504 1333 telligent
529 1260 704 1331 (Esai.
734 1259 872 1329 52.).
907 1256 1056 1323 Quod
1087 1265 1263 1310 autem
1291 1255 1373 1307 Itis
1401 1255 1489 1322 qui
1527 1251 1863 1306 meditaban-

274 1364 367 1407 tur
392 1353 563 1421 legem
611 1351 731 1416 Dei,
759 1365 789 1402 a
836 1349 1057 1414 pueritia
1099 1362 1270 1411 usque
1301 1346 1353 1399 iu
1398 1350 1729 1398 senectutem
1756 1358 1862 1396 non

273 1445 646 1505 credentibus,
675 1444 740 1496 ad
770 1451 955 1511 gentes
983 1449 1129 1494 esset
1157 1454 1319 1491 omne
1358 1436 1671 1507 mysterium
1705 1445 1866 1489 trans-

279 1536 584 1598 ferendum,
620 1535 761 1589 idem
811 1531 997 1587 Esaias
1038 1531 1139 1583 hoc
1183 1533 1341 1582 modo
1374 1526 1632 1593 pra-dicit.
1656 1527 1766 1597 82
1800 1525 1863 1577 Et

278 1631 451 1700 faciet,
488 1628 686 1698 inquit,
732 1625 985 1678 Dominus
1016 1622 1153 1676 Deus
1181 1621 1394 1674 sabaoth
1436 1619 1668 1672 omnibus
1695 1618 1861 1687 genti-

277 1724 393 1785 bus,
436 1722 490 1773 in
522 1729 694 1772 mante
737 1720 855 1775 is'o,
886 1714 1102 1768 bbibent
1152 1712 1403 1774 laetitiam,
1451 1710 1619 1763 bibent
1665 1712 1860 1773 vinum,

1963 525 2175 577 inimica
2236 525 2494 590 surripiat
2542 523 2666 596 (Al.
2725 523 3033 595 subrepat].
3087 524 3392 580 Edocemur
3451 531 3545 591 per

1965 617 2332 685 Evangelium,
2363 617 2503 685 quod
2532 616 2695 671 Iudas
2743 632 2880 670 unus
2904 618 2971 671 de
3000 617 3186 672 amicis
3214 626 3268 672 et
3300 620 3543 673 convivis

1961 708 2159 761 Christi
2201 708 2480 763 tradiderit
2507 724 2652 763 eum.
2686 708 2823 762 Audi
2859 707 2960 762 hoc
2989 709 3259 776 quomodo
3293 725 3547 777 pra-nun-

1960 801 2134 852 cietur
2187 800 2239 852 in
2293 800 2551 865 psalmis:
2583 800 2684 865 Qui
2726 801 3050 853 manducavit
3083 810 3131 868 ο,
3162 800 3354 870 inquit,
3390 819 3547 871 panes

1962 905 2120 952 meos,
2151 890 2414 957 ampliavit
2445 890 2709 944 adversum
2759 908 2838 945 me
2863 893 3330 963 supplantationem
3369 895 3545 961 (l’sal.

1964 977 2053 1032 Ml.
2086 980 2221 1048 10.).
2257 981 2318 1033 Et
2348 981 2475 1035 alibi
2512 998 2525 1034 :
2562 983 2746 1049 Amici,
2777 985 2969 1053 inquit,
3002 987 3102 1038 ntei
3130 997 3178 1039 et
3197 990 3420 1055 proximi
3450 989 3549 1042 mci

1964 1072 2234 1123 adversum
2280 1086 2361 1123 me
2406 1074 2947 1139 appropinquaverunt
2990 1086 3039 1128 et
3081 1085 3326 1129 steterunt
3373 1077 3546 1147 (Psal.

1966 1158 2053 1211 57.
2090 1160 2224 1228 12.).
2259 1160 2325 1214 Et.
2352 1162 2544 1214 iterum
2580 1177 2593 1213 :
2621 1160 2813 1215 Molliti
2838 1172 2955 1215 sunt
2984 1181 3241 1219 sermones
3262 1168 3372 1236 ejus
3393 1184 3549 1233 super

1965 1250 2162 1314 oleant,
2189 1260 2234 1303 et
2264 1250 2363 1318 ipsi
2395 1248 2413 1287 ί
2445 1262 2594 1304 erunt
2622 1252 2805 1321 jacula
2834 1251 3004 1321 (Psal.
3030 1252 3169 1321 δι).
3203 1255 3295 1308 Vis
3340 1257 3550 1319 audire.

1965 1339 2239 1408 quomodo
2280 1339 2476 1393 molliti
2524 1341 2687 1393 sunt?
2728 1338 2889 1404 Venit,
2924 1342 3116 1410 inquit,
3158 1343 3325 1398 ludas
3367 1346 3434 1398 ad
3461 1346 3551 1400 Je-

1963 1448 2098 1497 sum,
2134 1443 2182 1486 et
2227 1433 2362 1489 dixit
2408 1434 2642 1499 ei:Ave,
2677 1432 2857 1497 IIabln',
2906 1444 2952 1488 et
3008 1438 3266 1490 osculatus
3318 1447 3389 1491 est
3436 1455 3552 1491 cum

1964 1523 2191 1591 (Matth.
2237 1523 2390 1593 26.).
2433 1522 2534 1578 Per
2587 1524 2748 1578 molle
2797 1525 2955 1595 igitur
3007 1528 3175 1580 osculi
3222 1528 3551 1585 blandimen-

1966 1626 2099 1682 tum,
2137 1616 2477 1671 exsecrabile
2508 1616 2742 1686 jaculum
2784 1617 3102 1686 prodit'onis
3155 1620 3348 1674 inﬁxit.
3401 1622 3551 1677 Unde

1963 1708 2074 1779 83
2125 1708 2423 1763 Domino"
2461 1708 2530 1763 ad
2558 1723 2680 1763 eum
2726 1709 2855 1763 dixit
2890 1708 3106 1776 :Juda,
3154 1714 3328 1765 oscqu
3386 1712 3553 1781 ﬁlium

280 1822 539 1881 augentur
576 1817 833 1879 unguento
880 1808 935 1859 in
982 1816 1149 1858 monte
1184 1805 1286 1857 ista
1310 1819 1328 1857 :
1352 1804 1493 1855 trade
1531 1800 1639 1854 haec
1691 1801 1863 1854 omnia
1895 1796 1937 1854 Β
1965 1801 2186 1855 hominis
2226 1802 2392 1855 tradis
2433 1801 2593 1874 (Luc.
2622 1800 2778 1866 ‘22.)?
2817 1800 3057 1871 Triginta
3095 1803 3361 1872 argenteis
3401 1804 3555 1860 audis

280 1902 511 1975 gentibus
551 1899 716 1968 (Ibid.
751 1896 888 1966 25.).
922 1898 1034 1952 Hoc
1082 1897 1221 1952 enim
1260 1894 1540 1949 consilium
1566 1904 1589 1930 π
1619 1892 1858 1958 omnipo-

282 1994 444 2049 tentis
474 2008 641 2062 super
670 2006 860 2045 omues
881 1999 1087 2060 gentes.
1118 1990 1221 2045 Sed
1243 1989 1422 2042 dicent
1454 1989 1679 2041 fortasse
1709 1987 1861 2041 nobis

287 2090 387 2147 illi.
403 2088 495 2157 qui
518 2101 577 2140 se
596 2087 807 2155 jactant
825 2085 877 2138 in
900 2083 1123 2138 scientia
1151 2083 1281 2151 legis
1306 2099 1321 2136 :
1346 2082 1747 2150 blasphematis,
1771 2078 1862 2149 qui

282 2180 460 2234 dicitis
492 2177 780 2232 Dominum
807 2174 1137 2241 corruptioni
1164 2172 1369 2234 mortis,
1397 2181 1453 2227 et
1476 2171 1706 2241 passioni
1740 2187 1864 2223 crti—

286 2273 364 2326 cis
386 2270 553 2325 iuisse
580 2267 903 2337 subjectum.
930 2264 1111 2333 Legite
1145 2280 1294 2335 ergo,
1315 2263 1457 2335 quod
1483 2265 1740 2333 scripturn
1771 2264 1863 2317 ha-

297 2362 434 2417 betis
465 2362 518 2415 in
561 2357 1059 2415 Lamentationibus
1084 2356 1350 2419 Jeremice,
1379 2354 1468 2409 ubi
1498 2355 1667 2409 dicit:
1692 2354 1864 2421 Spiri-

292 2460 367 2503 tus
395 2451 563 2503 vultus
604 2448 769 2501 nostri
798 2446 1031 2499 Christus
1078 2444 1326 2498 Dominus
1364 2445 1761 2513 comprehensus
1790 2459 1862 2500 est

293 2542 346 2594 in
373 2538 794 2607 eorruptionibus
826 2538 1030 2600 nostris,
1056 2536 1110 2589 in
1140 2552 1240 2604 quo
1284 2536 1507 2589 diximus
1530 2550 1549 2589 :
1570 2537 1662 2590 sub
1686 2538 1863 2591 umbra

285 2633 393 2701 ejus
417 2632 637 2685 vivemus
666 2630 721 2684 in
762 2628 990 2699 gentibus
1022 2626 1239 2696 (Thren.
1271 2625 1377 2697 4.).
1406 2626 1573 2682 Audis
1593 2633 1862 2698 quomodo

288 2723 543 2791 propheta
597 2719 869 2775 Christum
921 2720 1205 2773 Dominum
1252 2722 1701 2787 comprehensum
1740 2736 1861 2777 esse

288 2813 434 2877 dicit,
454 2823 510 2867 et
533 2828 633 2882 pro
660 2811 837 2875 nobis,
868 2811 921 2865 id
958 2820 1038 2865 est
1095 2825 1192 2877 pro
1236 2811 1470 2877 peccatis
1512 2813 1709 2866 nostris
1739 2828 1861 2867 cor-

288 2908 517 2975 ruptioni
562 2905 816 2961 traditum
849 2904 941 2969 :in
981 2905 1134 2971 cujus
1165 2905 1371 2967 umbra,
1413 2904 1663 2971 quoniam
1695 2920 1861 2972 p0pu-

290 2998 368 3053 lus
399 2999 487 3054 ille
508 2997 533 3035 ά
560 2998 867 3053 Iudaeorum
900 2996 1193 3067 permansit
1234 2994 1555 3056 incredulus,
1592 2994 1856 3053 Gentilem

290 3090 585 3159 subjectum
608 3102 728 3144 esse
748 3088 877 3144 dicit
901 3105 914 3140 :
940 3088 1063 3157 quia
1091 3087 1313 3141 vivimut
1340 3101 1445 3142 non
1473 3089 1525 3141 in
1552 3085 1735 3151 Israel,
1759 3091 1852 3145 sed

292 3181 340 3234 lit
368 3181 634 3250 gentibus.

356 3273 447 3328 ΞΟ.
489 3273 640 3341 Quod
691 3272 737 3325 si
766 3286 1050 3340 operosum
1084 3287 1188 3326 non
1229 3272 1456 3338 videtur,
1488 3290 1646 3343 quam
1676 3290 1863 3344 passu-

295 3378 408 3416 inus
440 3364 675 3419 breviter
714 3362 939 3430 singula,
973 3377 1089 3429 qua:
1119 3363 1171 3416 in
1202 3363 1507 3431 Evangeliis
1540 3365 1862 3433 referuntur,

297 3456 519 3523 qualiter
560 3457 613 3509 in
643 3454 922 3526 prophetis
949 3455 1199 3523 prmdicta
1252 3458 1377 3521 sint,
1404 3456 1768 3528 designemus,
1807 3471 1865 3525 ut

296 3548 345 3600 hi
375 3547 459 3613 qui
502 3549 669 3613 prima
723 3546 843 3599 ﬁdei
887 3547 1151 3600 elementa
1200 3549 1523 3617 suscipiunt,
1560 3552 1862 3605 testimonia

294 3640 405 3693 huic
457 3640 687 3693 habeant
733 3638 785 3691 in
825 3638 989 3693 corde
1042 3640 1306 3709 descripta
1340 3660 1350 3694 :
1381 3657 1448 3696 ne
1496 3642 1601 3696 ulla
1651 3643 1757 3713 [ΑΙ.
1810 3654 1866 3698 ιιι

364 3758 388 3784 ιι
416 3748 591 3801 \‘erba
621 3764 709 3813 per
742 3746 968 3809 Esaiam,
995 3763 1113 3815 qua:
1143 3756 1196 3801 et
1244 3759 1397 3805 vetus
1426 3751 1719 3805 Osoniens.
1751 3753 1866 3807 edi-

297 3820 368 3873 tio
394 3820 611 3883 retinet,
626 3817 725 3891 alii
757 3820 1003 3891 plerique
1018 3834 1205 3891 munies
1233 3818 1499 3891 ignorant,
1531 3824 1619 3891 qui
1649 3835 1703 3877 et
1731 3840 1861 3878 con-

295 3899 580 3956 sequenler
624 3887 865 3948 inferius,
920 3889 1005 3941 ubi
1055 3889 1188 3940 idem
1240 3888 1421 3943 Esaias
1467 3887 1683 3958 dicitur,
1736 3895 1862 3950 illud

295 3958 453 4027 idem,
485 3974 553 4011 ne
585 3969 908 4024 praenotasse
931 3958 1230 4021 videantur,
1263 3972 1538 4028 respuunt.

365 4029 391 4067 ι)
417 4030 648 4084 Peccant
669 4043 768 4082 nec
797 4029 965 4081 semel
996 4028 1213 4096 reliqum
1260 4045 1466 4095 omnes,
1501 4034 1550 4085 in
1581 4034 1683 4086 hoc
1722 4036 1863 4089 reci-

296 4101 454 4153 tamln
503 4099 831 4161 testimonio,
868 4099 1155 4163 editiones,
1186 4115 1305 4166 quae
1334 4100 1552 4161 habent.
1603 4104 1656 4156 in
1697 4116 1866 4160 monte

296 4171 390 4222 ista
403 4169 624 4243 inueniri
645 4170 895 4229 lwtitiam,
920 4168 1081 4243 bibent
1102 4184 1291 4243 vntum,
1310 4184 1562 4243 augentur
1578 4186 1833 4243 unguento
1845 4192 1864 4228 :

295 4241 440 4292 trade
469 4240 594 4302 haec,
628 4249 775 4302 etc.;
808 4254 929 4292 nam
959 4246 1011 4292 ct
1048 4237 1262 4291 inveniri
1294 4237 1402 4308 pro'
1419 4241 1583 4294 bibent
1616 4237 1862 4299 vitiosum

296 4318 395 4371 est,
428 4321 587 4376 atque
631 4309 862 4362 alienum
894 4323 919 4359 a
952 4322 1105 4361 sacro
1135 4309 1328 4371 Textu.
1381 4320 1436 4363 et
1476 4337 1484 4356 ι
1512 4314 1647 4365 mitti
1676 4329 1861 4368 vocum

296 4382 346 4431 in
389 4390 555 4451 monte
584 4381 682 4451 ista
712 4378 1103 4451 repetitionem.
1148 4395 1391 4451 mancum
1422 4392 1580 4451 atque
1614 4384 1864 4448 impr-rfe—

298 4459 463 4520 ctum.
510 4448 723 4520 thitne
772 4448 1010 4520 Barra'us
1051 4448 1200 4516 juxta
1252 4448 1509 4503 Grtccuni'
1543 4462 1859 4520 eteniplar:

295 4517 407 4573 Ἐπὶ
443 4522 500 4575 τὸ
526 4516 642 4593 ὅρος
679 4525 830 4574 τοῦτο
860 4518 1057 4593 nicum:
1105 4522 1672 4593 sdypoativnv._niwrm
1698 4516 1826 4578 ὸῖνον
1850 4540 1862 4552 ·

296 4586 570 4669 χρᾶσοντςαὶ
600 4592 759 4669 μύρον
773 4592 831 4667 is
860 4598 931 4662 τῷ
953 4586 1057 4661 ὄρει
1080 4586 1265 4669 τούξῳ,
1296 4591 1545 4669 παράδᾳθ,
1571 4616 1694 4669 κητ.
1716 4596 1759 4646 λ.
1781 4596 1871 4647 AI-

298 4660 466 4713 tc'rum
499 4662 551 4711 in
586 4660 748 4711 monte
767 4660 883 4718 isto.
905 4660 1015 4710 una
1047 4660 1237 4718 repetit
1261 4660 1409 4714 retiis
1438 4664 1571 4716 edit.
1597 4664 1868 4718 UIOIIICII-

297 4729 389 4784 sis.
423 4730 526 4783 Pro
552 4730 742 4789 Trade,
773 4739 924 4780 antea
957 4737 1071 4782 erat
1098 4727 1308 4783 Trades.

371 4810 394 4839 ε
424 4801 523 4853 Alii
550 4808 860 4867 [tm-ponunt
905 4799 1019 4861 Dci,
1051 4814 1082 4867 p
1106 4815 1269 4867 usque
1318 4800 1506 4856 habent
1539 4803 1695 4870 paulo
1727 4816 1863 4871 post,

295 4886 377 4936 qut
406 4872 477 4923 sic
505 4870 691 4921 dicitis.

368 4938 392 4977 ἀ
421 4940 647 5000 llalicnt,
681 4948 737 4991 ut
782 4939 934 4991 nobis
963 4940 1171 5005 quidem
1204 4940 1429 5002 videtur,
1468 4941 1779 5006 imperfecte
1806 4946 1863 4999 Iz-

296 5010 378 5083 bri
407 5012 495 5063 alii
527 5025 734 5083 omnis,
763 5011 984 5078 papulas
1006 5009 1111 5083 ille,
1141 5014 1229 5079 qui
1254 5016 1525 5081 permansit
1547 5015 1864 5083 iniredulus,

297 5082 519 5151 abjertus
548 5091 641 5141 est,
662 5080 803 5151 dicit
841 5083 959 5147 quia
1000 5080 1105 5131 vive
1126 5098 1218 5132 nus
1248 5080 1348 5134 non
1390 5084 1442 5134 in
1472 5084 1653 5146 Israel,
1685 5095 1790 5139 etc.

369 5162 391 5187 ⁸
420 5151 583 5203 Vetus
610 5150 738 5204 edit.
770 5151 943 5203 Oxon.
977 5151 1331 5215 manducabat,
1363 5153 1578 5220 reliquie
1607 5156 1724 5207 alia:
1746 5171 1863 5208 out-

297 5236 390 5276 nes
433 5221 732 5273 munducat.
767 5220 915 5285 Quod
947 5220 1187 5287 sequitur
1231 5224 1517 5287 ampliavit,
1549 5226 1735 5277 eadem
1765 5227 1866 5277 edi-

298 5296 389 5354 tio,
424 5291 767 5351 Ilembnldus.
802 5298 856 5344 et
879 5291 999 5343 cod.
1031 5292 1476 5359 Saugermanens.
1503 5295 1750 5363 piabant,
1775 5296 1864 5350 alii

296 5365 497 5416 Inaiunt
526 5363 808 5428 ampliabit.

372 5434 387 5469 τ
427 5432 623 5485 Eadem
652 5442 800 5483 vetus
839 5432 966 5484 edit.
1006 5431 1324 5485 creandum
1353 5431 1472 5487 alia:
1508 5435 1645 5501 apud
1680 5435 1868 5488 Parne-

297 5503 419 5555 Iium
451 5512 608 5573 stant,
660 5503 873 5567 reliquae
908 5518 1095 5573 ntumes
1125 5512 1263 5554 sinit.
1313 5504 1447 5558 Tum
1469 5515 1522 5557 et
1550 5506 1739 5569 videre,
1775 5524 1868 5573 pro

296 5576 473 5625 antire
524 5571 726 5634 Fellus,
775 5572 1035 5631 Ualuzius.
1079 5581 1135 5624 ct
1177 5579 1494 5627 vetustiores
1534 5571 1790 5629 nonnulli.

366 5654 387 5689 ε
412 5646 729 5710 Quanquam
768 5644 898 5696 alias
936 5640 1190 5705 Rutilius,
1225 5653 1281 5695 ut
1305 5645 1416 5698 suis
1454 5644 1585 5699 locis
1625 5656 1866 5700 notatum

292 5728 371 5768 est
404 5714 586 5775 nouis,
618 5728 682 5764 i-x
710 5713 765 5783 S.
798 5712 996 5780 Cyrillo
1020 5711 1497 5783 Jerosoninitano,
1527 5716 1643 5781 ejus
1665 5718 1867 5769 scilicet

293 5786 550 5839 licclcsuc
588 5782 1036 5850 Archicpiscopo,
1070 5782 1349 5849 cnjus'fuit
1378 5786 1491 5855 ipse
1516 5788 1675 5839 etiam
1704 5786 1865 5841 Clero

1964 1907 2086 1948 eum
2119 1894 2492 1962 appreciatum
2524 1907 2646 1947 esse
2667 1893 2971 1962 cupiditate
2995 1893 3305 1963 proditoris.
3336 1896 3469 1949 Audi
3501 1907 3556 1951 et

1965 1986 2032 2039 de
2061 1974 2163 2039 hoc
2192 1985 2563 2054 propheticzim
2600 1998 2810 2037 vocem.
2851 1982 2913 2035 Et
2943 1985 3074 2051 dixi,
3107 1986 3299 2055 inquit,
3331 1988 3399 2039 ad
3428 2003 3511 2039 eos
3535 2000 3554 2038 :

1966 2077 2029 2132 Si
2056 2077 2242 2130 bonum
2258 2085 2330 2128 est
2350 2076 2401 2127 in
2424 2084 2699 2143 conspectu
2720 2086 2901 2141 vestro,
2931 2077 3048 2128 date
3068 2079 3347 2129 mercedem
3368 2093 3554 2140 meam,

1968 2167 2093 2221 haut
2122 2168 2327 2221 abnuite
2349 2166 2542 2235 (Zaclt.
2571 2167 2702 2229 ll.).
2741 2168 2800 2219 Et
2826 2176 2943 2235 post
2968 2170 3101 2231 lm-c,
3130 2168 3334 2238 Acccpi,
3361 2170 3551 2239 inquit.

1966 2262 2176 2332 triginta
2213 2271 2508 2330 argenteos,
2556 2274 2603 2313 et
2646 2260 2763 2312 misi
2801 2277 2886 2314 eos
2921 2263 2973 2314 in
3012 2263 3221 2315 domum
3263 2262 3469 2316 Domini
3498 2264 3554 2316 in

1971 2355 2364 2421 conﬂatorium.
2414 2352 2600 2408 Nonne
2648 2354 2749 2406 hoc
2795 2362 2913 2418 est,
2962 2354 3100 2424 quod
3148 2359 3198 2407 iu
3250 2354 3553 2425 Evangeliis

1966 2448 2236 2501 scribitur.
2278 2446 2413 2513 Quia
2456 2445 2620 2500 Judas
2670 2447 2985 2514 paenitentia
3026 2448 3219 2502 ductus
3258 2451 3553 2516 reportavit

1965 2537 2278 2606 pecuniam,
2315 2545 2369 2587 et
2402 2537 2627 2605 projecit
2659 2553 2777 2592 eam
2819 2537 2871 2591 iu
2916 2540 3145 2605 templo,
3193 2548 3247 2593 et
3297 2538 3550 2594 discessit

1965 2626 2183 2696 (Matth.
2214 2626 2366 2695 I1)?
2398 2627 2541 2681 Bene
2560 2636 2734 2681 autem
2764 2627 3065 2683 mercedem
3093 2643 3243 2682 suam
3274 2630 3433 2696 dixit,
3458 2645 3551 2685 re-

1967 2721 2043 2773 lut
2083 2720 2394 2788 imputantis
2422 2727 2478 2773 et
2516 2720 2891 2789 exprobrantis
2931 2721 3144 2776 affectu.
3182 2722 3393 2776 Etenim
3432 2732 3543 2777 tam

1967 2809 2137 2864 multa
2164 2810 2299 2864 bona
2327 2826 2489 2878 opera
2519 2812 2657 2879 apud
2688 2826 2782 2867 ens
2812 2821 3025 2879 egerat,
3045 2827 3218 2867 caecos
3254 2812 3555 2869 iillumina-

1963 2913 2142 2970 verat,
2189 2903 2397 2957 claudis
2438 2904 2622 2972 pedes,
2669 2906 2973 2975 paralyticis
3010 2920 3289 2976 gressum,
3324 2909 3553 2963 mortuis

1962 3010 2174 3064 quoque
2195 2994 2496 3050 reddiderat
2519 2997 2703 3049 vitam.
2736 2995 2839 3050 Pro
2880 2997 2963 3051 his
2996 2998 3155 3066 igitur
3184 3000 3431 3052 erunibus
3460 3000 3555 3052 bo-

1963 3088 2068 3154 nis,
2085 3087 2384 3142 mercedem
2410 3088 2693 3141 restituunt
2715 3087 2763 3141 ei
2786 3099 3031 3153 mortem,
3051 3089 3260 3157 triginta
3285 3100 3556 3157 argenteo—

1885 3168 1934 3229 C
1966 3194 2080 3232 rum
2118 3180 2472 3235 aestimatione
2516 3188 2815 3246 pensatam.
2849 3179 3093 3233 Itel‘ertur
3132 3182 3260 3233 item
3293 3182 3342 3234 in
3374 3181 3551 3234 Evan-

1966 3273 2139 3343 geliis,
2173 3273 2312 3339 quod
2343 3274 2547 3326 VIIH'IIN
2578 3282 2679 3326 est.
2716 3272 2969 3325 Prtedixit
2991 3273 3093 3325 hoc
3116 3287 3295 3325 sermo
3319 3274 3548 3341 prolihe-

1968 3364 2101 3416 licus
2134 3379 2228 3433 per
2252 3363 2463 3416 Esaiam
2496 3363 2696 3419 dicens.
2739 3362 2832 3415 Vw
2861 3365 3049 3416 anima:
3076 3380 3269 3428 eorum,
3298 3368 3385 3434 qui
3406 3367 3547 3436 ragi-

1969 3462 2201 3505 taverunt
2232 3452 2591 3520 cegitationem
2634 3454 2913 3520 pcssimant
2944 3454 3213 3507 adversum
3253 3456 3550 3527 seinelipsos

1967 3542 2193 3596 dicentes
2228 3558 2247 3597 :
2276 3545 2557 3613 Alligemus
2597 3547 2831 3616 justum,
2878 3547 2998 3613 quia
3045 3546 3238 3600 inut’lis
3286 3558 3361 3600 est
3400 3548 3544 3602 nobis

1967 3633 2138 3703 (Esai.
2164 3633 2219 3699 5,
2248 3651 2346 3687 sec.
2383 3633 2596 3705 LXX)

1968 3747 2287 3814 adscriptus,
2314 3749 2364 3801 in
2391 3762 2540 3802 suam
2576 3750 2710 3801 lianc
2740 3749 2977 3819 Syuibuli
3001 3749 3389 3817 expositionem
3416 3766 3550 3806 non-

1969 3820 2111 3871 nulla
2145 3819 2497 3890 trauStulerit,
2527 3832 2760 3887 satisque
2790 3821 3000 3873 erudite
3032 3824 3301 3888 proposito
3326 3838 3424 3875 suo
3447 3837 3545 3890 ap-

1969 3890 2091 3942 tarit
2116 3906 2127 3942 :
2154 3888 2287 3943 hanc
2303 3900 2501 3949 tamen.
2520 3900 2574 3943 et
2596 3906 2712 3956 quae
2729 3890 2966 3953 proxime
2986 3890 3235 3959 praecedit
3254 3888 3551 3947 sectionem

1968 3959 2039 4030 ita
2071 3969 2342 4013 mutuatus
2372 3964 2439 4011 ab
2465 3974 2530 4014 eo
2554 3970 2657 4026 est,
2688 3970 2743 4013 ut
2772 3964 2881 4014 lere
2904 3962 3252 4030 descripsisse
3284 3964 3545 4017 videatur.

1971 4029 2035 4082 Et
2081 4044 2211 4083 sane
2254 4030 2312 4083 P.
2343 4031 2599 4095 'I‘outtee,
2632 4032 2719 4097 qui
2749 4047 3003 4092 nttperaitt
3034 4032 3217 4100 Cyrilli
3259 4033 3548 4087 editionem

1968 4100 2265 4163 accuravit,
2296 4100 2359 4152 ad
2391 4100 2729 4155 (latecliesim
2763 4101 2897 4154 XIII.
2932 4103 2999 4154 de
3028 4102 3240 4154 Christo
3263 4104 3553 4170 cruciliw,

1968 4181 2021 4222 et
2065 4171 2306 4237 Sepulto,
2361 4185 2389 4221 a
2420 4186 2566 4223 ltttw.
2599 4172 2651 4233 7,
2701 4172 2786 4222 ubi
2814 4172 3115 4223 occurritur
3158 4171 3551 4239 objectionibus

1967 4239 2300 4301 .Itnlaeorum,
2335 4242 2396 4290 ad
2423 4243 2534 4293 lete
2560 4255 2728 4306 usque
2753 4242 2906 4291 tinem
2939 4241 3310 4305 (ὶηιθςιιιιδιιος,
3338 4241 3393 4295 id
3417 4261 3427 4299 i
3450 4258 3549 4294 rm-

1968 4308 2149 4361 slitum
2173 4310 2240 4360 ab
2273 4309 2504 4362 Anetore
2543 4319 2725 4362 nostra
2763 4312 3027 4362 observat.
3080 4314 3272 4377 Aitque
3296 4313 3346 4364 iii
3364 4310 3554 4376 Notis,

1972 4379 2041 4451 Ita
2073 4382 2185 4432 lucc
2214 4378 2404 4451 similia
2430 4380 2670 4451 suntiis,
2698 4395 2817 4451 quae
2850 4381 2987 4446 apud
3022 4379 3266 4443 Ruliuutn
3301 4382 3551 4451 leguntur

1971 4450 2021 4501 in
2052 4449 2383 4521 expositione
2430 4448 2671 4521 ejusdem
2701 4449 2906 4521 articuli
2946 4452 3179 4521 Symlmli
3202 4490 3217 4513 ,
3253 4448 3411 4521 qttein
3464 4452 3551 4503 liic

1903 4534 1950 4592 ι)
1979 4529 2170 4592 tractat
2205 4518 2468 4592 Cyrillus,
2503 4528 2567 4592 ut
2585 4519 2710 4592 mihi
2758 4518 2995 4592 (nullum,
3032 4519 3253 4573 dubium
3274 4518 3390 4586 sit,
3423 4522 3554 4592 quin

1978 4591 2194 4663 ljuliuus
2213 4605 2275 4641 ex
2298 4589 2411 4641 istis
2429 4589 2610 4663 Cyrilli
2640 4590 2869 4642 fontibus
2890 4605 3014 4642 suos
3035 4593 3273 4647 hortulos
3296 4589 3553 4663 irrigarit.

1977 4660 2188 4713 Eu-dem
2220 4669 2344 4712 sunt
2370 4670 2535 4713 serite
2563 4662 2883 4722 li‘t',8il§d9lll
2901 4663 3292 4728 Scripturarum
3319 4666 3369 4716 ιιι
3394 4660 3549 4717 euut-

1972 4731 2201 4796 demque
2229 4746 2445 4784 Sensum
2476 4732 2841 4799 allegationes,
2865 4733 3052 4784 endam
3079 4733 3265 4787 ordine
3290 4736 3551 4799 recitatae,

1972 4802 2173 4854 caulem
2238 4801 2592 4863 obiectiones.
2648 4812 2701 4852 et
2748 4805 2809 4852 ad
2859 4804 3065 4854 uirecta
3128 4803 3542 4872 responsiones,

1974 4880 2081 4925 etc.
2140 4872 2382 4923 I'roh-t-tn
2430 4876 2540 4921 huc
2583 4873 2650 4924 de
2691 4872 2841 4925 .ludze
2893 4876 3190 4940 proditione
3238 4891 3331 4940 per
3380 4884 3548 4932 lerme

1977 4940 2160 5016 verba,
2196 4942 2387 5016 nedum
2418 4944 2708 5016 sententias
2733 4946 3005 5016 ili-scribit.
3039 4956 3092 4997 ut
3112 4946 3277 5016 Cyriu
3305 4962 3419 5000 ana:
3450 4964 3551 5001 ex-

1977 5012 2256 5079 positioni:
2295 5013 2460 5065 videii
2495 5016 2605 5065 Ini-c
2647 5014 2813 5075 possit
2854 5017 2918 5066 de
2960 5012 3173 5069 ὕπερθ’
3198 5018 3248 5068 iii
3301 5018 3543 5071 Latinum

1977 5083 2132 5149 paulo
2163 5084 2380 5135 liberior
2411 5084 2518 5136 inte
2554 5086 2799 5150 pretatio.
2832 5086 3030 5139 Cnttlel'
3057 5088 3238 5139 (ἓτιιιοιι
3258 5127 3273 5148 ,
3309 5104 3423 5154 qtae
3457 5089 3551 5140 ad-

1972 5154 2167 5205 ducere
2201 5155 2410 5217 longum
2446 5155 2603 5208 nimis
2631 5167 2789 5207 esset.
2824 5157 3123 5221 l’raecipuos
3150 5167 3352 5209 tantum
3377 5159 3542 5221 ἔθεινε,

1972 5238 2197 5345 quorum
2243 5240 2300 5277 se
2347 5236 2527 5277 noster
2569 5226 2913 5293 interpretem
2943 5230 3081 5297 agit,
3131 5230 3350 5280 inferius
3392 5238 3545 5280 nota-

2011 5309 2166 5345 unus.

2011 5309 2166 5345 IIIIIIS.

2044 5361 2073 5399 ιι
2095 5364 2165 5416 Ita
2197 5376 2243 5414 ιιι
2270 5365 2405 5425 'dun,
2439 5380 2570 5429 quos
2603 5364 2778 5418 laudat
2810 5367 3053 5420 Ilaluzius
3080 5366 3235 5418 codd.
3262 5363 3384 5416 Mss.
3413 5380 3545 5431 prte-

1973 5430 2171 5487 fernnt.
2227 5435 2550 5489 Ilcinbtldus
2580 5446 2738 5500 atque
2775 5436 3025 5488 Erasmus
3054 5449 3101 5488 et
3148 5435 3314 5497 abite,
3358 5430 3545 5487 Mttrt'l.

1975 5515 2063 5555 aut
2085 5505 2236 5557 abite.
2292 5506 2452 5558 l'anlo
2499 5522 2709 5574 qut-que
2751 5517 2868 5572 post
2913 5508 3105 5572 legitur
3144 5506 3371 5563 (iecerit.
3406 5506 3547 5558 "tisi!

1977 5575 2027 5626 in
2048 5574 2183 5628 Cod.
2215 5576 2587 5641 Sattgerniatt.,
2609 5578 2885 5629 lleinhold.
2912 5592 3070 5641 atque
3092 5578 3331 5626 lirasttio.
3349 5575 3549 5630 Confer

1972 5646 2232 5714 Cyrillum
2265 5650 2483 5699 tiatech.
2520 5647 2749 5704 laudata,
2784 5662 2929 5697 num.
2967 5648 3030 5696 HI
3060 5656 3108 5697 ei
3142 5658 3257 5705 seq.

2056 5715 2312 5768 iAddunt
2363 5732 2536 5767 eorum
2584 5716 2823 5780 plerique
2871 5716 2988 5766 libri
3041 5715 3150 5768 alii.
3202 5714 3389 5770 Graece
3431 5714 3549 5772 lucc

1978 5786 2165 5840 eadem
2194 5786 2361 5840 Italica
2390 5790 2528 5854 apud
2554 5784 2808 5851 (Lyrdluui
2848 5801 2995 5836 nam.
3034 5783 3115 5836 lii.
