4078 6346
472 349 478 355 .
557 302 665 358 559

1594 302 1824 359 RUFINI
1869 300 2341 371 AQUILEIENSIS
2382 298 2811 359 PRESBYTERI

3716 308 3821 367 360

626 416 842 474 2|.Sed
862 415 1110 488 dicitjAl.
1133 414 1298 484 dicet]
1319 414 1796 484 aliquiszNuuquid
1823 416 1934 468 lure
1948 415 2015 467 de
2038 416 2137 466 lto-
2168 426 2214 485 Α
2246 412 2483 468 llerodes
2515 415 2581 468 de
2603 413 2763 467 domo
2789 413 2973 477 Israel,
3004 430 3104 469 nec
3127 417 3193 471 de
3217 417 3305 471 illa
3331 417 3480 473 vinea
3506 418 3822 488 Israelitica,

558 514 705 570 mino
735 511 1077 579 intelligenda
1105 510 1264 562 sunt?
1293 507 1535 575 Nunquid
1571 507 1828 561 Dominus
1859 508 1926 560 ab
1957 506 2133 558 homi-

560 606 716 662 nibus
744 605 911 658 teneri
942 610 1181 672 poterat,
1210 598 1323 669 84
1353 608 1377 633 ἰ
1412 606 1471 651 et
1490 596 1553 651 ad
1578 596 1839 666 judicium
1865 596 2134 665 pertrahi?

561 699 627 752 Et
674 697 741 752 de
784 697 884 750 hoc
913 704 966 749 te
1012 694 1147 748 idem
1182 691 1435 759 propheta
1474 692 1777 745 convincet.
1813 690 1949 744 Dicit
1989 690 2133 743 enim

561 788 645 842 his
668 787 850 841 verbis
874 803 889 839 :
919 784 1038 851 Ipse
1062 782 1314 836 Dominus
1338 781 1391 833 in
1405 780 1664 850 judic-um
1689 781 1878 843 veniet,
1912 796 2028 833 cum
2056 795 2137 833 se-

559 877 787 931 nioribus
826 886 873 929 et
920 874 1234 945 principibus
1284 870 1461 940 papuli
1506 868 1675 940 (Esai.
1710 870 1812 938 5.).
1861 871 2138 926 iudicatur

557 986 685 1040 ergo
721 969 977 1024 Dominus
1000 965 1293 1020 secundum
1335 963 1611 1032 propheta:
1651 963 2049 1027 testitnuniutn,
2080 972 2136 1017 et

558 1080 665 1120 non
708 1064 877 1117 solum
903 1060 1197 1130 judicatur,
1230 1056 1324 1110 sed
1353 1057 1513 1109 etiam
1553 1054 1777 1124 ﬂagellis
1805 1054 2048 1117 caeditur,
2081 1062 2137 1108 et

557 1158 745 1226 palmis
774 1156 826 1207 in
874 1154 1061 1206 faciem
1092 1148 1430 1213 verberatur,
1460 1157 1515 1201 et
1542 1147 1875 1213 conspttitur,
1900 1155 1955 1200 et
1975 1160 2135 1199 omne

557 1262 653 1315 pro
682 1247 833 1299 nobis
864 1242 1064 1312 perfert
1093 1240 1119 1279 δ
1140 1239 1491 1310 opprobrium
1520 1238 1873 1307 indignitatis.
1915 1240 1979 1292 Et
2008 1239 2133 1308 quia

553 1340 669 1393 lucc
695 1334 1046 1401 stnpescenda
1077 1340 1231 1387 erant
1258 1331 1535 1392 omnibus,
1564 1344 1683 1384 cum
1718 1330 2136 1398 prtedicareutur

552 1431 621 1484 ab
645 1428 916 1497 Apostolis
941 1444 953 1478 :
981 1425 1184 1479 idcirco
1205 1423 1369 1477 etiam
1398 1437 1463 1476 es
1494 1436 1719 1489 persona
1749 1420 1983 1489 ipsorum
2013 1435 2137 1488 pro-

552 1521 713 1590 pheta
728 1518 1015 1580 exclamat,
1034 1528 1086 1569 et
1108 1514 1241 1567 dicit
1264 1529 1277 1566 :
1304 1511 1541 1577 Domine,
1563 1513 1677 1580 quis
1700 1512 1915 1565 credidit
1936 1514 2137 1564 auditui

549 1619 725 1664 nostro
756 1606 983 1678 (Ibidem
1008 1605 1174 1671 53.)?
1222 1603 1537 1659 Incredibile
1564 1605 1707 1657 enim
1757 1614 1867 1665 est,
1905 1614 1959 1656 ut
1994 1603 2133 1657 Deus

552 1701 646 1755 Dei
679 1699 845 1753 Filius
877 1712 1066 1765 passus
1100 1706 1121 1733 ε
1146 1696 1245 1748 ista
1278 1694 1509 1757 dicatur,
1540 1704 1595 1747 et
1626 1693 1941 1762 praedicetur
1967 1712 1978 1745 :
2003 1709 2132 1763 ergo

2237 516 2396 570 quam
2426 502 2691 557 eduxerat
2719 503 2975 559 Dominus
3006 506 3073 559 de
3104 506 3361 576 ASgypto,
3393 520 3446 563 et
3488 510 3824 578 plantavet'at

2238 594 2291 648 itt
2315 608 2479 648 cornu
2510 596 2563 648 in
2592 595 2711 649 loco
2734 596 2882 651 uberi
2911 615 2921 648 :
2948 597 3041 651 sed
3073 608 3191 652 erat
3232 599 3503 666 silvester,
3546 600 3600 655 id
3629 613 3713 656 est
3755 617 3822 655 ex

2236 686 2366 740 silva
2398 687 2817 756 alienigenarum
2846 705 2861 740 :
2888 700 2940 743 et
2990 692 3108 741 ideo
3148 701 3293 746 recte
3333 692 3579 748 silvester
3608 702 3695 748 est
3721 707 3821 761 ap-

2240 779 2494 846 pellatus,
2525 778 2647 847 quia
2679 779 2747 833 de
2779 780 3085 834 Israelitica:
3114 782 3236 836 vitis
3263 798 3598 853 nequaquam
3628 785 3820 853 palmi-

2238 868 2377 923 tibus
2411 869 2741 936 pullulasset.
2769 869 2874 924 Sed
2914 868 2931 907 ί
2954 872 3019 924 ad
3052 872 3150 925 hoc
3170 910 3187 937 ,
3216 876 3357 941 quod
3388 874 3522 928 dicit
3554 874 3818 943 prapheta

2236 961 2466 1025 senium,
2502 962 2885 1016 convenienter
2908 964 3129 1031 aptavit.
3161 964 3314 1018 Tunc
3340 965 3482 1018 enim
3508 965 3750 1020 Herodes
3770 976 3824 1019 et

2237 1048 2438 1102 Pilatus
2470 1049 2555 1117 (ttt
2588 1048 2937 1119 Evangelium
2973 1055 3220 1123 testatur)
3250 1070 3313 1107 es
3346 1054 3579 1108 inimicis
3609 1055 3662 1107 in
3688 1067 3821 1107 con-

2234 1142 2474 1195 cordiam
2505 1143 2739 1196 revocati
2772 1155 2899 1197 sunt
2924 1161 2935 1196 :
2960 1153 3015 1199 et
3044 1146 3189 1199 velut
3216 1147 3668 1200 reconciliationis
3713 1162 3823 1200 suat

2240 1235 2479 1296 senium,
2507 1234 2741 1287 vinctum
2766 1234 2871 1290 sibi
2897 1235 3128 1291 invicem
3154 1238 3434 1292 mittebant
3454 1238 3659 1293 Jesum.
3683 1239 3823 1306 Quid

2235 1325 2479 1390 interest,
2504 1324 2796 1380 dummodo
2836 1325 2991 1381 Jesus
3022 1336 3047 1373 κ
3070 1367 3084 1390 ,
3117 1338 3172 1382 ut
3196 1326 3461 1394 Salvator,
3494 1328 3822 1383 dis~identes

2236 1413 2580 1478 reconciliet,
2609 1424 2664 1467 et
2694 1428 2880 1483 pacem
2915 1423 3155 1484 reparet,
3188 1431 3250 1469 ac
3287 1416 3450 1469 etiam
3479 1416 3821 1471 concordiam

2234 1506 2455 1560 reddat?
2506 1505 2657 1561 Unde
2699 1507 2861 1561 etiam
2903 1509 2971 1561 de
3020 1510 3119 1562 ltoc
3164 1512 3424 1576 scriptum
3454 1519 3537 1565 est
3581 1510 3634 1564 in
3680 1511 3817 1565 Job:

2237 1595 2485 1650 Dominus
2525 1598 2815 1651 reconciliet
2841 1602 2998 1651 corda
3025 1601 3315 1667 principum
3347 1611 3495 1654 terra:
3548 1599 3692 1672 (Job.
3727 1601 3811 1654 12.

2232 1704 2333 1742 sec.
2372 1687 2589 1752 I.XX.).

550 1803 607 1848 et
662 1792 1023 1860 praedicuntur
1070 1804 1165 1856 per
1216 1785 1545 1857 prophetas,
1599 1802 1666 1841 ne
1695 1800 1796 1854 qua
1847 1785 2126 1839 creditoris
2160 1792 2206 1851 Β
2302 1782 2390 1833 22.
2432 1781 2686 1836 ltetertur
2718 1781 2872 1844 item,
2906 1782 3047 1850 quod
3090 1797 3209 1834 cum
3251 1781 3453 1836 Pilatus
3499 1781 3664 1837 vellet
3694 1798 3815 1837 eum

550 1883 814 1938 dubitatio
830 1888 1157 1936 nasceretur.
1180 1879 1295 1945 ipse
1306 1892 1435 1947 ergo
1449 1892 1513 1931 ex
1533 1892 1625 1931 sua
1647 1891 1867 1945 persona
1887 1876 2130 1931 Christus

554 1972 815 2027 Dominus
833 1971 963 2025 dicit
988 1988 1000 2021 :
1032 1969 1252 2023 Domini
1274 1985 1439 2021 meum
1461 1967 1579 2021 dedi
1604 1967 1673 2019 ad
1693 1966 1925 2037 ﬂagella,
1949 1978 1995 2021 et
2024 1984 2133 2022 ma-

548 2062 700 2120 xillas
739 2078 875 2114 meas
904 2061 972 2113 ad
1001 2061 1231 2129 palmas,
1261 2068 1307 2111 et
1336 2059 1520 2128 faciem
1560 2074 1722 2111 meant
1764 2075 1863 2111 non
1904 2060 2065 2111 auerti
2098 2074 2130 2110 a

547 2154 846 2218 confusione
888 2162 1151 2221 sputorum
1200 2147 1435 2219 (Ibidem
1463 2147 1612 2217 50.).
1665 2148 1929 2202 Scribitur
1964 2151 2127 2201 etiam

548 2246 678 2299 illttd
719 2248 856 2298 inter
895 2252 1117 2297 caeteras
1162 2241 1279 2310 ejus
1326 2242 1629 2310 passiones,
1685 2242 1827 2309 quod
1855 2241 2131 2309 alligauzes

545 2351 668 2389 eum
708 2337 973 2387 duxerunt
1017 2332 1083 2385 ad
1136 2330 1385 2385 Pilatum.
1435 2332 1779 2400 Pta‘signavit
1820 2332 1983 2385 etiam
2030 2334 2130 2385 hoc

546 2428 840 2499 propheta,
887 2426 976 2480 tibi
1005 2424 1131 2479 dicit
1160 2442 1173 2475 :
1206 2422 1269 2477 Et
1292 2425 1557 2495 alligantes
1594 2424 1925 2477 adduxerunt
1969 2422 2129 2477 deum

546 2522 755 2575 :renium
786 2520 891 2590 regi
919 2517 1089 2571 Jarim
1121 2517 1277 2585 (Osee
1307 2518 1393 2573 10.
1420 2519 1541 2583 6.):
1572 2516 1669 2570 nisi
1701 2518 1745 2569 si
1777 2517 1996 2585 objiciat
2023 2516 2127 2570 ali-

546 2615 666 2684 quis
703 2623 757 2667 et
799 2612 980 2666 dicat:
1006 2609 1099 2664 sed
1129 2609 1337 2663 Pilatus
1369 2625 1473 2663 non
1510 2618 1625 2663 erat
1670 2625 1785 2663 rex.
1832 2610 1966 2663 Audi
1999 2624 2129 2680 ergo

546 2706 672 2776 qttid
705 2707 755 2760 in
783 2703 1233 2771 consequentibus
1264 2701 1427 2756 refert
1457 2702 1833 2771 Evangelium.
1868 2703 2126 2767 Audiens,

545 2799 655 2868 85
707 2796 903 2863 inqut,
937 2793 1135 2847 Pilatus
1169 2809 1283 2845 eum
1313 2808 1421 2845 esse
1452 2793 1515 2844 de
1552 2792 1802 2855 Galiltza,
1841 2794 1979 2846 misit
2008 2810 2129 2845 eum

548 2891 615 2941 ad
642 2886 892 2941 Herodem
910 2927 926 2950 ,
953 2886 1039 2952 qui
1062 2896 1168 2937 erat
1191 2894 1309 2936 tunc
1330 2886 1483 2938 rexin
1506 2883 1689 2939 Israel.
1726 2886 1792 2937 Et
1812 2885 1948 2939 bene
1972 2884 2121 2939 addit

548 2994 741 3034 nomen
776 2977 973 3044 Jarim,
1015 2976 1155 3046 quod
1194 2986 1277 3030 est
1307 2986 1329 3013 ο
1353 2975 1621 3031 silvester.
1667 2976 1783 3030 Non
1827 2978 1969 3030 enim
2012 2986 2129 3031 erat

619 3120 647 3148 ι
672 3110 834 3164 lidcm
864 3109 984 3162 etin
1008 3107 1266 3180 judicium
1304 3108 1536 3180 protrahi
1565 3123 1583 3161 :
1610 3108 1923 3176 quibuscum
1945 3118 1999 3162 et
2028 3122 2125 3161 nos

2231 1873 2520 1937 dimittere,
2554 1872 2730 1927 omnis
2760 1872 2983 1942 populus
3012 1874 3420 1928 succlamaverit
3447 1872 3554 1945 [ΑΙ.
3584 1875 3792 1928 clama-

2235 1963 2413 2035 verit]
2449 1983 2463 2017 :
2497 1962 2786 2035 Cruciﬁge,
2847 1964 3089 2035 cruciﬁge
3145 1982 3283 2019 eum.
3335 1965 3663 2020 Prmnuntiat
3722 1967 3819 2022 hoc

2231 2074 2441 2128 quoque
2469 2057 2725 2113 Jeremias
2755 2060 3048 2127 praplteta,
3084 2060 3269 2112 dicens
3294 2074 3357 2114 ex
3389 2074 3621 2128 persona
3651 2060 3819 2116 Domi-

2234 2155 2283 2205 ni
2315 2152 2515 2218 ipsius:
2548 2149 2711 2203 Facta
2730 2161 2821 2214 est,
2852 2150 3042 2219 inquit,
3071 2152 3341 2205 hiereditas
3370 2168 3481 2205 mea
3505 2152 3657 2218 mihi,
3683 2154 3817 2206 sicut

2234 2243 2311 2297 leo
2356 2243 2410 2295 in
2452 2243 2581 2296 silva
2604 2259 2622 2296 :
2647 2243 2785 2295 dedit
2815 2259 2969 2311 super
2996 2260 3076 2296 me
3113 2260 3285 2298 vocem
3328 2262 3506 2310 suam,
3550 2256 3819 2313 propterea

2231 2350 2415 2388 exosus
2459 2351 2570 2388 sum
2602 2352 2713 2388 eam
2735 2352 2752 2389 :
2776 2346 2821 2389 et
2864 2347 3163 2406 propterea,
3206 2337 3409 2406 iuqttit,
3442 2340 3697 2409 dereliqui
3727 2340 3819 2392 do-

2232 2440 2372 2477 mum
2416 2440 2583 2477 mcam
2616 2426 2756 2494 (λιν.
2793 2426 2874 2480 12.
2898 2431 2936 2490 ).
2971 2428 3034 2480 Et
3069 2428 3258 2482 iterum
3288 2430 3413 2484 alibi
3442 2432 3600 2496 dicit,
3644 2431 3821 2497 Supra

2230 2534 2380 2587 quem
2406 2519 2681 2585 aperuistis
2721 2535 2776 2571 os
2804 2528 3023 2573 vestrum
3044 2563 3058 2585 ,
3090 2531 3137 2573 et
3168 2523 3412 2577 adversus
3438 2542 3588 2593 quem
3619 2527 3819 2581 relaxa-

2230 2609 2321 2663 stis
2372 2610 2574 2679 linguas
2620 2620 2810 2661 vestras
2861 2609 3042 2679 (Esai.
3087 2612 3250 2679 57.)?
3282 2612 3414 2667 Cum
3456 2615 3817 2683 judicaretur,

2232 2701 2486 2755 set-ibitur
2518 2704 2768 2756 tacuisse.
2801 2703 2976 2756 Multa:
3008 2704 3077 2758 de
3102 2705 3202 2760 hoc
3217 2704 3507 2775 Scriptura:
3534 2720 3815 2765 testantur.

2234 2790 2289 2846 In
2316 2792 2537 2846 Psalmis
2552 2793 2770 2856 dicitur,
2800 2792 2988 2847 Factus
3008 2812 3119 2847 sum
3137 2798 3266 2850 sicut
3288 2798 3440 2852 homo
3457 2816 3557 2853 non
3576 2804 3816 2868 audiens,

2232 2897 2277 2939 et
2318 2902 2419 2937 non
2441 2885 2629 2939 habens
2657 2888 2706 2937 in
2735 2903 2822 2938 ore
2842 2903 2935 2940 suo
2966 2888 3335 2958 iucrepationes
3367 2890 3539 2957 (Psal.
3571 2894 3709 2964 57.).
3746 2898 3813 2949 I‘Zt

2232 2975 2454 3039 iterum,
2487 2974 2595 3045 Ego
2625 2974 2648 3010 ι·
2671 2986 2911 3045 tanquam
2936 2981 3124 3031 surdus
3151 2997 3250 3033 non
3276 2981 3577 3048 audiebam,
3612 2993 3661 3037 et
3688 2988 3817 3039 sicut

2232 3108 2444 3177 phetico
2496 3116 2639 3162 textu
2689 3108 3091 3177 intel'igentiam
3150 3112 3330 3168 habet.
3379 3112 3604 3171 Omissis
3650 3116 3814 3170 vatiis

549 3181 618 3249 ιρ
648 3198 694 3255 εγ
721 3174 1024 3255 pronomen
1060 3179 1404 3255 subsequeuti
1435 3180 1585 3232 Isaia:
1630 3174 1940 3255 testimonio
1989 3194 2125 3255 praa-
2149 3174 2196 3236 Ο
2229 3174 2785 3255 interpretationibus.
2816 3174 2882 3233 ea
2908 3182 3023 3235 sola
3055 3198 3178 3237 vera
3207 3194 3322 3246 est,
3354 3200 3492 3255 qua:
3536 3186 3811 3255 propheta!

549 3254 850 3322 posuimus,
908 3250 1095 3322 Graeco
1150 3250 1309 3304 etiam
1360 3258 1506 3304 testu
1557 3250 1913 3318 suffragante,
1965 3253 2116 3312 αὐτὸς

548 3321 740 3401 nuptae,
771 3346 819 3376 κ.
844 3344 894 3377 τ.
925 3321 976 3375 λ.

620 3416 647 3454 δ
670 3417 796 3470 Item
830 3414 1069 3483 plerique
1106 3413 1192 3467 alii
1244 3412 1563 3482 indignitatis
1593 3413 1874 3484 injurtam,
1908 3421 1961 3464 et
2001 3426 2125 3484 mox

549 3487 801 3557 stupenda
834 3482 1153 3550 praeferunt,
1188 3482 1668 3557 prostupescenda.
1716 3482 1998 3557 Pos_tre_mo
2020 3483 2127 3557 hoc

548 3553 711 3610 verbo
742 3558 1016 3608 nobiscum
1049 3568 1199 3607 vetus
1236 3556 1367 3607 edtt.
1400 3555 1694 3608 Osouiens.
1728 3553 1871 3606 facit.
1909 3553 2123 3605 Etedetn

548 3630 684 3697 apud
718 3626 968 3697 Cyrillum
999 3627 1277 3679 sententiae
1308 3641 1457 3678 num.
1489 3624 1554 3678 i2
1579 3634 1632 3678 et
1662 3622 1747 3678 15.

624 3729 646 3757 ο
672 3719 939 3771 Consonat
988 3716 1161 3771 denuo
1203 3715 1409 3769 laudata
1441 3724 1594 3768 vetus
1630 3713 1813 3767 editio.
1847 3712 1981 3766 Aliae
2008 3727 2126 3781 per-

551 3791 728 3843 tulisse
747 3789 846 3840 ista
861 3789 1059 3840 dicatur
1080 3797 1124 3839 et
1150 3788 1476 3857 prwdicetur.
1518 3784 1585 3837 Et
1612 3786 1724 3837 ideo
1758 3783 2126 3857 praedicuntur,

549 3875 653 3914 etc.
691 3858 755 3912 Et
798 3858 956 3927 paulo
994 3858 1210 3911 inferius
1256 3858 1373 3909 dedi
1401 3858 1645 3924 ﬂagellis,
1679 3870 1719 3923 pt

551 3935 725 3999 Atque
754 3931 871 3983 heic
898 3929 1156 4000 Cyrillum
1192 3927 1414 3980 Rufinus
1444 3926 1719 3979 describit.

618 4023 643 4061 ἀ
669 4024 820 4080 Unde
853 4026 952 4077 hoc
979 4031 1211 4076 sumtum
1245 4021 1335 4082 sit,
1369 4020 1564 4072 fatetur
1592 4017 1861 4071 Pamelius
1887 4031 1945 4070 se
1977 4030 2131 4083 repe-

550 4095 655 4151 rire
688 4111 791 4149 non
825 4096 1057 4163 potuisse
1096 4110 1109 4145 :
1144 4090 1391 4163 lialttlill_s_
1420 4090 1578 4163 plane
1615 4088 1936 4163 dissi_ttntlat.
1969 4087 2130 4163 Sum-

551 4179 661 4220 tttttt
687 4157 927 4220 veto'est
950 4166 1016 4216 ab
1037 4163 1173 4216 Osee
1203 4177 1321 4228 cap.
1356 4157 1433 4212 Χ.
1458 4175 1508 4211 v.
1537 4159 1588 4210 6.
1616 4159 1752 4219 quod
1782 4157 2129 4228 Septuaginta

546 4236 625 4291 sic
676 4236 935 4295 efferunt,
986 4237 1087 4288 Καὶ
1130 4226 1429 4307 uestiit-dri;
1462 4228 1799 4307 Ἀσςσνρξρυς)
1851 4226 2130 4307 δήσαντες,

545 4312 848 4379 ἀπήνεγκαν
872 4309 1006 4370 ξένια
1055 4315 1128 4379 τῇ)
1170 4298 1374 4374 βασιλεῖ
1415 4298 1631 4379 Ιᾳρςίμ·’
1655 4298 1870 4379 Veteres
1910 4299 2129 4379 quidem

548 4366 678 4433 editi
715 4366 943 4432 Iaeniu’m
989 4366 1125 4444 regis
1170 4366 1681 4444 ἰθιιιυιιρηΙιξὶιλδι-ιι,Δ
1722 4366 2126 4444 tacito___Jarim.

546 4450 698 4517 Quod
744 4439 1085 4512 subsequitur
1127 4444 1228 4497 nisi
1256 4457 1330 4517 es
1366 4440 1519 4517 lihtis
1554 4440 1821 4517 plerisque
1848 4439 2131 4517 [aliissttp-

555 4509 778 4586 ptemus.
812 4509 974 4569 l'osro
992 4524 1169 4569 autem
1192 4513 1299 4586 agit
1322 4510 1611 4586 heicetiatn
1635 4510 1825 4586 Noster
1841 4510 2027 4579 Cyrilli
2050 4509 2101 4586 in
2117 4540 2129 4549 -

551 4579 859 4652 ξενίη-θεων.
876 4588 959 4639 Ait
981 4586 1069 4653 ille
1092 4579 1315 4638 ttumdd.
1345 4584 1501 4639 Δεθεὶς
1534 4579 1668 4640 ἦλθεν
1690 4583 1789 4637 ἀπὸ
1828 4588 1917 4653 τοᾷ
1942 4584 2133 4653 Καιάφα

548 4650 679 4732 moti;
720 4659 952 4711 Πιλάτον⁶
985 4650 1087 4764 circi
1120 4658 1204 4708 καὶ
1237 4662 1391 4708 τοῦτο
1425 4655 1736 4729 γέγραπταις
1772 4656 1857 4705 καὶ
1891 4651 2131 4711 δήσαντες·

549 4754 581 4764 η
600 4731 699 4764 ’-λυ
728 4731 987 4764 ὶρὲπιιηριιυ
1041 4729 1137 4764 ἐν...
1158 4730 1229 4764 ιγοῗι
1256 4725 1458 4764 βίουτιῖςῖ
1478 4725 1670 4764 Ἰηηεέη
1729 4722 1830 4764 ΔἿΫ
1856 4725 2128 4764 ςἰπηνηηύη

548 4722 699 4785 αἶτὸν
727 4731 987 4800 ἀπήγαγον
1012 4722 1139 4790 Ξένια
1158 4730 1229 4794 τῷ
1252 4722 1458 4807 βασιλεῖ
1478 4722 1673 4798 Ἶάρεὶμ
1724 4722 1830 4807 Αηθ
1856 4725 2130 4807 τίποκθούει

549 4823 629 4861 τις
654 4808 754 4853 τῶν
786 4793 934 4861 eis»;
980 4793 1581 4873 (expavisti—inﬁnitate;
1639 4798 1730 4849 οὐκ
1776 4793 2127 4873 ἦνιβασίλεῡς,

551 4894 600 4924 κ.
634 4892 683 4923 τ.
727 4869 772 4920 λ.
821 4874 950 4934 Quae
984 4866 1165 4920 Latine
1200 4866 1353 4919 simul
1402 4866 1588 4917 addam
1622 4867 1894 4919 btevitatis
1936 4869 2125 4934 gratia.

551 4940 767 5005 Ligutus
798 4942 929 4999 venit
958 4956 991 4991 a
1019 4936 1216 5006 Caiplta
1240 4937 1306 4989 ad
1342 4934 1588 4989 Pilatum.
1624 4939 1767 4991 Anne
1791 4944 1836 4989 et
1867 4937 1961 4988 huc
2007 4953 2128 5003 per-

550 5024 791 5070 scriptum
811 5008 912 5060 est?
936 5009 993 5061 Et
1022 5009 1242 5071 ligantes
1265 5007 1435 5073 ipsum
1459 5008 1810 5059 additum-nuit
1834 5009 1883 5058 in
1908 5022 2127 5062 munera

555 5082 683 5145 [tegi
711 5078 902 5143 Jarjtn.
937 5078 1125 5130 Verum
1150 5079 1392 5147 ebstrepet
1415 5079 1601 5145 aliquis
1628 5095 1821 5138 eorum,
1845 5080 1931 5145 qui
1959 5079 2131 5147 arguti

553 5158 670 5203 sunt
690 5150 743 5211 in
764 5149 1024 5207 audiendo
1050 5165 1066 5201 :
1094 5148 1292 5202 Pilatus
1312 5164 1515 5201 rexnon
1540 5160 1714 5201 erat...
1745 5151 1803 5201 At
1830 5150 1936 5217 lege
1967 5147 2132 5201 Evan-

555 5220 779 5290 gelium,
810 5222 1040 5290 Audiens
1064 5217 1264 5290 Pilatus
1293 5219 1463 5286 ipsum
1494 5235 1615 5273 e-se
1640 5238 1667 5271 a
1698 5219 1939 5285 Catilina,
1984 5220 2129 5273 misit

553 5288 677 5343 eum
707 5291 770 5341 ad
823 5288 1110 5343 Herodem.
1165 5289 1398 5343 Herodes
1427 5304 1593 5343 autem
1624 5302 1726 5343 tum
1757 5308 1849 5344 rex
1894 5301 2039 5356 erat,
2085 5300 2131 5344 et

552 5361 739 5412 aderat
762 5358 1154 5427 Hierosolymis,
1185 5368 1287 5413 etc.

627 5430 739 5484 Sed
778 5445 948 5502 neque
980 5430 1425 5502 praetermittenda
1466 5432 1563 5486 loc
1599 5432 1713 5486 loco
1751 5443 1870 5487 sunt
1914 5448 2033 5502 qu:e
2072 5433 2132 5488 P.

554 5499 779 5572 Touttee
808 5501 873 5572 ad
902 5499 1161 5572 Cyrillum
1188 5501 1476 5569 adnotavit,
1507 5515 1561 5557 et
1585 5505 1753 5557 lucem
1784 5504 1880 5572 ipsi
1914 5499 2135 5570 pitsnttit

560 5570 928 5644 textuiRulini
950 5571 1178 5644 adferre.
1209 5573 1379 5635 llunc,
1407 5574 1501 5644 ait,
1533 5576 1683 5628 Osem
1708 5570 1879 5629 locum
1901 5574 2132 5644 Cyrillus

558 5651 677 5710 post
720 5641 982 5699 .Ittstinutn
1018 5642 1220 5709 Dialog.
1272 5659 1388 5711 pag.
1420 5642 1540 5699 551.
1575 5652 1634 5699 Α.
1670 5653 1725 5697 et
1765 5641 1988 5697 littlitttis
2016 5653 2134 5709 post

557 5711 816 5777 ‘33"in
837 5752 851 5770 .
880 5712 1092 5771 Christo
1120 5716 1184 5767 atl
1230 5714 1489 5777 Pilatum,
1522 5728 1574 5769 et
1603 5717 1724 5769 inde
1767 5715 1832 5767 ad
1867 5714 2130 5766 llerodem

560 5796 727 5835 misso
772 5785 1173 5839 atculllllittdttlll
1197 5824 1211 5850 ,
1244 5787 1328 5855 qui
1362 5788 1627 5859 diversam
1660 5799 1879 5855 prorsus
1919 5783 1972 5838 iu
2006 5796 2129 5851 pro-

798 3858 956 3927 paulo
994 3854 1210 3911 inferius
1256 3856 1373 3909 dedi
1401 3856 1645 3927 ﬂagellis,
1679 3869 1773 3923 pro
1800 3854 1867 3906 ad
1894 3854 2126 3924 ﬂagella.
2160 3888 2163 3891 -

2234 3250 2410 3325 locum
2442 3250 2687 3325 intelligit
2717 3251 2785 3325 de
2812 3262 3112 3325 argento‘et
3160 3254 3487 3325 muneribus,
3521 3250 3550 3308 εἰ
3587 3250 3712 3325 rege
3745 3259 3816 3311 ls-

2230 3321 2532 3396 raelitaruut
2580 3320 2887 3396 blanaltent__
2919 3322 2984 3375 ad
3040 3322 3171 3396 Phttl
3233 3328 3571 3396 Assyriorum
3635 3320 3810 3396 negem

2230 3390 2404 3462 missis
2431 3434 2440 3443 .
2470 3393 2649 3443 auxilii
2680 3392 2888 3462 emendi
2921 3394 3109 3462 gratia.
3146 3393 3196 3445 ltt
3232 3395 3311 3447 his
3338 3390 3505 3450 'donis
3546 3390 3719 3450 πηιηηῖ
3738 3400 3815 3451 vi-

2230 3461 2398 3513 tulum
2428 3474 2645 3514 ant-eum
2667 3502 2681 3523 ,
2730 3477 2793 3514 ett
2826 3461 2907 3516 his
2931 3461 3087 3531 ’quns
3141 3464 3421 3519 Jcroboam
3476 3469 3696 3521 Bcthele
3726 3484 3815 3530 io-

2230 3540 2431 3603 suerat,
2458 3532 2621 3603 fuisse
2659 3533 2851 3594 ferunt,
2890 3543 2944 3586 et
2974 3538 3095 3587 huic
3122 3536 3407 3589 narratiooi
3434 3553 3651 3603 prorsus-
3677 3542 3814 3592 favet

2230 3601 2444 3674 (fi-agens
2476 3602 2967 3674 prophettetextus.
2998 3604 3108 3657 Rex
3141 3606 3226 3657 ille
3253 3601 3591 3674 Assyriorum
3621 3610 3814 3663 dicitur

2229 3667 2428 3747 fama,
2449 3670 2591 3747 quod
2627 3670 2883 3747 significat
2913 3675 3206 3747 sylﬁearum,
3236 3667 3446 3730 sive-ita
3478 3681 3814 3747 scripserunt

2232 3739 2394 3793 LXX.
2449 3740 2794 3807 lnterpretes,
2827 3739 2955 3796 sive'
2988 3744 3325 3799 librariorum
3376 3739 3811 3803 incuria'tnutata

2230 3811 2592 3885 sitpostrema
2640 3813 2874 3885 litteraﬁ
2906 3814 2956 3885 in
2988 3838 3023 3885 μ
3044 3855 3058 3877 ,
3087 3816 3227 3884 quod
3259 3817 3310 3870 in
3340 3817 3605 3872 similibus
3655 3837 3814 3875 voca-

2238 3880 2372 3933 bulis
2402 3895 2638 3951 perstepe
2682 3880 2961 3947 contingit.
2988 3880 3139 3939 'Natit
3184 3888 3233 3938 in
3268 3887 3489 3941 liehrieo
3518 3903 3598 3942 est
3626 3890 3774 3946 Jarib
3797 3930 3811 3951 .

2233 3960 2290 4003 ut
2335 3960 2387 4001 et
2431 3950 2481 4003 itt
2511 3951 2747 4027 editione
2778 3952 2958 4027 Crteca
3003 3956 3403 4023 Complutensi,
3439 3960 3577 4027 quod
3627 3950 3813 4017 Hiero;

2234 4036 2424 4091 nymtts
2455 4023 2611 4075 vertit
2636 4024 2791 4075 ultori
2810 4064 2825 4087 ,
2856 4024 3142 4079 defen-ori.

2306 4100 2330 4163 ὲ
2359 4093 2415 4144 S.
2447 4091 2797 4161 Hieronymus
2839 4098 2888 4147 itt
2921 4097 3133 4148 Nomin.
3167 4096 3302 4150 libro
3329 4098 3397 4153 de
3424 4097 3609 4163 Josue,
3642 4101 3811 4155 Jarim

2233 4160 2483 4223 saltuum,
2529 4164 2605 4215 vel
2643 4160 2885 4216 silvarum
2920 4166 3031 4220 :tle
3076 4163 3213 4221 Osee
3263 4180 3434 4222 autem
3480 4184 3543 4222 ex
3588 4160 3812 4225 ilebrteo

2232 4229 2378 4305 Jarib
2404 4233 2559 4305 legit,
2589 4242 2643 4287 et
2672 4236 2963 4302 dijudicans
2988 4278 3001 4298 ,
3029 4238 3105 4289 υ.ι
3133 4239 3379 4291 ulciscens
3407 4241 3809 4305 interpretatur.

2312 4302 2329 4339 ί
2360 4304 2462 4355 Alit
2492 4304 2669 4376 Syeduet
2696 4308 2830 4371 quod
2870 4308 2939 4359 ait
2969 4307 3236 4376 propheta,
3274 4318 3378 4363 etc.
3405 4302 3586 4362 Tertio
3615 4312 3684 4365 ab
3714 4316 3812 4367 hoc

2234 4388 2418 4448 versu,
2455 4374 2539 4426 ttbi
2569 4374 2763 4448 dicitur
2789 4374 3011 4429 vinctum
3039 4380 3133 4430 sibi
3153 4379 3361 4433 invicem
3391 4381 3685 4444 mittebant,
3720 4400 3813 4448 pro

2232 4446 2456 4517 vinctum
2488 4454 2639 4517 antea
2663 4447 2864 4514 justum
2912 4448 3217 4516 legebatur,
3266 4451 3404 4517 quod
3451 4462 3503 4503 et
3546 4446 3811 4508 Pamelius

2165 4551 2213 4610 υ
2237 4516 2363 4601 olim
2414 4515 3001 4611 emend:t\-erat.‘atli:ti
3034 4515 3383 4611 nunctcrieca
3419 4520 3626 4592 Cyrilli,
3658 4525 3811 4611 βξετςε

2238 4594 2329 4664 τοῦ
2368 4590 2625 4664 πρρῖήτου
2675 4593 2765 4645 τήν
2806 4590 3090 4664 ᾀκρίϐειαγ.
3149 4592 3281 4664 ξένια
3305 4594 3405 4664 γάρ
3466 4590 3619 4664 φησιν
3659 4590 3810 4649 ἀύτὸν

2239 4656 2586 4729 ἁπεστᾴλθαι,
2620 4680 2669 4710 κ.
2702 4681 2757 4729 ντ.
2806 4659 2851 4710 λ.
2878 4656 3017 4725 ἐιυιυ
3053 4660 3233 4712 Latine
3272 4656 3488 4729 gett'nna'
3518 4662 3811 4719 Rufittiauis

2240 4740 2384 4799 sunt.
2419 4726 2543 4778 Vide
2558 4728 2818 4795 propheta:
2837 4729 3178 4793 sedulitatem,
3202 4726 3334 4783 arenti
3368 4735 3499 4785 enim
3515 4734 3628 4785 loco
3645 4738 3812 4799 ipsum

2237 4798 2450 4849 missum
2490 4799 2561 4847 ait
2603 4814 2728 4851 esse.
2778 4799 2918 4851 Facti
2952 4810 3077 4853 sunt
3121 4802 3260 4854 enim
3306 4805 3460 4855 amici
3512 4804 3712 4859 Pilatus
3757 4816 3810 4860 et

2240 4868 2477 4921 llerodes
2505 4868 2555 4920 itt
2583 4869 2668 4921 die
2688 4869 2776 4921 illa
2796 4869 2857 4918 ad
2887 4871 3112 4924 invicem
3142 4887 3155 4924 :
3183 4883 3335 4925 antea
3362 4876 3493 4925 enim
3514 4875 3810 4929 inimicitias

2235 4940 2552 4992 exercebant.
2580 4940 2780 5008 Quippe
2804 4938 3027 5005 dect-bat,
3054 4952 3104 4993 ut
3132 4944 3217 4994 ille
3243 4944 3326 5010 qtti
3358 4953 3545 4996 terram
3564 4955 3610 4997 et
3631 4948 3810 4999 caelum

2236 5012 2600 5085 paciﬁcaturus
2624 5010 3291 5085 erat_._priores_(ommum)
3323 5030 3407 5066 eos
3433 5030 3463 5065 a
3486 5016 3667 5085 quibus
3688 5034 3811 5069 cnn-

2236 5080 2938 5153 demnubatttr,_paci/icaret.
2967 5081 3156 5134 Aderat
3174 5080 3391 5153 namque
3407 5080 3514 5150 ipse
3539 5085 3809 5152 Daminus,

2234 5150 2333 5217 Qui
2367 5151 2674 5203 reconciliat
2702 5152 2863 5203 corda
2895 5150 3196 5220 Principum
3230 5150 3406 5219 terrm,
3440 5168 3543 5209 etc.

2309 5230 2334 5267 κ
2360 5222 2685 5275 Intetsernnt
2714 5221 2802 5273 alii
2832 5221 3017 5290 ubique
3036 5263 3049 5288 ,
3090 5236 3196 5277 tttm
3227 5227 3441 5280 voculas
3470 5238 3537 5292 et,
3570 5244 3631 5281 ac
3653 5229 3809 5282 etiam

2234 5292 2506 5345 omittunt.

2314 5360 2338 5397 δ
2364 5363 2490 5427 Alii,
2514 5361 2761 5427 aperiens.
2798 5361 2905 5430 Ego
2935 5373 3101 5416 autem
3139 5366 3267 5416 sicut
3289 5368 3505 5429 surdus,
3556 5377 3667 5421 tum
3701 5370 3811 5421 lau-

2239 5432 2347 5485 dati
2384 5434 2597 5484 lialuzio
2624 5432 2829 5507 Alss.__ct
2850 5443 3056 5487 veteres
3086 5435 3375 5501 editiones,
3406 5443 3491 5506 qui
3517 5455 3616 5490 non
3649 5444 3810 5507 aperit

2242 5518 2335 5568 pro
2361 5518 2461 5553 non
2488 5503 2707 5576 aperuit.
2731 5503 2857 5576 Mox
2892 5507 3115 5558 reticent
3140 5508 3264 5558 dicit
3290 5503 3552 5562 t'uttt'cod.
3580 5503 3810 5576 Sangerc

2239 5588 2380 5623 man.
2422 5582 2476 5623 et
2512 5572 2627 5636 plus
2658 5573 2852 5625 habent
2878 5576 3008 5627 sicut
3039 5577 3142 5630 ovis
3172 5578 3239 5629 ad
3279 5580 3580 5631 occisionem
3625 5572 3809 5632 ductus

2235 5650 2329 5704 est,
2361 5652 2406 5693 et
2433 5642 2562 5713 sicut
2582 5657 2772 5711 agnus,
2803 5651 2906 5713 etc.
2944 5646 3139 5698 Eadem
3172 5661 3333 5713 porro
3355 5651 3521 5703 series
3553 5653 3809 5703 orationis

2236 5720 2318 5790 est
2350 5712 3010 5790 totidemquetestimonia
3042 5712 3439 5790 scripturarum
3471 5722 3609 5787 apud
3643 5723 3807 5790 llyril-

2236 5782 2373 5845 lum,
2406 5798 2520 5851 qua:
2550 5792 2659 5834 tcto
2692 5783 2856 5837 hocce
2886 5786 3116 5852 capitula
3148 5782 3422 5856 comparat
3450 5782 3548 5843 ur.
