4078 6346
282 387 382 444 561

1258 382 1806 443 COMMENTARIUS
1849 381 1913 436 IN
1954 382 2248 443 SYMBOL.
2286 390 2619 450 APOSTOL.

3456 401 3561 466 δδῖ

281 517 452 563 mutus
476 522 583 562 non
605 506 843 578 aperiens
872 523 929 561 os
962 522 1113 560 suum
1144 504 1371 574 (Psalm.
1405 503 1541 571 57.).
1578 501 1644 555 Et
1674 502 1866 556 iterum
1898 498 1949 564 Α
1974 504 2116 559 enim
2151 509 2473 577 baptismum
2504 512 2833 566 nominatur.
2868 511 3016 580 Quod
3045 520 3101 575 et
3128 512 3174 568 si
3198 512 3299 571 hoc
3328 515 3559 589 quaeris,

284 604 423 658 Ilius
443 600 711 672 propheta
737 600 894 655 dicit:
921 598 1069 655 Sicut
1086 613 1247 667 agnus
1268 610 1439 649 coram
1456 592 1694 646 tondente
1710 606 1782 655 se,
1800 591 1873 644 sic

284 712 385 750 non
405 695 610 767 aperuit
634 710 692 748 os
720 709 873 748 suum
892 708 913 747 .'
932 693 985 745 in
1014 690 1306 745 humilitate
1324 687 1584 759 judicium
1614 687 1722 755 ejus
1748 682 1869 738 sub-

281 788 441 841 latum
462 797 537 841 est
554 785 733 855 (Esai.
751 783 887 855 55.).
915 784 1166 852 Imposita
1188 781 1236 836 ei
1250 780 1501 835 scribitur
1521 779 1633 851 86
1662 790 1866 833 corona

276 880 487 950 spinea.
517 877 662 933 Audi
703 878 770 931 de
794 876 899 932 hoc
935 877 987 931 in
1027 873 1262 929 Canticis
1293 872 1626 928 canticorum
1648 909 1664 935 ,
1706 883 1869 936 super

277 973 618 1041 iniquitatem
672 970 779 1041 [Αι.
810 967 1148 1039 iniquitates]
1190 967 1485 1023 Jerusalem
1525 964 1769 1018 mirantis
1799 961 1867 1016 de

280 1066 473 1137 injuria
502 1065 652 1127 Filii,
687 1063 782 1119 Dei
826 1062 935 1135 [Αι.
968 1072 1159 1117 tacetur
1188 1057 1305 1131 Dei]
1337 1058 1507 1114 Patris
1549 1071 1732 1112 vocem
1778 1055 1863 1112 di-

275 1163 446 1215 centis
478 1176 492 1212 :
527 1157 715 1223 Exite,
757 1170 806 1213 et
837 1157 1031 1220 videte,
1079 1156 1203 1225 ﬁlia:
1229 1152 1546 1217 Jerusalem,
1588 1166 1861 1215 coronam,

274 1268 375 1321 qua
422 1251 687 1306 coronavit
746 1266 862 1304 eum
908 1260 1071 1303 mater
1115 1265 1210 1303 sua
1259 1247 1449 1317 (Cant.
1480 1245 1598 1315 2.).
1652 1244 1759 1300 Sed
1809 1253 1864 1300 et

274 1344 343 1398 de
385 1328 559 1412 spinis
602 1343 675 1397 ita
719 1342 857 1395 alius
898 1339 1154 1409 propheta
1197 1346 1627 1394 commemorat:
1660 1337 1726 1390 Et
1769 1353 1861 1391 ea:-

275 1435 500 1507 pectavi,
547 1443 603 1488 ut
635 1436 822 1501 faceret
852 1447 1034 1495 uvam,
1078 1431 1196 1499 fecit
1231 1441 1401 1483 autem
1427 1430 1602 1499 spinas
1632 1444 1651 1481 :
1681 1435 1727 1480 et
1759 1444 1861 1481 non

275 1528 544 1605 justitiam,
587 1526 678 1579 sed
707 1525 985 1577 clamorem
1032 1521 1206 1593 (Esai.
1249 1520 1350 1591 5.).
1396 1520 1772 1575 Verumtamen
1803 1526 1861 1572 ut

274 1616 512 1687 mysterii
546 1626 756 1671 secreta
797 1628 1122 1685 cognoscas,
1173 1613 1457 1683 oportebat
1518 1626 1641 1667 eum
1702 1620 1729 1647 ι
1766 1610 1857 1680 qui

276 1717 490 1779 peccata
538 1708 722 1763 mundi
770 1709 918 1762 venit
966 1706 1208 1771 auferre,
1241 1707 1402 1761 etiam
1436 1714 1593 1759 terra:
1636 1702 1858 1757 maledi-

270 1811 351 1854 cta
378 1814 644 1870 purgare,
678 1815 798 1870 quae
836 1811 1093 1870 peccante
1123 1798 1459 1868 protoplasto
1480 1839 1494 1861 ,
1525 1796 1851 1852 sententiam

1976 610 2072 653 cur
2112 616 2216 655 non
2248 618 2314 657 ex
2353 604 2459 660 alio
2489 606 2766 677 membro,
2810 608 2904 664 sed
2933 624 2997 663 ex
3028 609 3199 664 latere
3226 611 3405 679 potius
3434 625 3565 679 pro-

1973 691 2194 747 duxisse
2229 696 2439 751 dicatur
2465 713 2657 768 aquam
2677 743 2691 764 ,
2724 710 2779 754 et
2805 701 3158 770 sanguinem?
3186 701 3398 758 videtur
3428 702 3561 757 mihi
3600 742 3603 743 ν

1974 783 2025 836 in
2051 784 2218 842 latere
2247 785 2267 827 τ
2295 804 2389 858 per
2411 802 2614 847 costam
2640 793 2833 854 mulier
2854 795 3103 857 indicari.
3131 795 3263 874 Quia
3286 812 3416 867 ergo
3445 796 3565 852 fons

1972 876 2175 940 peccati
2204 888 2258 933 et
2288 880 2476 934 mortis
2507 881 2573 935 de
2604 883 2827 938 muliere
2860 884 3029 952 prima
3050 929 3065 952 ,
3114 901 3233 956 qua:
3262 884 3361 941 fuit
3404 888 3564 956 primi

1970 967 2139 1022 Adam
2167 978 2342 1039 costa,
2370 974 2630 1040 processit
2658 991 2669 1027 :
2698 974 2817 1039 fons
2844 976 3231 1055 redemptionis
3255 992 3319 1034 ac
3342 977 3469 1033 vitae
3489 978 3561 1033 de

1968 1059 2185 1114 secundi
2210 1061 2381 1116 Adam
2405 1071 2552 1117 costa
2580 1065 2911 1133 producitur.

2036 1149 2128 1205 24.
2169 1152 2436 1221 Scriptum
2482 1164 2594 1219 est,
2643 1157 2784 1225 quod
2818 1160 2870 1213 in
2898 1160 3149 1229 passione
3177 1160 3295 1230 eius
3325 1163 3392 1217 ab
3422 1162 3558 1219 hora

1965 1252 2117 1297 sexta
2163 1260 2196 1297 u
2229 1260 2334 1315 que
2371 1246 2436 1307 ad
2476 1246 2661 1302 horam
2703 1264 2897 1305 nonam
2945 1252 3181 1308 tenebras
3225 1252 3379 1309 facta:
3410 1264 3556 1308 sunt.

1964 1332 2161 1401 Accipe
2205 1344 2260 1389 et
2300 1336 2367 1392 de
2409 1336 2509 1392 hoc
2548 1339 2825 1407 praphetae
2872 1341 3235 1397 testimonium
3280 1343 3552 1400 dicentis:

1967 1426 2179 1479 Occidet
2210 1427 2297 1480 tibi
2327 1428 2405 1482 so.’
2438 1431 2650 1484 meridie
2691 1430 2870 1501 (Amos
2894 1431 2946 1486 8.
2976 1432 3079 1503 9.).
3127 1435 3193 1489 Et
3235 1434 3427 1490 iterum
3457 1436 3559 1490 Za-

1961 1518 2170 1573 charias
2201 1519 2500 1588 propheta:
2534 1520 2600 1575 In
2644 1523 2757 1599 illa,
2809 1525 3011 1594 inquit,
3046 1527 3129 1580 die
3154 1543 3255 1581 non
3295 1529 3388 1581 erit
3429 1529 3556 1584 lux:

1961 1610 2125 1679 frigus
2150 1619 2175 1657 Β
2192 1620 2238 1664 et
2263 1613 2449 1681 pruina
2471 1614 2567 1666 erit
2589 1630 2690 1669 uno
2718 1615 2821 1679 die,
2848 1627 2894 1669 et
2920 1617 3028 1669 dies
3051 1617 3145 1671 illa
3166 1629 3285 1671 nota
3310 1618 3553 1685 Domino,

1960 1710 2007 1754 et
2027 1719 2187 1773 neque
2209 1704 2337 1763 dies,
2364 1720 2524 1773 neque
2551 1722 2675 1770 nox,
2699 1716 2744 1760 et
2765 1707 2833 1761 ad
2854 1722 3111 1774 vesperam
3133 1709 3229 1763 erit
3258 1710 3348 1765 tua:
3369 1711 3553 1780 (Zacli.

1963 1793 2050 1847 15.
2075 1792 2174 1862 6.).
2199 1794 2337 1861 Quid
2363 1804 2470 1850 tam
2500 1797 2722 1860 evidens
2744 1814 2771 1852 a
2796 1799 3059 1879 propheta
3085 1800 3190 1855 dici
3212 1811 3422 1870 poterat
3443 1802 3553 1873 (At.

272 1893 725 1959 praevaricationis
770 1905 1085 1961 acceperat,
1129 1892 1345 1947 dicente
1393 1891 1851 1947 Dominozblale-
1888 1871 1934 1931 Β
1963 1884 2177 1957 potuit],
2224 1898 2279 1941 ut
2317 1890 2429 1960 jam
2474 1898 2584 1944 tum
2629 1890 2743 1945 huic
2786 1875 2903 1945 non)
2937 1899 3044 1944 tam
3093 1891 3268 1947 futura
3314 1871 3552 1963 praedici,

268 1985 405 2039 dicta
426 1994 564 2039 terra
590 1987 644 2039 in
664 1985 901 2052 operibus
936 1987 1068 2050 tuis,
1105 1987 1285 2053 spinas
1304 1995 1350 2039 et
1372 1985 1588 2039 tribulos
1610 1988 1856 2055 producet

269 2076 355 2130 tibi
377 2078 392 2131 l
401 2075 531 2131 Gen.
560 2076 698 2148 15.).
725 2079 1011 2148 Pr0pterea
1028 2093 1155 2148 ergo
1173 2076 1343 2146 spinis
1364 2084 1653 2132 COl'Ollallll‘
1672 2076 1851 2141 Jesus,
1894 2063 1900 2071 ’

269 2179 325 2225 ut
343 2173 512 2239 prima
532 2171 617 2225 illa
638 2172 1103 2228 condemnationis
1130 2172 1393 2227 sententia
1421 2171 1739 2227 solveretur.
1773 2171 1854 2227 Ad

268 2276 483 2317 crucem
506 2261 745 2326 ducitur,
781 2274 836 2318 et
859 2264 909 2317 in
933 2264 1075 2333 ligno
1098 2264 1260 2317 totius
1285 2263 1467 2319 mundi
1502 2263 1603 2316 vita
1628 2278 1854 2331 suspen-

267 2354 428 2408 ditur.
452 2355 545 2411 Vis
564 2365 619 2412 et
634 2357 704 2412 de
725 2358 825 2412 hoc
838 2358 1164 2428 propheticis
1187 2358 1505 2413 testimoniis
1519 2356 1852 2412 confirmari?

268 2447 401 2502 Audi
422 2447 713 2504 Jeremiam
750 2450 1016 2505 dicentem
1051 2451 1075 2488 δ
1098 2451 1166 2505 de
1195 2453 1295 2507 hoc
1316 2489 1332 2515 ,
1364 2449 1544 2505 Venite
1570 2461 1617 2506 et
1642 2452 1853 2523 injicia-

224 2584 237 2592 .
265 2556 379 2599 mus
410 2541 608 2611 lignum
636 2543 690 2595 in
720 2559 902 2611 panem
924 2545 1060 2612 eius,
1092 2551 1138 2596 et
1157 2552 1475 2597 conterantus
1502 2559 1618 2596 eum
1634 2544 1697 2597 de
1716 2552 1853 2596 terra

190 5830 211 5893 Ι

266 2631 540 2686 viventium
557 2632 693 2701 (Jer.
715 2633 821 2703 2.).
858 2634 1127 2688 Etiterum
1165 2633 1340 2689 Moses
1358 2633 1849 2690 dellenseosdicit:

271 2719 341 2773 Et
378 2722 474 2775 erit
506 2722 612 2775 vita
639 2732 727 2777 tua
762 2739 1008 2791 suspensa
1037 2733 1156 2777 ante
1179 2725 1356 2778 oculos
1397 2734 1540 2789 tuos,
1579 2734 1626 2777 et
1656 2724 1851 2779 timebis

265 2826 352 2878 per
374 2811 509 2866 diem
533 2820 583 2866 et
612 2822 832 2879 noctem,
863 2824 912 2867 et
937 2830 1040 2868 non
1069 2816 1246 2869 credes
1274 2816 1390 2870 vita:
1418 2825 1519 2870 tum
1545 2815 1724 2886 (Deut.
1755 2816 1846 2872 28.

263 2898 399 2972 66.).
430 2900 535 2956 Sed
565 2904 1040 2958 transcurrendum
1066 2905 1218 2959 nobis
1252 2914 1334 2959 est
1360 2905 1503 2973 :jam
1548 2908 1690 2961 enim
1720 2922 1837 2976 pro~

260 2994 449 3061 positae
499 2995 777 3049 brevitatis
813 2995 1029 3050 modum
1084 2997 1425 3062 excedimus,
1469 3007 1523 3053 et
1552 2999 1847 3055 breviatum

262 3096 569 3138 sermonem
601 3084 758 3155 longa
789 3085 1167 3142 dissertatione
1214 3087 1333 3161 [ΑΙ.
1371 3085 1697 3161 disertione]
1738 3091 1848 3145 dis-

259 3172 531 3228 tendimus
562 3191 577 3229 :
614 3189 777 3243 pauca
812 3186 987 3231 tamen
1029 3177 1319 3243 addemus,
1352 3194 1419 3235 ne
1461 3180 1674 3250 penitus
1703 3182 1844 3252 quod

258 3266 543 3335 coepimus,
569 3270 893 3337 praeteriisse
916 3269 1211 3325 videamur.

330 3355 424 3414 Ξῖ).
466 3359 733 3415 Scribitur
771 3359 924 3415 Jesus
967 3361 1022 3416 in
1066 3362 1235 3417 latere
1284 3377 1600 3433 percussus,
1645 3379 1841 3435 aquam

265 3448 424 3503 simul
452 3460 506 3504 et
524 3451 841 3520 sanguinem
873 3451 1195 3520 profudisse.
1230 3452 1342 3508 lloc
1372 3464 1398 3497 β
1421 3455 1621 3525 quippe
1651 3458 1843 3527 mysti-

259 3557 380 3598 cum
410 3553 527 3608 est,
578 3542 692 3612 ipse
718 3544 861 3599 enim
892 3543 1129 3609 dixerat,
1178 3545 1301 3613 quia
1346 3547 1563 3615 ﬂumina
1590 3548 1653 3602 de
1673 3557 1844 3603 ventre

257 3637 366 3706 ejus
393 3637 667 3706 procedeat
712 3651 859 3705 aqure
892 3636 1022 3690 vim
1070 3634 1255 3723 (Joan;
1292 3637 1346 3691 7.
1376 3636 1516 3709 '58.).
1562 3638 1669 3695 Sed
1713 3655 1843 3708 pro-

256 3729 407 3786 duxit
444 3736 501 3783 et
547 3729 893 3798 sanguinem,
945 3744 1104 3796 quem
1146 3731 1418 3799 petierunt
1443 3730 1612 3787 .lud:ei
1654 3733 1842 3791 venire

256 3835 416 3890 super
441 3837 502 3875 se
530 3830 586 3875 et
615 3835 777 3891 super
812 3820 953 3875 filios
984 3835 1130 3876 suos.
1165 3822 1421 3877 Produxit
1448 3838 1579 3894 ergo
1606 3838 1835 3895 aquam,

254 3930 373 3985 quae
394 3912 681 3970 credentes
720 3912 890 3967 diluat
918 3928 932 3964 :
958 3914 1209 3982 produxit
1249 3925 1300 3969 et
1346 3916 1699 3981 sanguinem,
1751 3917 1841 3987 qui

253 4007 575 4061 condemnet
588 4004 909 4061 incredulos.
927 4005 1107 4060 Potest
1122 4016 1297 4061 tamen
1315 4009 1473 4062 etiam
1493 4008 1716 4079 intelligi
1740 4006 1765 4046 ἀ
1783 4009 1843 4064 il-

252 4098 340 4154 lud
363 4099 505 4169 quod
528 4098 796 4167 duplicem
808 4097 1029 4169 gratiam
1049 4098 1299 4167 baptismi
1319 4100 1644 4169 figuraverit.
1670 4099 1838 4155 Unam

253 4205 370 4260 quae
383 4192 540 4245 datur
576 4190 684 4261 87
716 4204 810 4258 per
838 4204 991 4258 aqua:
1013 4202 1037 4228 ε
1055 4190 1377 4259 baptismum
1394 4231 1410 4256 ,
1435 4192 1593 4246 aliam
1608 4207 1727 4262 qua:
1745 4207 1841 4263 per

250 4283 568 4355 martyrium
590 4269 904 4354 profusione
925 4282 1202 4352 sanguinis
1227 4283 1483 4353 quaeritur
1510 4300 1523 4337 :
1548 4294 1838 4354 utrumque

324 4456 351 4485 ι
376 4446 710 4501 lnterserunt
738 4440 825 4495 alii
856 4440 1101 4511 inquam.
1124 4439 1440 4508 quibuscum
1471 4446 1525 4492 et
1552 4454 1649 4493 nos
1676 4439 1836 4511 tertio

246 4517 313 4573 ab
343 4518 445 4571 hoc
474 4528 633 4569 versu
654 4514 709 4567 in
739 4509 974 4578 operibus
1008 4511 1129 4573 tuis,
1160 4525 1257 4577 pro
1283 4525 1389 4576 quo
1410 4520 1525 4564 erat
1543 4512 1672 4575 suis,
1708 4509 1837 4578 legi-

245 4603 364 4649 nius
389 4586 542 4657 juxta
569 4584 816 4657 Gnaeum
846 4586 1023 4657 iv‘ft‘oi'r;
1051 4579 1225 4657 ἔργοες
1253 4601 1370 4635 σου.

1961 1995 2121 2048 quam
2152 1983 2358 2038 narrari
2391 1983 2661 2052 praterita
2692 1982 3008 2037 videantur?
3042 1984 3107 2038 Et
3139 1984 3304 2054 frigus
3335 1996 3389 2041 et
3409 1985 3556 2055 prui-

1961 2088 2085 2127 nam
2109 2075 2390 2147 [ALetiam
2422 2078 2667 2146 pruinam
2697 2084 2751 2131 et
2780 2074 2968 2148 frigus]
2999 2078 3276 2145 prmdixit:
3309 2089 3555 2148 propter-

1958 2180 2021 2219 ea
2047 2169 2187 2221 enim
2214 2167 2401 2223 Petrus
2426 2167 2770 2222 calefaciebat
2795 2183 2853 2224 se
2882 2170 2945 2223 ad
2988 2171 3186 2240 ignem,
3218 2170 3341 2239 quia
3380 2172 3553 2241 frigus

1958 2268 2075 2314 erat
2100 2277 2114 2313 :
2141 2268 2195 2314 et
2224 2261 2523 2330 patiebatur
2548 2262 2709 2332 frigus
2740 2276 2841 2314 non
2871 2262 3041 2315 solum
3072 2263 3353 2329 temporis,
3379 2264 3473 2317 sed
3496 2272 3553 2318 et

1957 2350 2103 2408 fidei.
2138 2351 2301 2411 Addit
2327 2353 2488 2407 etiam
2522 2371 2534 2407 :
2562 2352 2626 2406 Et
2648 2353 2756 2406 dies
2785 2353 2877 2407 illa
2903 2362 3026 2406 nota
3051 2352 3293 2417 Domino,
3325 2363 3370 2407 et
3392 2370 3551 2420 neque

1952 2445 2088 2513 dies,
2121 2460 2278 2515 neque
2307 2460 2410 2499 nox
2438 2444 2622 2515 (Zach.
2663 2444 2749 2499 Η.
2778 2444 2880 2513 7.).
2913 2444 3046 2511 Quid
3092 2453 3175 2498 est
3218 2459 3391 2515 neque
3430 2445 3550 2500 dies

1958 2552 2132 2607 neque
2162 2538 2311 2592 nox?
2355 2536 2543 2599 Nonne
2574 2546 2758 2607 aperte
2787 2537 2855 2592 de
2895 2537 3112 2591 insertis
3141 2537 3249 2592 diei
3286 2538 3548 2604 tenebris,

1949 2637 2009 2683 et
2031 2638 2278 2693 revocata
2302 2645 2516 2684 rursum
2545 2629 2666 2684 lucc
2696 2628 2987 2687 disseruit?
3016 2627 3131 2682 Non
3164 2628 3263 2682 fuit
3290 2628 3378 2683 illa
3407 2628 3546 2697 dies,

1954 2733 2128 2788 neque
2160 2719 2303 2773 enim
2334 2720 2554 2788 inempit
2584 2716 2693 2790 [ΑΙ.
2718 2717 2900 2790 carpit]
2934 2720 2999 2772 ab
3026 2729 3143 2773 ortu
3173 2719 3322 2773 solis.
3367 2719 3550 2786 Neque

1954 2811 2160 2881 integra
2191 2826 2295 2865 nox
2328 2810 2427 2865 fuit
2453 2829 2466 2864 :
2493 2826 2599 2865 non
2627 2810 2770 2873 enim
2794 2822 3012 2880 peracto
3032 2809 3138 2865 diei
3167 2826 3351 2883 cursu,
3378 2811 3549 2879 spatia

1949 2903 2051 2957 sibi
2075 2902 2255 2960 debita
2288 2903 2370 2957 vel
2394 2902 2462 2956 ab
2496 2901 2650 2956 initio
2679 2902 2939 2971 suscepit,
2970 2902 3057 2958 vel
3087 2902 3152 2956 ad
3177 2903 3419 2957 ultimum
3449 2902 3549 2959 de-

1952 2996 2236 3060 terminata
2267 2995 2551 3066 perduxit:
2579 2994 2672 3049 sed
2704 2995 2877 3065 fugata
2904 3009 2999 3063 per
3029 2993 3311 3062 impiorum
3344 2995 3548 3050 facinus

1949 3089 2039 3143 lux
2068 3098 2350 3159 reparatur
2377 3088 2443 3143 ad
2474 3102 2775 3156 vesperam.
2802 3086 2930 3141 Post
2960 3088 3145 3148 horam
3176 3089 3317 3142 enim
3351 3104 3548 3144 nonani

1948 3178 2186 3248 depulsis
2234 3178 2472 3246 tenebris
2520 3179 2601 3232 sol
2647 3177 2890 3233 redditur
2921 3178 3139 3239 mundo.
3190 3178 3255 3232 Et
3299 3177 3545 3233 iterum‘

1866 3256 1917 3321 .C
1950 3272 2086 3326 alius
2112 3271 2181 3325 de
2208 3272 2311 3325 hoc
2340 3272 2459 3340 ipso
2487 3270 2853 3345 testimonium
2882 3270 3015 3323 dicit
3040 3288 3052 3322 :
3085 3269 3152 3323 Et
3187 3270 3544 3335 obscurabitur

1948 3380 2102 3432 super
2129 3372 2316 3421 terram
2345 3363 2397 3415 in
2427 3361 2510 3415 die
2535 3361 2628 3416 lus
2654 3359 2870 3433 (Matth.
2900 3360 2994 3416 24.
3018 3360 3156 3429 29.).

2019 3455 2111 3515 25.
2150 3457 2314 3511 Docet
2337 3454 2611 3524 Evangelii
2641 3454 2973 3523 praedicatio,
2997 3454 3139 3524 quod
3160 3454 3320 3511 etiam
3344 3455 3543 3511 milites

1946 3538 2250 3604 diviserunt
2298 3548 2398 3603 sibi
2426 3547 2745 3602 vestimenta
2776 3546 2935 3612 Jesu,
2964 3555 3019 3601 et
3064 3544 3085 3587 ί
3119 3562 3280 3617 super
3308 3550 3541 3604 tunicam

1945 3641 2064 3712 ejus
2094 3642 2357 3697 miserunt
2384 3641 2497 3713 88
2524 3650 2751 3694 sortem.
2785 3637 2899 3699 lloc
2928 3638 3088 3695 etiam
3118 3654 3263 3693 cura:
3292 3640 3390 3695 fuit
3420 3640 3542 3710 Spi-

1945 3733 2071 3788 ritui
2121 3732 2320 3795 Sancto
2363 3732 2749 3800 prophetarum
2789 3729 3014 3783 vocibus
3057 3733 3373 3797 protestari,
3416 3747 3540 3787 cum

1947 3823 2113 3883 David
2158 3823 2289 3877 dicit
2316 3839 2328 3875 :
2365 3820 2659 3879 Diviserunt
2693 3820 2789 3874 sibi
2822 3821 3119 3884 vestimenta
3147 3837 3279 3886 mea,
3309 3831 3358 3877 et
3382 3839 3542 3893 super

1943 3926 2127 3970 vestem
2153 3931 2317 3970 meam
2344 3916 2592 3973 miserunt
2619 3922 2807 3969 sortem
2840 3912 3014 3984 (Psat.
3046 3914 3137 3969 2i.
3166 3915 3302 3982 19.).
3336 3917 3437 3970 Sed
3471 3934 3538 3971 ne

1943 4008 2011 4062 de
2040 4008 2127 4061 illa
2158 4007 2372 4074 quidem
2396 4015 2542 4061 veste
2566 4020 2723 4075 quam
2756 4005 3223 4063 dicunturmilitcs
3245 4005 3535 4062 illudentes

1944 4099 2182 4155 induisse
2228 4115 2385 4163 eum,
2438 4097 2491 4153 id
2521 4109 2637 4163 est,
2670 4098 2739 4152 de
2788 4106 2936 4163 veste
2973 4098 3222 4163 coccinea
3254 4098 3535 4165 Pr0pltetae

1941 4190 2225 4245 siluerunt.
2260 4188 2401 4248 Audi
2428 4189 2569 4243 enim
2593 4186 2720 4256 quid
2750 4186 2895 4246 dicat
2918 4186 3103 4247 Esaias
3128 4204 3140 4238 :
3169 4188 3297 4250 Quis
3321 4197 3394 4240 est
3425 4188 3532 4254 hic,

1940 4284 2029 4355 qui
2060 4283 2193 4338 venit
2224 4283 2287 4335 de
2309 4280 2498 4348 Edam,
2529 4281 2686 4341 rubor
2710 4280 3125 4339 vestimentorum
3149 4282 3262 4351 ejus
3289 4295 3353 4334 ex
3376 4278 3390 4330 i
3428 4278 3536 4334 Bo-

1939 4442 2033 4497 erit
2053 4441 2105 4494 in
2134 4456 2236 4493 una
2263 4439 2364 4497 die,
2398 4444 2444 4490 et
2469 4437 2574 4490 dies
2604 4436 2692 4489 ille
2721 4445 2872 4489 notus
2902 4433 3027 4497 Deo,
3060 4444 3165 4490 etc.

2012 4510 2037 4548 δ
2070 4511 2319 4565 Nolattttn
2352 4508 2585 4569 Balnzio,
2612 4506 2759 4571 aliud
2787 4506 2888 4575 legi
2920 4510 2971 4560 in
2999 4506 3158 4573 codd.
3184 4522 3317 4563 mss.
3340 4516 3394 4561 et
3417 4519 3525 4566 vet.

1938 4582 2069 4637 edit.
2102 4576 2626 4651 Oxon.__Remboldo,
2657 4588 2817 4648 atque
2846 4579 3092 4638 Erasmo.
3125 4578 3321 4643 Confer
3348 4578 3522 4651 Cyril-

318 4659 342 4697 δ
367 4647 600 4711 Ῠοοιιιθε
630 4656 693 4706 de
719 4655 843 4718 hoc,
886 4652 1047 4706 iidem
1082 4647 1142 4705 'e't
1171 4650 1340 4703 ferme
1369 4649 1571 4704 rectius
1599 4659 1781 4705 tacent
1810 4667 1823 4704 :
1856 4651 1913 4711 Β
1938 4654 2044 4708 lum
2075 4667 2224 4712 num,
2248 4647 2343 4703 25.

248 4728 368 4797 plus
405 4739 537 4781 vero
556 4725 768 4797 habent
819 4723 975 4797 paulo
1005 4731 1124 4797 post
1139 4762 1160 4797 ,_
1186 4719 1369 4797 “Mosa
1408 4722 1543 4774 velut
1586 4723 1778 4797 tte/lens
1801 4738 1821 4776 :

246 4790 351 4855 vet.
380 4796 509 4853 edit.
543 4796 718 4857 Oxon.
748 4801 804 4845 ut
824 4790 1048 4861 deﬂens.
1082 4790 1399 4844 Addidimus
1424 4800 1481 4844 et
1507 4807 1604 4846 nos
1632 4806 1700 4846 ex
1727 4792 1823 4846 iis-

247 4870 366 4925 dem
402 4865 706 4936 insequenti
732 4864 1024 4931 Scripturas
1052 4861 1363 4936 testimonio
1388 4870 1476 4915 tua
1501 4878 1819 4936 pronomen,

238 4940 385 5006 quod
412 4932 621 4993 deerat.
655 4934 723 4988 Et
750 4940 847 4988 erit
883 4936 986 4988 vita
1016 4942 1135 4999 tua,
1178 4948 1298 4987 cum
1326 4932 1516 4988 Graeco
1543 4937 1636 4989 Καὶ
1670 4932 1826 4989 ἔσται

239 5016 263 5069 ὁ
292 5016 395 5070 ζωή
427 5030 546 5065 σου.

292 5015 609 5135 ζῗᾌῖοἵίοσ
646 5076 889 5147 quidem,
930 5082 984 5131 et
1010 5075 1167 5146 paulo
1193 5083 1343 5143 post,
1391 5090 1540 5145 quem
1578 5075 1827 5145 petierant

236 5149 265 5203 Ι
280 5152 438 5206 udtei.

310 5220 337 5259 ἀ
363 5221 536 5275 Habet
560 5218 695 5273 illud
715 5227 771 5272 et
794 5225 947 5272 vetus
969 5217 1261 5272 Oxoniens.
1296 5214 1426 5275 edit.
1460 5216 1548 5270 alii
1576 5216 1825 5271 reticent.

246 5292 366 5347 llaec
395 5305 609 5361 quoque
633 5305 699 5361 ex
726 5288 930 5361 Cyrillo
972 5288 1039 5342 ad
1078 5288 1285 5342 numeri
1321 5301 1493 5356 usque
1525 5286 1619 5341 2t.
1666 5289 1825 5343 tinem

247 5360 513 5417 transmlit
541 5360 765 5414 Rufinus
792 5360 843 5412 in
872 5373 987 5411 sua.

312 5441 336 5471 ο
370 5430 724 5487 Restituimus
767 5444 835 5482 ex
877 5428 1023 5483 libris
1068 5430 1336 5500 plerisque
1383 5428 1524 5495 aliis,
1569 5444 1659 5496 per
1684 5444 1831 5498 aqua:

245 5503 544 5567 baptismum
573 5512 627 5556 et
648 5517 738 5573 per
758 5502 1058 5570 martyrium
1080 5501 1380 5573 profusione
1405 5500 1670 5568 sanguinis
1689 5517 1707 5553 :
1732 5515 1827 5566 pro

244 5576 433 5642 quibus
460 5584 619 5628 antea
650 5572 827 5629 minus
866 5582 1012 5625 recte
1042 5580 1177 5633 erat,
1210 5587 1297 5633 per
1337 5587 1523 5638 aquam
1560 5573 1826 5638 baptismi,

245 5653 294 5697 et
320 5662 411 5712 per
442 5644 743 5714 mysterium
773 5642 1085 5714 profusionis
1113 5642 1427 5714 sanguinis”

314 5710 332 5753 ί
366 5710 693 5770 Suffécimus
722 5710 879 5766 vaces
900 5714 949 5764 in
975 5712 1131 5766 latere
1152 5728 1215 5767 ex
1239 5712 1386 5764 libris
1415 5710 1621 5772 iisdem,
1654 5712 1743 5779 qui
1775 5718 1829 5766 et

244 5784 459 5841 inferius
483 5785 604 5855 plus
634 5783 858 5855 habent,
882 5783 1083 5855 iccirco.
1095 5794 1138 5835 et
1158 5783 1286 5848 ,fons
1314 5782 1694 5855 redemptionis,
1719 5793 1822 5855 etc.

313 5864 339 5905 ι
360 5851 515 5927 Apud
538 5854 692 5918 alios,
717 5853 806 5906 sed
834 5853 996 5923 frigus
1023 5851 1218 5925 (Graec.
1240 5854 1325 5906 καῖ
1343 5852 1546 5922 ψύχος)
1569 5861 1615 5906 et
1641 5851 1828 5921 pruina

517 5945 799 6015 ΡΑτιιοι.
844 5944 1016 6016 XXI,

2006 4743 2023 4783 ί
2059 4743 2160 4798 Alii
2193 4758 2349 4811 supra
2373 4739 2493 4795 heic
2519 4748 2679 4810 atque
2709 4741 2947 4797 inferius.
2975 4742 3177 4806 Tacent
3202 4757 3328 4798 mox
3358 4742 3520 4798 etiam

1936 4815 2100 4869 David
2151 4827 2373 4876 nomen,
2422 4812 2563 4880 quod
2606 4811 2805 4867 rectius
2850 4811 2902 4865 in
2945 4813 3228 4875 Barrazana
3282 4815 3522 4868 editione

1931 4886 2134 4939 laudari
2157 4885 2326 4937 visum
2351 4892 2451 4936 est.
2482 4882 2586 4937 Sed
2615 4894 2669 4935 et
2696 4891 2863 4937 totum
2890 4883 3031 4938 hunc
3059 4884 3231 4940 locum
3260 4899 3290 4938 a
3318 4885 3522 4947 verbis,

1939 4957 2051 5010 Ηοε
2066 4956 2217 5009 etiam
2241 4968 2400 5019 curre,
2419 4962 2525 5008 etc.
2551 4968 2672 5024 cum
2701 4953 3039 5023 subsequenti
3061 4955 3352 5024 Scriptura:
3375 4956 3527 5009 testi-

1934 5028 2137 5089 monia,
2169 5025 2469 5090 Pamelius,
2498 5032 2554 5079 et
2582 5023 2671 5092 qui
2703 5038 2824 5078 eum
2854 5025 3112 5081 describit
3142 5023 3350 5091 Fellus,
3388 5042 3523 5093 pras-

1936 5107 2171 5159 tereunt,
2213 5095 2536 5159 scribarum,
2579 5104 2636 5148 ut
2675 5094 2907 5160 videtur,
2938 5097 3242 5151 oscitanlia.
3279 5096 3526 5151 Baluzius

1935 5168 2006 5221 ita
2036 5183 2098 5223 se
2125 5169 2201 5220 ait
2226 5181 2295 5221 ex
2321 5166 2443 5220 cod.
2473 5167 2824 5233 Sangerman.
2855 5166 3028 5222 locum
3056 5167 3374 5230 restituisse,
3405 5182 3525 5220 titti-

1934 5248 2042 5292 tata
2095 5238 2254 5291 etiam
2313 5237 2782 5305 interpunctione,
2833 5252 2994 5305 quum
3045 5238 3290 5291 Barrznus
3340 5236 3526 5289 tandiu

1933 5316 2090 5363 antea
2121 5306 2459 5369 restituisset,
2484 5307 2569 5361 cui
2599 5315 2655 5361 et
2683 5307 2796 5360 laus
2818 5306 2965 5361 istaec
2988 5308 3234 5362 debetur.
3259 5305 3523 5359 Caeterum

1936 5379 2053 5434 ha=c
2080 5382 2241 5434 etiam
2280 5392 2347 5432 ex
2376 5376 2579 5447 Cyrillo
2610 5392 2755 5431 nttm.
2787 5377 2877 5431 26.
2912 5386 2967 5433 et
2994 5378 3087 5432 27.
3121 5379 3342 5431 ltulinus
3370 5390 3528 5428 acce-

1935 5459 2032 5519 pit.

2012 5543 2027 5593 i
2069 5542 2316 5610 Plerique
2363 5540 2448 5594 alii
2482 5540 2647 5594 Bosor
2676 5540 2879 5610 legunt,
2913 5553 3012 5609 pro
3044 5539 3224 5601 Bosra,
3255 5534 3412 5610 _quod
3444 5549 3526 5610 est

1937 5614 2150 5679 quidem
2194 5606 2245 5663 iii
2294 5611 2516 5666 llebrteo
2561 5606 2753 5673 mm:
2788 5606 3116 5679 non'autetu
3162 5609 3212 5659 in
3246 5606 3433 5679 (ἐτέρου
3463 5608 3521 5673 S,

1936 5675 2148 5753 quoque
2173 5682 2421 5751 Cyrillus,
2458 5695 2484 5731 a
2516 5695 2621 5749 quo
2648 5678 2983 5753 lt.t-c__1‘ios'er
3006 5678 3233 5753 derivat,
3258 5675 3421 5729 Bosor
3463 5693 3529 5731 e-

1937 5748 2034 5822 git,
2063 5748 2344 5822 quod'tum
2377 5767 2451 5822 ex_
2472 5748 2654 5822 vetere
2683 5748 2927 5822 codicum
2969 5751 3269 5822 scriptura,
3300 5757 3407 5800 tum
3454 5763 3521 5813 ex

1938 5818 2182 5890 stibuexa
2212 5820 2280 5876 ibi
2312 5820 2544 5885 nominis
2573 5818 2896 5886 etvmologia
2928 5819 3273 5881 manifestum
3312 5827 3416 5881 est.
3466 5840 3473 5843 ·

3053 5934 3126 6005 12
