4078 6346
580 417 691 473 565

1645 418 1875 475 ιιυιιίΝι
1915 418 2396 487 ΑΟΠΙΙΕΙΕΝΞΙΞ
2434 422 2871 483 PRESBYTERI

3769 443 3874 499 385

575 538 707 592 sm?
753 535 922 603 Quare
955 536 1238 591 rubicunda
1283 544 1400 590 sunt
1441 545 1732 589 vestimenta
1776 543 1883 600 tua,
1928 546 1976 589 et
2019 538 2173 610 indu-
2204 539 2251 592 Α
2284 537 2412 605 Quae
2438 542 2633 593 utilitas
2658 545 2709 595 in
2744 544 2990 612 sanguine
3018 561 3150 611 meo,
3182 547 3306 601 dum
3332 551 3642 607 descendero
3672 555 3725 609 in
3756 574 3871 612 cer-

581 640 808 688 mentum
855 639 997 684 tuum
1046 640 1291 700 tanquam
1337 630 1390 682 in
1437 627 1683 682 torculari
1714 630 1967 684 calcatum
1998 630 2168 701 (Esai.

577 721 710 791 (63.
746 721 863 791 1.)?
912 721 1061 777 Unde
1097 728 1153 776 et
1181 722 1291 787 ipse
1342 720 1611 787 respondit
1642 737 1655 773 :
1700 720 1954 776 Torcular
1983 726 2173 778 calcavi

579 815 757 882 solus,
800 816 926 885 ﬁlia:
950 814 1081 870 Sion
1112 812 1384 885 (Ibidem).
1426 812 1583 885 Solus
1627 822 1730 882 est,
1757 816 1847 885 qui
1892 828 2167 884 peccatum

531 892 541 947 ἶ
577 922 684 961 non
714 884 858 971 fecit,
886 913 940 959 et
963 884 1181 959 abstulit
1232 912 1447 972 peccata
1468 884 1586 976 ’[ΑΙ.
1616 884 1914 977 peceatum]
1961 906 2165 959 mundi.

574 998 631 1053 Si
663 999 805 1052 enim
839 996 1008 1065 potuit
1053 1009 1151 1064 per
1192 1010 1355 1049 unum
1404 996 1676 1050 hominem
1725 1011 1871 1051 mors
1919 998 2163 1063 introire,

569 1104 774 1156 quanto
804 1092 973 1161 magis
998 1106 1097 1160 per
1124 1104 1286 1145 unum
1317 1072 1614 1154 hominem,
1643 1088 1736 1159 qui
1779 1098 1833 1145 et
1862 1089 2001 1145 Deus
2027 1100 2160 1153 erat,

571 1184 745 1253 potuit
774 1184 879 1238 vita
912 1182 1162 1238 restitui?

640 1273 731 1329 26.
776 1273 1027 1330 Relertur
1048 1275 1209 1329 etiam
1235 1272 1377 1342 quod
1404 1282 1558 1328 aceto
1579 1280 1790 1342 potatus
1815 1273 1907 1337 sit,
1932 1272 2015 1327 vel
2038 1273 2163 1327 vino

565 1366 876 1437 myrrhato,
906 1366 1051 1437 quod
1078 1374 1160 1421 est
1192 1366 1426 1420 amarius
1469 1365 1607 1421 felle.
1639 1364 1777 1419 Audi
1808 1365 1933 1436 quid
1961 1366 2030 1421 de
2062 1364 2163 1419 hoc

562 1461 834 1529 Propheta
878 1459 1206 1529 praedixerit.
1261 1457 1327 1513 Et
1356 1458 1640 1524 dederunt,
1675 1459 1877 1528 inquit,
1908 1459 1964 1511 in
1994 1475 2159 1513 escam

563 1568 731 1606 meam
776 1550 868 1621 fel,
896 1560 945 1604 et
985 1550 1040 1604 in
1073 1550 1157 1603 siti
1185 1565 1296 1603 mea
1337 1557 1639 1620 potaverunt
1685 1564 1765 1603 me
1812 1556 1954 1603 aceto
1982 1548 2157 1619 (Psal.

563 1643 701 1714 68.).
730 1642 811 1699 Ad
842 1658 959 1712 qute
989 1641 1322 1709 respondens
1346 1640 1458 1710 jam
1493 1650 1619 1695 tunc
1649 1640 1824 1695 Moses
1847 1641 2061 1696 dicebat
2089 1642 2158 1696 de

562 1734 761 1802 populo
784 1733 876 1787 illo
900 1751 914 1786 :
940 1729 1026 1786 Ex
1052 1732 1210 1786 vineis
1234 1730 1582 1786 Sodomorum
1607 1731 1721 1784 vitis
1745 1746 1941 1796 eorum,
1972 1740 2019 1784 et
2044 1731 2157 1801 pal-

563 1841 669 1878 mes
698 1840 874 1877 eorum
920 1822 985 1877 de
1014 1821 1277 1877 Gomorris
1318 1822 1426 1893 (Al.
1451 1820 1733 1892 Gomorra]
1768 1840 1780 1875 :
1827 1837 1924 1875 uva
1954 1838 2151 1887 eorum,

2273 631 2561 699 ruptionem
2590 632 2764 702 (Psal.
2795 635 2885 690 29.
2922 636 3081 707 10.)τ
3131 638 3197 692 Et
3222 640 3411 695 iterum
3443 660 3457 697 :
3486 642 3738 701 Descendi
3758 647 3786 686 ἀ
3816 652 3868 704 in

2273 721 2453 774 limum
2483 724 2762 793 profundi,
2794 737 2839 780 et
2870 743 2972 782 non
3019 737 3094 782 est
3133 730 3416 786 substantia
3445 733 3617 805 (Psal.
3644 734 3738 793 68.
3760 741 3866 810 5.).

2272 812 2377 867 Sed
2407 824 2461 869 et
2486 814 2718 871 Joannes
2760 817 2890 871 dicit
2921 835 2936 870 :
2966 818 3047 875 Tu
3089 838 3141 877 es
3180 825 3269 893 qui
3298 812 3540 881 uenturus
3566 843 3641 891 es,
3677 829 3756 898 (in
3786 830 3868 885 in-

2271 901 2479 956 fernum
2511 905 2627 959 sine
2652 905 2836 977 dubio)
2869 926 2936 962 an
2964 911 3125 963 alium
3170 924 3497 981 expectamus
3525 916 3745 987 (Matth.
3774 918 3859 975 11.

2270 994 2387 1061 5.)?
2416 994 2563 1050 Unde
2593 1003 2647 1050 et
2676 996 2864 1053 Petrus
2887 999 3018 1055 dicit
3049 1018 3062 1053 :
3099 1001 3235 1069 Quia
3263 1004 3497 1060 Christus
3520 1008 3863 1072 mortiﬁcatus

2268 1100 2437 1151 carne,
2472 1088 2757 1155 viviﬁcatus
2786 1100 2956 1145 autem
3004 1094 3189 1161 spiritu
3236 1105 3259 1133 ο
3304 1099 3391 1167 qui
3419 1099 3473 1152 in
3500 1100 3611 1165 ipso
3638 1100 3858 1167 habitat,

2266 1176 2339 1229 eis
2369 1179 2481 1247 quis
2508 1178 2561 1233 in
2598 1197 2800 1237 carcere
2836 1185 3065 1239 conclusi
3102 1198 3269 1252 erant,
3303 1190 3562 1244 descendit
3590 1194 3859 1257 spiritibus

2269 1270 2568 1336 praedicare,
2594 1274 2680 1340 qui
2706 1274 2957 1345 increduli
2983 1276 3125 1344 fuere
3149 1279 3202 1331 in
3230 1279 3407 1333 diebus
3430 1280 3546 1335 Noe
3573 1282 3774 1352 (I.Pet.
3798 1284 3852 1339 5.

2268 1359 2405 1428 18.).
2438 1362 2492 1415 In
2519 1377 2629 1433 quo
2654 1365 2841 1431 etiam,
2869 1367 2997 1436 quid
3028 1370 3209 1437 operis
3242 1370 3293 1423 in
3340 1371 3605 1427 infernum
3636 1372 3741 1445 [ΑΙ.
3778 1375 3858 1428 in-

2272 1450 2449 1524 ferno]
2478 1454 2668 1519 egerit,
2699 1456 3021 1512 declaratur.
3076 1459 3181 1513 Sed
3230 1468 3287 1516 et
3333 1462 3447 1531 ipse
3476 1463 3732 1519 Dominus
3764 1480 3857 1533 per

2263 1541 2583 1609 Prophetam
2615 1545 2764 1612 dicit,
2790 1557 3040 1618 tanquam
3069 1551 3138 1606 de
3163 1550 3341 1609 futuro
3372 1572 3383 1607 :
3414 1555 3549 1620 Quia
3578 1572 3681 1611 non
3711 1559 3856 1612 dere-

2261 1630 2462 1702 linques
2494 1635 2721 1689 animam
2745 1652 2913 1692 meam
2952 1641 3005 1693 in
3047 1641 3271 1709 inferno,
3309 1660 3401 1698 nec
3434 1645 3582 1701 dabis
3618 1657 3853 1701 sanctum

2260 1732 2406 1778 tuum
2432 1726 2598 1780 videre
2623 1723 3004 1799 corruptionem
3030 1730 3204 1802 (Psal.
3233 1733 3322 1789 55.
3356 1736 3491 1805 10.).
3537 1736 3691 1803 Quod
3736 1754 3853 1793 rur-

2260 1828 2377 1869 sum
2411 1818 2727 1885 propbetice
2758 1820 3107 1876 nihilominus
3134 1824 3369 1879 ostendit
3394 1825 3707 1896 impletum,
3729 1844 3850 1884 cum

3872 694 3883 747 l

561 1931 662 1969 utea
694 1916 850 1986 fellis,
877 1924 924 1967 et
945 1914 1118 1967 botrus
1146 1914 1507 1967 amaritudinis
1536 1913 1660 1982 ipsis
1688 1912 1862 1981 (Deut.
1887 1910 1976 1965 52.
2010 1912 2149 1981 52.).
2188 1923 2236 1983 Β
2262 1904 2387 1959 diei!
2411 1922 2427 1959 ε
2452 1905 2686 1973 Domine.
2714 1909 2934 1962 εάυτὲειὶ
2960 1912 3188 1965 animum
3210 1929 3373 1967 meum
3395 1915 3458 1967 ab
3482 1917 3705 1986 inferno,
3738 1920 3847 1971 sal-

556 2007 631 2062 ‘Et
652 2008 841 2061 iterum
864 2004 1194 2074 exprobrans
1219 2018 1313 2058 eos
1340 2004 1467 2057 dicit
1490 2004 1745 2072 :Populus
1770 2004 1959 2058 stultus
1986 2014 2033 2059 et
2055 2021 2157 2058 non

558 2100 769 2166 sapiens
792 2139 807 2160 ,
837 2097 945 2151 hwc
972 2096 1187 2150 Domino
1216 2095 1499 2149 retribuisti
1537 2094 1761 2163 (Ibidem
1791 2096 1869 2166 6.)
1896 2096 1919 2149 ἲ
1970 2096 2073 2151 Sed
2104 2106 2159 2151 et

554 2190 610 2244 in
634 2188 865 2243 Canticis
889 2198 913 2224 ιι
940 2188 1129 2242 eadem
1155 2188 1608 2254 praenunciantur,
1635 2189 1723 2242 ubi
1752 2190 1916 2243 etiam
1941 2188 2151 2251 hortus,

553 2281 607 2336 in
633 2295 738 2350 quo
767 2278 1054 2335 cruciﬁxus
1080 2288 1182 2341 est.
1208 2278 1539 2347 designatur.
1571 2279 1712 2334 Dicit
1742 2296 1871 2351 ergo
1896 2295 1913 2337 :
1950 2280 2153 2333 Intraui

551 2372 604 2423 in
654 2371 858 2423 hortum
912 2386 1100 2435 meum,
1145 2386 1293 2424 soror
1344 2387 1458 2423 mea
1505 2387 1712 2441 sponsa,
1757 2382 1804 2425 et
1845 2373 2152 2428 rindemiavi

552 2460 813 2529 myrrham
860 2476 1025 2512 meam
1082 2457 1258 2529 (Cant.
1306 2458 1385 2528 5.)
1434 2476 1448 2511 :
1509 2460 1593 2515 ubi
1643 2460 1919 2516 evidenter
1964 2464 2147 2517 vinum

546 2552 919 2625 ‘ntyrrhatum,
950 2568 1054 2620 quo
1086 2558 1297 2620 potatus
1327 2560 1428 2617 est,
1464 2551 1778 2610 declaravit.

623 2646 712 2699 27.
772 2645 839 2700 Et
883 2646 1129 2713 spiritum
1181 2656 1300 2712 post
1350 2642 1464 2697 hree
1520 2644 1774 2699 scribitur
1819 2645 2143 2701 reddidisse.

551 2741 986 2794 Prmnunciatutn
1019 2739 1191 2792 luerat
1213 2778 1227 2802 ,
1259 2746 1312 2790 et
1342 2736 1443 2791 hoc
1480 2752 1573 2806 per
1605 2738 1927 2807 Prophe‘am
1960 2739 2146 2793 dicen-

549 2844 658 2885 tem
708 2846 771 2885 ex
817 2844 1043 2898 persona
1091 2828 1210 2882 Filii
1258 2828 1325 2881 ad
1368 2828 1579 2882 Patrem
1615 2847 1627 2882 :
1659 2826 1728 2882 In
1757 2846 1940 2884 manus
1971 2840 2083 2883 tuas
2114 2829 2142 2869 δ

544 2922 848 2975 commendo
899 2922 1132 2992 spiritum
1180 2936 1345 2974 mrum
1394 2918 1565 2985 (Psal.
1613 2920 1703 2979 50.
1738 2921 1839 2991 6.).
1891 2922 2142 2992 Sepultus

547 3014 877 3081 perhibetur,
911 3025 965 3066 et
1012 3012 1147 3082 lapis
1195 3026 1416 3081 magnus
1460 3014 1735 3081 appositus
1779 3024 1906 3069 ante
1944 3015 2139 3070 ostium

545 3105 903 3159 monumenti.
936 3103 1133 3171 Accipe
1162 3104 1324 3157 etiam
1374 3104 1443 3159 de
1487 3104 1589 3158 hoc
1627 3104 1753 3172 quid
1793 3105 2141 3175 propheticus

542 3213 641 3265 per
684 3196 973 3252 Jeremiam
1019 3196 1131 3266 89
1170 3211 1353 3250 sermo
1406 3198 1756 3265 praedixerit:
1789 3196 2138 3265 Mortiﬁcave-

2260 1998 2389 2051 vasti
2412 2014 2491 2051 me
2510 2015 2543 2051 a
2562 2000 2730 2054 desce'
2752 2000 2973 2058 lentibus
3001 2003 3053 2056 in
3083 2002 3253 2057 lacum
3280 2003 3453 2076 (Psal.
3480 2007 3623 2073 29.).
3647 2008 3841 2078 Sequi.

2262 2095 2345 2141 tur
2372 2098 2491 2154 post
2514 2088 2625 2143 haec
2653 2106 2666 2140 :

2325 2186 2416 2241 29.
2458 2188 2664 2242 TERTIA
2704 2202 2794 2242 me
2833 2204 3173 2245 nesunnsxrr
3214 2208 3247 2246 Α
3286 2207 3535 2249 ιιοιιτωε.
3578 2193 3844 2250 Resurre-

2255 2279 2449 2334 ctionis
2492 2278 2510 2317 ί
2544 2281 2739 2348 quippe
2767 2281 2933 2351 gloria
2977 2284 3030 2336 in
3060 2283 3276 2339 Christo
3303 2286 3617 2342 clariﬁcavit
3661 2303 3841 2351 omne,

2254 2371 2394 2439 quod
2448 2371 2593 2439 prius
2638 2371 2905 2426 inﬁrmum
2963 2382 3018 2427 et
3061 2373 3247 2443 fragile
3288 2376 3589 2432 videbatur.
3638 2378 3696 2432 Si
3746 2380 3839 2433 tibi

2254 2460 2412 2527 paulo
2456 2469 2581 2514 ante
2634 2475 2737 2514 non
2786 2462 3069 2528 putabatur
3110 2477 3231 2517 esse
3262 2466 3540 2532 possibile,
3570 2482 3739 2537 usque
3777 2470 3840 2521 ad

2252 2558 2476 2602 mortem
2507 2550 2722 2605 venisse
2752 2549 3105 2607 immortalem
3137 2570 3151 2607 :
3183 2554 3363 2622 aspice
3394 2572 3555 2621 nunc,
3596 2559 3721 2630 quia
3754 2559 3841 2628 qui

2249 2642 2458 2695 devicta
2488 2644 2598 2712 90
2630 2652 2832 2705 morte,
2874 2647 3231 2701 resurrexisse
3267 2648 3485 2714 dicitur,
3518 2667 3623 2705 non
3662 2662 3838 2721 potest

2247 2746 2370 2787 esse
2401 2735 2663 2788 mortalis.
2696 2736 2800 2790 Sed
2833 2736 3126 2793 bonitatem
3152 2740 3204 2793 in
3230 2740 3331 2795 hoc
3358 2728 3595 2810 intellige
3621 2755 3835 2799 creato.

2247 2824 2343 2890 ris,
2372 2827 2492 2891 quia
2518 2834 2543 2871 κ
2570 2825 2662 2881 ille
2686 2840 2921 2895 eousque
2946 2838 2995 2884 te
3022 2830 3297 2899 sequendo
3319 2832 3616 2901 descendit,
3644 2850 3835 2904 usque-

2245 2929 2352 2980 quo
2380 2925 2433 2968 tu
2467 2916 2736 2983 peccando
2761 2917 3001 2984 deiectus
3023 2932 3102 2973 es.
3134 2921 3241 2975 Nec
3267 2930 3564 2976 creatorem
3594 2925 3832 2979 omnium

2247 3004 2415 3059 Deum
2451 3006 2898 3073 impossibilitatis
2923 3022 3167 3074 accuses,
3192 3021 3248 3063 ut
3278 3010 3349 3064 ibi
3375 3022 3527 3079 putes
3550 3027 3688 3080 opus
3717 3014 3834 3082 ejus

2242 3099 2443 3154 caduco
2467 3098 2614 3167 lapsu
2640 3102 2875 3168 potuisse
2900 3102 3171 3168 concludi,
3197 3119 3306 3171 quo
3338 3104 3428 3158 ille
3450 3104 3679 3159 salutem
3705 3120 3833 3174 ope-

2241 3203 2455 3246 ratnrus
2499 3193 2781 3262 pervenire
2834 3209 2937 3247 non
2992 3206 3194 3262 posset.
3246 3196 3452 3250 inferna
3497 3207 3551 3252 et
3592 3214 3829 3269 superna

541 3298 683 3355 runt,
710 3287 901 3357 inquit,
931 3289 983 3342 in
1014 3288 1183 3341 lacum
1210 3289 1367 3341 vitam
1397 3304 1579 3355 meam,
1605 3300 1651 3344 et
1695 3300 1976 3360 posuerunt
2002 3291 2136 3358 lapi-
2163 3299 2209 3360 ρ
2245 3284 2398 3338 nobis
2425 3285 2693 3350 d.cnntnr,
2726 3285 2817 3353 qui
2861 3294 3009 3340 certa
3051 3288 3292 3355 corporis
3332 3290 3830 3356 circumscriptione

538 3383 657 3434 dem
684 3397 836 3449 super
860 3397 940 3433 me
972 3379 1186 3449 (Thren.
1211 3378 1267 3436 5.
1292 3379 1431 3449 55.).
1460 3380 1868 3437 Evidentissima
1900 3383 2015 3437 haec
2044 3399 2134 3439 se-

538 3475 769 3541 pultura:
812 3472 928 3539 ejus
975 3471 1167 3526 indicia
1210 3470 1536 3540 prOpheticis
1585 3472 1807 3527 vocibus
1850 3473 2131 3544 designata

528 3574 685 3620 sunt.
720 3565 915 3632 Accipe
947 3576 1121 3618 tamen
1150 3574 1203 3619 et
1231 3563 1355 3618 alia.
1388 3566 1430 3617 Α
1457 3575 1761 3630 conspectu,
1794 3565 1994 3633 inquit,
2027 3566 2130 3618 ini-

432 3720 437 3723 Α
536 3658 743 3724 quitatis
788 3658 992 3710 ablatus
1022 3667 1094 3711 est
1126 3660 1324 3728 justus,
1354 3666 1403 3709 et
1433 3667 1453 3694 ε
1492 3657 1544 3709 in
1590 3672 1714 3727 pace
1741 3665 1814 3709 est
1847 3658 1988 3709 locus
2018 3657 2132 3719 eius

532 3750 693 3823 (lsai.
720 3748 809 3804 57.
839 3748 938 3817 1.).
987 3748 1052 3803 Et
1080 3749 1206 3802 alibi
1236 3765 1246 3798 :
1300 3746 1367 3799 Et
1396 3746 1528 3799 dabo
1557 3749 1807 3817 malignos
1840 3763 1931 3813 pro
1960 3749 2133 3813 sepul-

536 3853 659 3893 tura
691 3841 804 3906 eius
832 3838 987 3907 (lsai.
1019 3836 1107 3891 55.
1128 3836 1237 3905 9.).
1268 3835 1333 3889 Et
1358 3836 1484 3890 item
1508 3838 1643 3889 alius
1668 3852 1685 3889 :
1710 3836 1982 3889 Recubans
2010 3838 2131 3889 dor-

533 3933 676 3986 m’vit
702 3942 755 3985 ut
785 3932 882 3993 leo,
914 3940 961 3983 et
990 3938 1045 3981 ut
1076 3928 1273 3982 catulus
1304 3927 1498 3991 leonis;
1548 3926 1661 3995 quis
1710 3925 1974 3981 suscitabit
2006 3942 2127 3981 eum

532 4024 744 4095 (Cenes.
767 4023 856 4078 49.
874 4018 991 4087 9.)?

599 4117 691 4171 28.
735 4114 841 4170 Sed
881 4114 1040 4167 etiam
1077 4110 1217 4180 quod
1263 4110 1317 4163 in
1359 4108 1630 4164 infernum
1661 4109 1963 4169 deseenott.
2014 4111 2125 4164 evi-

526 4210 720 4265 denter
750 4203 1136 4277 pronunciatur
1165 4203 1217 4256 in
1249 4201 1497 4267 Psalmis,
1526 4202 1612 4256 ubi
1642 4202 1768 4256 dicit
1794 4220 1806 4256 :
1834 4201 1900 4256 Et
1924 4203 1975 4255 in
2001 4204 2122 4272 pul-

526 4316 695 4356 verem
721 4298 900 4352 mortis
926 4294 1186 4349 deduxisti
1210 4308 1290 4347 me
1313 4291 1488 4363 (Psal.
1516 4291 1607 4345 ‘21.
1635 4290 1773 4361 16.).
1801 4292 1866 4345 Et
1893 4292 2118 4346 iterum:

603 4465 629 4492 σι
659 4453 880 4507 Addunt
900 4449 1117 4520 quidam
1143 4462 1265 4502 cum
1290 4445 1548 4520 Pamelio,
1580 4443 1907 4520 Canticorum
1933 4464 1952 4501 :
1979 4448 2119 4515 quod

520 4517 1150 4597 plerique_ali_i__'tacer_t't_,
1175 4532 1355 4597 neque
1398 4517 1564 4583 addit,
1596 4532 1754 4585 quem
1800 4517 1989 4597 Noster
2020 4520 2118 4573 de-

522 4588 735 4656 SCribit,
767 4591 807 4645 C
848 4590 1019 4644 rillus.
1079 4588 1320 4639 Vicissim
1368 4600 1465 4639 nos
1507 4602 1652 4651 mea,
1700 4589 1841 4656 quod
1874 4589 2115 4644 liarraeus

522 4667 641 4715 mus
675 4607 906 4715 ιιειυεῖιειι
943 4661 1007 4711 ad
1046 4671 1241 4710 nomen
1275 4672 1493 4715 sponsa,
1524 4656 1825 4711 delevimus
1856 4658 2111 4713 librorum

540 4667 641 4719 ,ιηε
675 4664 906 4715 habebat
943 4664 1007 4711 ad
1046 4671 1241 4710 nomen
1275 4672 1493 4725 sponsa,
1524 4664 1825 4711 delevimus
1856 4664 2106 4713 librorum

540 4753 592 4788 er
604 4748 690 4787 me
713 4733 950 4784 omnium
975 4728 1311 4781 auctoritate.
1342 4726 1544 4780 Videsis
1564 4728 1819 4797 Cyrillum
1845 4744 1993 4783 num.
2016 4730 2106 4787 9.9.

514 4815 566 4858 it
594 4803 685 4859 5‘2.
711 4810 767 4855 et
791 4815 905 4859 sea.

594 4816 1292 4937 E‘thfdfggngermanensis
1320 4865 1693 4921 Commendabo
1722 4884 1741 4922 :
1770 4878 1879 4923 tum
1921 4870 2008 4924 alii
2040 4886 2107 4925 ex

514 4943 701 5007 editis,
753 4941 999 5009 Sepultus
1040 4955 1239 5008 quoque
1283 4937 1593 5007 perhibetur,
1625 4950 1672 4992 et
1712 4941 1845 5009 lapis
1892 4958 2106 5010 magnus

513 5015 737 5085 positus,
780 5021 897 5085 etc.
937 5014 1112 5077 Atque
1151 5012 1266 5085 heic
1316 5010 1501 5085 confer
1528 5011 1786 5085 Cyrillum
1836 5027 1981 5065 num.
2012 5012 2100 5065 53.

597 5094 621 5122 ε
648 5082 800 5151 Apud
830 5082 985 5144 alios,
1015 5091 1063 5133 et
1088 5081 1181 5151 erit
1211 5083 1263 5133 in
1291 5095 1413 5151 pace
1441 5082 1578 5134 locus
1608 5083 1740 5151 ejus,
1766 5091 1819 5136 et
1850 5085 2104 5151 malignos

513 5155 569 5208 in
600 5150 880 5221 sepultura.
924 5151 1041 5205 Mox
1092 5150 1267 5221 Fellus
1310 5150 1648 5217 liecumbens,
1689 5168 1785 5221 pro
1814 5152 2098 5205 liecubans.

516 5220 902 5293 llmclﬂullnus
920 5222 1102 5293 omnia
1124 5220 1421 5293 deAChristi
1464 5220 1734 5293 sepultura
1767 5240 1830 5277 ex
1863 5224 1969 5277 alia
1996 5224 2102 5293 Cy-

516 5295 626 5349 rilli
650 5292 953 5355 Catechesi,
982 5293 1098 5346 sive
1124 5289 1261 5345 XIV.
1295 5308 1443 5346 num.
1474 5289 1883 5349 5ftranscribit.

592 5361 618 5401 «³
654 5362 971 5427 Nobiscum,
1004 5361 1116 5415 sive
1142 5375 1260 5415 cum
1285 5364 1529 5427 Barrteo,
1563 5366 1833 5419 Morellius
1858 5374 1912 5420 et
1942 5365 2101 5417 Balu-

513 5433 631 5487 1.ius
660 5447 723 5486 ex
749 5431 934 5485 codice
959 5432 1304 5500 Sangermnn.
1354 5436 1535 5503 legunt
1575 5452 1589 5487 :
1632 5436 1719 5489 alii
1768 5436 2095 5489 descendisti.

508 5506 652 5573 Tum
672 5503 835 5573 verba
862 5503 919 5557 in.
934 5503 1191 5572 infernum
1214 5504 1325 5557 sine
1348 5506 1522 5569 dubio,
1550 5504 1745 5560 desunt
1772 5507 1908 5573 apud
1942 5509 2101 5558 Item-

514 5572 692 5644 bold.,
725 5570 931 5626 Erasm.
960 5570 1016 5628 et
1044 5573 1244 5628 Pamel.
1272 5576 1545 5630 Mnrellius
1571 5578 1624 5629 in
1651 5570 1854 5644 inferno
1883 5575 2062 5629 habet.

589 5652 613 5680 ο
646 5642 849 5715 Legum
876 5645 961 5698 alii
1002 5658 1207 5711 omnes,
1237 5645 1517 5713 uiviﬁcatus
1543 5642 1716 5700 autem
1780 5646 1984 5715 spiritu.
2030 5644 2097 5695 In

513 5713 645 5781 ipso,
670 5713 764 5779 ait,
787 5715 857 5767 eis
878 5716 962 5782 qui
982 5716 1035 5769 in
1057 5731 1256 5770 carcere
1275 5718 1479 5781 inclusi,
1498 5728 1602 5770 etc.
1629 5716 1789 5769 Nobis
1809 5713 2092 5767 Barraeana

514 5784 697 5849 lectio,
715 5795 770 5838 et
792 5784 1061 5855 adverum
1086 5788 1329 5853 pr0prior
1352 5787 1589 5855 videtur,
1634 5795 1687 5840 et
1725 5786 1791 5838 ad
1822 5785 2089 5849 Gnaeum,

512 5857 838 5918 ζωοποιηθεὶς
862 5854 915 5914 δὲ
944 5864 1017 5930 τῷ
1045 5859 1318 5926 πνεύματι.
1376 5858 1454 5915 Ἐν
1490 5854 1529 5928 ᾧ
1562 5861 1644 5912 καὶ
1674 5863 1774 5918 τοῖς
1810 5878 1857 5911 κ.
1890 5876 1938 5909 τ.
1968 5856 2016 5908 λ.

2240 3375 2498 3441 conclusi,
2544 3374 2679 3428 intra
2730 3376 2960 3443 regionis
3008 3380 3331 3445 praescripta:
3376 3379 3527 3432 nobis
3567 3382 3829 3435 terminos

2238 3468 2598 3520 continemur.
2643 3466 2755 3519 Deo
2785 3476 2962 3521 autem
2993 3468 3082 3536 qui
3125 3469 3319 3537 ubique
3348 3479 3452 3535 est,
3480 3480 3535 3525 et
3564 3486 3825 3539 nusquam

2236 3561 2409 3619 deest.
2435 3556 2559 3623 quid
2592 3554 2619 3594 ιι
2650 3557 2911 3610 internum
2945 3568 3047 3624 est,
3076 3573 3167 3613 aut
3198 3560 3323 3628 quid
3354 3565 3692 3629 supernum?
3728 3562 3825 3616 Ve-

2235 3657 2519 3701 runtamen
2563 3648 2614 3701 in
2654 3649 3023 3717 assumptione
3064 3653 3307 3720 corporis
3335 3655 3496 3707 etiam
3529 3656 3628 3707 ista
3668 3658 3821 3709 eom-

2236 3740 2465 3804 p’entur.
2504 3720 2869 3790 llesuscita'tur
2905 3753 3053 3806 caro,
3098 3756 3219 3809 qua:
3263 3743 3493 3812 reposita
3546 3746 3720 3799 iuerat
3766 3745 3816 3798 in

2231 3827 2502 3894 sepulcro,
2534 3836 2589 3879 ut
2616 3827 3002 3897 adimpleretur
3026 3831 3180 3899 illud,
3210 3833 3349 3901 quod
3380 3834 3581 3888 dictum
3615 3849 3696 3890 est
3725 3852 3818 3907 per

2232 3924 2552 3993 Prophetam
2585 3941 2599 3978 :
2635 3925 2768 3990 Quia
2790 3942 2893 3979 non
2915 3926 3060 3979 dabis
3084 3937 3315 3979 sanctum
3344 3936 3487 3979 tuum
3514 3929 3681 3982 videre
3706 3944 3818 3982 cor-

2228 4018 2517 4086 ruptionem
2546 4014 2717 4084 (Psal.
2754 4017 2838 4072 15.
2873 4017 3005 4087 10.).
3059 4016 3234 4070 llediit
3258 4032 3388 4087 ergo
3416 4018 3587 4072 vietor
3613 4034 3643 4072 a
3674 4035 3817 4075 mor-

2228 4111 2354 4173 tuis,
2386 4110 2579 4163 inferni
2608 4110 2775 4178 spolia
2798 4125 2979 4165 secum
3021 4112 3255 4165 trahens.
3301 4112 3491 4166 Eduxit
3525 4113 3667 4169 enim
3694 4128 3813 4180 eos,

2225 4202 2312 4271 qui
2356 4202 2673 4257 tenebantur
2699 4217 2727 4254 a
2756 4213 2948 4268 morte,
2974 4203 3111 4258 sicut
3139 4214 3191 4258 et
3220 4204 3333 4273 ipse
3359 4204 3696 4273 praedixerat,
3724 4206 3813 4261 ubi

2224 4294 2297 4346 ait
2322 4310 2335 4344 :
2363 4290 2489 4346 Cum
2512 4293 2765 4349 excitatus
2792 4294 2938 4365 fuero
2967 4311 2999 4347 α
3024 4307 3180 4361 terra,
3203 4299 3373 4348 omnia
3397 4296 3465 4348 ad
3489 4311 3569 4348 me
3598 4293 3613 4332 ί
3640 4297 3809 4367 ipsum

2299 4449 2319 4521 ζ
2353 4449 2721 4505 Prsetermisso
2749 4454 2933 4521 quippe
2954 4452 3238 4517 adverbio,
3281 4452 3422 4520 quod
3453 4461 3507 4507 et
3537 4452 3811 4508 Morellins

2220 4529 2275 4595 et
2305 4520 2570 4595 Ramelius
2595 4520 3232 4595 retinentphabentcnm
3269 4524 3455 4577 iisdem
3487 4524 3604 4584 alii,
3642 4526 3812 4595 gloria

2219 4593 2273 4664 in
2308 4592 2720 4664 Christo,qomne
2742 4592 2881 4664 quod
2914 4592 3058 4664 prius
3080 4594 3344 4660 inﬁrmum
3370 4604 3416 4645 et
3449 4592 3809 4664 fragile'vide-

865 4669 906 4712 tt
943 4661 1007 4711 ad
1046 4671 1241 4731 nomen
1275 4656 1825 4731 spo_ns_a,_delevit_nus
1856 4658 2111 4731 librorum
2147 4668 2190 4724 ι)
2219 4662 2389 4725 batur,
2418 4662 2632 4715 absolvit
2659 4678 2677 4716 :
2701 4656 2877 4717 minus
2906 4656 3149 4731 equidem
3181 4665 3351 4731 bene;
3381 4656 3490 4717 tum
3519 4656 3783 4717 uidebatur

2220 4746 2316 4801 pro
2342 4735 2635 4798 putabatur.

2292 4812 2316 4847 κ
2332 4802 2518 4867 Iidem,
2541 4804 2662 4870 quia
2682 4816 2896 4871 eousque
2915 4801 3003 4855 ille
3024 4803 3315 4855 miserando
3336 4804 3614 4859 descendit.
3641 4802 3806 4859 Paulo

2217 4873 2377 4927 etiam
2412 4884 2554 4940 post,
2585 4875 2637 4924 id
2661 4883 2992 4937 reparaturus
3020 4874 3216 4927 habent
3246 4887 3341 4941 pro
3372 4876 3591 4927 salutem
3620 4891 3805 4939 opera-

2217 4952 2361 4996 turus
2384 4959 2403 4997 :
2428 4944 2657 5010 denique
2688 4942 2848 4995 tertio
2979 4944 3077 4994 hoc
3106 4956 3281 5004 versu,
3315 4943 3452 4996 intra
3497 4948 3804 5014 prttsrriptts

2214 5015 2357 5066 nobis
2384 5015 2508 5081 legis
2531 5014 2769 5065 terminos
2795 5027 2888 5078 pro
2920 5013 3053 5065 intra
3076 5014 3314 5082 regionis,
3331 5024 3435 5067 etc.
3458 5015 3631 5067 Minus
3658 5024 3807 5068 certe

2216 5084 2351 5137 bene
2380 5084 2646 5151 prioribus
2674 5083 2881 5135 duobus
2905 5084 3056 5141 locis.
3088 5085 3243 5137 tertio
3269 5094 3449 5137 autem
3474 5086 3694 5137 t-tnnino
3722 5086 3803 5136 vi-

2212 5157 2364 5207 tiose.
2399 5153 2602 5206 Caussa
2637 5154 2778 5213 mali,
2812 5153 3077 5207 Barraeum
3109 5168 3212 5206 non
3256 5156 3612 5208 consuluisse.
3657 5153 3801 5206 Ruti-

2212 5239 2311 5278 nns
2334 5227 2448 5277 inec
2475 5233 2527 5276 et
2548 5224 2825 5291 sequentia
2848 5225 3005 5293 paulo
3030 5224 3244 5277 liberius
3273 5239 3338 5275 ex
3365 5223 3560 5291 Cyrillu
3587 5226 3799 5279 laudata

2210 5294 2491 5347 Catechesi
2527 5294 2663 5346 XM.
2697 5309 2841 5345 num.
2875 5295 2927 5347 4.
2956 5304 3008 5345 et
3038 5308 3152 5361 seq.
3180 5295 3511 5359 compilavit.

2282 5362 2307 5399 δ
2336 5366 2461 5424 Alii,
2489 5363 2626 5430 quod
2647 5363 2903 5426 infernum
2924 5373 3019 5427 est,
3041 5373 3129 5415 aut
3160 5362 3295 5431 quod
3320 5379 3599 5430 supernum
3630 5373 3789 5432 patet,

2208 5433 2411 5502 absque
2442 5434 2874 5504 interrogationis
2904 5444 3029 5485 nota
3064 5450 3077 5485 :
3111 5442 3242 5498 tum,
3276 5448 3395 5504 caro
3424 5449 3537 5500 qua?
3563 5436 3795 5504 deposita

2209 5514 2351 5565 erat,
2393 5513 2447 5557 et
2483 5518 2638 5565 mox,
2669 5503 3055 5567 adimpleretur,
3094 5503 3231 5571 quod
3260 5502 3451 5555 dictum
3479 5515 3583 5566 est,
3630 5502 3794 5557 tacito

2210 5573 2342 5626 illud
2370 5576 2683 5641 pronomine
2713 5590 2727 5625 :
2760 5574 2992 5639 denique
3028 5589 3121 5639 pro
3157 5573 3346 5635 Rediit,
3383 5574 3629 5627 Baluzius
3670 5589 3789 5627 cum

2202 5644 2652 5712 Sangertnanensi
2680 5644 2803 5699 cod.
2838 5643 3162 5706 Remboldo,
3195 5642 3439 5697 Morellto
3470 5656 3631 5713 atque
3664 5645 3792 5696 Bra-

2200 5727 2318 5769 smo
2350 5713 2516 5767 Redit.

2275 5782 2290 5820 ί
2324 5784 2526 5837 Tacent
2550 5788 2718 5852 ipsum
2747 5797 3039 5850 pronomen
3070 5784 3159 5837 alii
3187 5801 3199 5835 :
3231 5782 3347 5851 plus
3379 5797 3509 5836 vero
3540 5798 3661 5835 mox
3697 5781 3788 5852 ha-

2197 5854 2344 5921 bent,
2378 5856 2495 5923 quia
2535 5851 2877 5919 monumeuta,
2902 5865 3007 5911 etc.
3032 5854 3198 5911 Paulo
3241 5863 3358 5923 post
3399 5855 3592 5908 iterum
3625 5851 3783 5907 dehao
