4078 6346
257 403 359 459 565

1229 412 1768 470 COMMENTARIUS
1809 413 1873 466 IN
1910 416 2197 478 SYIIIlUL.
2245 428 2575 486 APOSTOL.

3441 436 3543 491 56b

263 524 457 576 traham
507 522 697 594 (Joan.
742 525 829 580 12.
880 524 1017 597 52.).
1065 529 1365 584 Atteslatur
1410 538 1589 582 autem
1637 528 1706 581 de
1757 527 1856 582 hoc
1884 532 1927 584 Α
1958 526 1984 564 ἀ
2015 545 2287 602 separatus
2315 555 2453 603 sum,
2482 550 2530 594 et
2559 544 2860 610 exsurrexi,
2893 544 3131 615 quoniam
3164 546 3414 602 Dominus
3442 565 3547 603 sus-

256 616 636 687 Evangelium,
679 632 801 673 cum
846 618 978 674 dicit
1010 640 1023 673 :
1067 620 1405 675 Monumenta
1429 629 1607 689 aperta
1635 627 1777 683 sunt,
1808 629 1856 672 et

255 708 416 763 multa
442 724 669 779 corpora
711 711 1069 765 dormientium
1089 722 1383 767 sanctorum
1403 719 1788 765 resurrexerunt
1808 720 1855 764 et

254 814 606 876 apparuerunt
629 805 830 870 multis,
850 815 897 859 et
918 806 1131 876 ingressi
1150 816 1267 860 sunt
1289 806 1340 859 in
1359 814 1587 859 sanctam
1606 804 1854 857 civitatem

232 882 469 961 ,(Matth.
492 893 587 949 ‘27.
614 892 748 962 52.):
779 894 922 951 illam
949 898 1067 951 sine
1087 896 1248 951 dubio
1278 895 1503 964 ingressi
1524 905 1647 949 sunt
1666 894 1854 949 civita-

235 969 383 1063 ;tem,
407 985 475 1039 de
495 1000 601 1055 qua
623 988 912 1055 Apostolus
932 987 1090 1042 dicit:
1119 988 1245 1055 Qua:
1261 999 1430 1041 autem
1446 1003 1646 1042 sursum
1669 996 1739 1041 est
1760 987 1851 1041 Je-

254 1078 500 1144 rusalem,
537 1078 699 1131 libera
737 1088 833 1143 est,
883 1095 998 1148 qua:
1040 1088 1113 1133 est
1152 1090 1311 1131 mater
1351 1080 1579 1132 omnium
1623 1089 1852 1132 nostrum

256 1167 449 1233 (Galat.
483 1167 540 1223 4.
568 1168 712 1238 26.).
761 1169 911 1224 Sicut
945 1178 1000 1224 et
1027 1170 1093 1223 ad
1125 1169 1381 1224 Hebrmos
1411 1169 1601 1222 iterum
1627 1177 1651 1204 α
1681 1168 1805 1223 dicit
1830 1185 1847 1223 ε

254 1259 469 1315 Decebat
492 1262 625 1315 enim
642 1277 755 1315 eum
778 1272 980 1332 propter
999 1279 1145 1330 quem
1167 1265 1356 1327 omnia,
1374 1278 1463 1332 per
1482 1277 1629 1332 quem
1654 1262 1843 1325 onmia,

254 1352 335 1416 qui
361 1352 551 1406 mullos
572 1351 709 1419 ﬁlios
730 1352 783 1404 in
805 1353 1022 1423 gloriam
1045 1352 1353 1418 adduxerat,
1380 1354 1636 1404 ductarem
1665 1350 1849 1405 salutis

256 1457 429 1495 eorum
454 1459 547 1510 per
571 1442 863 1511 passionem
891 1447 1235 1497 consummari
1268 1440 1426 1513 (lleb.
1448 1442 1659 1513 2.10.).
1686 1442 1847 1512 Igitur

253 1542 673 1588 consummatam
704 1534 1044 1603 passionibus
1064 1550 1287 1589 carnem
1313 1535 1625 1598 humanam,
1649 1550 1767 1600 qua:
1790 1534 1845 1590 in

250 1632 475 1676 mortem
497 1622 770 1677 ceciderat
795 1638 888 1691 per
910 1624 1230 1692 protOplasti
1255 1623 1486 1692 lapsum,
1508 1624 1848 1678 resurrectio-

249 1712 331 1766 nis
358 1712 562 1767 virtote
580 1715 688 1785 91
719 1723 1039 1783 reparatam,
1066 1714 1119 1768 in
1147 1714 1366 1769 dextera
1388 1713 1417 1754 δ
1445 1715 1539 1771 Dei
1569 1715 1762 1770 sedens
1788 1716 1843 1769 in

252 1802 522 1857 altissimis
544 1804 827 1860 collocavit
853 1821 866 1858 :
897 1815 953 1859 ut
982 1815 1037 1860 et
1061 1806 1349 1874 Apostolus
1370 1806 1537 1860 dicit:
1563 1805 1664 1873 Qui
1691 1806 1844 1859 simul

1958 626 2092 692 cepit
2119 642 2200 679 me
2228 627 2398 696 (Psal.
2430 630 2531 703 5.).
2583 634 2712 689 Item
2757 635 2813 689 in
2840 635 2983 690 alio:
3014 635 3234 707 Propter
3280 639 3545 694 miseriam

1956 716 2168 779 inopum
2210 732 2257 774 et
2294 725 2536 789 gemitum
2581 743 2863 796 pauperum
2892 745 3027 783 nunc
3061 746 3331 803 exsurgam
3353 773 3368 794 ,
3422 733 3545 787 dicit

1957 805 2216 863 Dominus
2243 810 2415 875 (Psal.
2451 815 2583 885 11.).
2619 817 2683 870 Et
2708 819 3029 884 alibi,'sicut
3050 822 3159 891 jam
3190 824 3437 893 superius
3468 825 3547 877 di-

1957 900 2174 955 ximus:
2219 901 2473 973 Domine,
2523 910 2743 966 eduxisti
2765 912 2829 965 de
2852 913 3055 978 inferno
3093 916 3320 969 animans
3350 933 3542 980 meam,

1954 993 2166 1049 salvasti
2200 1013 2279 1052 me
2299 1015 2329 1051 a
2352 1000 2767 1075 descendentibus
2795 1007 2850 1059 in
2882 1007 3050 1060 lacum
3080 1008 3253 1076 (Psal.
3282 1009 3422 1082 29.).
3476 1011 3545 1064 Et

1954 1083 2008 1138 in
2039 1086 2147 1141 alio
2178 1097 2201 1126 ο
2231 1088 2351 1143 loco
2378 1107 2393 1145 :
2426 1092 2679 1158 Quoniam
2725 1110 2997 1150 conversus
3023 1098 3293 1168 vivi/icasti
3323 1117 3399 1155 me
3421 1141 3439 1165 ,
3491 1113 3544 1154 et

1953 1176 2017 1230 de
2046 1179 2228 1248 abysso
2254 1189 2402 1236 terra:
2434 1185 2618 1238 iterum
2651 1190 2903 1243 reduxisti
2938 1206 3017 1244 me
3047 1191 3222 1263 (Psal.
3252 1192 3391 1263 70.).
3423 1193 3542 1247 Evi-

1953 1267 2271 1325 dentissime
2301 1272 2353 1326 in
2397 1276 2727 1343 octogesimo
2770 1281 3000 1347 septimo
3027 1281 3240 1336 Psalmo
3265 1283 3335 1339 de
3367 1299 3434 1339 eo
3463 1285 3538 1338 di-

1952 1360 2129 1414 citur:
2164 1361 2233 1414 Et
2263 1364 2431 1431 factus
2480 1375 2553 1419 est
2600 1369 2733 1422 sicut
2764 1358 2937 1424 iliomo
2975 1374 3082 1427 sine
3112 1375 3374 1445 adjutorio
3403 1377 3538 1430 inter

1948 1461 2177 1507 mortuos
2202 1454 2352 1511 liber.
2379 1456 2493 1510 Non
2522 1457 2659 1513 dixit
2685 1459 2865 1527 homo,
2894 1462 2987 1517 sed
3009 1464 3147 1518 sicut
3173 1464 3356 1521 homo.
3383 1465 3536 1521 Sicut

1952 1540 2114 1596 homo
2146 1546 2289 1599 enim
2319 1556 2454 1614 erat,
2480 1550 2569 1618 qui
2598 1548 2704 1619 [Al.
2729 1551 2855 1605 add.
2886 1552 3069 1624 etiam]
3100 1553 3451 1611 descenderat
3475 1555 3532 1609 in

1952 1629 2220 1687 infernum
2250 1652 2262 1687 :
2294 1636 2388 1690 sed
2421 1637 2560 1692 inter
2589 1639 2699 1709 92
2728 1650 2968 1695 mortuos
2998 1642 3132 1697 liber
3162 1653 3308 1708 erat,
3349 1645 3470 1714 quia
3497 1660 3529 1699 a

1950 1732 2124 1776 morte
2152 1726 2320 1779 teneri
2345 1741 2453 1780 non
2483 1737 2714 1795 poterat.
2756 1730 2822 1785 Et
2865 1732 2987 1785 ideo
3016 1732 3067 1786 in
3116 1731 3374 1805 [Al.una]
3421 1750 3530 1791 uno

1949 1824 2139 1867 natura
2170 1816 2413 1871 humanae
2437 1818 2758 1888 fragilitatis,
2795 1821 2815 1860 ί
2848 1824 2900 1877 in
2925 1824 3033 1878 alio
3058 1824 3256 1880 divinae
3281 1826 3533 1895 majesta-

252 1892 880 1987 excitavitnos,simulque
900 1898 1075 1987 sedere
1098 1895 1212 1964 fecit
1237 1897 1289 1947 in
1314 1895 1597 1987 ca'lestibus
1620 1894 1836 1966 (Ephes.
1871 1900 1919 1959 Β
1949 1904 2017 1959 iis
2043 1916 2281 1975 potestas
2307 1911 2631 1967 «ιειεηάειυτ,
2691 1913 2832 1970 Osee
2866 1926 3044 1972 amem
3077 1919 3337 1987 propheta
3366 1892 3529 1975 aiam

250 1983 349 2053 2.).
380 1985 479 2039 Hic
504 1985 651 2039 enim
685 1996 803 2040 erat
831 1986 1021 2055 figulus
1041 2025 1057 2050 ,
1089 1987 1178 2057 qui
1211 1996 1267 2040 ut
1294 1986 1553 2042 Jeremias
1578 1987 1837 2057 propheta

250 2079 436 2143 docet,
485 2077 593 2133 Vas
639 2078 703 2131 de
740 2094 896 2131 manu
935 2094 1032 2131 sua
1076 2078 1360 2146 collapsum
1405 2089 1455 2133 et
1482 2077 1833 2146 confractum,

249 2187 441 2225 rursum
469 2170 683 2225 elevavit
709 2170 947 2223 manibus
966 2171 1095 2238 suis,
1130 2179 1177 2224 et
1196 2172 1489 2239 reformavit
1511 2213 1526 2235 ,
1554 2171 1688 2225 sicut
1716 2172 1833 2242 pla-

250 2264 348 2317 cuit
388 2265 443 2316 in
487 2270 765 2332 conspectu
808 2265 922 2334 ejus
963 2260 1179 2332 (Jerem.
1215 2261 1351 2331 18.).
1404 2261 1612 2316 Placuit
1656 2274 1832 2316 autem

248 2352 337 2417 ita,
371 2362 427 2408 ut
454 2367 661 2421 corpus
705 2351 849 2419 quod
902 2352 1132 2405 mortale
1169 2362 1227 2407 et
1261 2352 1613 2421 corruptibilc
1652 2367 1835 2407 susce-

246 2455 411 2515 perat,
444 2447 513 2501 de
542 2445 774 2514 sepulcri
810 2454 959 2513 petra
1005 2444 1233 2500 levatum
1261 2487 1277 2512 ,
1325 2454 1380 2499 et
1411 2444 1724 2499 immortale
1753 2453 1835 2498 at-

245 2555 344 2608 que
393 2537 806 2607 incorruptibile
851 2537 1099 2594 effectum
1127 2579 1143 2604 ,
1185 2540 1294 2605 jam
1345 2554 1450 2593 non
1494 2540 1546 2593 in
1578 2540 1831 2602 terrenis.

243 2630 331 2686 sed
361 2631 411 2684 in
445 2631 753 2685 caelestibus
780 2642 833 2686 et
880 2630 1053 2684 Patris
1082 2631 1299 2686 dextera
1333 2643 1356 2671 υ
1388 2631 1683 2686 οιιιιυοωίι.
1717 2632 1834 2687 Ple-

243 2738 321 2776 na:
351 2731 478 2777 sunt
526 2722 612 2777 his
661 2722 1020 2777 sacramentis
1062 2724 1353 2793 Scriptum
1405 2725 1601 2779 veteris
1645 2724 1834 2780 Testa-

243 2817 429 2868 menti.
458 2815 653 2868 Nullus
679 2828 842 2881 super
869 2814 971 2869 hoc
1001 2816 1264 2885 propheta
1283 2859 1297 2882 ,
1329 2817 1503 2871 nullus
1536 2817 1829 2886 legislator,

241 2916 328 2958 aut
354 2904 803 2975 psalmographus
833 2904 1020 2971 siluit,
1075 2907 1169 2961 sed
1201 2906 1380 2961 omnis
1419 2923 1554 2976 pene
1581 2922 1733 2963 sacra
1765 2909 1833 2962 de

243 2995 322 3049 his
352 2997 541 3063 pagina
576 2997 815 3064 loquitur
844 3012 858 3049 :
892 2996 1017 3050 ideo
1046 2997 1376 3063 superfluum
1400 2997 1610 3051 videtur
1640 2997 1832 3052 immo-

242 3088 348 3142 rari
379 3104 478 3142 nos
524 3086 592 3140 ad
644 3086 1018 3155 congreganda
1067 3087 1397 3142 testimonia.
1454 3086 1627 3141 Pauca
1652 3096 1828 3141 tamen

244 3177 531 3231 admodum
565 3191 825 3244 ponemus
848 3217 865 3242 ,
921 3177 986 3231 ad
1014 3178 1157 3246 ipsos
1191 3178 1365 3232 fontes
1402 3178 1704 3233 divinorum
1730 3195 1829 3235 vo-

1939 1994 2008 2048 de
2041 1998 2197 2051 tertia
2230 1998 2316 2052 die
2359 2002 2797 2059 manifestissime
2843 2009 3160 2075 pronunciat
3202 2009 3306 2066 hoc
3344 2012 3526 2068 modo.

1940 2088 2175 2157 Sanabit,
2208 2091 2398 2160 inquit.
2427 2110 2521 2148 nos
2545 2108 2659 2164 post
2690 2097 2907 2151 biduum
2929 2115 2948 2153 :
2975 2102 3029 2153 in
3057 2102 3141 2157 die
3174 2113 3348 2157 autem
3379 2105 3529 2158 tertia

1938 2196 2277 2251 resurgemus.
2325 2194 2376 2238 et
2418 2186 2640 2240 vivemus
2678 2188 2734 2242 in
2779 2201 3053 2260 conspectu
3080 2195 3192 2263 ejus
3233 2193 3388 2265 (Osee
3417 2197 3522 2260 6.).

1940 2270 2065 2325 ll-rc
2111 2287 2177 2326 au
2205 2290 2289 2328 em
2332 2292 2399 2330 ex
2449 2293 2680 2346 persona
2709 2294 2896 2337 eorum
2925 2283 3092 2349 dicit,
3140 2285 3229 2354 qui
3258 2301 3380 2342 cum
3407 2289 3539 2358 ipso.

1908 2370 1909 2373 ‘
1936 2362 2029 2417 die
2058 2364 2216 2417 tertia
2262 2380 2603 2438 resurgentes
2626 2409 2643 2436 ,
2693 2373 2761 2427 de
2791 2384 2962 2429 morte
3007 2387 3326 2433 revocantur
3351 2380 3415 2435 ad
3444 2381 3551 2443 vi-.

1938 2461 2067 2507 tam.
2112 2455 2177 2510 Et
2207 2455 2306 2524 ipsi
2334 2468 2479 2524 sunt,
2510 2463 2596 2526 qui
2625 2462 2847 2517 dicunt:
2880 2464 2985 2519 Die
3011 2469 3159 2520 tertia
3181 2484 3523 2540 resurgemus,

1936 2555 1981 2599 et
2012 2546 2236 2601 vivemus
2272 2549 2325 2602 in
2350 2562 2623 2621 conspectu
2659 2555 2774 2624 ejus
2798 2553 2983 2625 (Hebr.
3009 2556 3147 2625 13.).
3181 2559 3367 2614 Esaias
3396 2575 3526 2617 vero

1934 2647 2122 2706 aperte
2150 2640 2277 2696 dicit
2302 2659 2314 2694 :
2349 2642 2451 2707 Qui
2477 2653 2503 2691 ε
2527 2644 2702 2699 eduxit
2728 2648 2793 2701 de
2821 2659 2958 2702 terra
2997 2659 3255 2717 pastorem
3281 2669 3525 2724 magnum

1937 2733 2106 2784 ovium
2134 2731 2288 2801 (Esa.
2316 2732 2405 2789 65.
2444 2736 2579 2805 11.).
2631 2737 2735 2793 Sed
2775 2741 2917 2809 quod
2960 2752 3015 2796 et
3050 2742 3302 2798 mulieres
3331 2744 3524 2800 visuras

1934 2832 2113 2877 essent
2144 2828 2593 2883 resurrectionem
2638 2829 2777 2896 ejus,
2836 2829 3039 2887 Scribis
3080 2843 3136 2888 et
3160 2834 3444 2891 Pharismis
3468 2847 3526 2892 et

1936 2915 2133 2983 populo
2170 2931 2275 2970 non
2333 2918 2587 2974 credente
2634 2918 2742 2991 [ΑΙ.
2790 2921 3185 2995 credentibus],
3226 2926 3386 2980 etiam
3420 2926 3524 2982 hoc

1939 3008 2185 3074 przedixit
2236 3009 2418 3065 Esaias
2448 3010 2531 3065 bis
2566 3013 2744 3068 verbis
2770 3029 2784 3067 :
2819 3013 3064 3069 Mulieres
3084 3056 3100 3077 ,
3147 3033 3264 3087 quae
3286 3020 3464 3073 venitis
3488 3037 3524 3075 a

1944 3100 2253 3168 spectaculo,
2277 3102 2441 3155 venite
2462 3118 2480 3155 .'
2503 3118 2609 3155 non
2629 3104 2767 3157 enim
2792 3114 2863 3157 est
2893 3108 3118 3175 papulas
3146 3106 3335 3162 habens
3369 3111 3523 3165 intel-

1934 3190 2119 3243 lectum
2166 3188 2319 3258 (Isai.
2350 3191 2608 3262 27.11.).
2668 3193 2773 3249 Sed
2820 3195 2983 3249 etiam
3036 3194 3145 3268 [ΑΙ.
3177 3198 3253 3269 et]
3298 3199 3365 3253 de
3415 3200 3522 3255 illis

244 3269 501 3322 Ιιιιηῖηυιη
555 3269 894 3321 ΐεῐηίῑίθηιθε
941 3282 1038 3323 €08
1062 3308 1077 3334 9
1123 3270 1212 3339 qui
1246 3276 1434 3337 P013”
1470 3269 1829 3325 θῧυηάδιηίυε
1854 3285 1900 3347 C
1940 3278 1970 3319 ιι
1998 3283 2335 3351 mulieribus,
2357 3299 2476 3353 quce
2504 3296 2622 3354 post
2646 3288 3091 3342 resurrectionem
3120 3292 3425 3358 perrexisse
3448 3294 3516 3348 ad

243 3372 479 3413 οιιιηιιιη.

348 3375 479 3413 IlIIll.

310 3375 401 3505 ἕο.
440 3450 576 3506 Dicit
604 3465 732 3521 ergo
758 3450 937 3506 statim
982 3450 1036 3505 in
1067 3448 1295 3506 Psalmis
1320 3468 1332 3503 :
1371 3449 1483 3522 Ego
1512 3451 1751 3519 dormivi,
1782 3462 1829 3507 et

243 3608 365 3663 bent
391 3609 443 3662 in
469 3608 927 3675 praapositionem,
963 3608 1053 3662 ubi
1085 3607 1281 3662 dicitur
1308 3609 1363 3662 in
1388 3619 1619 3662 sanctam
1646 3611 1827 3664 civita-

242 3692 373 3744 tem;
404 3681 637 3746 denique
680 3689 990 3746 sequentem
1040 3680 1323 3732 verborum
1358 3679 1689 3746 pericopern,
1720 3684 1829 3737 sine

242 3752 387 3804 dubio
411 3750 629 3817 ingressi
656 3758 773 3802 sunt
795 3750 1070 3809 civitatem,
1092 3765 1249 3817 quam
1277 3758 1330 3802 et
1352 3750 1623 3805 Morellius
1645 3751 1823 3819 habet,

243 3830 295 3873 et
321 3820 441 3873 cod.
476 3820 958 3889 Sangermanensis
1010 3822 1239 3887 (tantum
1270 3821 1409 3888 quod
1455 3831 1686 3874 sanctam
1732 3840 1827 3890 pro

240 3901 353 3944 sunt
400 3892 550 3961 legit)
593 3892 682 3943 alii
729 3904 949 3957 prorsus
994 3890 1259 3961 ignorant,
1302 3891 1467 3961 vitio,
1499 3901 1554 3945 ut
1597 3893 1824 3959 videtur,

240 3960 479 4016 veterani
530 3961 890 4020 librariorum,
920 3960 1007 4026 qui
1040 3960 1264 4013 solemni
1298 3960 1468 4027 lapsu,
1493 3977 1656 4029 quum
1686 3964 1825 4019 idem

240 4037 461 4084 verbum
494 4031 743 4092 recurrit,
778 4029 1093 4083 intermedia
1125 4030 1405 4083 omittunt.

310 4110 338 4139 ⁸
369 4107 545 4169 Atque
577 4102 695 4154 beic
722 4102 904 4169 iterum
935 4100 1056 4163 alii,
1087 4101 1324 4166 exceptis
1353 4101 1571 4154 Baluzio
1607 4118 1671 4157 ex
1699 4103 1822 4158 cod.

238 4168 615 4238 Sangerman.,
641 4168 937 4223 Remboldo
981 4180 1036 4223 et
1081 4170 1339 4233 Morellio,
1386 4180 1581 4226 tacent.
1626 4174 1827 4227 Tacent

240 4257 369 4295 vero
401 4243 452 4295 hi
486 4243 647 4295 etiam
679 4258 792 4294 eum
824 4255 1139 4308 pronomen,
1164 4243 1305 4307 quod
1338 4245 1598 4309 sequitur,
1632 4254 1823 4298 caatera

237 4313 438 4380 legunt,
463 4322 509 4364 et
537 4328 625 4380 per
644 4328 789 4380 quem
817 4312 1011 4375 omnia,
1039 4311 1226 4363 multos
1249 4312 1384 4375 ﬁlios
1414 4314 1467 4365 in
1488 4313 1702 4380 gloriam
1731 4317 1825 4366 ad-

236 4382 525 4436 ducentem.
581 4381 743 4435 Paulo
795 4390 914 4448 post
961 4396 1057 4448 pro
1098 4383 1387 4447 passionem
1430 4385 1647 4437 codices
1692 4399 1822 4438 mss.

239 4453 591 4511 Iteinboldus.
622 4451 875 4505 Erasmus
899 4452 1176 4519 passiones,
1206 4455 1514 4517 prml'erunt.
1541 4456 1673 4505 'I‘um
1700 4454 1821 4518 jun-

236 4528 336 4576 ctis
365 4533 422 4577 et
447 4521 721 4576 codicibus
758 4521 885 4576 Mss.
915 4533 969 4575 et
1016 4530 1197 4575 vetere
1244 4524 1480 4576 editione
1507 4523 1818 4588 Oxouieusi,

240 4590 409 4660 Igitur
436 4605 840 4646 consummatam
867 4592 1185 4660 passionibus
1214 4606 1435 4656 carnem,
1466 4603 1614 4661 atque
1638 4595 1687 4645 in
1709 4610 1823 4647 eam

236 4662 539 4732 protoplasti
562 4664 763 4732 lapsum
790 4664 1174 4716 resurrectionis
1195 4662 1382 4714 virtute
1402 4672 1715 4732 reparatum.

306 4732 335 4770 ι’
376 4730 478 4788 Ἀιίἱ
514 4730 757 4801 plerique
786 4747 1006 4797 omnes,
1056 4734 1108 4784 in
1132 4732 1343 4785 dextera
1370 4732 1508 4785 sedis
1548 4730 1640 4787 Dei
1675 4734 1824 4788 altis-

236 4805 351 4857 simi
374 4803 676 4866 collocavit;
705 4803 840 4856 unde
861 4813 907 4852 et
936 4803 1211 4870 Apostolus
1229 4842 1243 4863 .
1274 4812 1419 4866 ctc.;
1454 4805 1631 4856 minus
1655 4816 1819 4860 recte.

241 4875 537 4929 l’lacuisset
577 4875 737 4927 etiam
773 4874 986 4928 Baluzio
1019 4874 1185 4940 inagis
1219 4873 1342 4926 cod.
1388 4876 1822 4942 Sangermaueu-

238 4946 314 5000 sis
353 4944 511 4999 lectio
540 4944 593 4996 in
622 4943 914 4997 altissimis.
955 4944 1071 4998 Mox
1112 4943 1272 4999 iidem
1322 4944 1677 4999 consusritavit
1729 4949 1823 5000 ha-

236 5015 363 5070 bent
393 5029 489 5081 pro
514 5014 770 5069 excitavit.

312 5096 333 5122 ε
378 5086 543 5139 Iidem
576 5085 870 5139 collocaret.
907 5082 1086 5137 Plena:
1106 5093 1222 5137 sunt
1249 5083 1312 5137 de
1344 5084 1424 5137 his
1450 5088 1779 5141 sacramentis
1801 5104 1821 5143 .'

237 5166 293 5227 et
315 5171 437 5209 mox
463 5171 617 5224 super
646 5153 724 5207 his
745 5153 1005 5227 Propheta
1032 5196 1047 5219 ,
1077 5165 1180 5207 etc.
1226 5154 1464 5222 Denique
1496 5157 1650 5223 paulo
1676 5169 1816 5227 post,

241 5224 414 5278 Pauca
441 5237 634 5289 tamen,
657 5234 701 5275 et
722 5225 999 5277 admodum
1028 5241 1195 5292 pauca
1225 5240 1485 5293 ponemus,
1516 5237 1623 5281 etc.

306 5294 331 5332 δ
373 5295 478 5349 Pro
500 5303 771 5365 saporatus
797 5311 908 5348 sum
933 5335 949 5359 ,
981 5305 1025 5347 et
1047 5297 1314 5348 exsurrexi
1338 5334 1354 5359 ,
1384 5298 1470 5348 alii
1507 5295 1743 5363 habent,
1771 5308 1819 5352 et

234 5382 469 5419 somnum
496 5366 659 5431 cwpi,
701 5374 747 5417 et
785 5367 1041 5419 resurrexi
1064 5381 1083 5418 :
1117 5366 1237 5418 cod.
1267 5366 1623 5433 Sangerman.
1650 5384 1821 5423 surre-

234 5436 309 5499 xi,
339 5446 392 5491 et
424 5451 547 5490 mox
578 5435 860 5506 suscipiet,
892 5451 986 5498 pro
1013 5441 1272 5506 suscepit.
1305 5436 1439 5506 Tum
1475 5452 1576 5491 una
1606 5456 1814 5506 omnes,

232 5506 365 5561 Item
391 5508 443 5559 in
475 5507 582 5559 alio
608 5505 823 5567 habent,
853 5514 901 5557 et
923 5506 1107 5559 iterum
1134 5507 1185 5558 in
1206 5505 1308 5559 alio
1333 5505 1463 5560 loco.

307 5587 330 5613 ε
372 5575 748 5643 Expunximus
791 5574 937 5644 loco,
984 5576 1126 5644 quod
1168 5576 1483 5640 addebatur,
1533 5585 1588 5631 et
1618 5582 1816 5636 rectius

232 5646 349 5702 libri
397 5648 486 5702 alii
540 5647 810 5716 ignorant.
851 5643 1098 5699 Vicissim
1147 5646 1306 5713 paulo
1352 5655 1471 5712 post
1512 5649 1816 5705 addidimus

230 5728 395 5772 autem
418 5758 435 5783 ,
484 5715 631 5786 quod
665 5715 886 5769 deerat:
921 5726 975 5770 et
1005 5720 1172 5785 factus
1202 5732 1313 5768 sum
1353 5731 1446 5784 pro
1494 5729 1566 5770 est
1590 5720 1818 5788 legimus

231 5789 546 5843 earumdem
577 5789 911 5840 aucturitate.

304 5858 324 5897 τ
376 5860 544 5915 Verba
574 5898 590 5918 .
638 5859 689 5911 in
717 5856 820 5912 alio
850 5857 1032 5911 divina:
1052 5857 1334 5925 majestatis
1362 5895 1378 5926 ,
1422 5872 1541 5927 quae
1567 5856 1808 5926 deerant,

1933 3376 2240 3444 sepulcrum
2272 3376 2546 3442 dicuntur,
2592 3388 2641 3432 et
2673 3378 2937 3447 quaesisse
2963 3396 3119 3446 eum,
3151 3390 3205 3436 et
3233 3396 3339 3437 non
3366 3383 3517 3439 inve-

1931 3467 2079 3523 nisse
2103 3509 2119 3535 ,
2171 3468 2312 3521 sicut
2341 3467 2408 3522 de
2448 3467 2612 3522 Maria
2641 3468 2952 3537 Magdalenc
2971 3512 2986 3537 ,
3028 3487 3147 3541 qua:
3172 3471 3402 3529 refertur
3424 3490 3521 3531 ve-

1931 3599 2240 3676 snll'ecimus
2271 3614 2333 3676 es
2362 3598 2501 3676 aliis‘
2525 3598 2676 3676 libris
2696 3641 2712 3666 ,
2768 3615 2992 3676 quorum
3016 3612 3216 3676 _tamen
3247 3605 3507 3676 plerique,

1931 3671 2169 3736 exceptis
2217 3670 2423 3723 scilicet
2470 3669 2705 3725 Pamelio
2731 3715 2745 3739 ,
2801 3670 3065 3726 Frobenin
3106 3684 3161 3727 et
3190 3669 3373 3731 vetere
3398 3669 3517 3732 edi;

1933 3740 2101 3812 tione,
2136 3740 2356 3793 verbum
2385 3750 2631 3808 potestas,
2664 3741 2807 3812 quod
2835 3743 3200 3812 subsequitur,
3233 3746 3509 3804 omittunt.

1928 3809 2325 3885 Rescripsinms
2356 3812 2513 3885 etiam
2556 3811 2714 3885 paulo
2743 3822 2868 3885 post
2893 3809 3236 3885 praenuntiat,
3266 3832 3365 3885 pro
3394 3836 3516 3885 pra-

1930 3883 2153 3957 nuntiat.
2200 3880 2517 3957 l’orro_ha:c
2557 3882 2784 3957 Rufinus
2823 3882 2890 3936 ab
2938 3884 3137 3953 Cyrillo
3183 3880 3509 3957 compilavit,

1930 3952 2164 4075 mabxime
2191 3966 2317 4005 vero
2343 3951 2482 4007 Osee
2513 3953 2901 4018 testimonium,
2929 3951 3168 4023 et'queni
3197 3956 3274 4012 illi
3296 3951 3514 4015 sensum

1932 4032 1996 4075 ιη
2041 4032 2131 4075 utt.

1932 4032 2131 4076 tribuit.

2002 4101 2033 4169 s_
2042 4096 2081 4169 Α
2092 4091 2344 4169 pudiilios
2360 4092 2555 4169 educit,
2564 4092 2705 4169 quod
2724 4094 2940 4169 propius
2952 4103 3035 4169 est
3046 4096 3231 4150 Graeco
3246 4099 3514 4169 ἀναγαγὼν

1929 4164 1983 4215 S.
2020 4162 2165 4214 l’auli
2198 4162 2366 4227 Epist.
2414 4163 2481 4214 ad
2517 4163 2772 4215 Ilehrteos
2798 4163 2933 4216 XIII.
2965 4165 3055 4218 21.
3105 4175 3162 4217 ut
3199 4162 3511 4223 econtra'rio

1927 4233 2105 4285 eduxit
2141 4231 2357 4298 proliius
2383 4240 2455 4302 τῷ
2501 4232 2648 4285 Isaiae
2670 4233 3013 4294 ἀναϐιϐάσας.
3055 4233 3272 4288 Scilicet
3300 4251 3367 4289 ex
3393 4252 3479 4292 am

1930 4302 2120 4363 bobus,
2146 4302 2595 4369 quemadmodum
2627 4303 3256 4374 editori‘Cyrillianorum
3282 4320 3509 4374 operum

1927 4375 2097 4442 probe
2141 4374 2452 4424 adnonatum
2501 4381 2638 4442 est,
2674 4371 2733 4424 S.
2771 4372 3028 4442 _Cyrillus
3076 4374 3190 4426 sive
3232 4371 3512 4432 memoria:

1932 4440 2103 4511 lapsu,
2128 4442 2241 4495 sive
2271 4442 2431 4511 etiam
2460 4441 2527 4495 de
2557 4440 2851 4506 industria,
2878 4443 3163 4498 lectionem
3198 4445 3333 4499 hanc
3355 4462 3510 4504 suam

1926 4510 2267 4584 concinnavit
2306 4510 2587 4584 :__Rulinus
2627 4525 2699 4584 ex
2733 4526 2805 4584 reo
2850 4514 3019 4578 bona,
3072 4525 3124 4567 ut
3171 4515 3346 4580 aiunt,
3383 4518 3510 4584 fide,

1928 4580 2284 4650 transcripsit.
2319 4580 2490 4637 llabet
2520 4582 2749 4637 Esaiasb
2778 4584 3101 4643 ἀναϐιϐάσας
3129 4587 3182 4639 ἐκ
3209 4593 3300 4647 τῆς
3331 4580 3512 4644 θαλάσὲ

1851 4662 1905 4722 D
1930 4675 2025 4715 σης
2064 4658 2150 4711 τὸν
2189 4654 2406 4729 ποιμένα
2440 4662 2541 4729 τῷν
2577 4654 2894 4729 προϐάτων.
2939 4654 3039 4726 Qui
3075 4656 3350 4729 eduntde
3379 4664 3513 4713 mari

1928 4736 2185 4795 pastorem
2210 4723 2415 4798 _ovium_.
2470 4723 2800 4798 Quamquam
2849 4728 2905 4779 ἐκ
2944 4723 3037 4786 ἑῆς
3066 4734 3159 4798 ’γῆς
3186 4767 3200 4790 ,
3241 4727 3305 4779 de
3349 4740 3507 4795 terra,

1928 4794 2145 4851 Codices
2175 4794 2263 4849 alii
2294 4808 2347 4848 et
2380 4795 2565 4849 Patres
2594 4796 2843 4860 permulti
2877 4794 3188 4863 pra-ferunt.
3221 4794 3508 4863 Apostolus

1931 4868 2112 4929 habet,
2135 4866 2161 4921 ὁ
2191 4867 2743 4940 ἀναγαγὼν-ἐκμνεκρῶν
2770 4866 2852 4921 τὸν
2878 4868 3094 4940 ποιμένα
3113 4874 3211 4921 τῶν
3236 4870 3511 4940 προϐάτων

1927 4942 2010 4995 τὸν
2037 4940 2193 5009 μέγαν
2225 4952 2238 4989 :
2285 4936 2580 5009 Qu‘tcducit
2616 4936 2681 4989 de
2713 4939 2929 4990 mortuis
2969 4936 3228 5005 pastorem
3265 4936 3509 5009 maguum

1928 5008 2115 5086 ovium.
2152 5009 2354 5086 Dicitur
2386 5008 2505 5086 licio
2542 5022 2774 5086 quaque"
2793 5008 2846 5061 ἐκ
2871 5016 2963 5086 τῆς
2991 5018 3083 5086 γιῆς
3107 5023 3211 5086 pro
3241 5010 3295 5086 ἐκ
3322 5008 3506 5086 νέκρῶν

1928 5079 1980 5133 in
2016 5079 2288 5133 nonnullis
2318 5077 2621 5147 codicibus,
2648 5087 2702 5131 et
2742 5077 3140 5147 Patribus'legi.
3182 5079 3381 5133 Saltem
3401 5077 3509 5134 'ita-

1924 5166 2027 5214 que
2076 5150 2208 5203 illud
2254 5166 2496 5216 magnum
2538 5146 2806 5218 Cyrillus,
2857 5162 2923 5202 ex
2973 5162 3146 5218 eoque
3192 5150 3391 5204 Noster
3437 5167 3507 5205 ex

1920 5221 2183 5286 Apostolo
2207 5220 2431 5273 addidit.

1996 5288 2025 5328 ιι
2068 5290 2313 5345 lleiicent
2341 5290 2429 5343 alii
2480 5287 2822 5343 mulieribus:
2854 5296 2961 5341 tum
3012 5286 3066 5341 in
3097 5294 3244 5342 recto
3275 5286 3499 5355 habent,

1921 5362 2051 5415 sicut
2085 5361 2254 5414 Maria
2283 5359 2596 5429 Magdalena
2627 5360 2979 5429 (quamquam
2994 5357 3505 5429 Aistudﬂcognomen-

1924 5442 2035 5486 tum
2076 5434 2197 5486 cod.
2247 5425 2698 5500 Saiigertuanens.
2747 5425 3109 5500 ltei’nboldos,
3143 5425 3424 5500 Erasmus,
3448 5435 3505 5480 et

1923 5503 2198 5558 Morellzus
2222 5494 2493 5572 ignorant)
2521 5501 2744 5572 refertur
2759 5498 2971 5550 venisse.
3028 5495 3150 5572 Mos
3180 5494 3285 5547 duo
3314 5495 3501 5560 verba,

1922 5575 2011 5642 qui
2036 5565 2287 5639 aderant',
2321 5565 2628 5643 sull‘ecimus
2676 5567 2902 5643 aliorum
2950 5565 3269 5643 auctoritate
3294 5571 3421 5643 ,__ut
3445 5576 3507 5643 et

1923 5634 2071 5698 i'sttec
2097 5647 2148 5698 in
2179 5634 2423 5697 sub'uexo
2452 5641 2745 5709 Scriptura;
2773 5634 3111 5709 testimonio,
3133 5649 3283 5702 quem
3310 5634 3492 5709 dilexit

1920 5716 2095 5768 anima
2114 5730 2226 5766 mea
2247 5715 2299 5766 in
2325 5712 2557 5764 noctibus
2575 5703 2784 5777 quwsivi
2803 5718 2939 5777 eum,
2962 5714 3066 5756 etc.
3095 5704 3291 5757 Locum
3306 5703 3503 5777 _Esaias

1921 5786 1974 5840 in
2005 5786 2235 5837 eundem
2283 5796 2499 5835 sensum
2528 5774 2761 5848 Gyrillus
2788 5774 3033 5843 adlegat,
3070 5788 3137 5830 ex
3166 5789 3272 5844 quo
3301 5775 3496 5832 Noster

1919 5854 2194 5911 delibavit.
2227 5851 2347 5909 νεα.
2377 5864 2525 5905 nutu.
2559 5847 2642 5901 14.
