4078 6346
494 280 588 337 37!

1558 276 1788 333 RUFINI
1828 273 2303 346 AQUILEIENSIS
2343 271 2772 329 PRESBYTERI

3664 276 3773 341 δέ.

496 394 805 450 introdueat
835 394 1219 449 Antichristum
1246 435 1262 458 ,
1313 393 1381 448 de
1417 408 1523 463 quo
1554 403 1607 447 et
1633 394 1739 464 9'7
1772 393 2026 447 Dominus
2055 404 2077 428 ιι
2111 400 2153 450 Λ
2188 391 2248 443 iit
2286 406 2441 445 verus
2469 390 2726 445 Dominus
2752 390 2907 446 Jesus
2933 391 3176 446 Christus
3203 434 3218 459 ,
3248 394 3495 461 sedebit,
3539 407 3596 453 et
3621 398 3767 468 judi-

496 488 549 540 in
580 487 883 557 Evangeliis
915 489 1163 556 prmitiin
1205 486 1404 541 Judmis
1430 503 1441 538 :
1478 486 1613 551 Quia
1647 502 1737 553 ego
1770 487 1880 539 veni
1904 488 1957 540 in
1986 503 2078 539 no-

495 581 631 634 mine
658 579 830 633 Patris
855 584 980 644 mei,
1032 591 1079 633 et
1118 595 1218 633 non
1248 579 1507 647 recepistis
1533 595 1613 631 me
1631 594 1649 630 :
1680 579 1818 631 alius
1844 579 2003 631 veniet
2024 580 2077 631 in

494 671 698 724 nomine
731 686 824 725 suo
847 712 862 735 ,
894 681 938 724 et
966 673 1134 734 ipsum
1159 669 1407 739 recipietis
1439 667 1615 737 (Joan.
1641 669 1741 738 5.).
1791 670 1856 722 Et
1886 671 2077 723 iterum

492 761 662 816 dicit:
690 760 816 815 Cum
848 762 1078 815 videbitis
1104 760 1529 813 abominationem
1568 761 1896 814 desolationis
1936 771 2079 814 stan-

434 864 438 901 ε
498 862 599 903 tem
627 851 811 904 inloco
832 859 1029 917 sancto,
1064 852 1195 904 sicut
1223 850 1346 903 dicit
1378 849 1569 904 Daniel
1595 851 1865 921 prapheta,
1894 852 1983 921 qui
2007 852 2079 904 le-

492 944 568 1014 git
605 944 861 1014 intelligat
913 942 1126 1011 (Matth.
1155 942 1294 1012 ει).
1358 942 1546 996 Daniel
1590 958 1719 1013 ergo
1749 942 1817 996 de
1845 943 2076 995 adventu

493 1035 692 1091 erroris
716 1035 868 1089 istius
898 1036 1109 1103 plenius
1133 1045 1190 1091 et
1219 1036 1380 1090 latius
1410 1036 1461 1090 in
1486 1037 1597 1090 suis
1624 1036 1920 1090 visionibus
1947 1036 2077 1090 edo-

492 1137 617 1193 cet,
661 1144 725 1183 es
766 1128 958 1198 quibus
986 1128 1144 1183 valde
1188 1143 1476 1199 Operosum
1517 1140 1636 1194 est,
1670 1144 1812 1185 nunc
1831 1130 2074 1191 exempla

489 1232 712 1285 ponere,
741 1221 864 1288 quia
896 1218 1000 1292 [ΑΙ.
1033 1219 1149 1292 qui]
1191 1221 1323 1275 satis
1353 1221 1544 1289 amplis
1577 1222 1968 1277 narrationibus
1996 1223 2077 1276 di-

428 1326 434 1332 ·
488 1312 723 1367 latatur:
757 1324 811 1370 et
858 1317 979 1370 ideo
1007 1318 1149 1371 scire
1188 1318 1255 1372 de
1287 1317 1368 1372 bis
1400 1318 1608 1387 plenius
1634 1322 1900 1376 volentem
1926 1321 1976 1387 ιι,
2006 1323 2073 1377 ad

487 1405 633 1464 ipsas
659 1407 827 1475 magis
856 1407 1219 1462 recensendas
1247 1409 1572 1465 remittimus
1600 1411 1853 1466 visiones.
1895 1414 2000 1468 Sed
2022 1422 2077 1467 et

488 1495 779 1563 Apostolus
806 1498 937 1552 dicit
978 1499 1046 1551 de
1072 1514 1170 1553 eo:
1207 1500 1292 1554 Ne
1324 1503 1437 1571 quis
1466 1518 1554 1556 vos
1584 1504 1794 1557 seducat
1822 1506 1929 1557 ullo
1968 1522 2076 1559 uto-

487 1586 555 1639 do
578 1602 598 1640 :
628 1588 869 1656 quoniam
891 1590 993 1643 nisi
1021 1591 1262 1645 discessio
1292 1595 1479 1646 venerit
1516 1596 1735 1662 primum
1754 1636 1769 1657 ,
1796 1606 1843 1648 et
1881 1598 2077 1649 revela-

489 1688 571 1732 tus
602 1679 755 1747 fuerit
782 1680 932 1733 homo
966 1682 1180 1747 peccati,
1208 1682 1346 1750 ﬁlius
1377 1685 1695 1750 perditionis,
1727 1686 1814 1754 qui
1838 1690 2071 1739 adversa-

2179 483 2319 535 cinm
2348 491 2581 535 statuet:
2612 481 2748 535 sicut
2795 492 2819 519 °
2863 494 2921 537 et
2950 484 3000 535 in
3048 482 3351 554 Evangeliis
3378 486 3506 542 dicit
3534 504 3549 542 :
3588 488 3652 543 Et
3688 506 3768 544 se-

2187 574 2417 644 gregabit
2442 588 2555 626 oves
2578 572 2641 625 ab
2664 571 2827 626 hwdis
2861 573 3075 642 (Matth.
3101 574 3243 643 25.),
3269 576 3320 629 id
3349 588 3453 643 est,
3478 577 3653 647 justos
3683 594 3769 632 se-

2178 664 2415 731 gregabit
2464 664 2533 716 ab
2572 663 2804 731 injustis.
2868 665 3019 718 Sient
3048 666 3336 733 Apostolus
3360 669 3550 723 scribit
3581 686 3596 722 :
3631 671 3769 734 Quia

2180 771 2352 807 omnes
2383 770 2474 806 nos
2497 765 2631 807 stare
2659 763 2857 819 oportet
2886 765 3005 808 ante
3046 756 3271 811 tribunal
3302 756 3514 826 Christi,
3556 771 3610 813 ut
3636 763 3767 814 reci-

2180 850 2287 911 piat
2326 850 2671 917 unusquisque
2716 851 2925 917 propria
2960 846 2977 886 ί
3028 852 3260 916 corporis
3282 861 3432 921 prout
3464 853 3639 922 gessit,
3662 854 3765 908 sive

2180 945 2311 996 bona
2355 946 2459 998 sive
2507 942 2643 996 mala
2692 944 2771 1011 (2.
2805 943 2927 997 Cor.
2954 942 3177 1013 5.10.).
3222 943 3556 1000 Judicabitur
3582 955 3762 1003 autem

2181 1052 2288 1090 non
2320 1036 2492 1089 solum
2526 1050 2620 1105 pro
2647 1036 2811 1104 gestis
2837 1074 2852 1099 ,
2900 1035 2993 1089 sed
3036 1034 3197 1089 etiam
3239 1050 3338 1103 pro
3363 1036 3607 1105 cogitatis
3633 1053 3647 1089 :
3679 1053 3765 1091 se-
3800 1103 3805 1113 ι

2178 1129 2412 1183 cundum
2440 1127 2579 1196 quod
2611 1128 2725 1194 ipse
2770 1127 3061 1195 Apostolus
3089 1127 3217 1181 dicit
3244 1144 3259 1182 :
3298 1126 3445 1180 Inter
3471 1144 3524 1181 se
3549 1128 3764 1183 invicem
3792 1126 3816 1200 ἡ,

2177 1219 2568 1286 cegitationibns
2593 1218 2976 1280 accusantibus,
3005 1228 3097 1271 aut
3120 1220 3273 1272 etiam
3301 1220 3688 1289 defendentibus
3710 1221 3764 1274 in

2178 1308 2262 1361 die
2283 1349 2298 1373 ,
2326 1325 2424 1377 quo
2454 1309 2713 1375 judicabit
2760 1308 2897 1361 Deus
2924 1309 3125 1362 occulta
3148 1309 3413 1363 hominum
3445 1311 3621 1379 (Rom.
3654 1309 3758 1381 2.).

2177 1398 2279 1452 Sed
2308 1409 2361 1452 et
2388 1398 2459 1452 de
2491 1399 2570 1453 bis
2600 1400 2699 1453 ista
2727 1399 3014 1453 sulticiant.
3049 1400 3176 1454 Post
3202 1401 3316 1455 tunc
3343 1403 3559 1471 ponitur
3585 1402 3639 1457 in
3669 1418 3761 1457 or-

2177 1489 2299 1543 dine
2330 1490 2470 1543 ﬁdei.

2246 1582 2335 1635 53.
2383 1584 2456 1635 Er
2494 1598 2545 1635 IN
2575 1582 2792 1638 Srtntru
2836 1597 3061 1638 ssucro.
3106 1586 3175 1638 Ea
3225 1600 3345 1655 quae
3389 1585 3601 1656 injust.
3636 1584 3760 1657 hoc]

2178 1675 2551 1745 superioribus
2583 1678 2738 1743 paulo
2771 1677 2925 1730 latius
2949 1678 3017 1730 de
3046 1677 3259 1731 Christo
3286 1687 3410 1732 sunt
3435 1676 3625 1730 tradita
3648 1721 3663 1745 ,
3696 1678 3763 1730 ad

488 1776 574 1822 tur
601 1779 649 1822 ει
692 1771 955 1825 extollitur
981 1788 1135 1840 εηρετ
1160 1790 1309 1827 omne
1330 1814 1345 1837 ,
1392 1776 1529 1842 quod
1556 1775 1742 1828 dicitur
1782 1775 1916 1828 ηεαδ
1940 1815 1953 1837 ,
1983 1786 2069 1829 aut
2106 1767 2149 1826 Β
2178 1766 2555 1820 incarnationis
2594 1775 2648 1821 et
2693 1767 2799 1837 [AL
2831 1766 2934 1837 vel]
2971 1768 3233 1834 passionis
3280 1769 3395 1835 ejus
3443 1769 3757 1838 mysterium

490 1862 628 1925 quod
659 1860 846 1915 colitur
870 1880 882 1914 :
913 1865 981 1916 ita
1006 1874 1059 1916 ut
1083 1865 1136 1917 in
1160 1864 1350 1931 templo
1374 1864 1468 1919 Dei
1486 1868 1659 1919 sedeat
1678 1907 1691 1931 ,
1725 1867 1993 1920 ostendens
2022 1884 2076 1920 se

495 1962 737 2019 tanquam
780 1954 889 2024 ipse
932 1956 998 2007 sit
1044 1955 1183 2009 Deus
1230 1955 1306 2029 (2.
1336 1956 1486 2011 Thes.
1517 1958 1571 2009 2.
1596 1956 1649 2010 5.
1682 1958 1784 2029 4.).
1821 1959 1886 2012 Et
1917 1962 2074 2027 paulo

489 2052 651 2109 post:
710 2043 772 2096 Et
808 2054 927 2098 tunc
966 2047 1269 2100 revelabitur
1297 2058 1319 2086 ο
1355 2048 1592 2117 iniquus,
1634 2066 1781 2117 quem
1826 2050 2073 2104 Dominus

486 2130 641 2185 Iesus
665 2133 937 2201 interﬁciet
966 2136 1147 2205 spiritu
1172 2137 1276 2189 oris
1302 2138 1416 2200 sui,
1449 2147 1496 2191 et
1524 2139 1788 2192 evacuabit
1812 2157 1927 2193 eum
1948 2143 2071 2195 ill-t-

487 2225 763 2278 minutione
784 2226 1029 2282 adventus
1056 2229 1141 2281 sui
1165 2268 1182 2293 ,
1226 2232 1377 2299 cujus
1407 2239 1482 2283 est
1526 2232 1768 2285 adventus
1795 2236 2073 2286 secundum

484 2330 641 2385 opera
668 2327 865 2372 solante
886 2319 938 2372 in
971 2320 1109 2372 omni
1137 2321 1347 2384 virtute,
1379 2322 1538 2391 signis
1565 2332 1612 2375 et
1649 2323 1900 2394 prodigiis
1930 2341 2072 2379 meno

483 2407 695 2461 ducibus
742 2407 909 2477 (Ibid.
951 2411 1006 2466 8.
1037 2410 1142 2481 9.).
1203 2412 1275 2466 Et
1314 2413 1442 2467 item
1493 2414 1602 2485 [ΑΙ.
1651 2414 1865 2486 iterum]
1915 2417 2075 2484 paulo

489 2508 610 2562 post
633 2516 645 2551 :
672 2498 739 2552 Et
770 2502 884 2554 ideo
909 2502 1072 2557 mittet
1100 2504 1209 2556 illis
1242 2504 1376 2558 Deus
1407 2508 1749 2576 operationem
1777 2511 1988 2575 erroris,
2016 2520 2070 2563 ut

483 2591 694 2645 credant
722 2593 1011 2656 mendacio,
1044 2604 1099 2648 ut
1118 2596 1425 2665 judicentur
1460 2615 1631 2652 omnes
1658 2602 1746 2669 qui
1769 2616 1873 2653 non
1908 2602 2074 2654 credi-

485 2684 670 2737 derunt
697 2686 899 2739 veritati
928 2684 1091 2757 (Ibid.
1129 2688 1216 2742 10.
1249 2688 1387 2758 ll.).
1439 2689 1727 2757 PrOpterea
1765 2708 1896 2761 ergo
1948 2709 2072 2760 pro-

486 2774 711 2840 pheticis
756 2784 811 2830 et
856 2778 1215 2847 evangelicis,
1279 2792 1441 2847 atque
1486 2781 1812 2850 Apostolieis
1851 2784 2072 2839 vocibus

488 2866 645 2919 nobis
674 2869 1073 2935 prtenunciatur
1104 2871 1188 2925 hic
1234 2886 1407 2937 error,
1441 2888 1509 2926 ne
1533 2870 1559 2909 ἀ
1590 2876 1679 2943 ηιιί
1717 2889 1813 2944 pro
1842 2875 2070 2930 adventu

486 2955 689 3013 Christi
719 2960 1006 3014 adventum
1037 2962 1261 3017 credant
1289 2963 1600 3019 Antichristi
1627 2967 1756 3020 :sed
1787 2964 1926 3018 sicut
1957 2966 2072 3031 ipse

488 3049 747 3105 Dominus
776 3052 941 3106 dicit:
965 3052 1093 3107 Cum
1119 3054 1339 3108 dixerint
1360 3055 1501 3107 vobis
1527 3073 1546 3108 :
1572 3071 1684 3109 ecce
1709 3055 1939 3109 Christus
1966 3056 2068 3122 hic,

2180 1863 2471 1929 pertinent.
2514 1861 2642 1927 Quze
2674 1860 2799 1914 dum
2839 1862 3013 1915 media
3045 1861 3381 1915 intercedunt
3408 1875 3652 1929 persona:
3680 1860 3761 1929 ip-

2176 1956 2287 2009 sius
2318 1964 2343 2002 ε
2374 1964 2617 2022 coaptata
2644 1994 2661 2018 ,
2712 1954 2892 2007 Sancti
2925 1954 3155 2022 Spiritus
3197 1954 3760 2009 commemorationem

2177 2047 2335 2117 patilo
2382 2046 2592 2116 longius
2642 2048 3009 2102 reddiderunt.
3052 2048 3317 2102 Caeterum
3357 2048 3400 2102 si
3431 2049 3603 2101 solius
3625 2048 3761 2102 divi-

2177 2138 2356 2190 nitatis
2403 2139 2539 2191 ratio
2586 2140 2865 2204 trahentur,
2916 2153 2984 2191 eo
3010 2137 3210 2200 modo,
3259 2153 3365 2207 quo
3414 2139 3466 2190 in
3498 2139 3760 2206 principio

2174 2226 2388 2291 dicitur,
2417 2227 2593 2281 Credo
2636 2230 2686 2281 iu
2736 2228 2842 2282 Deo
2874 2225 2902 2264 ιι
2933 2228 3089 2281 Patre
3130 2228 3495 2294 omnipotente
3521 2245 3534 2280 :
3563 2235 3618 2282 et
3644 2238 3762 2297 post

2178 2318 2311 2382 huic,
2344 2318 2400 2371 In
2430 2318 2558 2373 Jesu
2587 2318 2805 2373 Christo
2830 2318 2963 2372 Filio
2983 2316 3098 2387 ejus
3118 2318 3275 2371 unico
3296 2317 3521 2371 Domino
3545 2329 3756 2371 nostro:

2176 2407 2247 2461 ita
2279 2408 2556 2477 jungitur:
2589 2409 2655 2462 Et
2699 2410 2749 2461 in
2799 2409 3003 2476 Spiritu
3034 2408 3254 2466 Sancto.
3298 2408 3383 2462 Illa
3427 2423 3554 2463 vero
3581 2408 3759 2461 omnia

2174 2517 2292 2569 qum
2315 2499 2382 2552 de
2403 2498 2620 2553 Christo
2648 2509 3038 2563 memorantur,
3063 2498 3128 2551 ad
3157 2499 3609 2566 dispensationem
3638 2512 3758 2552 car-

2176 2590 2258 2644 nis
2286 2632 2299 2654 ,
2334 2601 2390 2643 ut
2417 2589 2651 2643 diximus
2676 2630 2693 2656 ,
2727 2600 2991 2655 Spectant.
3050 2589 3215 2658 Igitur
3244 2590 3295 2643 in
3320 2589 3496 2644 Sancti
3530 2589 3760 2657 Spiritus

2174 2682 2687 2736 commemoratione
2727 2683 3053 2750 adimplelur
3100 2685 3414 2754 mysterium
3460 2682 3757 2736 Trinitatis.

2175 2773 2322 2827 Sicut
2347 2773 2488 2826 enim
2536 2787 2672 2824 unus
2724 2772 2923 2826 dicitur
2954 2772 3131 2836 Pater,
3170 2784 3223 2825 et
3254 2773 3392 2827 alius
3418 2787 3521 2824 non
3549 2780 3634 2826 est
3664 2771 3760 2823 l’a-

2174 2874 2294 2917 ter:
2329 2874 2381 2916 et
2415 2878 2552 2915 unus
2596 2862 2793 2915 dicitur
2826 2863 3133 2931 unigenitns
3164 2863 3363 2924 Filius,
3398 2872 3453 2917 et
3479 2863 3614 2915 alius
3641 2862 3762 2915 uni-

2172 2956 2383 3023 genitus
2421 2952 2435 2988 ί
2469 2953 2612 3006 titius
2667 2968 2772 3007 non
2829 2963 2957 3007 est:
3018 2955 3087 3007 ita
3135 2966 3189 3008 et
3235 2954 3463 3022 Spiritus
3528 2956 3760 3012 Sanetus

2176 3061 2315 3100 unus
2359 3056 2479 3111 est,
2529 3055 2583 3100 et
2630 3046 2766 3100 alius
2810 3062 2917 3099 non
2967 3057 3141 3113 potest
3187 3063 3308 3102 esse
3350 3047 3579 3115 Spiritus
3626 3048 3760 3101 San-

481 3149 571 3192 aut
593 3156 708 3195 ecce
737 3141 865 3208 illic,
899 3144 1055 3196 nolite
1081 3145 1300 3197 credere.
1345 3143 1553 3198 venient
1582 3148 1715 3198 enim
1745 3146 1895 3199 mutii
1916 3163 2064 3217 ρδεη-
2094 3144 2138 3206 C
2169 3149 2306 3194 etus.
2369 3137 2437 3193 Ut
2464 3154 2593 3208 ergo
2634 3136 2723 3191 liat
2769 3138 3044 3193 disuinctio
3083 3154 3425 3207 personarum
3452 3182 3466 3205 ,
3509 3138 3756 3193 alTecIiu-

481 3232 767 3298 dor/tristi,
818 3243 867 3287 et
915 3236 1411 3306 pseudOprophette,
1473 3247 1520 3291 et
1582 3240 1821 3293 seducent
1876 3241 2063 3296 multos

484 3321 701 3391 (Matth.
724 3323 865 3393 24.).
907 3326 1009 3380 Sed
1034 3326 1305 3395 quomodo
1328 3325 1781 3382 detnonstraverit
1800 3327 2062 3397 judicium

480 3414 592 3466 veri
633 3412 833 3468 Christi
859 3457 875 3480 ,
918 3415 1214 3473 videamus.
1259 3417 1407 3470 Sicut
1433 3417 1628 3488 fulgur,
1676 3419 1866 3487 inquit,
1898 3421 1963 3473 de
1994 3421 2065 3473 0-

481 3505 641 3558 riente
665 3505 954 3577 resplendet
982 3524 1140 3577 usque
1159 3509 1212 3561 in
1242 3507 1349 3580 [Αι.
1372 3509 1460 3581 ad]
1496 3510 1839 3574 Occidentem,
1862 3512 1973 3581 98
1994 3512 2067 3564 ita

481 3597 577 3647 erit
606 3596 852 3649 adventus
883 3596 979 3666 ﬁlii
1006 3600 1224 3652 hominis
1246 3596 1458 3670 (Ibid.).
1490 3599 1623 3653 Cum
1662 3616 1791 3669 ergo
1836 3604 2068 3654 advene-

558 3759 581 3785 ¹¹
623 3748 945 3818 Prteponunt
974 3752 1064 3803 alii
1109 3755 1216 3820 ipse
1239 3766 1258 3805 :
1283 3752 1597 3819 quibuscum
1638 3750 1833 3804 deinde
1859 3763 1911 3804 et
1940 3766 2066 3817 nos,

487 3819 627 3893 Quia
642 3837 742 3893 ego
776 3837 867 3893 pro
890 3838 1012 3893 ergo
1040 3823 1445 3893 rescripsimus:
1471 3830 1530 3893 et
1552 3821 1912 3893 subsequente
1935 3822 2068 3893 that-

486 3892 610 3945 thaei
639 3892 755 3946 loco
787 3891 913 3944 Cum
942 3890 1038 3958 pro
1069 3891 1212 3944 Tunc
1235 3904 1253 3944 :
1279 3904 1439 3959 atque
1463 3891 1565 3944 alia
1591 3892 1811 3943 interius
1845 3890 2065 3944 leviora.

484 3963 637 4026 Quod
668 3962 909 4031 sequitur
952 3964 1145 4015 erroris
1189 3962 1528 4028 resigenduin
1576 3962 1897 4027 suspicorin
1929 3977 2069 4013 erro-

487 4035 588 4096 nis,
620 4032 826 4087 scilicet
857 4032 1191 4085 Antichristi.
1233 4032 1500 4084 Mutuatur
1544 4041 1721 4085 autem
1765 4034 1880 4085 tunc
1922 4030 2068 4085 ttuli-

490 4120 587 4156 nus
612 4106 680 4156 ab
708 4102 907 4172 Cyrillo
936 4119 1085 4156 num.
1113 4103 1198 4155 ll.
1230 4114 1283 4155 et
1309 4116 1459 4169 seqq.

556 4196 583 4235 δ
623 4197 695 4249 lta
727 4207 783 4251 et.
828 4198 949 4253 cod.
980 4196 1431 4263 Sangermanens.
1463 4194 1736 4248 Morellius
1763 4235 1777 4257 .
1823 4206 1877 4251 et
1918 4206 2072 4251 vetus

484 4268 777 4323 Oxoniens.
827 4267 990 4322 editio
1039 4268 1272 4321 habent:
1321 4266 1411 4319 alii
1462 4266 1830 4330 delectantem;
1880 4268 1973 4336 qui
2017 4278 2074 4322 et

488 4340 645 4403 paulo
675 4348 791 4408 post
816 4340 1015 4391 extollit
1041 4354 1094 4389 se
1123 4352 1218 4402 pro
1247 4336 1511 4408 extollitur
1538 4336 1720 4404 legunt
1745 4376 1761 4408 ,
1807 4347 1865 4390 et
1904 4340 2071 4391 lerme

486 4411 686 4462 rectius
713 4410 908 4463 deinde
952 4418 1192 4475 tanquam
1217 4411 1283 4460 sit
1325 4407 1484 4469 Deus,
1515 4408 1717 4475 absque
1746 4407 1855 4476 ipse
1878 4449 1895 4474 ,
1925 4409 2069 4478 quod

485 4495 659 4549 neque
690 4482 740 4533 in
772 4480 962 4532 Grasco
988 4489 1166 4532 sonat.

564 4583 586 4608 ο
631 4571 779 4625 llaud
810 4579 953 4623 recte
976 4570 1064 4624 alii
1096 4583 1284 4623 omnes
1314 4568 1638 4637 revelabitur.
1680 4569 1862 4637 inquit,
1888 4569 2065 4623 inimi-

2172 3231 2253 3283 nis
2303 3231 2413 3301 99
2468 3230 2721 3283 voeabula
2779 3239 3151 3296 secernuntur;
3195 3231 3387 3300 quibus
3433 3232 3527 3286 ille
3596 3233 3756 3287 Pater

2169 3322 2515 3391 intelligatur,
2546 3337 2611 3375 ex
2643 3337 2749 3388 quo
2778 3323 2989 3384 omnia,
3022 3330 3076 3375 et
3103 3323 3227 3391 quia
3279 3324 3393 3391 ipse
3425 3338 3528 3375 non
3562 3322 3759 3377 habeat

2170 3424 2402 3478 patrem;
2438 3414 2536 3465 iste
2564 3413 2728 3467 Filius
2758 3413 2864 3485 [ΑΙ.
2890 3414 3055 3469 Filius
3083 3414 3254 3485 vero],
3288 3422 3537 3484 tanquam
3568 3417 3658 3485 qui
3688 3431 3757 3472 ex

2173 3508 2327 3561 Patre
2358 3517 2512 3560 natus
2543 3507 2639 3571 sit;
2680 3520 2726 3561 et
2764 3506 2869 3578 [41.
2898 3518 2995 3561 tac.
3022 3506 3097 3579 et]
3131 3510 3214 3561 hic
3239 3507 3468 3575 Spiritus
3502 3510 3753 3571 Sanctus,

2172 3609 2419 3668 tanquam
2451 3600 2518 3654 de
2569 3610 2793 3670 utroque
2825 3602 3141 3671 procedens,
3181 3610 3237 3656 et
3275 3609 3468 3656 cuncta
3517 3604 3756 3658 sanetili-

2174 3753 2388 3827 modum
2436 3756 2684 3821 superius
2729 3755 2954 3812 fecimus
2998 3758 3110 3811 suis
3158 3759 3374 3827 proprie
3404 3759 3556 3823 locis,
3583 3760 3672 3813 ubi
3700 3772 3755 3815 et

2172 3824 2270 3900 rei
2292 3840 2511 3900 caussas
2548 3827 2811 3900 addimus.
2856 3828 3022 3882 Paulo
3050 3824 3172 3898 post
3209 3824 3296 3883 alii
3324 3870 3340 3896 ,
3372 3828 3543 3900 Igitur
3571 3831 3755 3886 Sancti

2174 3894 2400 3964 Spiritus
2430 3899 2814 3951 memoratione.

2251 3985 2267 4023 ί
2313 3988 2515 4041 Tacent
2547 3989 2685 4056 [ilius
2708 3989 2794 4042 alii
2820 4004 2834 4041 :
2865 3996 2920 4042 et
2958 3990 3179 4045 inferius
3212 3990 3370 4044 tertio
3402 3991 3469 4042 ab
3499 3989 3603 4044 lioe
3631 4005 3754 4044 ver—

2174 4072 2234 4109 su
2260 4062 2335 4111 sic
2366 4060 2671 4125 prtelerunt.
2702 4069 2747 4111 et
2775 4062 2911 4128 quod
2930 4061 3039 4127 ipse
3061 4078 3161 4114 non
3190 4061 3367 4113 habeat
3399 4059 3624 4124 Patrem,
3664 4060 3756 4113 Fi-

2177 4128 2275 4182 lius
2297 4146 2411 4182 vero
2438 4142 2704 4197 tanquam,
2734 4132 2820 4196 qui
2850 4147 2912 4183 ex
2940 4131 3100 4185 Patre
3124 4142 3273 4183 natus
3309 4134 3404 4192 sit,
3452 4141 3497 4184 et
3528 4131 3756 4199 Spiritus

2175 4200 2400 4253 Sanctus
2429 4211 2670 4263 tanquam
2697 4204 2758 4253 de
2791 4200 2884 4253 Dei
2909 4219 2995 4255 ore
3021 4203 3320 4269 procedens,
3348 4211 3454 4255 etc.
3500 4201 3564 4255 Ut
3596 4211 3757 4255 cret»-

2176 4285 2231 4321 ra
2268 4270 2403 4324 bene
2431 4285 2581 4338 teque
2615 4272 2875 4333 habeant,
2910 4283 3235 4339 postremum
3270 4271 3368 4326 hoc
3396 4281 3544 4326 certe
3570 4273 3635 4325 de
3660 4271 3756 4326 Dei

2175 4356 2283 4404 ore,
2318 4356 2413 4409 pro
2438 4342 2502 4393 de
2528 4351 2741 4408 utroque
2765 4382 2779 4404 ,
2832 4344 3119 4397 conﬁctum
3171 4346 3467 4409 posteriore
3497 4358 3656 4394 manu
3694 4347 3756 4395 vi-

2176 4414 2354 4463 detur.
2398 4413 2710 4465 Ecuntrario
2750 4410 2910 4479 hujus
2935 4454 2950 4476 ,
3003 4428 3159 4479 quam
3197 4415 3437 4465 Barneus
3469 4416 3628 4466 unice
3660 4414 3757 4465 ha-

2179 4481 2287 4543 bet,
2321 4482 2565 4535 lectionis
2613 4483 2888 4534 veritatem
2940 4486 3021 4551 (ut
3059 4496 3368 4551 argumenta
3417 4496 3752 4549 praeteream,

2176 4566 2296 4617 qua:
2329 4551 2434 4605 huc
2472 4552 2673 4605 referre
2700 4551 2955 4605 Notarum
2983 4555 3225 4623 angustia
3260 4567 3363 4605 non
3388 4552 3607 4619 patitur)
3640 4553 3755 4619 ipsa

487 4657 595 4701 cus,
628 4623 724 4708 pro
749 4641 995 4711 iniquus.“
1035 4623 1228 4705 nempe
1278 4639 1329 4693 in
1374 4638 1559 4711 Grzecu
1602 4623 1788 4711 ἄνομᾶς
1816 4623 1931 4703 est,
1965 4657 2069 4695 non

2178 4623 2370 4711 evincit
2419 4623 2714 4711 tintinianie
2744 4623 3023 4711 .orafionirs‘
3054 4626 3255 4711 series:
3282 4634 3471 4711 “inque
3516 4626 3757 4704 instituta

488 4709 937 4834 ἐχῗίὁςπιεοιιΐθτ
959 4708 1214 4780 Cyrillum
1248 4724 1396 4763 num.
1426 4710 1514 4764 15.
1546 4724 1577 4762 a
1604 4708 1712 4778 quo
1735 4712 1850 4765 tunc
1877 4712 2074 4767 Noster

489 4791 555 4834 tte
583 4802 592 4833 ι
635 4796 717 4834 th
748 4819 763 4833 .

489 4791 763 4834 tteltbthl.

559 4866 754 4945 d_Alii,
781 4870 999 4945 nequis,
1029 4879 1083 4924 et
1112 4884 1233 4945 mox
1262 4872 1477 4925 credat:
1507 4882 1618 4927 tum
1647 4874 1737 4927 sed
1772 4882 1819 4927 et
1844 4875 1951 4945 ipse
1972 4890 1992 4929 :
2019 4884 2076 4931 et

488 4942 651 5012 paulo
681 4950 794 5009 post
822 4940 1247 4995 demonstrabitur
1275 4957 1372 5010 pro
1401 4946 1837 5000 demonstraverit.

564 5044 588 5071 °
631 5034 794 5088 Iidem
839 5034 970 5085 sicut
1004 5032 1335 5101 Erangelium
1363 5036 1519 5099 dicit;
1560 5047 1614 5091 et
1652 5054 1773 5092 mox
1822 5038 2071 5092 Baluzius

491 5121 612 5157 eum
641 5106 1094 5176 Sangermanens.
1142 5107 1265 5157 cod.
1299 5107 1472 5176 justas
1518 5110 1815 5174 separabit,
1853 5126 1947 5176 pro
1988 5126 2069 5162 se-

492 5175 751 5246 gregabit;
794 5181 1070 5246 neutrtitn_
1093 5175 1311 5246 verbum
1361 5178 1557 5232 habent
1584 5180 1672 5232 alii
1701 5180 1861 5243 editi,
1895 5180 1987 5232 sed
2017 5190 2064 5231 et

489 5244 654 5316 justas
680 5245 744 5298 ab
770 5245 995 5315 injustis,
1028 5244 1300 5299 Moreltius
1321 5287 1335 5310 ,
1361 5248 1526 5316 idest,
1554 5253 1725 5316 justas
1749 5251 1811 5301 ab
1839 5252 1888 5301 in
1889 5250 2065 5318 justis.

569 5335 590 5374 ί
630 5335 790 5391 Falso
830 5334 918 5388 alii
945 5375 960 5397 ,
992 5348 1173 5389 vetere
1202 5336 1481 5392 dumtaxat
1514 5341 1749 5394 editione
1778 5340 2068 5394 Oxoniensi

492 5418 736 5475 excepta,
768 5406 976 5476 prapria
1009 5406 1173 5474 operis
1210 5412 1289 5461 sui
1310 5450 1325 5471 ,
1367 5424 1461 5477 pro
1491 5415 1738 5478 corporis.
1774 5412 1981 5476 Quippe
2013 5422 2068 5463 et

490 5480 678 5551 Graece
702 5479 859 5551 habet.
887 5490 1039 5529 sacer
1059 5488 1230 5531 textus
1247 5518 1261 5539 ,
1307 5482 1373 5534 τὰ
1399 5479 1480 5536 διὰ
1501 5488 1590 5535 τοῦ
1618 5486 1857 5551 σώματος
1883 5496 1897 5531 :
1931 5480 2073 5547 quid-

491 5549 614 5615 quid
648 5548 912 5600 Pamelius
943 5558 1181 5614 reponat.

566 5627 591 5663 ε
634 5618 705 5691 ita
733 5627 784 5669 et
815 5618 1055 5691 Balutius
1079 5634 1144 5672 ex
1174 5620 1293 5672 cod.
1322 5622 1599 5691 Sangerm.
1633 5619 1950 5682 Remboldo,
1983 5631 2064 5672 at-

495 5704 595 5758 que
631 5689 850 5739 lirasnio
876 5705 887 5740 :
917 5688 1005 5742 alii
1032 5700 1283 5758 c00ptata.

570 5757 593 5793 ιι
634 5758 905 5815 Ablativos
935 5773 1031 5829 pro
1057 5759 1374 5815 accusativis
1403 5760 1731 5815 restituimus
1757 5801 1769 5824 ,
1802 5762 2051 5829 quemad-

2179 4692 2472 4758 diSputatio
2501 4692 2571 4747 de
2602 4691 2954 4746 relationibus
2985 4694 3158 4748 Patris
3186 4695 3251 4747 ad
3282 4691 3494 4755 FliiUln,
3521 4704 3575 4746 et
3606 4696 3757 4748 vicis-

2156 4753 2312 4823 \Sll1l,
2345 4763 2518 4830 deque
2546 4764 2777 4833 Spiritus
2824 4763 3005 4817 Sancti
3039 4765 3384 4831 processione
3424 4753 3489 4816 ab
3517 4776 3754 4832 utroque.

2175 4833 2438 4887 Cancrum
2467 4833 2580 4886 haec
2631 4849 2695 4886 ex
2728 4833 2927 4901 Cyrillo
2968 4834 3186 4888 tmidem
3224 4835 3606 4902 propemodum
3639 4851 3757 4889 ver-

2177 4902 2260 4955 bis
2292 4903 2454 4970 (quod
2488 4904 2681 4955 mirum
2712 4914 2827 4967 est,
2861 4902 3089 4959 Tuuttee
3132 4920 3237 4958 non
3284 4905 3754 4971 animadvertiwe)

2176 4971 2368 5027 Noster
2400 4976 2451 5025 in
2483 4973 2730 5026 Latinum
2775 4971 2993 5027 refudit.
3035 4975 3124 5027 Sic
3175 4977 3264 5028 ille
3304 4975 3578 5029 Catecbesi
3613 4974 3749 5028 XVI.

2174 5059 2321 5120 ntuli.
2350 5044 2419 5095 '5:
2448 5042 2648 5120 Ὠσπερ
2679 5042 2749 5105 εἷς
2777 5045 2912 5097 ἐστιν
2938 5044 2963 5099 ὁ
2993 5048 3114 5120 ego:
3137 5046 3370 5120 ὁπατῄρ,
3405 5050 3485 5099 ναὶ
3514 5048 3603 5099 οὐκ
3635 5045 3747 5104 ἔστι

2171 5112 2406 5189 δεύτερος
2434 5112 2628 5189 πατήρδ
2654 5121 2739 5168 καὶ
2780 5117 2955 5185 ὥσπερ
2980 5115 3073 5189 ⁸εἷς
3118 5120 3255 5171 ἐστιν
3284 5112 3598 5189 (Elpeum/sur};
3645 5120 3748 5189 υἶρς

2171 5189 2257 5260 nati.
2283 5185 2467 5260 Aer/oi
2488 5185 2586 5239 τοῦ
2614 5193 2743 5239 Θεοῦ
2767 5225 2782 5250 ,
2813 5190 2893 5239 καὶ
2938 5185 3143 5260 ἀδελφὸν
3185 5191 3271 5260 οἶδε
3316 5185 3470 5257 ἔχει(
3498 5188 3671 5260 οἷγτως
3705 5188 3750 5240 ἕν

2174 5256 2286 5308 ἐστι
2334 5254 2411 5329 σὲόῗ
2438 5256 2576 5329 ᾆγιον
2617 5264 2819 5329 Πνεῦμα
2875 5258 3027 5329 μόνῗον
3053 5254 3083 5329 ,ί
3118 5259 3203 5310 καὶ
3244 5254 3477 5329 δεύιὲέρον
3501 5259 3599 5329 ,οὐκ
3640 5256 3751 5329 ἔφη

2171 5332 2368 5393 πνεῦμα
2396 5325 2619 5395 ἰσόλτιμον
2654 5325 2791 5396 αὐτῷ
2812 5325 2945 5381 κζτ.
2967 5328 3014 5380 λ.
3050 5328 3197 5382 S'cut
3224 5342 3356 5379 unus
3388 5325 3459 5379 est
3490 5325 3624 5379 Deus
3658 5325 3751 5377 Pw

2176 5405 2269 5456 ter,
2290 5408 2343 5464 et
2378 5397 2509 5448 alius
2540 5413 2640 5448 non
2668 5406 2740 5448 est
2769 5397 2924 5450 Pater
2948 5413 2967 5450 :
3008 5409 3054 5450 et
3084 5399 3215 5451 sicut
3248 5412 3381 5448 unus
3413 5407 3486 5449 est
3517 5398 3747 5464 unigeni-

2176 5463 2487 5537 ιξιενιῗίιίης,
2520 5464 2740 5518 Verbum
2778 5466 2906 5530 Dei,
2946 5477 2990 5520 et
3016 5469 3222 5537 fratrem
3250 5483 3350 5518 non
3382 5468 3528 5520 habet
3550 5483 3570 5520 :
3602 5463 3674 5519 ita
3703 5474 3742 5521 el

2176 5534 2404 5605 Spiritus
2434 5536 2654 5589 Sanctus
2700 5554 2831 5590 unus
2868 5548 2961 5599 est,
3006 5534 3050 5593 et
3091 5540 3224 5590 alius
3268 5537 3494 5605 Spiritus
3531 5538 3628 5605 ipsi
3660 5549 3742 5601 μαι

2169 5604 2363 5657 honore
2411 5622 2512 5658 non
2559 5617 2631 5658 est
2656 5648 2672 5674 ,
2723 5617 2827 5662 etc.
2852 5649 2866 5673 ,
2914 5625 3034 5677 qua:
3065 5611 3173 5677 ipsa
3210 5604 3386 5661 [latini
3419 5604 3588 5663 lenne
3626 5616 3752 5662 sunt

2169 5678 2350 5729 verba.
