  <div class='ocr_page' id='page_1' title='image "/cluster/home/n/w/nwhite01/storage/ocr_20150623/21/hvd.32044015471360/192.png"; bbox 0 0 4078 6346; ppageno 0'>
   <div class='ocr_carea' id='block_1_1' title="bbox 272 289 380 344">
    <p class='ocr_par' dir='ltr' id='par_1_1' title="bbox 272 289 380 344">
     <span class='ocr_line' id='line_1_1' title="bbox 272 289 380 344; baseline -0.009 0"><span class='ocrx_word' id='word_1_1' title='bbox 272 289 380 344; x_wconf 78' lang='grc'><strong>575</strong></span> 
     </span>
    </p>
   </div>
   <div class='ocr_carea' id='block_1_2' title="bbox 1250 250 2611 354">
    <p class='ocr_par' dir='ltr' id='par_1_2' title="bbox 1250 250 2611 354">
     <span class='ocr_line' id='line_1_2' title="bbox 1250 250 2611 354; baseline 0.002 -7"><span class='ocrx_word' id='word_1_2' title='bbox 1250 250 1805 353; x_wconf 60' lang='lat' dir='ltr'><strong>COMMENTARIUS</strong></span> <span class='ocrx_word' id='word_1_3' title='bbox 1830 296 1896 351; x_wconf 77' lang='lat' dir='ltr'><strong>IN</strong></span> <span class='ocrx_word' id='word_1_4' title='bbox 1938 296 2233 351; x_wconf 79' lang='lat' dir='ltr'><strong>SYMBOL.</strong></span> <span class='ocrx_word' id='word_1_5' title='bbox 2279 297 2611 354; x_wconf 79' lang='lat' dir='ltr'><strong>APOSTOL.</strong></span> 
     </span>
    </p>
   </div>
   <div class='ocr_carea' id='block_1_3' title="bbox 3454 302 3560 360">
    <p class='ocr_par' dir='ltr' id='par_1_3' title="bbox 3454 302 3560 360">
     <span class='ocr_line' id='line_1_3' title="bbox 3454 302 3560 360; baseline -0.038 0"><span class='ocrx_word' id='word_1_6' title='bbox 3454 302 3560 360; x_wconf 64' lang='grc'><strong>574</strong></span> 
     </span>
    </p>
   </div>
   <div class='ocr_carea' id='block_1_4' title="bbox 275 403 3554 481">
    <p class='ocr_par' dir='ltr' id='par_1_4' title="bbox 275 403 3554 481">
     <span class='ocr_line' id='line_1_4' title="bbox 275 403 3554 481; baseline 0.002 -18"><span class='ocrx_word' id='word_1_7' title='bbox 275 419 426 463; x_wconf 75' lang='lat' dir='ltr'><strong>cans.</strong></span> <span class='ocrx_word' id='word_1_8' title='bbox 460 403 529 460; x_wconf 88' lang='lat' dir='ltr'><strong>Ut</strong></span> <span class='ocrx_word' id='word_1_9' title='bbox 550 415 733 460; x_wconf 88' lang='lat' dir='ltr'><strong>autem</strong></span> <span class='ocrx_word' id='word_1_10' title='bbox 758 412 785 441; x_wconf 79' lang='grc' dir='ltr'>ι</span> <span class='ocrx_word' id='word_1_11' title='bbox 812 418 914 458; x_wconf 89' lang='lat' dir='ltr'><strong>una</strong></span> <span class='ocrx_word' id='word_1_12' title='bbox 941 403 1234 473; x_wconf 88' lang='lat' dir='ltr'><strong>eademque</strong></span> <span class='ocrx_word' id='word_1_13' title='bbox 1258 408 1309 460; x_wconf 92' lang='lat' dir='ltr'><strong>in</strong></span> <span class='ocrx_word' id='word_1_14' title='bbox 1335 407 1595 463; x_wconf 85' lang='lat' dir='ltr'><strong>Trinitate</strong></span> <span class='ocrx_word' id='word_1_15' title='bbox 1618 408 1866 464; x_wconf 74' lang='lat' dir='ltr'><strong>divinitas</strong></span> <span class='ocrx_word' id='word_1_16' title='bbox 1895 415 1949 475; x_wconf 78' lang='grc' dir='ltr'><strong>Α</strong></span> <span class='ocrx_word' id='word_1_17' title='bbox 1973 409 2136 480; x_wconf 82' lang='lat' dir='ltr'><strong>Moysi</strong></span> <span class='ocrx_word' id='word_1_18' title='bbox 2167 410 2399 479; x_wconf 90' lang='lat' dir='ltr'><strong>quinque</strong></span> <span class='ocrx_word' id='word_1_19' title='bbox 2448 409 2570 463; x_wconf 81' lang='lat' dir='ltr'><strong>libri</strong></span> <span class='ocrx_word' id='word_1_20' title='bbox 2611 420 2738 464; x_wconf 87' lang='lat' dir='ltr'><strong>sunt</strong></span> <span class='ocrx_word' id='word_1_21' title='bbox 2782 409 2985 477; x_wconf 90' lang='lat' dir='ltr'><strong>traditi,</strong></span> <span class='ocrx_word' id='word_1_22' title='bbox 3030 409 3286 477; x_wconf 82' lang='lat' dir='ltr'><strong>Genesis,</strong></span> <span class='ocrx_word' id='word_1_23' title='bbox 3316 411 3554 481; x_wconf 77' lang='lat' dir='ltr'><strong>Exodus,</strong></span> 
     </span>
    </p>
   </div>
   <div class='ocr_carea' id='block_1_5' title="bbox 279 495 1869 564">
    <p class='ocr_par' dir='ltr' id='par_1_5' title="bbox 279 495 1869 564">
     <span class='ocr_line' id='line_1_5' title="bbox 279 495 1869 564; baseline 0.001 -11"><span class='ocrx_word' id='word_1_24' title='bbox 279 499 536 553; x_wconf 78' lang='lat' dir='ltr'><strong>doceatur</strong></span> <span class='ocrx_word' id='word_1_25' title='bbox 569 512 584 550; x_wconf 89' lang='lat'><strong>:</strong></span> <span class='ocrx_word' id='word_1_26' title='bbox 631 498 765 551; x_wconf 87' lang='lat' dir='ltr'><strong>sicut</strong></span> <span class='ocrx_word' id='word_1_27' title='bbox 800 495 999 551; x_wconf 91' lang='lat' dir='ltr'><strong>dictum</strong></span> <span class='ocrx_word' id='word_1_28' title='bbox 1028 506 1130 560; x_wconf 89' lang='lat' dir='ltr'><strong>est,</strong></span> <span class='ocrx_word' id='word_1_29' title='bbox 1165 497 1217 551; x_wconf 95' lang='lat' dir='ltr'><strong>in</strong></span> <span class='ocrx_word' id='word_1_30' title='bbox 1252 496 1364 551; x_wconf 91' lang='lat' dir='ltr'><strong>Deo</strong></span> <span class='ocrx_word' id='word_1_31' title='bbox 1395 498 1552 553; x_wconf 81' lang='lat' dir='ltr'><strong>Patre</strong></span> <span class='ocrx_word' id='word_1_32' title='bbox 1579 498 1745 564; x_wconf 91' lang='lat' dir='ltr'><strong>credi,</strong></span> <span class='ocrx_word' id='word_1_33' title='bbox 1775 500 1869 554; x_wconf 86' lang='lat' dir='ltr'><strong>ad-</strong></span> 
     </span>
    </p>
   </div>
   <div class='ocr_carea' id='block_1_6' title="bbox 280 587 1869 663">
    <p class='ocr_par' dir='ltr' id='par_1_6' title="bbox 280 587 1869 663">
     <span class='ocr_line' id='line_1_6' title="bbox 280 587 1869 663; baseline 0.001 -18"><span class='ocrx_word' id='word_1_34' title='bbox 280 593 415 663; x_wconf 86' lang='lat' dir='ltr'><strong>jecta</strong></span> <span class='ocrx_word' id='word_1_35' title='bbox 443 589 829 659; x_wconf 65' lang='lat' dir='ltr'><strong>praepositione</strong></span> <span class='ocrx_word' id='word_1_36' title='bbox 859 589 911 642; x_wconf 85' lang='lat' dir='ltr'><strong>in</strong></span> <span class='ocrx_word' id='word_1_37' title='bbox 937 604 952 642; x_wconf 87' lang='lat'><strong>:</strong></span> <span class='ocrx_word' id='word_1_38' title='bbox 977 592 1048 643; x_wconf 92' lang='lat' dir='ltr'><strong>ita</strong></span> <span class='ocrx_word' id='word_1_39' title='bbox 1077 598 1132 643; x_wconf 89' lang='lat' dir='ltr'><strong>et</strong></span> <span class='ocrx_word' id='word_1_40' title='bbox 1160 589 1211 643; x_wconf 92' lang='lat' dir='ltr'><strong>in</strong></span> <span class='ocrx_word' id='word_1_41' title='bbox 1232 587 1445 644; x_wconf 82' lang='lat' dir='ltr'><strong>Christo</strong></span> <span class='ocrx_word' id='word_1_42' title='bbox 1466 590 1603 645; x_wconf 79' lang='lat' dir='ltr'><strong>Filio</strong></span> <span class='ocrx_word' id='word_1_43' title='bbox 1626 592 1765 662; x_wconf 83' lang='lat' dir='ltr'><strong>ejus,</strong></span> <span class='ocrx_word' id='word_1_44' title='bbox 1797 593 1869 647; x_wconf 88' lang='lat' dir='ltr'><strong>ita</strong></span> 
     </span>
    </p>
   </div>
   <div class='ocr_carea' id='block_1_7' title="bbox 283 680 1871 751">
    <p class='ocr_par' dir='ltr' id='par_1_7' title="bbox 283 680 1871 751">
     <span class='ocr_line' id='line_1_7' title="bbox 283 680 1871 751; baseline 0.003 -14"><span class='ocrx_word' id='word_1_45' title='bbox 283 695 334 738; x_wconf 82' lang='lat' dir='ltr'><strong>et</strong></span> <span class='ocrx_word' id='word_1_46' title='bbox 365 684 415 737; x_wconf 91' lang='lat' dir='ltr'><strong>in</strong></span> <span class='ocrx_word' id='word_1_47' title='bbox 440 681 644 751; x_wconf 90' lang='lat' dir='ltr'><strong>Spirito</strong></span> <span class='ocrx_word' id='word_1_48' title='bbox 671 682 869 736; x_wconf 85' lang='lat' dir='ltr'><strong>Sancto</strong></span> <span class='ocrx_word' id='word_1_49' title='bbox 916 691 1265 735; x_wconf 86' lang='lat' dir='ltr'><strong>memoratur.</strong></span> <span class='ocrx_word' id='word_1_50' title='bbox 1318 680 1425 736; x_wconf 86' lang='lat' dir='ltr'><strong>Sed</strong></span> <span class='ocrx_word' id='word_1_51' title='bbox 1455 690 1513 736; x_wconf 91' lang='lat' dir='ltr'><strong>ut</strong></span> <span class='ocrx_word' id='word_1_52' title='bbox 1539 684 1871 741; x_wconf 81' lang='lat' dir='ltr'><strong>manifestius</strong></span> 
     </span>
    </p>
   </div>
   <div class='ocr_carea' id='block_1_8' title="bbox 284 774 1865 844">
    <p class='ocr_par' dir='ltr' id='par_1_8' title="bbox 284 774 1865 844">
     <span class='ocr_line' id='line_1_8' title="bbox 284 774 1865 844; baseline 0.002 -14"><span class='ocrx_word' id='word_1_53' title='bbox 284 780 397 841; x_wconf 85' lang='lat' dir='ltr'><strong>tiat,</strong></span> <span class='ocrx_word' id='word_1_54' title='bbox 427 774 571 844; x_wconf 90' lang='lat' dir='ltr'><strong>quod</strong></span> <span class='ocrx_word' id='word_1_55' title='bbox 601 775 856 840; x_wconf 79' lang='lat' dir='ltr'><strong>diximus,</strong></span> <span class='ocrx_word' id='word_1_56' title='bbox 888 788 953 828; x_wconf 79' lang='lat' dir='ltr'><strong>ex</strong></span> <span class='ocrx_word' id='word_1_57' title='bbox 985 774 1435 843; x_wconf 88' lang='lat' dir='ltr'><strong>consequentibus</strong></span> <span class='ocrx_word' id='word_1_58' title='bbox 1462 776 1865 844; x_wconf 83' lang='lat' dir='ltr'><strong>approbabitur.</strong></span> 
     </span>
    </p>
   </div>
   <div class='ocr_carea' id='block_1_9' title="bbox 283 864 1497 934">
    <p class='ocr_par' dir='ltr' id='par_1_9' title="bbox 283 864 1497 934">
     <span class='ocr_line' id='line_1_9' title="bbox 283 864 1497 934; baseline -0.002 -12"><span class='ocrx_word' id='word_1_59' title='bbox 283 867 539 932; x_wconf 80' lang='lat' dir='ltr'><strong>Sequitur</strong></span> <span class='ocrx_word' id='word_1_60' title='bbox 567 879 803 934; x_wconf 77' lang='lat' dir='ltr'><strong>namque</strong></span> <span class='ocrx_word' id='word_1_61' title='bbox 832 874 954 932; x_wconf 87' lang='lat' dir='ltr'><strong>post</strong></span> <span class='ocrx_word' id='word_1_62' title='bbox 981 864 1125 919; x_wconf 89' lang='lat' dir='ltr'><strong>hunc</strong></span> <span class='ocrx_word' id='word_1_63' title='bbox 1152 878 1457 920; x_wconf 86' lang='lat' dir='ltr'><strong>sermonem</strong></span> <span class='ocrx_word' id='word_1_64' title='bbox 1482 881 1497 920; x_wconf 90' lang='lat'>:</span> 
     </span>
    </p>
   </div>
   <div class='ocr_carea' id='block_1_10' title="bbox 350 954 1866 1013">
    <p class='ocr_par' dir='ltr' id='par_1_10' title="bbox 350 954 1866 1013">
     <span class='ocr_line' id='line_1_10' title="bbox 350 954 1866 1013; baseline 0.001 -2"><span class='ocrx_word' id='word_1_65' title='bbox 350 957 436 1011; x_wconf 73' lang='grc'><strong>56.</strong></span> <span class='ocrx_word' id='word_1_66' title='bbox 460 956 712 1010; x_wconf 73' lang='lat' dir='ltr'><strong>SANCTAII</strong></span> <span class='ocrx_word' id='word_1_67' title='bbox 741 970 1049 1009; x_wconf 71' lang='grc' dir='ltr'><strong>εεειεδυηι.</strong></span> <span class='ocrx_word' id='word_1_68' title='bbox 1071 954 1099 992; x_wconf 68' lang='grc' dir='ltr'>δ</span> <span class='ocrx_word' id='word_1_69' title='bbox 1122 971 1474 1011; x_wconf 73' lang='lat' dir='ltr'><strong>REIISSIONBM</strong></span> <span class='ocrx_word' id='word_1_70' title='bbox 1497 972 1866 1013; x_wconf 74' lang='lat' dir='ltr'><strong>PECCA’I‘ORUI.</strong></span> 
     </span>
    </p>
   </div>
   <div class='ocr_carea' id='block_1_11' title="bbox 281 1046 1863 1120">
    <p class='ocr_par' dir='ltr' id='par_1_11' title="bbox 281 1046 1863 1120">
     <span class='ocr_line' id='line_1_11' title="bbox 281 1046 1863 1120; baseline -0.001 -19"><span class='ocrx_word' id='word_1_71' title='bbox 281 1060 437 1101; x_wconf 73' lang='lat' dir='ltr'><strong>nurus</strong></span> <span class='ocrx_word' id='word_1_72' title='bbox 474 1058 665 1100; x_wconf 57' lang='grc' dir='ltr'><strong>(ηιξκιε</strong></span> <span class='ocrx_word' id='word_1_73' title='bbox 704 1059 1195 1100; x_wconf 75' lang='lat' dir='ltr'><strong>RESURBECTIONEI.</strong></span> <span class='ocrx_word' id='word_1_74' title='bbox 1242 1046 1356 1100; x_wconf 84' lang='lat' dir='ltr'><strong>Non</strong></span> <span class='ocrx_word' id='word_1_75' title='bbox 1396 1046 1533 1101; x_wconf 76' lang='lat' dir='ltr'><strong>dixit</strong></span> <span class='ocrx_word' id='word_1_76' title='bbox 1568 1047 1674 1119; x_wconf 80' lang='grc' dir='ltr'><strong>[ΑΙ.</strong></span> <span class='ocrx_word' id='word_1_77' title='bbox 1712 1048 1863 1120; x_wconf 83' lang='lat' dir='ltr'><strong>dixi],</strong></span> 
     </span>
    </p>
   </div>
   <div class='ocr_carea' id='block_1_12' title="bbox 281 1137 1867 1209">
    <p class='ocr_par' dir='ltr' id='par_1_12' title="bbox 281 1137 1867 1209">
     <span class='ocr_line' id='line_1_12' title="bbox 281 1137 1867 1209; baseline 0.001 -15"><span class='ocrx_word' id='word_1_78' title='bbox 281 1138 332 1194; x_wconf 89' lang='lat' dir='ltr'><strong>in</strong></span> <span class='ocrx_word' id='word_1_79' title='bbox 361 1150 600 1192; x_wconf 85' lang='lat' dir='ltr'><strong>sanctam</strong></span> <span class='ocrx_word' id='word_1_80' title='bbox 630 1137 959 1201; x_wconf 85' lang='lat' dir='ltr'><strong>Ecclesiam,</strong></span> <span class='ocrx_word' id='word_1_81' title='bbox 990 1152 1090 1193; x_wconf 89' lang='lat' dir='ltr'><strong>nec</strong></span> <span class='ocrx_word' id='word_1_82' title='bbox 1132 1139 1186 1192; x_wconf 92' lang='lat' dir='ltr'><strong>in</strong></span> <span class='ocrx_word' id='word_1_83' title='bbox 1214 1138 1590 1194; x_wconf 88' lang='lat' dir='ltr'><strong>remissionem</strong></span> <span class='ocrx_word' id='word_1_84' title='bbox 1619 1152 1867 1209; x_wconf 85' lang='lat' dir='ltr'><strong>peccato-</strong></span> 
     </span>
    </p>
   </div>
   <div class='ocr_carea' id='block_1_13' title="bbox 280 1228 1865 1293">
    <p class='ocr_par' dir='ltr' id='par_1_13' title="bbox 280 1228 1865 1293">
     <span class='ocr_line' id='line_1_13' title="bbox 280 1228 1865 1293; baseline 0.003 -9"><span class='ocrx_word' id='word_1_85' title='bbox 280 1246 420 1293; x_wconf 86' lang='lat' dir='ltr'><strong>rum,</strong></span> <span class='ocrx_word' id='word_1_86' title='bbox 448 1243 547 1283; x_wconf 88' lang='lat' dir='ltr'><strong>nec</strong></span> <span class='ocrx_word' id='word_1_87' title='bbox 576 1230 629 1283; x_wconf 92' lang='lat' dir='ltr'><strong>in</strong></span> <span class='ocrx_word' id='word_1_88' title='bbox 658 1228 836 1283; x_wconf 86' lang='lat' dir='ltr'><strong>carnis</strong></span> <span class='ocrx_word' id='word_1_89' title='bbox 867 1230 1315 1286; x_wconf 87' lang='lat' dir='ltr'><strong>resurrectionem</strong></span> <span class='ocrx_word' id='word_1_90' title='bbox 1343 1249 1355 1284; x_wconf 89' lang='lat'><strong>:</strong></span> <span class='ocrx_word' id='word_1_91' title='bbox 1387 1233 1431 1286; x_wconf 88' lang='lat' dir='ltr'><strong>si</strong></span> <span class='ocrx_word' id='word_1_92' title='bbox 1460 1232 1603 1287; x_wconf 88' lang='lat' dir='ltr'><strong>enim</strong></span> <span class='ocrx_word' id='word_1_93' title='bbox 1634 1234 1865 1288; x_wconf 82' lang='lat' dir='ltr'><strong>addidis-</strong></span> 
     </span>
    </p>
   </div>
   <div class='ocr_carea' id='block_1_14' title="bbox 279 1319 1866 1391">
    <p class='ocr_par' dir='ltr' id='par_1_14' title="bbox 279 1319 1866 1391">
     <span class='ocr_line' id='line_1_14' title="bbox 279 1319 1866 1391; baseline 0.002 -16"><span class='ocrx_word' id='word_1_94' title='bbox 279 1332 359 1376; x_wconf 86' lang='lat' dir='ltr'><strong>set</strong></span> <span class='ocrx_word' id='word_1_95' title='bbox 380 1323 433 1374; x_wconf 86' lang='lat' dir='ltr'><strong>in</strong></span> <span class='ocrx_word' id='word_1_96' title='bbox 456 1319 913 1390; x_wconf 73' lang='lat' dir='ltr'><strong>praepositionem,</strong></span> <span class='ocrx_word' id='word_1_97' title='bbox 943 1334 1048 1374; x_wconf 90' lang='lat' dir='ltr'><strong>una</strong></span> <span class='ocrx_word' id='word_1_98' title='bbox 1075 1331 1098 1360; x_wconf 78' lang='grc' dir='ltr'><strong>ο</strong></span> <span class='ocrx_word' id='word_1_99' title='bbox 1121 1335 1241 1375; x_wconf 90' lang='lat' dir='ltr'><strong>cum</strong></span> <span class='ocrx_word' id='word_1_100' title='bbox 1268 1322 1632 1391; x_wconf 82' lang='lat' dir='ltr'><strong>superioribus</strong></span> <span class='ocrx_word' id='word_1_101' title='bbox 1655 1325 1866 1380; x_wconf 81' lang='lat' dir='ltr'><strong>eadem-</strong></span> 
     </span>
    </p>
   </div>
   <div class='ocr_carea' id='block_1_15' title="bbox 279 1412 1859 1490">
    <p class='ocr_par' dir='ltr' id='par_1_15' title="bbox 279 1412 1859 1490">
     <span class='ocr_line' id='line_1_15' title="bbox 279 1412 1859 1490; baseline 0.006 -22"><span class='ocrx_word' id='word_1_102' title='bbox 279 1431 381 1483; x_wconf 87' lang='lat' dir='ltr'><strong>que</strong></span> <span class='ocrx_word' id='word_1_103' title='bbox 406 1414 486 1467; x_wconf 85' lang='lat' dir='ltr'><strong>vis</strong></span> <span class='ocrx_word' id='word_1_104' title='bbox 516 1413 686 1468; x_wconf 86' lang='lat' dir='ltr'><strong>ﬁeret.</strong></span> <span class='ocrx_word' id='word_1_105' title='bbox 720 1412 872 1468; x_wconf 78' lang='lat' dir='ltr'><strong>Nunc</strong></span> <span class='ocrx_word' id='word_1_106' title='bbox 901 1421 1078 1469; x_wconf 87' lang='lat' dir='ltr'><strong>autem</strong></span> <span class='ocrx_word' id='word_1_107' title='bbox 1109 1413 1161 1467; x_wconf 93' lang='lat' dir='ltr'><strong>in</strong></span> <span class='ocrx_word' id='word_1_108' title='bbox 1193 1413 1297 1469; x_wconf 90' lang='lat' dir='ltr'><strong>illis</strong></span> <span class='ocrx_word' id='word_1_109' title='bbox 1326 1415 1539 1484; x_wconf 90' lang='lat' dir='ltr'><strong>quidem</strong></span> <span class='ocrx_word' id='word_1_110' title='bbox 1566 1420 1859 1490; x_wconf 81' lang='lat' dir='ltr'><strong>vocabulis,</strong></span> 
     </span>
    </p>
   </div>
   <div class='ocr_carea' id='block_1_16' title="bbox 278 1506 1862 1573">
    <p class='ocr_par' dir='ltr' id='par_1_16' title="bbox 278 1506 1862 1573">
     <span class='ocr_line' id='line_1_16' title="bbox 278 1506 1862 1573; baseline 0.006 -12"><span class='ocrx_word' id='word_1_111' title='bbox 278 1509 366 1562; x_wconf 86' lang='lat' dir='ltr'><strong>ubi</strong></span> <span class='ocrx_word' id='word_1_112' title='bbox 395 1508 464 1563; x_wconf 90' lang='lat' dir='ltr'><strong>de</strong></span> <span class='ocrx_word' id='word_1_113' title='bbox 490 1506 772 1561; x_wconf 81' lang='lat' dir='ltr'><strong>divinitate</strong></span> <span class='ocrx_word' id='word_1_114' title='bbox 800 1506 1081 1561; x_wconf 82' lang='lat' dir='ltr'><strong>ordinatur</strong></span> <span class='ocrx_word' id='word_1_115' title='bbox 1111 1507 1276 1573; x_wconf 85' lang='lat' dir='ltr'><strong>ﬁdes,</strong></span> <span class='ocrx_word' id='word_1_116' title='bbox 1311 1510 1364 1564; x_wconf 92' lang='lat' dir='ltr'><strong>in</strong></span> <span class='ocrx_word' id='word_1_117' title='bbox 1395 1510 1508 1566; x_wconf 92' lang='lat' dir='ltr'><strong>Deo</strong></span> <span class='ocrx_word' id='word_1_118' title='bbox 1538 1512 1697 1570; x_wconf 86' lang='lat' dir='ltr'><strong>Patre</strong></span> <span class='ocrx_word' id='word_1_119' title='bbox 1725 1516 1862 1572; x_wconf 90' lang='lat' dir='ltr'><strong>dici-</strong></span> 
     </span>
    </p>
   </div>
   <div class='ocr_carea' id='block_1_17' title="bbox 281 1597 1864 1673">
    <p class='ocr_par' dir='ltr' id='par_1_17' title="bbox 281 1597 1864 1673">
     <span class='ocr_line' id='line_1_17' title="bbox 281 1597 1864 1673; baseline 0.004 -17"><span class='ocrx_word' id='word_1_120' title='bbox 281 1611 384 1668; x_wconf 93' lang='lat' dir='ltr'><strong>tur,</strong></span> <span class='ocrx_word' id='word_1_121' title='bbox 413 1610 467 1657; x_wconf 89' lang='lat' dir='ltr'><strong>et</strong></span> <span class='ocrx_word' id='word_1_122' title='bbox 497 1601 551 1654; x_wconf 77' lang='lat' dir='ltr'><strong>in‘</strong></span> <span class='ocrx_word' id='word_1_123' title='bbox 576 1598 706 1654; x_wconf 85' lang='lat' dir='ltr'><strong>Jesu</strong></span> <span class='ocrx_word' id='word_1_124' title='bbox 736 1597 954 1654; x_wconf 89' lang='lat' dir='ltr'><strong>Christo</strong></span> <span class='ocrx_word' id='word_1_125' title='bbox 984 1598 1123 1654; x_wconf 84' lang='lat' dir='ltr'><strong>Filio</strong></span> <span class='ocrx_word' id='word_1_126' title='bbox 1160 1599 1299 1669; x_wconf 87' lang='lat' dir='ltr'><strong>ejus,</strong></span> <span class='ocrx_word' id='word_1_127' title='bbox 1331 1610 1388 1655; x_wconf 86' lang='lat' dir='ltr'><strong>et</strong></span> <span class='ocrx_word' id='word_1_128' title='bbox 1415 1600 1467 1656; x_wconf 92' lang='lat' dir='ltr'><strong>in</strong></span> <span class='ocrx_word' id='word_1_129' title='bbox 1500 1603 1702 1673; x_wconf 90' lang='lat' dir='ltr'><strong>Spiritu</strong></span> <span class='ocrx_word' id='word_1_130' title='bbox 1731 1607 1864 1663; x_wconf 86' lang='lat' dir='ltr'><strong>San-</strong></span> 
     </span>
    </p>
   </div>
   <div class='ocr_carea' id='block_1_18' title="bbox 274 1691 1862 1762">
    <p class='ocr_par' dir='ltr' id='par_1_18' title="bbox 274 1691 1862 1762">
     <span class='ocr_line' id='line_1_18' title="bbox 274 1691 1862 1762; baseline 0.004 -14"><span class='ocrx_word' id='word_1_131' title='bbox 274 1704 380 1749; x_wconf 89' lang='lat' dir='ltr'><strong>cto.</strong></span> <span class='ocrx_word' id='word_1_132' title='bbox 427 1693 484 1747; x_wconf 88' lang='lat' dir='ltr'><strong>In</strong></span> <span class='ocrx_word' id='word_1_133' title='bbox 525 1691 738 1747; x_wconf 63' lang='lat' dir='ltr'><strong>caeteris</strong></span> <span class='ocrx_word' id='word_1_134' title='bbox 775 1706 902 1746; x_wconf 91' lang='lat' dir='ltr'><strong>vero</strong></span> <span class='ocrx_word' id='word_1_135' title='bbox 944 1691 1033 1746; x_wconf 92' lang='lat' dir='ltr'><strong>ubi</strong></span> <span class='ocrx_word' id='word_1_136' title='bbox 1071 1706 1179 1746; x_wconf 92' lang='lat' dir='ltr'><strong>non</strong></span> <span class='ocrx_word' id='word_1_137' title='bbox 1213 1691 1282 1748; x_wconf 89' lang='lat' dir='ltr'><strong>de</strong></span> <span class='ocrx_word' id='word_1_138' title='bbox 1313 1692 1620 1762; x_wconf 87' lang='lat' dir='ltr'><strong>divinitate,</strong></span> <span class='ocrx_word' id='word_1_139' title='bbox 1660 1698 1756 1753; x_wconf 91' lang='lat' dir='ltr'><strong>sed</strong></span> <span class='ocrx_word' id='word_1_140' title='bbox 1793 1699 1862 1755; x_wconf 89' lang='lat' dir='ltr'><strong>de</strong></span> 
     </span>
    </p>
   </div>
   <div class='ocr_carea' id='block_1_19' title="bbox 1975 498 3556 566">
    <p class='ocr_par' dir='ltr' id='par_1_19' title="bbox 1975 498 3556 566">
     <span class='ocr_line' id='line_1_19' title="bbox 1975 498 3556 566; baseline 0.004 -13"><span class='ocrx_word' id='word_1_141' title='bbox 1975 498 2258 566; x_wconf 87' lang='lat' dir='ltr'><strong>Leviticus,</strong></span> <span class='ocrx_word' id='word_1_142' title='bbox 2285 508 2309 537; x_wconf 73' lang='grc' dir='ltr'><strong>θ</strong></span> <span class='ocrx_word' id='word_1_143' title='bbox 2325 498 2565 565; x_wconf 86' lang='lat' dir='ltr'><strong>Numeri,</strong></span> <span class='ocrx_word' id='word_1_144' title='bbox 2592 498 3083 555; x_wconf 90' lang='lat' dir='ltr'><strong>Deuteronomium.</strong></span> <span class='ocrx_word' id='word_1_145' title='bbox 3104 500 3231 556; x_wconf 87' lang='lat' dir='ltr'><strong>Post</strong></span> <span class='ocrx_word' id='word_1_146' title='bbox 3262 502 3379 558; x_wconf 68' lang='lat' dir='ltr'><strong>haec</strong></span> <span class='ocrx_word' id='word_1_147' title='bbox 3399 504 3556 560; x_wconf 89' lang='lat' dir='ltr'><strong>Jesus</strong></span> 
     </span>
    </p>
   </div>
   <div class='ocr_carea' id='block_1_20' title="bbox 1968 589 3558 662">
    <p class='ocr_par' dir='ltr' id='par_1_20' title="bbox 1968 589 3558 662">
     <span class='ocr_line' id='line_1_20' title="bbox 1968 589 3558 662; baseline 0.006 -19"><span class='ocrx_word' id='word_1_148' title='bbox 1968 589 2133 658; x_wconf 87' lang='lat' dir='ltr'><strong>Nave,</strong></span> <span class='ocrx_word' id='word_1_149' title='bbox 2164 589 2411 644; x_wconf 90' lang='lat' dir='ltr'><strong>Judicum</strong></span> <span class='ocrx_word' id='word_1_150' title='bbox 2456 590 2613 645; x_wconf 91' lang='lat' dir='ltr'><strong>simul</strong></span> <span class='ocrx_word' id='word_1_151' title='bbox 2642 604 2765 645; x_wconf 93' lang='lat' dir='ltr'><strong>cum</strong></span> <span class='ocrx_word' id='word_1_152' title='bbox 2796 590 2957 645; x_wconf 82' lang='lat' dir='ltr'><strong>Ruth.</strong></span> <span class='ocrx_word' id='word_1_153' title='bbox 3000 591 3238 659; x_wconf 86' lang='lat' dir='ltr'><strong>Quatuor</strong></span> <span class='ocrx_word' id='word_1_154' title='bbox 3282 602 3402 662; x_wconf 89' lang='lat' dir='ltr'><strong>post</strong></span> <span class='ocrx_word' id='word_1_155' title='bbox 3440 593 3558 652; x_wconf 67' lang='lat' dir='ltr'><strong>haec</strong></span> 
     </span>
    </p>
   </div>
   <div class='ocr_carea' id='block_1_21' title="bbox 1969 680 3558 751">
    <p class='ocr_par' dir='ltr' id='par_1_21' title="bbox 1969 680 3558 751">
     <span class='ocr_line' id='line_1_21' title="bbox 1969 680 3558 751; baseline 0.003 -18"><span class='ocrx_word' id='word_1_156' title='bbox 1969 680 2276 749; x_wconf 78' lang='lat' dir='ltr'><strong>Regnorum</strong></span> <span class='ocrx_word' id='word_1_157' title='bbox 2328 680 2467 745; x_wconf 92' lang='lat' dir='ltr'><strong>libri,</strong></span> <span class='ocrx_word' id='word_1_158' title='bbox 2499 695 2634 751; x_wconf 89' lang='lat' dir='ltr'><strong>quos</strong></span> <span class='ocrx_word' id='word_1_159' title='bbox 2663 681 2878 738; x_wconf 72' lang='lat' dir='ltr'><strong>Hebraei</strong></span> <span class='ocrx_word' id='word_1_160' title='bbox 2906 682 3043 737; x_wconf 90' lang='lat' dir='ltr'><strong>duos</strong></span> <span class='ocrx_word' id='word_1_161' title='bbox 3074 693 3357 739; x_wconf 85' lang='lat' dir='ltr'><strong>numerant</strong></span> <span class='ocrx_word' id='word_1_162' title='bbox 3390 700 3403 736; x_wconf 93' lang='lat'><strong>:</strong></span> <span class='ocrx_word' id='word_1_163' title='bbox 3450 683 3558 738; x_wconf 87' lang='lat' dir='ltr'><strong>Pa-</strong></span> 
     </span>
    </p>
   </div>
   <div class='ocr_carea' id='block_1_22' title="bbox 1969 772 3559 841">
    <p class='ocr_par' dir='ltr' id='par_1_22' title="bbox 1969 772 3559 841">
     <span class='ocr_line' id='line_1_22' title="bbox 1969 772 3559 841; baseline 0.005 -18"><span class='ocrx_word' id='word_1_164' title='bbox 1969 772 2359 841; x_wconf 89' lang='lat' dir='ltr'><strong>ralipomenon,</strong></span> <span class='ocrx_word' id='word_1_165' title='bbox 2408 773 2499 841; x_wconf 93' lang='lat' dir='ltr'><strong>qui</strong></span> <span class='ocrx_word' id='word_1_166' title='bbox 2555 773 2760 828; x_wconf 87' lang='lat' dir='ltr'><strong>dierum</strong></span> <span class='ocrx_word' id='word_1_167' title='bbox 2810 773 3009 828; x_wconf 89' lang='lat' dir='ltr'><strong>dicitur</strong></span> <span class='ocrx_word' id='word_1_168' title='bbox 3059 774 3196 829; x_wconf 54' lang='lat' dir='ltr'><strong>liber</strong></span> <span class='ocrx_word' id='word_1_169' title='bbox 3228 792 3239 827; x_wconf 94' lang='lat'>:</span> <span class='ocrx_word' id='word_1_170' title='bbox 3270 784 3327 829; x_wconf 91' lang='lat' dir='ltr'><strong>et</strong></span> <span class='ocrx_word' id='word_1_171' title='bbox 3369 776 3559 831; x_wconf 72' lang='lat' dir='ltr'><strong>Esdran</strong></span> 
     </span>
    </p>
   </div>
   <div class='ocr_carea' id='block_1_23' title="bbox 1969 862 3552 936">
    <p class='ocr_par' dir='ltr' id='par_1_23' title="bbox 1969 862 3552 936">
     <span class='ocr_line' id='line_1_23' title="bbox 1969 862 3552 936; baseline 0.004 -20"><span class='ocrx_word' id='word_1_172' title='bbox 1969 862 2097 927; x_wconf 91' lang='lat' dir='ltr'><strong>duo,</strong></span> <span class='ocrx_word' id='word_1_173' title='bbox 2128 863 2217 932; x_wconf 90' lang='lat' dir='ltr'><strong>qui</strong></span> <span class='ocrx_word' id='word_1_174' title='bbox 2246 863 2388 932; x_wconf 90' lang='lat' dir='ltr'><strong>apud</strong></span> <span class='ocrx_word' id='word_1_175' title='bbox 2416 863 2536 918; x_wconf 91' lang='lat' dir='ltr'><strong>illos</strong></span> <span class='ocrx_word' id='word_1_176' title='bbox 2579 864 2774 933; x_wconf 77' lang='lat' dir='ltr'><strong>singuli</strong></span> <span class='ocrx_word' id='word_1_177' title='bbox 2818 876 3215 936; x_wconf 89' lang='lat' dir='ltr'><strong>computantur,</strong></span> <span class='ocrx_word' id='word_1_178' title='bbox 3256 875 3313 923; x_wconf 88' lang='lat' dir='ltr'><strong>et</strong></span> <span class='ocrx_word' id='word_1_179' title='bbox 3341 868 3552 923; x_wconf 89' lang='lat' dir='ltr'><strong>llester.</strong></span> 
     </span>
    </p>
   </div>
   <div class='ocr_carea' id='block_1_24' title="bbox 1970 955 3550 1026">
    <p class='ocr_par' dir='ltr' id='par_1_24' title="bbox 1970 955 3550 1026">
     <span class='ocr_line' id='line_1_24' title="bbox 1970 955 3550 1026; baseline 0.004 -13"><span class='ocrx_word' id='word_1_180' title='bbox 1970 955 2356 1025; x_wconf 82' lang='lat' dir='ltr'><strong>Prophetarum</strong></span> <span class='ocrx_word' id='word_1_181' title='bbox 2404 971 2535 1014; x_wconf 89' lang='lat' dir='ltr'><strong>vero</strong></span> <span class='ocrx_word' id='word_1_182' title='bbox 2574 957 2786 1026; x_wconf 86' lang='lat' dir='ltr'><strong>Esaias,</strong></span> <span class='ocrx_word' id='word_1_183' title='bbox 2834 960 3121 1025; x_wconf 90' lang='lat' dir='ltr'><strong>Jeremias,</strong></span> <span class='ocrx_word' id='word_1_184' title='bbox 3173 961 3447 1026; x_wconf 72' lang='lat' dir='ltr'><strong>Erechiel,</strong></span> <span class='ocrx_word' id='word_1_185' title='bbox 3499 970 3550 1020; x_wconf 83' lang='lat' dir='ltr'><strong>et</strong></span> 
     </span>
    </p>
   </div>
   <div class='ocr_carea' id='block_1_25' title="bbox 1970 1047 3543 1121">
    <p class='ocr_par' dir='ltr' id='par_1_25' title="bbox 1970 1047 3543 1121">
     <span class='ocr_line' id='line_1_25' title="bbox 1970 1047 3543 1121; baseline 0.004 -20"><span class='ocrx_word' id='word_1_186' title='bbox 1970 1047 2186 1104; x_wconf 90' lang='lat' dir='ltr'><strong>Daniel:</strong></span> <span class='ocrx_word' id='word_1_187' title='bbox 2205 1058 2463 1118; x_wconf 65' lang='lat' dir='ltr'><strong>praeterea</strong></span> <span class='ocrx_word' id='word_1_188' title='bbox 2489 1048 2773 1106; x_wconf 90' lang='lat' dir='ltr'><strong>duodecim</strong></span> <span class='ocrx_word' id='word_1_189' title='bbox 2802 1051 3192 1121; x_wconf 88' lang='lat' dir='ltr'><strong>Prophetarum</strong></span> <span class='ocrx_word' id='word_1_190' title='bbox 3224 1052 3359 1107; x_wconf 91' lang='lat' dir='ltr'><strong>liber</strong></span> <span class='ocrx_word' id='word_1_191' title='bbox 3387 1065 3543 1107; x_wconf 88' lang='lat' dir='ltr'><strong>unus.</strong></span> 
     </span>
    </p>
   </div>
   <div class='ocr_carea' id='block_1_26' title="bbox 1968 1140 3542 1212">
    <p class='ocr_par' dir='ltr' id='par_1_26' title="bbox 1968 1140 3542 1212">
     <span class='ocr_line' id='line_1_26' title="bbox 1968 1140 3542 1212; baseline 0.001 -18"><span class='ocrx_word' id='word_1_192' title='bbox 1968 1140 2067 1195; x_wconf 89' lang='lat' dir='ltr'><strong>Job</strong></span> <span class='ocrx_word' id='word_1_193' title='bbox 2090 1155 2325 1210; x_wconf 89' lang='lat' dir='ltr'><strong>quoque,</strong></span> <span class='ocrx_word' id='word_1_194' title='bbox 2356 1149 2411 1195; x_wconf 89' lang='lat' dir='ltr'><strong>et</strong></span> <span class='ocrx_word' id='word_1_195' title='bbox 2437 1140 2632 1196; x_wconf 89' lang='lat' dir='ltr'><strong>Psalmi</strong></span> <span class='ocrx_word' id='word_1_196' title='bbox 2664 1142 2831 1197; x_wconf 88' lang='lat' dir='ltr'><strong>David</strong></span> <span class='ocrx_word' id='word_1_197' title='bbox 2861 1144 3054 1212; x_wconf 80' lang='lat' dir='ltr'><strong>singuli</strong></span> <span class='ocrx_word' id='word_1_198' title='bbox 3081 1153 3208 1199; x_wconf 91' lang='lat' dir='ltr'><strong>sunt</strong></span> <span class='ocrx_word' id='word_1_199' title='bbox 3233 1143 3378 1199; x_wconf 89' lang='lat' dir='ltr'><strong>libri.</strong></span> <span class='ocrx_word' id='word_1_200' title='bbox 3405 1141 3427 1182; x_wconf 75' lang='grc' dir='ltr'>ί</span> <span class='ocrx_word' id='word_1_201' title='bbox 3452 1143 3542 1198; x_wconf 56' lang='lat' dir='ltr'><strong>Sa.</strong></span> 
     </span>
    </p>
   </div>
   <div class='ocr_carea' id='block_1_27' title="bbox 1970 1233 3554 1301">
    <p class='ocr_par' dir='ltr' id='par_1_27' title="bbox 1970 1233 3554 1301">
     <span class='ocr_line' id='line_1_27' title="bbox 1970 1233 3554 1301; baseline 0.002 -14"><span class='ocrx_word' id='word_1_202' title='bbox 1970 1233 2150 1288; x_wconf 90' lang='lat' dir='ltr'><strong>lomon</strong></span> <span class='ocrx_word' id='word_1_203' title='bbox 2176 1248 2307 1288; x_wconf 90' lang='lat' dir='ltr'><strong>vero</strong></span> <span class='ocrx_word' id='word_1_204' title='bbox 2338 1245 2444 1288; x_wconf 91' lang='lat' dir='ltr'><strong>tres</strong></span> <span class='ocrx_word' id='word_1_205' title='bbox 2473 1233 2998 1299; x_wconf 80' lang='lat' dir='ltr'><strong>Ecclesiis‘tradidit,</strong></span> <span class='ocrx_word' id='word_1_206' title='bbox 3028 1236 3338 1301; x_wconf 85' lang='lat' dir='ltr'><strong>Proverbia,</strong></span> <span class='ocrx_word' id='word_1_207' title='bbox 3372 1236 3554 1291; x_wconf 83' lang='lat' dir='ltr'><strong>Eccle-</strong></span> 
     </span>
    </p>
   </div>
   <div class='ocr_carea' id='block_1_28' title="bbox 1966 1326 3550 1392">
    <p class='ocr_par' dir='ltr' id='par_1_28' title="bbox 1966 1326 3550 1392">
     <span class='ocr_line' id='line_1_28' title="bbox 1966 1326 3550 1392; baseline -0.001 -9"><span class='ocrx_word' id='word_1_208' title='bbox 1966 1326 2181 1392; x_wconf 86' lang='lat' dir='ltr'><strong>siastes,</strong></span> <span class='ocrx_word' id='word_1_209' title='bbox 2206 1326 2422 1381; x_wconf 89' lang='lat' dir='ltr'><strong>Cantica</strong></span> <span class='ocrx_word' id='word_1_210' title='bbox 2452 1326 2816 1382; x_wconf 87' lang='lat' dir='ltr'><strong>Canticorum.</strong></span> <span class='ocrx_word' id='word_1_211' title='bbox 2844 1326 2903 1381; x_wconf 83' lang='lat' dir='ltr'><strong>in</strong></span> <span class='ocrx_word' id='word_1_212' title='bbox 2933 1326 3017 1383; x_wconf 86' lang='lat' dir='ltr'><strong>his</strong></span> <span class='ocrx_word' id='word_1_213' title='bbox 3042 1328 3424 1384; x_wconf 88' lang='lat' dir='ltr'><strong>concluserunt</strong></span> <span class='ocrx_word' id='word_1_214' title='bbox 3453 1344 3550 1382; x_wconf 85' lang='lat' dir='ltr'><strong>nu-</strong></span> 
     </span>
    </p>
   </div>
   <div class='ocr_carea' id='block_1_29' title="bbox 1968 1418 3548 1488">
    <p class='ocr_par' dir='ltr' id='par_1_29' title="bbox 1968 1418 3548 1488">
     <span class='ocr_line' id='line_1_29' title="bbox 1968 1418 3548 1488; baseline -0.001 -16"><span class='ocrx_word' id='word_1_215' title='bbox 1968 1433 2173 1473; x_wconf 90' lang='lat' dir='ltr'><strong>merum</strong></span> <span class='ocrx_word' id='word_1_216' title='bbox 2205 1418 2465 1473; x_wconf 90' lang='lat' dir='ltr'><strong>librorum</strong></span> <span class='ocrx_word' id='word_1_217' title='bbox 2493 1419 2687 1473; x_wconf 87' lang='lat' dir='ltr'><strong>veteris</strong></span> <span class='ocrx_word' id='word_1_218' title='bbox 2713 1418 3066 1474; x_wconf 85' lang='lat' dir='ltr'><strong>Testamenti.</strong></span> <span class='ocrx_word' id='word_1_219' title='bbox 3099 1418 3232 1473; x_wconf 89' lang='lat' dir='ltr'><strong>Novi</strong></span> <span class='ocrx_word' id='word_1_220' title='bbox 3258 1433 3388 1473; x_wconf 89' lang='lat' dir='ltr'><strong>vero</strong></span> <span class='ocrx_word' id='word_1_221' title='bbox 3421 1434 3548 1488; x_wconf 79' lang='lat' dir='ltr'><strong>qua-</strong></span> 
     </span>
    </p>
   </div>
   <div class='ocr_carea' id='block_1_30' title="bbox 1967 1508 3547 1579">
    <p class='ocr_par' dir='ltr' id='par_1_30' title="bbox 1967 1508 3547 1579">
     <span class='ocr_line' id='line_1_30' title="bbox 1967 1508 3547 1579; baseline 0.001 -16"><span class='ocrx_word' id='word_1_222' title='bbox 1967 1517 2085 1563; x_wconf 92' lang='lat' dir='ltr'><strong>tuor</strong></span> <span class='ocrx_word' id='word_1_223' title='bbox 2124 1508 2425 1579; x_wconf 76' lang='lat' dir='ltr'><strong>Evangelia,</strong></span> <span class='ocrx_word' id='word_1_224' title='bbox 2463 1509 2732 1575; x_wconf 71' lang='lat' dir='ltr'><strong>Mattbmi,</strong></span> <span class='ocrx_word' id='word_1_225' title='bbox 2767 1509 2953 1577; x_wconf 81' lang='lat' dir='ltr'><strong>Marci,</strong></span> <span class='ocrx_word' id='word_1_226' title='bbox 2996 1509 3186 1572; x_wconf 68' lang='lat' dir='ltr'><strong>Lucae,</strong></span> <span class='ocrx_word' id='word_1_227' title='bbox 3219 1519 3275 1565; x_wconf 88' lang='lat' dir='ltr'><strong>et</strong></span> <span class='ocrx_word' id='word_1_228' title='bbox 3305 1510 3547 1565; x_wconf 87' lang='lat' dir='ltr'><strong>Joannis.</strong></span> 
     </span>
    </p>
   </div>
   <div class='ocr_carea' id='block_1_31' title="bbox 1963 1600 3549 1669">
    <p class='ocr_par' dir='ltr' id='par_1_31' title="bbox 1963 1600 3549 1669">
     <span class='ocr_line' id='line_1_31' title="bbox 1963 1600 3549 1669; baseline 0.001 -15"><span class='ocrx_word' id='word_1_229' title='bbox 1963 1600 2128 1655; x_wconf 82' lang='lat' dir='ltr'><strong>Actus</strong></span> <span class='ocrx_word' id='word_1_230' title='bbox 2168 1600 2571 1669; x_wconf 80' lang='lat' dir='ltr'><strong>Apostolorum,</strong></span> <span class='ocrx_word' id='word_1_231' title='bbox 2623 1617 2757 1667; x_wconf 88' lang='lat' dir='ltr'><strong>quos</strong></span> <span class='ocrx_word' id='word_1_232' title='bbox 2800 1603 3055 1658; x_wconf 88' lang='lat' dir='ltr'><strong>describit</strong></span> <span class='ocrx_word' id='word_1_233' title='bbox 3084 1612 3110 1650; x_wconf 77' lang='grc' dir='ltr'>ε</span> <span class='ocrx_word' id='word_1_234' title='bbox 3156 1603 3349 1658; x_wconf 86' lang='lat' dir='ltr'><strong>Lucas.</strong></span> <span class='ocrx_word' id='word_1_235' title='bbox 3396 1602 3549 1659; x_wconf 89' lang='lat' dir='ltr'><strong>Pauli</strong></span> 
     </span>
    </p>
   </div>
   <div class='ocr_carea' id='block_1_32' title="bbox 1964 1690 3545 1763">
    <p class='ocr_par' dir='ltr' id='par_1_32' title="bbox 1964 1690 3545 1763">
     <span class='ocr_line' id='line_1_32' title="bbox 1964 1690 3545 1763; baseline 0.002 -18"><span class='ocrx_word' id='word_1_236' title='bbox 1964 1690 2205 1759; x_wconf 84' lang='lat' dir='ltr'><strong>Apostoli</strong></span> <span class='ocrx_word' id='word_1_237' title='bbox 2233 1692 2485 1760; x_wconf 65' lang='lat' dir='ltr'><strong>Epistolis</strong></span> <span class='ocrx_word' id='word_1_238' title='bbox 2510 1694 2934 1763; x_wconf 84' lang='lat' dir='ltr'><strong>quatuordecim.</strong></span> <span class='ocrx_word' id='word_1_239' title='bbox 2970 1695 3109 1750; x_wconf 89' lang='lat' dir='ltr'><strong>Petri</strong></span> <span class='ocrx_word' id='word_1_240' title='bbox 3130 1694 3374 1763; x_wconf 90' lang='lat' dir='ltr'><strong>Apostoli</strong></span> <span class='ocrx_word' id='word_1_241' title='bbox 3402 1695 3545 1750; x_wconf 65' lang='lat' dir='ltr'><strong>duae.</strong></span> 
     </span>
    </p>
   </div>
   <div class='ocr_carea' id='block_1_33' title="bbox 274 1782 3546 1860">
    <p class='ocr_par' dir='ltr' id='par_1_33' title="bbox 274 1782 3546 1860">
     <span class='ocr_line' id='line_1_33' title="bbox 274 1782 3546 1860; baseline -0.001 -21"><span class='ocrx_word' id='word_1_242' title='bbox 274 1785 557 1849; x_wconf 87' lang='lat' dir='ltr'><strong>creaturis,</strong></span> <span class='ocrx_word' id='word_1_243' title='bbox 598 1791 654 1839; x_wconf 91' lang='lat' dir='ltr'><strong>et</strong></span> <span class='ocrx_word' id='word_1_244' title='bbox 682 1784 751 1839; x_wconf 91' lang='lat' dir='ltr'><strong>de</strong></span> <span class='ocrx_word' id='word_1_245' title='bbox 778 1784 1042 1854; x_wconf 86' lang='lat' dir='ltr'><strong>mysteriis</strong></span> <span class='ocrx_word' id='word_1_246' title='bbox 1089 1799 1269 1839; x_wconf 91' lang='lat' dir='ltr'><strong>sermo</strong></span> <span class='ocrx_word' id='word_1_247' title='bbox 1298 1796 1401 1853; x_wconf 85' lang='lat' dir='ltr'><strong>est,</strong></span> <span class='ocrx_word' id='word_1_248' title='bbox 1452 1789 1507 1842; x_wconf 83' lang='lat' dir='ltr'><strong>in</strong></span> <span class='ocrx_word' id='word_1_249' title='bbox 1552 1793 1857 1860; x_wconf 62' lang='lat' dir='ltr'><strong>praepositio</strong></span> <span class='ocrx_word' id='word_1_250' title='bbox 1889 1785 1936 1844; x_wconf 92' lang='lat' dir='ltr'><strong>B</strong></span> <span class='ocrx_word' id='word_1_251' title='bbox 1962 1782 2146 1838; x_wconf 83' lang='lat' dir='ltr'><strong>Jacobi</strong></span> <span class='ocrx_word' id='word_1_252' title='bbox 2192 1782 2370 1838; x_wconf 82' lang='lat' dir='ltr'><strong>fratris</strong></span> <span class='ocrx_word' id='word_1_253' title='bbox 2401 1784 2614 1839; x_wconf 89' lang='lat' dir='ltr'><strong>Domini</strong></span> <span class='ocrx_word' id='word_1_254' title='bbox 2662 1793 2719 1839; x_wconf 92' lang='lat' dir='ltr'><strong>et</strong></span> <span class='ocrx_word' id='word_1_255' title='bbox 2757 1784 2999 1853; x_wconf 82' lang='lat' dir='ltr'><strong>Apostoli</strong></span> <span class='ocrx_word' id='word_1_256' title='bbox 3043 1799 3170 1838; x_wconf 88' lang='lat' dir='ltr'><strong>una.</strong></span> <span class='ocrx_word' id='word_1_257' title='bbox 3219 1784 3373 1839; x_wconf 74' lang='lat' dir='ltr'><strong>Juda:</strong></span> <span class='ocrx_word' id='word_1_258' title='bbox 3419 1798 3546 1837; x_wconf 88' lang='lat' dir='ltr'><strong>una.</strong></span> 
     </span>
    </p>
   </div>
   <div class='ocr_carea' id='block_1_34' title="bbox 276 1876 1861 1944">
    <p class='ocr_par' dir='ltr' id='par_1_34' title="bbox 276 1876 1861 1944">
     <span class='ocr_line' id='line_1_34' title="bbox 276 1876 1861 1944; baseline 0.006 -13"><span class='ocrx_word' id='word_1_259' title='bbox 276 1893 379 1932; x_wconf 93' lang='lat' dir='ltr'><strong>non</strong></span> <span class='ocrx_word' id='word_1_260' title='bbox 408 1876 644 1944; x_wconf 83' lang='lat' dir='ltr'><strong>additur,</strong></span> <span class='ocrx_word' id='word_1_261' title='bbox 673 1884 731 1930; x_wconf 90' lang='lat' dir='ltr'><strong>ut</strong></span> <span class='ocrx_word' id='word_1_262' title='bbox 756 1876 984 1940; x_wconf 84' lang='lat' dir='ltr'><strong>dicatur,</strong></span> <span class='ocrx_word' id='word_1_263' title='bbox 1019 1876 1070 1930; x_wconf 93' lang='lat' dir='ltr'><strong>in</strong></span> <span class='ocrx_word' id='word_1_264' title='bbox 1099 1887 1281 1932; x_wconf 88' lang='lat' dir='ltr'><strong>sancta</strong></span> <span class='ocrx_word' id='word_1_265' title='bbox 1313 1880 1544 1935; x_wconf 86' lang='lat' dir='ltr'><strong>Ecclesia</strong></span> <span class='ocrx_word' id='word_1_266' title='bbox 1575 1900 1589 1935; x_wconf 91' lang='lat'><strong>:</strong></span> <span class='ocrx_word' id='word_1_267' title='bbox 1618 1884 1713 1939; x_wconf 91' lang='lat' dir='ltr'><strong>sed</strong></span> <span class='ocrx_word' id='word_1_268' title='bbox 1736 1899 1861 1940; x_wconf 90' lang='lat' dir='ltr'><strong>san-</strong></span> 
     </span>
    </p>
   </div>
   <div class='ocr_carea' id='block_1_35' title="bbox 273 1965 1859 2042">
    <p class='ocr_par' dir='ltr' id='par_1_35' title="bbox 273 1965 1859 2042">
     <span class='ocr_line' id='line_1_35' title="bbox 273 1965 1859 2042; baseline 0.007 -21"><span class='ocrx_word' id='word_1_269' title='bbox 273 1978 409 2022; x_wconf 89' lang='lat' dir='ltr'><strong>ctam</strong></span> <span class='ocrx_word' id='word_1_270' title='bbox 445 1967 739 2022; x_wconf 80' lang='lat' dir='ltr'><strong>Ecclesiam</strong></span> <span class='ocrx_word' id='word_1_271' title='bbox 768 1965 1096 2022; x_wconf 90' lang='lat' dir='ltr'><strong>credendam</strong></span> <span class='ocrx_word' id='word_1_272' title='bbox 1125 1982 1279 2034; x_wconf 91' lang='lat' dir='ltr'><strong>esse,</strong></span> <span class='ocrx_word' id='word_1_273' title='bbox 1310 1985 1415 2024; x_wconf 93' lang='lat' dir='ltr'><strong>non</strong></span> <span class='ocrx_word' id='word_1_274' title='bbox 1445 1982 1503 2027; x_wconf 89' lang='lat' dir='ltr'><strong>nt</strong></span> <span class='ocrx_word' id='word_1_275' title='bbox 1531 1973 1695 2029; x_wconf 91' lang='lat' dir='ltr'><strong>Deum</strong></span> <span class='ocrx_word' id='word_1_276' title='bbox 1717 2015 1734 2042; x_wconf 94' lang='lat'><strong>,</strong></span> <span class='ocrx_word' id='word_1_277' title='bbox 1764 1978 1859 2032; x_wconf 89' lang='lat' dir='ltr'><strong>sed</strong></span> 
     </span>
    </p>
   </div>
   <div class='ocr_carea' id='block_1_36' title="bbox 274 2057 1860 2134">
    <p class='ocr_par' dir='ltr' id='par_1_36' title="bbox 274 2057 1860 2134">
     <span class='ocr_line' id='line_1_36' title="bbox 274 2057 1860 2134; baseline 0.008 -24"><span class='ocrx_word' id='word_1_278' title='bbox 274 2067 331 2112; x_wconf 93' lang='lat' dir='ltr'><strong>ut</strong></span> <span class='ocrx_word' id='word_1_279' title='bbox 359 2058 652 2112; x_wconf 88' lang='lat' dir='ltr'><strong>Ecclesiam</strong></span> <span class='ocrx_word' id='word_1_280' title='bbox 681 2057 791 2111; x_wconf 93' lang='lat' dir='ltr'><strong>Deo</strong></span> <span class='ocrx_word' id='word_1_281' title='bbox 820 2065 1220 2128; x_wconf 86' lang='lat' dir='ltr'><strong>congregatam.</strong></span> <span class='ocrx_word' id='word_1_282' title='bbox 1243 2060 1309 2114; x_wconf 88' lang='lat' dir='ltr'><strong>Et</strong></span> <span class='ocrx_word' id='word_1_283' title='bbox 1334 2063 1704 2120; x_wconf 89' lang='lat' dir='ltr'><strong>remissionem</strong></span> <span class='ocrx_word' id='word_1_284' title='bbox 1736 2082 1860 2134; x_wconf 90' lang='lat' dir='ltr'><strong>pec-</strong></span> 
     </span>
    </p>
   </div>
   <div class='ocr_carea' id='block_1_37' title="bbox 271 2145 1857 2226">
    <p class='ocr_par' dir='ltr' id='par_1_37' title="bbox 271 2145 1857 2226">
     <span class='ocr_line' id='line_1_37' title="bbox 271 2145 1857 2226; baseline 0.008 -25"><span class='ocrx_word' id='word_1_285' title='bbox 271 2158 509 2202; x_wconf 90' lang='lat' dir='ltr'><strong>catorum</strong></span> <span class='ocrx_word' id='word_1_286' title='bbox 541 2145 568 2185; x_wconf 74' lang='grc' dir='ltr'><em>ά</em></span> <span class='ocrx_word' id='word_1_287' title='bbox 597 2148 820 2204; x_wconf 89' lang='lat' dir='ltr'><strong>credant</strong></span> <span class='ocrx_word' id='word_1_288' title='bbox 858 2162 1006 2214; x_wconf 91' lang='lat' dir='ltr'><strong>esse,</strong></span> <span class='ocrx_word' id='word_1_289' title='bbox 1040 2164 1144 2204; x_wconf 93' lang='lat' dir='ltr'><strong>non</strong></span> <span class='ocrx_word' id='word_1_290' title='bbox 1177 2150 1230 2204; x_wconf 89' lang='lat' dir='ltr'><strong>in</strong></span> <span class='ocrx_word' id='word_1_291' title='bbox 1260 2152 1631 2209; x_wconf 86' lang='lat' dir='ltr'><strong>remissionem</strong></span> <span class='ocrx_word' id='word_1_292' title='bbox 1665 2172 1857 2226; x_wconf 89' lang='lat' dir='ltr'><strong>pecca-</strong></span> 
     </span>
    </p>
   </div>
   <div class='ocr_carea' id='block_1_38' title="bbox 271 2244 1859 2312">
    <p class='ocr_par' dir='ltr' id='par_1_38' title="bbox 271 2244 1859 2312">
     <span class='ocr_line' id='line_1_38' title="bbox 271 2244 1859 2312; baseline 0.008 -17"><span class='ocrx_word' id='word_1_293' title='bbox 271 2249 444 2296; x_wconf 86' lang='lat' dir='ltr'><strong>torum</strong></span> <span class='ocrx_word' id='word_1_294' title='bbox 481 2259 495 2297; x_wconf 88' lang='lat'><strong>:</strong></span> <span class='ocrx_word' id='word_1_295' title='bbox 537 2244 1053 2297; x_wconf 88' lang='lat' dir='ltr'><strong>ctresnrrectionem</strong></span> <span class='ocrx_word' id='word_1_296' title='bbox 1083 2245 1258 2298; x_wconf 89' lang='lat' dir='ltr'><strong>carnis</strong></span> <span class='ocrx_word' id='word_1_297' title='bbox 1286 2246 1524 2312; x_wconf 88' lang='lat' dir='ltr'><strong>credant,</strong></span> <span class='ocrx_word' id='word_1_298' title='bbox 1558 2264 1662 2303; x_wconf 91' lang='lat' dir='ltr'><strong>non</strong></span> <span class='ocrx_word' id='word_1_299' title='bbox 1693 2253 1743 2306; x_wconf 92' lang='lat' dir='ltr'><strong>in</strong></span> <span class='ocrx_word' id='word_1_300' title='bbox 1774 2268 1859 2308; x_wconf 85' lang='lat' dir='ltr'><strong>re-</strong></span> 
     </span>
    </p>
   </div>
   <div class='ocr_carea' id='block_1_39' title="bbox 270 2332 1857 2412">
    <p class='ocr_par' dir='ltr' id='par_1_39' title="bbox 270 2332 1857 2412">
     <span class='ocr_line' id='line_1_39' title="bbox 270 2332 1857 2412; baseline 0.006 -25"><span class='ocrx_word' id='word_1_301' title='bbox 270 2334 658 2388; x_wconf 88' lang='lat' dir='ltr'><strong>surrectionem</strong></span> <span class='ocrx_word' id='word_1_302' title='bbox 688 2333 887 2387; x_wconf 87' lang='lat' dir='ltr'><strong>carnis.</strong></span> <span class='ocrx_word' id='word_1_303' title='bbox 920 2332 1030 2388; x_wconf 81' lang='lat' dir='ltr'><strong>llac</strong></span> <span class='ocrx_word' id='word_1_304' title='bbox 1062 2333 1243 2402; x_wconf 89' lang='lat' dir='ltr'><strong>itaque</strong></span> <span class='ocrx_word' id='word_1_305' title='bbox 1274 2338 1669 2405; x_wconf 72' lang='lat' dir='ltr'><strong>prmpositionis</strong></span> <span class='ocrx_word' id='word_1_306' title='bbox 1697 2343 1857 2412; x_wconf 88' lang='lat' dir='ltr'><strong>sylla-</strong></span> 
     </span>
    </p>
   </div>
   <div class='ocr_carea' id='block_1_40' title="bbox 269 2421 1857 2500">
    <p class='ocr_par' dir='ltr' id='par_1_40' title="bbox 269 2421 1857 2500">
     <span class='ocr_line' id='line_1_40' title="bbox 269 2421 1857 2500; baseline 0.006 -23"><span class='ocrx_word' id='word_1_307' title='bbox 269 2424 365 2488; x_wconf 91' lang='lat' dir='ltr'><strong>ba,</strong></span> <span class='ocrx_word' id='word_1_308' title='bbox 404 2432 616 2478; x_wconf 85' lang='lat' dir='ltr'><strong>creator</strong></span> <span class='ocrx_word' id='word_1_309' title='bbox 658 2439 689 2477; x_wconf 91' lang='lat' dir='ltr'><strong>a</strong></span> <span class='ocrx_word' id='word_1_310' title='bbox 732 2421 997 2478; x_wconf 89' lang='lat' dir='ltr'><strong>creaturis</strong></span> <span class='ocrx_word' id='word_1_311' title='bbox 1044 2424 1363 2490; x_wconf 88' lang='lat' dir='ltr'><strong>secernitur,</strong></span> <span class='ocrx_word' id='word_1_312' title='bbox 1394 2437 1450 2480; x_wconf 90' lang='lat' dir='ltr'><strong>et</strong></span> <span class='ocrx_word' id='word_1_313' title='bbox 1478 2428 1657 2484; x_wconf 89' lang='lat' dir='ltr'><strong>divina</strong></span> <span class='ocrx_word' id='word_1_314' title='bbox 1702 2446 1857 2500; x_wconf 88' lang='lat' dir='ltr'><strong>sepa-</strong></span> 
     </span>
    </p>
   </div>
   <div class='ocr_carea' id='block_1_41' title="bbox 266 2513 1852 2589">
    <p class='ocr_par' dir='ltr' id='par_1_41' title="bbox 266 2513 1852 2589">
     <span class='ocr_line' id='line_1_41' title="bbox 266 2513 1852 2589; baseline 0.003 -19"><span class='ocrx_word' id='word_1_315' title='bbox 266 2524 469 2581; x_wconf 77' lang='lat' dir='ltr'><strong>rantur,</strong></span> <span class='ocrx_word' id='word_1_316' title='bbox 498 2516 565 2570; x_wconf 90' lang='lat' dir='ltr'><strong>ab</strong></span> <span class='ocrx_word' id='word_1_317' title='bbox 599 2515 868 2569; x_wconf 82' lang='lat' dir='ltr'><strong>humanis.</strong></span> <span class='ocrx_word' id='word_1_318' title='bbox 924 2514 1021 2569; x_wconf 82' lang='lat' dir='ltr'><strong>llic</strong></span> <span class='ocrx_word' id='word_1_319' title='bbox 1050 2513 1208 2582; x_wconf 79' lang='lat' dir='ltr'><strong>igitur</strong></span> <span class='ocrx_word' id='word_1_320' title='bbox 1236 2515 1467 2584; x_wconf 89' lang='lat' dir='ltr'><strong>Spiritus</strong></span> <span class='ocrx_word' id='word_1_321' title='bbox 1494 2520 1721 2575; x_wconf 91' lang='lat' dir='ltr'><strong>Sanctus</strong></span> <span class='ocrx_word' id='word_1_322' title='bbox 1750 2531 1852 2589; x_wconf 89' lang='lat' dir='ltr'><strong>est,</strong></span> 
     </span>
    </p>
   </div>
   <div class='ocr_carea' id='block_1_42' title="bbox 266 2606 1854 2681">
    <p class='ocr_par' dir='ltr' id='par_1_42' title="bbox 266 2606 1854 2681">
     <span class='ocr_line' id='line_1_42' title="bbox 266 2606 1854 2681; baseline 0.007 -23"><span class='ocrx_word' id='word_1_323' title='bbox 266 2607 352 2674; x_wconf 90' lang='lat' dir='ltr'><strong>qui</strong></span> <span class='ocrx_word' id='word_1_324' title='bbox 403 2609 455 2661; x_wconf 94' lang='lat' dir='ltr'><strong>in</strong></span> <span class='ocrx_word' id='word_1_325' title='bbox 503 2607 673 2663; x_wconf 87' lang='lat' dir='ltr'><strong>veteri</strong></span> <span class='ocrx_word' id='word_1_326' title='bbox 718 2606 1060 2662; x_wconf 90' lang='lat' dir='ltr'><strong>Testamento</strong></span> <span class='ocrx_word' id='word_1_327' title='bbox 1101 2608 1296 2677; x_wconf 87' lang='lat' dir='ltr'><strong>Legem</strong></span> <span class='ocrx_word' id='word_1_328' title='bbox 1346 2619 1398 2664; x_wconf 92' lang='lat' dir='ltr'><strong>et</strong></span> <span class='ocrx_word' id='word_1_329' title='bbox 1446 2610 1768 2681; x_wconf 80' lang='lat' dir='ltr'><strong>PrOphetas,</strong></span> <span class='ocrx_word' id='word_1_330' title='bbox 1799 2614 1854 2669; x_wconf 92' lang='lat' dir='ltr'><strong>in</strong></span> 
     </span>
    </p>
   </div>
   <div class='ocr_carea' id='block_1_43' title="bbox 265 2697 1855 2769">
    <p class='ocr_par' dir='ltr' id='par_1_43' title="bbox 265 2697 1855 2769">
     <span class='ocr_line' id='line_1_43' title="bbox 265 2697 1855 2769; baseline 0.007 -20"><span class='ocrx_word' id='word_1_331' title='bbox 265 2711 402 2750; x_wconf 93' lang='lat' dir='ltr'><strong>novo</strong></span> <span class='ocrx_word' id='word_1_332' title='bbox 439 2697 745 2766; x_wconf 81' lang='lat' dir='ltr'><strong>Evangelia,</strong></span> <span class='ocrx_word' id='word_1_333' title='bbox 796 2711 851 2754; x_wconf 91' lang='lat' dir='ltr'><strong>et</strong></span> <span class='ocrx_word' id='word_1_334' title='bbox 893 2701 1179 2768; x_wconf 83' lang='lat' dir='ltr'><strong>Apostolos</strong></span> <span class='ocrx_word' id='word_1_335' title='bbox 1236 2700 1540 2769; x_wconf 79' lang='lat' dir='ltr'><strong>inSpiravit.</strong></span> <span class='ocrx_word' id='word_1_336' title='bbox 1605 2701 1756 2758; x_wconf 90' lang='lat' dir='ltr'><strong>Unde</strong></span> <span class='ocrx_word' id='word_1_337' title='bbox 1799 2714 1855 2760; x_wconf 82' lang='lat' dir='ltr'><strong>et</strong></span> 
     </span>
    </p>
   </div>
   <div class='ocr_carea' id='block_1_44' title="bbox 269 2789 1852 2862">
    <p class='ocr_par' dir='ltr' id='par_1_44' title="bbox 269 2789 1852 2862">
     <span class='ocr_line' id='line_1_44' title="bbox 269 2789 1852 2862; baseline 0.005 -20"><span class='ocrx_word' id='word_1_338' title='bbox 269 2789 425 2859; x_wconf 77' lang='lat'><strong>100</strong></span> <span class='ocrx_word' id='word_1_339' title='bbox 450 2792 740 2858; x_wconf 84' lang='lat' dir='ltr'><strong>Apostolus</strong></span> <span class='ocrx_word' id='word_1_340' title='bbox 786 2792 917 2847; x_wconf 91' lang='lat' dir='ltr'><strong>dicit</strong></span> <span class='ocrx_word' id='word_1_341' title='bbox 949 2810 961 2846; x_wconf 91' lang='lat'>:</span> <span class='ocrx_word' id='word_1_342' title='bbox 998 2794 1175 2847; x_wconf 80' lang='lat' dir='ltr'><strong>Omnis</strong></span> <span class='ocrx_word' id='word_1_343' title='bbox 1204 2794 1459 2862; x_wconf 87' lang='lat' dir='ltr'><strong>scriptura</strong></span> <span class='ocrx_word' id='word_1_344' title='bbox 1498 2794 1740 2849; x_wconf 85' lang='lat' dir='ltr'><strong>divinitus</strong></span> <span class='ocrx_word' id='word_1_345' title='bbox 1768 2797 1852 2850; x_wconf 85' lang='lat' dir='ltr'><strong>in—</strong></span> 
     </span>
    </p>
   </div>
   <div class='ocr_carea' id='block_1_45' title="bbox 260 2879 1850 2953">
    <p class='ocr_par' dir='ltr' id='par_1_45' title="bbox 260 2879 1850 2953">
     <span class='ocr_line' id='line_1_45' title="bbox 260 2879 1850 2953; baseline 0.007 -24"><span class='ocrx_word' id='word_1_346' title='bbox 260 2879 474 2944; x_wconf 79' lang='lat' dir='ltr'><strong>spirata,</strong></span> <span class='ocrx_word' id='word_1_347' title='bbox 505 2881 649 2932; x_wconf 79' lang='lat' dir='ltr'><strong>utilis</strong></span> <span class='ocrx_word' id='word_1_348' title='bbox 687 2888 762 2935; x_wconf 89' lang='lat' dir='ltr'><strong>est</strong></span> <span class='ocrx_word' id='word_1_349' title='bbox 793 2882 861 2934; x_wconf 88' lang='lat' dir='ltr'><strong>ad</strong></span> <span class='ocrx_word' id='word_1_350' title='bbox 886 2884 1167 2937; x_wconf 83' lang='lat' dir='ltr'><strong>docendum</strong></span> <span class='ocrx_word' id='word_1_351' title='bbox 1195 2882 1271 2950; x_wconf 71' lang='grc'><strong>(2.</strong></span> <span class='ocrx_word' id='word_1_352' title='bbox 1301 2882 1436 2936; x_wconf 88' lang='lat' dir='ltr'><strong>Tim.</strong></span> <span class='ocrx_word' id='word_1_353' title='bbox 1464 2883 1568 2951; x_wconf 78' lang='lat'><strong>3.).</strong></span> <span class='ocrx_word' id='word_1_354' title='bbox 1604 2885 1666 2937; x_wconf 84' lang='lat' dir='ltr'><strong>Et</strong></span> <span class='ocrx_word' id='word_1_355' title='bbox 1711 2885 1850 2953; x_wconf 89' lang='lat' dir='ltr'><strong>ideo,</strong></span> 
     </span>
    </p>
   </div>
   <div class='ocr_carea' id='block_1_46' title="bbox 261 2973 1852 3047">
    <p class='ocr_par' dir='ltr' id='par_1_46' title="bbox 261 2973 1852 3047">
     <span class='ocr_line' id='line_1_46' title="bbox 261 2973 1852 3047; baseline 0.008 -27"><span class='ocrx_word' id='word_1_356' title='bbox 261 2983 377 3035; x_wconf 66' lang='lat' dir='ltr'><strong>quae</strong></span> <span class='ocrx_word' id='word_1_357' title='bbox 406 2979 532 3024; x_wconf 89' lang='lat' dir='ltr'><strong>sunt</strong></span> <span class='ocrx_word' id='word_1_358' title='bbox 564 2973 689 3026; x_wconf 87' lang='lat' dir='ltr'><strong>novi</strong></span> <span class='ocrx_word' id='word_1_359' title='bbox 721 2987 784 3026; x_wconf 88' lang='lat' dir='ltr'><strong>ac</strong></span> <span class='ocrx_word' id='word_1_360' title='bbox 812 2978 1009 3029; x_wconf 87' lang='lat' dir='ltr'><strong>veteris</strong></span> <span class='ocrx_word' id='word_1_361' title='bbox 1034 2975 1361 3030; x_wconf 88' lang='lat' dir='ltr'><strong>Testamenti</strong></span> <span class='ocrx_word' id='word_1_362' title='bbox 1394 2976 1700 3041; x_wconf 87' lang='lat' dir='ltr'><strong>volumina,</strong></span> <span class='ocrx_word' id='word_1_363' title='bbox 1731 2992 1852 3047; x_wconf 70' lang='lat' dir='ltr'><strong>qua:</strong></span> 
     </span>
    </p>
   </div>
   <div class='ocr_carea' id='block_1_47' title="bbox 259 3059 1848 3133">
    <p class='ocr_par' dir='ltr' id='par_1_47' title="bbox 259 3059 1848 3133">
     <span class='ocr_line' id='line_1_47' title="bbox 259 3059 1848 3133; baseline 0.008 -23"><span class='ocrx_word' id='word_1_364' title='bbox 259 3059 553 3114; x_wconf 86' lang='lat' dir='ltr'><strong>secundum</strong></span> <span class='ocrx_word' id='word_1_365' title='bbox 589 3065 854 3131; x_wconf 82' lang='lat' dir='ltr'><strong>majorum</strong></span> <span class='ocrx_word' id='word_1_366' title='bbox 887 3064 1224 3119; x_wconf 89' lang='lat' dir='ltr'><strong>traditionem</strong></span> <span class='ocrx_word' id='word_1_367' title='bbox 1256 3079 1352 3133; x_wconf 87' lang='lat' dir='ltr'><strong>per</strong></span> <span class='ocrx_word' id='word_1_368' title='bbox 1389 3065 1561 3132; x_wconf 91' lang='lat' dir='ltr'><strong>ipsum</strong></span> <span class='ocrx_word' id='word_1_369' title='bbox 1592 3066 1848 3133; x_wconf 77' lang='lat' dir='ltr'><strong>Spiritum</strong></span> 
     </span>
    </p>
   </div>
   <div class='ocr_carea' id='block_1_48' title="bbox 1962 1875 3551 1946">
    <p class='ocr_par' dir='ltr' id='par_1_48' title="bbox 1962 1875 3551 1946">
     <span class='ocr_line' id='line_1_48' title="bbox 1962 1875 3551 1946; baseline -0.001 -16"><span class='ocrx_word' id='word_1_370' title='bbox 1962 1875 2182 1930; x_wconf 89' lang='lat' dir='ltr'><strong>Joannis</strong></span> <span class='ocrx_word' id='word_1_371' title='bbox 2230 1885 2358 1929; x_wconf 91' lang='lat' dir='ltr'><strong>tres.</strong></span> <span class='ocrx_word' id='word_1_372' title='bbox 2407 1875 2758 1946; x_wconf 80' lang='lat' dir='ltr'><strong>Apocalypsis</strong></span> <span class='ocrx_word' id='word_1_373' title='bbox 2803 1876 3045 1930; x_wconf 88' lang='lat' dir='ltr'><strong>Joannis.</strong></span> <span class='ocrx_word' id='word_1_374' title='bbox 3101 1876 3226 1930; x_wconf 66' lang='lat' dir='ltr'><strong>Hmc</strong></span> <span class='ocrx_word' id='word_1_375' title='bbox 3269 1882 3395 1929; x_wconf 89' lang='lat' dir='ltr'><strong>sunt</strong></span> <span class='ocrx_word' id='word_1_376' title='bbox 3428 1889 3551 1944; x_wconf 79' lang='lat' dir='ltr'><strong>qua:</strong></span> 
     </span>
    </p>
   </div>
   <div class='ocr_carea' id='block_1_49' title="bbox 1962 1964 3551 2034">
    <p class='ocr_par' dir='ltr' id='par_1_49' title="bbox 1962 1964 3551 2034">
     <span class='ocr_line' id='line_1_49' title="bbox 1962 1964 3551 2034; baseline -0.001 -14"><span class='ocrx_word' id='word_1_377' title='bbox 1962 1967 2149 2020; x_wconf 85' lang='lat' dir='ltr'><strong>Patres</strong></span> <span class='ocrx_word' id='word_1_378' title='bbox 2177 1965 2311 2020; x_wconf 91' lang='lat' dir='ltr'><strong>intra</strong></span> <span class='ocrx_word' id='word_1_379' title='bbox 2343 1978 2604 2020; x_wconf 91' lang='lat' dir='ltr'><strong>canonem</strong></span> <span class='ocrx_word' id='word_1_380' title='bbox 2636 1966 3018 2021; x_wconf 89' lang='lat' dir='ltr'><strong>concluserunt</strong></span> <span class='ocrx_word' id='word_1_381' title='bbox 3040 2009 3055 2034; x_wconf 91' lang='lat'><strong>,</strong></span> <span class='ocrx_word' id='word_1_382' title='bbox 3086 1975 3142 2019; x_wconf 92' lang='lat' dir='ltr'><strong>et</strong></span> <span class='ocrx_word' id='word_1_383' title='bbox 3169 1979 3235 2019; x_wconf 80' lang='lat' dir='ltr'><strong>ex</strong></span> <span class='ocrx_word' id='word_1_384' title='bbox 3260 1964 3453 2034; x_wconf 90' lang='lat' dir='ltr'><strong>quibus</strong></span> <span class='ocrx_word' id='word_1_385' title='bbox 3494 1965 3551 2017; x_wconf 84' lang='lat' dir='ltr'><strong>li-</strong></span> 
     </span>
    </p>
   </div>
   <div class='ocr_carea' id='block_1_50' title="bbox 1962 2059 3263 2115">
    <p class='ocr_par' dir='ltr' id='par_1_50' title="bbox 1962 2059 3263 2115">
     <span class='ocr_line' id='line_1_50' title="bbox 1962 2059 3263 2115; baseline 0.001 -1"><span class='ocrx_word' id='word_1_386' title='bbox 1962 2059 2045 2115; x_wconf 92' lang='lat' dir='ltr'><strong>dei</strong></span> <span class='ocrx_word' id='word_1_387' title='bbox 2076 2068 2272 2115; x_wconf 67' lang='lat' dir='ltr'><strong>nostra:</strong></span> <span class='ocrx_word' id='word_1_388' title='bbox 2311 2060 2641 2114; x_wconf 90' lang='lat' dir='ltr'><strong>assertiones</strong></span> <span class='ocrx_word' id='word_1_389' title='bbox 2676 2068 2930 2115; x_wconf 80' lang='lat' dir='ltr'><strong>constare</strong></span> <span class='ocrx_word' id='word_1_390' title='bbox 2959 2061 3263 2115; x_wconf 89' lang='lat' dir='ltr'><strong>voluerunt.</strong></span> 
     </span>
    </p>
   </div>
   <div class='ocr_carea' id='block_1_51' title="bbox 2030 2151 3547 2222">
    <p class='ocr_par' dir='ltr' id='par_1_51' title="bbox 2030 2151 3547 2222">
     <span class='ocr_line' id='line_1_51' title="bbox 2030 2151 3547 2222; baseline -0.001 -15"><span class='ocrx_word' id='word_1_391' title='bbox 2030 2152 2120 2207; x_wconf 75' lang='lat'><strong>58.</strong></span> <span class='ocrx_word' id='word_1_392' title='bbox 2162 2151 2449 2207; x_wconf 85' lang='lat' dir='ltr'><strong>Sciendum</strong></span> <span class='ocrx_word' id='word_1_393' title='bbox 2495 2160 2672 2206; x_wconf 91' lang='lat' dir='ltr'><strong>tamen</strong></span> <span class='ocrx_word' id='word_1_394' title='bbox 2700 2161 2804 2217; x_wconf 92' lang='lat' dir='ltr'><strong>est,</strong></span> <span class='ocrx_word' id='word_1_395' title='bbox 2833 2152 2974 2222; x_wconf 91' lang='lat' dir='ltr'><strong>quod</strong></span> <span class='ocrx_word' id='word_1_396' title='bbox 3017 2161 3072 2207; x_wconf 90' lang='lat' dir='ltr'><strong>et</strong></span> <span class='ocrx_word' id='word_1_397' title='bbox 3111 2153 3201 2207; x_wconf 87' lang='lat' dir='ltr'><strong>alii</strong></span> <span class='ocrx_word' id='word_1_398' title='bbox 3250 2153 3369 2207; x_wconf 88' lang='lat' dir='ltr'><strong>libri</strong></span> <span class='ocrx_word' id='word_1_399' title='bbox 3399 2162 3547 2216; x_wconf 90' lang='lat' dir='ltr'><strong>sunt,</strong></span> 
     </span>
    </p>
   </div>
   <div class='ocr_carea' id='block_1_52' title="bbox 1959 2238 3549 2312">
    <p class='ocr_par' dir='ltr' id='par_1_52' title="bbox 1959 2238 3549 2312">
     <span class='ocr_line' id='line_1_52' title="bbox 1959 2238 3549 2312; baseline 0.001 -16"><span class='ocrx_word' id='word_1_400' title='bbox 1959 2241 2051 2311; x_wconf 89' lang='lat' dir='ltr'><strong>qui</strong></span> <span class='ocrx_word' id='word_1_401' title='bbox 2097 2257 2204 2297; x_wconf 91' lang='lat' dir='ltr'><strong>non</strong></span> <span class='ocrx_word' id='word_1_402' title='bbox 2243 2238 2273 2279; x_wconf 79' lang='grc' dir='ltr'><strong>¹ι</strong></span> <span class='ocrx_word' id='word_1_403' title='bbox 2316 2242 2583 2307; x_wconf 89' lang='lat' dir='ltr'><strong>canonici,</strong></span> <span class='ocrx_word' id='word_1_404' title='bbox 2628 2243 2724 2298; x_wconf 87' lang='lat' dir='ltr'><strong>sed</strong></span> <span class='ocrx_word' id='word_1_405' title='bbox 2762 2243 3126 2299; x_wconf 87' lang='lat' dir='ltr'><strong>Ecclesiastici</strong></span> <span class='ocrx_word' id='word_1_406' title='bbox 3175 2260 3206 2298; x_wconf 90' lang='lat' dir='ltr'><strong>a</strong></span> <span class='ocrx_word' id='word_1_407' title='bbox 3255 2243 3549 2312; x_wconf 86' lang='lat' dir='ltr'><strong>majoribus</strong></span> 
     </span>
    </p>
   </div>
   <div class='ocr_carea' id='block_1_53' title="bbox 1957 2334 3547 2405">
    <p class='ocr_par' dir='ltr' id='par_1_53' title="bbox 1957 2334 3547 2405">
     <span class='ocr_line' id='line_1_53' title="bbox 1957 2334 3547 2405; baseline 0 -17"><span class='ocrx_word' id='word_1_408' title='bbox 1957 2334 2204 2402; x_wconf 85' lang='lat' dir='ltr'><strong>appellati</strong></span> <span class='ocrx_word' id='word_1_409' title='bbox 2234 2342 2381 2399; x_wconf 90' lang='lat' dir='ltr'><strong>sunt,</strong></span> <span class='ocrx_word' id='word_1_410' title='bbox 2415 2334 2464 2388; x_wconf 89' lang='lat' dir='ltr'><strong>id</strong></span> <span class='ocrx_word' id='word_1_411' title='bbox 2495 2343 2597 2396; x_wconf 88' lang='lat' dir='ltr'><strong>est.</strong></span> <span class='ocrx_word' id='word_1_412' title='bbox 2621 2335 2911 2403; x_wconf 85' lang='lat' dir='ltr'><strong>Sapientia,</strong></span> <span class='ocrx_word' id='word_1_413' title='bbox 2943 2350 3061 2405; x_wconf 71' lang='lat' dir='ltr'><strong>quae</strong></span> <span class='ocrx_word' id='word_1_414' title='bbox 3088 2336 3281 2389; x_wconf 91' lang='lat' dir='ltr'><strong>dicitur</strong></span> <span class='ocrx_word' id='word_1_415' title='bbox 3300 2336 3547 2389; x_wconf 85' lang='lat' dir='ltr'><strong>Salomo-</strong></span> 
     </span>
    </p>
   </div>
   <div class='ocr_carea' id='block_1_54' title="bbox 1959 2425 3546 2497">
    <p class='ocr_par' dir='ltr' id='par_1_54' title="bbox 1959 2425 3546 2497">
     <span class='ocr_line' id='line_1_54' title="bbox 1959 2425 3546 2497; baseline 0.001 -18"><span class='ocrx_word' id='word_1_416' title='bbox 1959 2427 2164 2492; x_wconf 91' lang='lat' dir='ltr'><strong>monis,</strong></span> <span class='ocrx_word' id='word_1_417' title='bbox 2203 2427 2356 2496; x_wconf 79' lang='lat'><strong>101</strong></span> <span class='ocrx_word' id='word_1_418' title='bbox 2389 2433 2444 2481; x_wconf 90' lang='lat' dir='ltr'><strong>et</strong></span> <span class='ocrx_word' id='word_1_419' title='bbox 2473 2425 2579 2479; x_wconf 90' lang='lat' dir='ltr'><strong>alia</strong></span> <span class='ocrx_word' id='word_1_420' title='bbox 2607 2426 2909 2496; x_wconf 86' lang='lat' dir='ltr'><strong>Sapientia,</strong></span> <span class='ocrx_word' id='word_1_421' title='bbox 2944 2442 3065 2494; x_wconf 65' lang='lat' dir='ltr'><strong>qum</strong></span> <span class='ocrx_word' id='word_1_422' title='bbox 3093 2427 3286 2480; x_wconf 88' lang='lat' dir='ltr'><strong>dicitur</strong></span> <span class='ocrx_word' id='word_1_423' title='bbox 3316 2427 3410 2480; x_wconf 86' lang='lat' dir='ltr'><strong>lilii</strong></span> <span class='ocrx_word' id='word_1_424' title='bbox 3436 2426 3546 2497; x_wconf 85' lang='lat' dir='ltr'><strong>Sy-</strong></span> 
     </span>
    </p>
   </div>
   <div class='ocr_carea' id='block_1_55' title="bbox 1957 2514 3548 2585">
    <p class='ocr_par' dir='ltr' id='par_1_55' title="bbox 1957 2514 3548 2585">
     <span class='ocr_line' id='line_1_55' title="bbox 1957 2514 3548 2585; baseline 0.003 -18"><span class='ocrx_word' id='word_1_425' title='bbox 1957 2515 2105 2578; x_wconf 91' lang='lat' dir='ltr'><strong>racb,</strong></span> <span class='ocrx_word' id='word_1_426' title='bbox 2134 2516 2222 2583; x_wconf 89' lang='lat' dir='ltr'><strong>qui</strong></span> <span class='ocrx_word' id='word_1_427' title='bbox 2254 2514 2389 2569; x_wconf 90' lang='lat' dir='ltr'><strong>liber</strong></span> <span class='ocrx_word' id='word_1_428' title='bbox 2419 2515 2559 2583; x_wconf 89' lang='lat' dir='ltr'><strong>apud</strong></span> <span class='ocrx_word' id='word_1_429' title='bbox 2595 2514 2815 2569; x_wconf 85' lang='lat' dir='ltr'><strong>Latinos</strong></span> <span class='ocrx_word' id='word_1_430' title='bbox 2847 2516 2948 2569; x_wconf 93' lang='lat' dir='ltr'><strong>hoc</strong></span> <span class='ocrx_word' id='word_1_431' title='bbox 2974 2514 3091 2584; x_wconf 92' lang='lat' dir='ltr'><strong>ipso</strong></span> <span class='ocrx_word' id='word_1_432' title='bbox 3118 2517 3356 2585; x_wconf 88' lang='lat' dir='ltr'><strong>generali</strong></span> <span class='ocrx_word' id='word_1_433' title='bbox 3388 2532 3548 2572; x_wconf 81' lang='lat' dir='ltr'><strong>voca-</strong></span> 
     </span>
    </p>
   </div>
   <div class='ocr_carea' id='block_1_56' title="bbox 1954 2592 3567 2675">
    <p class='ocr_par' dir='ltr' id='par_1_56' title="bbox 1954 2592 3567 2675">
     <span class='ocr_line' id='line_1_56' title="bbox 1954 2592 3567 2675; baseline 0 -15"><span class='ocrx_word' id='word_1_434' title='bbox 1954 2604 2083 2660; x_wconf 86' lang='lat' dir='ltr'><strong>bulo</strong></span> <span class='ocrx_word' id='word_1_435' title='bbox 2106 2605 2521 2660; x_wconf 87' lang='lat' dir='ltr'><strong>Ecclesiasticus</strong></span> <span class='ocrx_word' id='word_1_436' title='bbox 2548 2607 2867 2674; x_wconf 86' lang='lat' dir='ltr'><strong>appellatur,</strong></span> <span class='ocrx_word' id='word_1_437' title='bbox 2896 2619 3003 2675; x_wconf 90' lang='lat' dir='ltr'><strong>quo</strong></span> <span class='ocrx_word' id='word_1_438' title='bbox 3025 2605 3286 2660; x_wconf 89' lang='lat' dir='ltr'><strong>vocabulo</strong></span> <span class='ocrx_word' id='word_1_439' title='bbox 3316 2620 3418 2659; x_wconf 92' lang='lat' dir='ltr'><strong>non</strong></span> <span class='ocrx_word' id='word_1_440' title='bbox 3452 2592 3567 2660; x_wconf 41' lang='lat' dir='ltr'><strong>an?</strong></span> 
     </span>
    </p>
   </div>
   <div class='ocr_carea' id='block_1_57' title="bbox 1954 2697 3545 2768">
    <p class='ocr_par' dir='ltr' id='par_1_57' title="bbox 1954 2697 3545 2768">
     <span class='ocr_line' id='line_1_57' title="bbox 1954 2697 3545 2768; baseline -0.001 -16"><span class='ocrx_word' id='word_1_441' title='bbox 1954 2707 2074 2753; x_wconf 91' lang='lat' dir='ltr'><strong>ctor</strong></span> <span class='ocrx_word' id='word_1_442' title='bbox 2098 2697 2299 2763; x_wconf 87' lang='lat' dir='ltr'><strong>libelli,</strong></span> <span class='ocrx_word' id='word_1_443' title='bbox 2329 2698 2423 2753; x_wconf 87' lang='lat' dir='ltr'><strong>sed</strong></span> <span class='ocrx_word' id='word_1_444' title='bbox 2452 2700 2746 2767; x_wconf 64' lang='lat' dir='ltr'><strong>Scriptura:</strong></span> <span class='ocrx_word' id='word_1_445' title='bbox 2774 2698 3008 2768; x_wconf 90' lang='lat' dir='ltr'><strong>qualitas</strong></span> <span class='ocrx_word' id='word_1_446' title='bbox 3039 2700 3411 2766; x_wconf 84' lang='lat' dir='ltr'><strong>cognominata</strong></span> <span class='ocrx_word' id='word_1_447' title='bbox 3440 2707 3545 2753; x_wconf 90' lang='lat' dir='ltr'><strong>est.</strong></span> 
     </span>
    </p>
   </div>
   <div class='ocr_carea' id='block_1_58' title="bbox 1955 2788 3542 2857">
    <p class='ocr_par' dir='ltr' id='par_1_58' title="bbox 1955 2788 3542 2857">
     <span class='ocr_line' id='line_1_58' title="bbox 1955 2788 3542 2857; baseline 0 -14"><span class='ocrx_word' id='word_1_448' title='bbox 1955 2788 2206 2857; x_wconf 90' lang='lat' dir='ltr'><strong>Ejusdem</strong></span> <span class='ocrx_word' id='word_1_449' title='bbox 2241 2788 2258 2826; x_wconf 85' lang='grc' dir='ltr'><strong>ί</strong></span> <span class='ocrx_word' id='word_1_450' title='bbox 2291 2805 2423 2845; x_wconf 91' lang='lat' dir='ltr'><strong>vero</strong></span> <span class='ocrx_word' id='word_1_451' title='bbox 2454 2788 2662 2844; x_wconf 91' lang='lat' dir='ltr'><strong>ordinis</strong></span> <span class='ocrx_word' id='word_1_452' title='bbox 2689 2789 2906 2844; x_wconf 89' lang='lat' dir='ltr'><strong>libellus</strong></span> <span class='ocrx_word' id='word_1_453' title='bbox 2935 2799 3019 2845; x_wconf 88' lang='lat' dir='ltr'><strong>est</strong></span> <span class='ocrx_word' id='word_1_454' title='bbox 3041 2790 3223 2845; x_wconf 85' lang='lat' dir='ltr'><strong>Tobiae</strong></span> <span class='ocrx_word' id='word_1_455' title='bbox 3251 2798 3306 2845; x_wconf 90' lang='lat' dir='ltr'><strong>et</strong></span> <span class='ocrx_word' id='word_1_456' title='bbox 3332 2789 3542 2853; x_wconf 88' lang='lat' dir='ltr'><strong>Judith,</strong></span> 
     </span>
    </p>
   </div>
   <div class='ocr_carea' id='block_1_59' title="bbox 1954 2879 3545 2935">
    <p class='ocr_par' dir='ltr' id='par_1_59' title="bbox 1954 2879 3545 2935">
     <span class='ocr_line' id='line_1_59' title="bbox 1954 2879 3545 2935; baseline -0.001 0"><span class='ocrx_word' id='word_1_457' title='bbox 1954 2889 2009 2935; x_wconf 89' lang='lat' dir='ltr'><strong>et</strong></span> <span class='ocrx_word' id='word_1_458' title='bbox 2036 2879 2465 2934; x_wconf 68' lang='lat' dir='ltr'><strong>Macbabaaorum</strong></span> <span class='ocrx_word' id='word_1_459' title='bbox 2497 2880 2639 2935; x_wconf 90' lang='lat' dir='ltr'><strong>libri.</strong></span> <span class='ocrx_word' id='word_1_460' title='bbox 2693 2881 2751 2935; x_wconf 91' lang='lat' dir='ltr'><strong>ln</strong></span> <span class='ocrx_word' id='word_1_461' title='bbox 2783 2896 2922 2935; x_wconf 94' lang='lat' dir='ltr'><strong>novo</strong></span> <span class='ocrx_word' id='word_1_462' title='bbox 2950 2895 3080 2934; x_wconf 90' lang='lat' dir='ltr'><strong>vero</strong></span> <span class='ocrx_word' id='word_1_463' title='bbox 3106 2880 3451 2935; x_wconf 87' lang='lat' dir='ltr'><strong>Testamento</strong></span> <span class='ocrx_word' id='word_1_464' title='bbox 3480 2881 3545 2934; x_wconf 90' lang='lat' dir='ltr'><strong>li-</strong></span> 
     </span>
    </p>
   </div>
   <div class='ocr_carea' id='block_1_60' title="bbox 1955 2970 3546 3041">
    <p class='ocr_par' dir='ltr' id='par_1_60' title="bbox 1955 2970 3546 3041">
     <span class='ocr_line' id='line_1_60' title="bbox 1955 2970 3546 3041; baseline -0.001 -14"><span class='ocrx_word' id='word_1_465' title='bbox 1955 2972 2149 3037; x_wconf 89' lang='lat' dir='ltr'><strong>bellus,</strong></span> <span class='ocrx_word' id='word_1_466' title='bbox 2177 2970 2271 3038; x_wconf 89' lang='lat' dir='ltr'><strong>qui</strong></span> <span class='ocrx_word' id='word_1_467' title='bbox 2299 2971 2493 3025; x_wconf 90' lang='lat' dir='ltr'><strong>dicitur</strong></span> <span class='ocrx_word' id='word_1_468' title='bbox 2517 2971 2752 3025; x_wconf 86' lang='lat' dir='ltr'><strong>Pastoris</strong></span> <span class='ocrx_word' id='word_1_469' title='bbox 2780 2972 2893 3025; x_wconf 89' lang='lat' dir='ltr'><strong>sive</strong></span> <span class='ocrx_word' id='word_1_470' title='bbox 2917 2970 3159 3026; x_wconf 85' lang='lat' dir='ltr'><strong>Hermes:</strong></span> <span class='ocrx_word' id='word_1_471' title='bbox 3189 2972 3278 3040; x_wconf 89' lang='lat' dir='ltr'><strong>qui</strong></span> <span class='ocrx_word' id='word_1_472' title='bbox 3306 2972 3546 3041; x_wconf 86' lang='lat' dir='ltr'><strong>appella-</strong></span> 
     </span>
    </p>
   </div>
   <div class='ocr_carea' id='block_1_61' title="bbox 1956 3061 3545 3131">
    <p class='ocr_par' dir='ltr' id='par_1_61' title="bbox 1956 3061 3545 3131">
     <span class='ocr_line' id='line_1_61' title="bbox 1956 3061 3545 3131; baseline -0.002 -13"><span class='ocrx_word' id='word_1_473' title='bbox 1956 3073 2041 3118; x_wconf 89' lang='lat' dir='ltr'><strong>tur</strong></span> <span class='ocrx_word' id='word_1_474' title='bbox 2068 3063 2194 3117; x_wconf 77' lang='lat' dir='ltr'><strong>Duae</strong></span> <span class='ocrx_word' id='word_1_475' title='bbox 2235 3061 2357 3126; x_wconf 64' lang='lat' dir='ltr'><strong>vias,</strong></span> <span class='ocrx_word' id='word_1_476' title='bbox 2388 3063 2475 3116; x_wconf 85' lang='lat' dir='ltr'><strong>vel</strong></span> <span class='ocrx_word' id='word_1_477' title='bbox 2512 3061 2777 3116; x_wconf 87' lang='lat' dir='ltr'><strong>Judicium</strong></span> <span class='ocrx_word' id='word_1_478' title='bbox 2823 3061 2987 3115; x_wconf 80' lang='lat' dir='ltr'><strong>l’etri.</strong></span> <span class='ocrx_word' id='word_1_479' title='bbox 3037 3062 3166 3128; x_wconf 69' lang='lat' dir='ltr'><strong>Quae</strong></span> <span class='ocrx_word' id='word_1_480' title='bbox 3214 3062 3391 3116; x_wconf 90' lang='lat' dir='ltr'><strong>omnia</strong></span> <span class='ocrx_word' id='word_1_481' title='bbox 3441 3063 3545 3131; x_wconf 86' lang='lat' dir='ltr'><strong>legi</strong></span> 
     </span>
    </p>
   </div>
   <div class='ocr_carea' id='block_1_62' title="bbox 260 3148 3544 3224">
    <p class='ocr_par' dir='ltr' id='par_1_62' title="bbox 260 3148 3544 3224">
     <span class='ocr_line' id='line_1_62' title="bbox 260 3148 3544 3224; baseline 0.005 -21"><span class='ocrx_word' id='word_1_482' title='bbox 260 3148 509 3206; x_wconf 83' lang='lat' dir='ltr'><strong>Sanctum</strong></span> <span class='ocrx_word' id='word_1_483' title='bbox 570 3154 824 3220; x_wconf 81' lang='lat' dir='ltr'><strong>inspirata</strong></span> <span class='ocrx_word' id='word_1_484' title='bbox 884 3157 1195 3224; x_wconf 85' lang='lat' dir='ltr'><strong>creduntur,</strong></span> <span class='ocrx_word' id='word_1_485' title='bbox 1252 3167 1308 3213; x_wconf 91' lang='lat' dir='ltr'><strong>et</strong></span> <span class='ocrx_word' id='word_1_486' title='bbox 1349 3158 1603 3214; x_wconf 86' lang='lat' dir='ltr'><strong>Ecclesiis</strong></span> <span class='ocrx_word' id='word_1_487' title='bbox 1645 3161 1847 3217; x_wconf 88' lang='lat' dir='ltr'><strong>Christi</strong></span> <span class='ocrx_word' id='word_1_488' title='bbox 1876 3149 1922 3213; x_wconf 85' lang='lat' dir='ltr'><strong>C</strong></span> <span class='ocrx_word' id='word_1_489' title='bbox 1953 3155 2168 3223; x_wconf 82' lang='lat' dir='ltr'><strong>quidem</strong></span> <span class='ocrx_word' id='word_1_490' title='bbox 2218 3154 2272 3207; x_wconf 76' lang='grc' dir='ltr'><strong>ῖη</strong></span> <span class='ocrx_word' id='word_1_491' title='bbox 2303 3152 2559 3208; x_wconf 70' lang='grc' dir='ltr'><strong>ΕεεΙθείίε</strong></span> <span class='ocrx_word' id='word_1_492' title='bbox 2604 3153 2914 3217; x_wconf 57' lang='lat' dir='ltr'><strong>“merum,</strong></span> <span class='ocrx_word' id='word_1_493' title='bbox 2960 3167 3068 3206; x_wconf 80' lang='grc' dir='ltr'><strong>ηοη</strong></span> <span class='ocrx_word' id='word_1_494' title='bbox 3107 3162 3283 3206; x_wconf 62' lang='lat' dir='ltr'><strong>“me”</strong></span> <span class='ocrx_word' id='word_1_495' title='bbox 3315 3149 3544 3219; x_wconf 64' lang='lat' dir='ltr'><strong>PTOferl&#39;i</strong></span> 
     </span>
    </p>
   </div>
   <div class='ocr_carea' id='block_1_63' title="bbox 261 3245 1845 3312">
    <p class='ocr_par' dir='ltr' id='par_1_63' title="bbox 261 3245 1845 3312">
     <span class='ocr_line' id='line_1_63' title="bbox 261 3245 1845 3312; baseline 0.008 -18"><span class='ocrx_word' id='word_1_496' title='bbox 261 3245 471 3307; x_wconf 88' lang='lat' dir='ltr'><strong>tradita,</strong></span> <span class='ocrx_word' id='word_1_497' title='bbox 507 3258 821 3312; x_wconf 89' lang='lat' dir='ltr'><strong>competens</strong></span> <span class='ocrx_word' id='word_1_498' title='bbox 863 3247 1074 3304; x_wconf 90' lang='lat' dir='ltr'><strong>videtur</strong></span> <span class='ocrx_word' id='word_1_499' title='bbox 1099 3250 1199 3303; x_wconf 90' lang='lat' dir='ltr'><strong>hoc</strong></span> <span class='ocrx_word' id='word_1_500' title='bbox 1236 3249 1287 3301; x_wconf 93' lang='lat' dir='ltr'><strong>in</strong></span> <span class='ocrx_word' id='word_1_501' title='bbox 1320 3250 1437 3303; x_wconf 92' lang='lat' dir='ltr'><strong>loco</strong></span> <span class='ocrx_word' id='word_1_502' title='bbox 1475 3249 1706 3306; x_wconf 77' lang='lat' dir='ltr'><strong>evidenti</strong></span> <span class='ocrx_word' id='word_1_503' title='bbox 1747 3268 1845 3306; x_wconf 91' lang='lat' dir='ltr'><strong>nu-</strong></span> 
     </span>
    </p>
   </div>
   <div class='ocr_carea' id='block_1_64' title="bbox 259 3339 1842 3413">
    <p class='ocr_par' dir='ltr' id='par_1_64' title="bbox 259 3339 1842 3413">
     <span class='ocr_line' id='line_1_64' title="bbox 259 3339 1842 3413; baseline 0.005 -21"><span class='ocrx_word' id='word_1_504' title='bbox 259 3352 438 3401; x_wconf 87' lang='lat' dir='ltr'><strong>mero,</strong></span> <span class='ocrx_word' id='word_1_505' title='bbox 480 3339 617 3395; x_wconf 88' lang='lat' dir='ltr'><strong>sicut</strong></span> <span class='ocrx_word' id='word_1_506' title='bbox 644 3355 707 3396; x_wconf 83' lang='lat' dir='ltr'><strong>ex</strong></span> <span class='ocrx_word' id='word_1_507' title='bbox 739 3340 954 3396; x_wconf 90' lang='lat' dir='ltr'><strong>Patrum</strong></span> <span class='ocrx_word' id='word_1_508' title='bbox 986 3341 1349 3396; x_wconf 91' lang='lat' dir='ltr'><strong>monumentis</strong></span> <span class='ocrx_word' id='word_1_509' title='bbox 1379 3343 1716 3413; x_wconf 90' lang='lat' dir='ltr'><strong>accepimus,</strong></span> <span class='ocrx_word' id='word_1_510' title='bbox 1746 3344 1842 3400; x_wconf 91' lang='lat' dir='ltr'><strong>de-</strong></span> 
     </span>
    </p>
   </div>
   <div class='ocr_carea' id='block_1_65' title="bbox 256 3448 484 3501">
    <p class='ocr_par' dir='ltr' id='par_1_65' title="bbox 256 3448 484 3501">
     <span class='ocr_line' id='line_1_65' title="bbox 256 3448 484 3501; baseline 0.009 -14"><span class='ocrx_word' id='word_1_511' title='bbox 256 3448 484 3501; x_wconf 81' lang='lat' dir='ltr'><strong>signare.</strong></span> 
     </span>
    </p>
   </div>
   <div class='ocr_carea' id='block_1_66' title="bbox 322 3525 1841 3596">
    <p class='ocr_par' dir='ltr' id='par_1_66' title="bbox 322 3525 1841 3596">
     <span class='ocr_line' id='line_1_66' title="bbox 322 3525 1841 3596; baseline 0 -15"><span class='ocrx_word' id='word_1_512' title='bbox 322 3527 411 3581; x_wconf 78' lang='grc'><strong>57.</strong></span> <span class='ocrx_word' id='word_1_513' title='bbox 471 3526 656 3595; x_wconf 87' lang='lat' dir='ltr'><strong>Itaque</strong></span> <span class='ocrx_word' id='word_1_514' title='bbox 705 3526 907 3581; x_wconf 85' lang='lat' dir='ltr'><strong>veteris</strong></span> <span class='ocrx_word' id='word_1_515' title='bbox 953 3526 1322 3591; x_wconf 87' lang='lat' dir='ltr'><strong>Testamenti,</strong></span> <span class='ocrx_word' id='word_1_516' title='bbox 1380 3525 1620 3581; x_wconf 88' lang='lat' dir='ltr'><strong>omnium</strong></span> <span class='ocrx_word' id='word_1_517' title='bbox 1668 3526 1841 3596; x_wconf 92' lang='lat' dir='ltr'><strong>primo</strong></span> 
     </span>
    </p>
   </div>
   <div class='ocr_carea' id='block_1_67' title="bbox 320 3658 1840 3735">
    <p class='ocr_par' dir='ltr' id='par_1_67' title="bbox 320 3658 1840 3735">
     <span class='ocr_line' id='line_1_67' title="bbox 320 3658 1840 3735; baseline 0.004 -21"><span class='ocrx_word' id='word_1_518' title='bbox 320 3658 501 3735; x_wconf 46' lang='lat' dir='ltr'><strong>{Erat</strong></span> <span class='ocrx_word' id='word_1_519' title='bbox 552 3661 728 3715; x_wconf 75' lang='lat' dir='ltr'><strong>minus</strong></span> <span class='ocrx_word' id='word_1_520' title='bbox 776 3673 920 3717; x_wconf 77' lang='lat' dir='ltr'><strong>recta</strong></span> <span class='ocrx_word' id='word_1_521' title='bbox 962 3661 1522 3735; x_wconf 19' lang='lat' dir='ltr'><strong>Ametathesipinduua</strong></span> <span class='ocrx_word' id='word_1_522' title='bbox 1564 3666 1840 3735; x_wconf 84' lang='lat' dir='ltr'><strong>eademque</strong></span> 
     </span>
    </p>
   </div>
   <div class='ocr_carea' id='block_1_68' title="bbox 253 3727 1837 3801">
    <p class='ocr_par' dir='ltr' id='par_1_68' title="bbox 253 3727 1837 3801">
     <span class='ocr_line' id='line_1_68' title="bbox 253 3727 1837 3801; baseline 0.006 -21"><span class='ocrx_word' id='word_1_523' title='bbox 253 3727 522 3789; x_wconf 77' lang='lat' dir='ltr'><strong>Trinitate,</strong></span> <span class='ocrx_word' id='word_1_524' title='bbox 555 3743 741 3785; x_wconf 89' lang='lat' dir='ltr'><strong>contra</strong></span> <span class='ocrx_word' id='word_1_525' title='bbox 772 3744 933 3801; x_wconf 89' lang='lat' dir='ltr'><strong>atque</strong></span> <span class='ocrx_word' id='word_1_526' title='bbox 956 3731 1159 3801; x_wconf 87' lang='lat' dir='ltr'><strong>habent</strong></span> <span class='ocrx_word' id='word_1_527' title='bbox 1191 3733 1307 3785; x_wconf 91' lang='lat' dir='ltr'><strong>libri</strong></span> <span class='ocrx_word' id='word_1_528' title='bbox 1338 3733 1424 3786; x_wconf 88' lang='lat' dir='ltr'><strong>alii</strong></span> <span class='ocrx_word' id='word_1_529' title='bbox 1454 3749 1661 3788; x_wconf 89' lang='lat' dir='ltr'><strong>omnes.</strong></span> <span class='ocrx_word' id='word_1_530' title='bbox 1694 3727 1837 3791; x_wconf 80' lang='lat' dir='ltr'><strong>Gon-</strong></span> 
     </span>
    </p>
   </div>
   <div class='ocr_carea' id='block_1_69' title="bbox 253 3800 1839 3872">
    <p class='ocr_par' dir='ltr' id='par_1_69' title="bbox 253 3800 1839 3872">
     <span class='ocr_line' id='line_1_69' title="bbox 253 3800 1839 3872; baseline 0.008 -23"><span class='ocrx_word' id='word_1_531' title='bbox 253 3802 324 3851; x_wconf 77' lang='lat' dir='ltr'><strong>ter</strong></span> <span class='ocrx_word' id='word_1_532' title='bbox 355 3801 613 3870; x_wconf 85' lang='lat' dir='ltr'><strong>Cyrillum</strong></span> <span class='ocrx_word' id='word_1_533' title='bbox 646 3816 794 3872; x_wconf 76' lang='lat' dir='ltr'><strong>num.</strong></span> <span class='ocrx_word' id='word_1_534' title='bbox 842 3800 923 3872; x_wconf 12' lang='lat'><strong>14.7</strong></span> <span class='ocrx_word' id='word_1_535' title='bbox 952 3800 1098 3855; x_wconf 88' lang='lat' dir='ltr'><strong>Hanc</strong></span> <span class='ocrx_word' id='word_1_536' title='bbox 1123 3803 1329 3872; x_wconf 77' lang='lat' dir='ltr'><strong>exiguae</strong></span> <span class='ocrx_word' id='word_1_537' title='bbox 1360 3804 1632 3869; x_wconf 67' lang='lat' dir='ltr'><strong>particnlm</strong></span> <span class='ocrx_word' id='word_1_538' title='bbox 1660 3807 1713 3858; x_wconf 86' lang='lat' dir='ltr'><strong>in</strong></span> <span class='ocrx_word' id='word_1_539' title='bbox 1755 3805 1839 3861; x_wconf 91' lang='lat' dir='ltr'><strong>di-</strong></span> 
     </span>
    </p>
   </div>
   <div class='ocr_carea' id='block_1_70' title="bbox 254 3870 1834 3943">
    <p class='ocr_par' dir='ltr' id='par_1_70' title="bbox 254 3870 1834 3943">
     <span class='ocr_line' id='line_1_70' title="bbox 254 3870 1834 3943; baseline 0.007 -24"><span class='ocrx_word' id='word_1_540' title='bbox 254 3872 675 3943; x_wconf 10' lang='lat' dir='ltr'><strong>stinctionemjin</strong></span> <span class='ocrx_word' id='word_1_541' title='bbox 709 3870 1000 3943; x_wconf 81' lang='lat' dir='ltr'><strong>Symbolo,</strong></span> <span class='ocrx_word' id='word_1_542' title='bbox 1036 3870 1274 3943; x_wconf 61' lang='lat' dir='ltr'><strong>maxime</strong></span> <span class='ocrx_word' id='word_1_543' title='bbox 1310 3882 1463 3942; x_wconf 83' lang='lat' dir='ltr'><strong>urget</strong></span> <span class='ocrx_word' id='word_1_544' title='bbox 1508 3874 1568 3929; x_wconf 91' lang='lat' dir='ltr'><strong>S.</strong></span> <span class='ocrx_word' id='word_1_545' title='bbox 1598 3876 1834 3943; x_wconf 81' lang='lat' dir='ltr'><strong>Epipha—</strong></span> 
     </span>
    </p>
   </div>
   <div class='ocr_carea' id='block_1_71' title="bbox 252 3940 1829 4010">
    <p class='ocr_par' dir='ltr' id='par_1_71' title="bbox 252 3940 1829 4010">
     <span class='ocr_line' id='line_1_71' title="bbox 252 3940 1829 4010; baseline 0.006 -20"><span class='ocrx_word' id='word_1_546' title='bbox 252 3941 365 4010; x_wconf 86' lang='lat' dir='ltr'><strong>nius</strong></span> <span class='ocrx_word' id='word_1_547' title='bbox 413 3942 479 3994; x_wconf 90' lang='lat' dir='ltr'><strong>ad</strong></span> <span class='ocrx_word' id='word_1_548' title='bbox 527 3940 764 4007; x_wconf 81' lang='lat' dir='ltr'><strong>Spiritus</strong></span> <span class='ocrx_word' id='word_1_549' title='bbox 800 3942 979 3997; x_wconf 90' lang='lat' dir='ltr'><strong>Sancti</strong></span> <span class='ocrx_word' id='word_1_550' title='bbox 1052 3940 1397 3996; x_wconf 76' lang='lat' dir='ltr'><strong>divinitatem</strong></span> <span class='ocrx_word' id='word_1_551' title='bbox 1430 3940 1829 4010; x_wconf 26' lang='lat' dir='ltr'><strong>adstrue‘ndam,</strong></span> 
     </span>
    </p>
   </div>
   <div class='ocr_carea' id='block_1_72' title="bbox 251 4009 1835 4079">
    <p class='ocr_par' dir='ltr' id='par_1_72' title="bbox 251 4009 1835 4079">
     <span class='ocr_line' id='line_1_72' title="bbox 251 4009 1835 4079; baseline 0.005 -18"><span class='ocrx_word' id='word_1_552' title='bbox 251 4009 361 4064; x_wconf 89' lang='lat' dir='ltr'><strong>Lib.</strong></span> <span class='ocrx_word' id='word_1_553' title='bbox 390 4013 605 4066; x_wconf 82' lang='lat' dir='ltr'><strong>advers.</strong></span> <span class='ocrx_word' id='word_1_554' title='bbox 641 4012 901 4077; x_wconf 75' lang='lat' dir='ltr'><strong>llaereses,</strong></span> <span class='ocrx_word' id='word_1_555' title='bbox 940 4011 1131 4065; x_wconf 75' lang='lat' dir='ltr'><strong>bzrres.</strong></span> <span class='ocrx_word' id='word_1_556' title='bbox 1161 4012 1248 4064; x_wconf 76' lang='grc'><strong>74.</strong></span> <span class='ocrx_word' id='word_1_557' title='bbox 1278 4028 1394 4079; x_wconf 67' lang='lat' dir='ltr'><strong>quae</strong></span> <span class='ocrx_word' id='word_1_558' title='bbox 1428 4009 1835 4069; x_wconf 57' lang='lat' dir='ltr'><strong>l&#39;neuinatoina4</strong></span> 
     </span>
    </p>
   </div>
   <div class='ocr_carea' id='block_1_73' title="bbox 248 4079 1835 4156">
    <p class='ocr_par' dir='ltr' id='par_1_73' title="bbox 248 4079 1835 4156">
     <span class='ocr_line' id='line_1_73' title="bbox 248 4079 1835 4156; baseline 0.008 -28"><span class='ocrx_word' id='word_1_559' title='bbox 248 4083 463 4156; x_wconf 65' lang='lat' dir='ltr'><strong>choruttt</strong></span> <span class='ocrx_word' id='word_1_560' title='bbox 494 4079 768 4156; x_wconf 52' lang='grc' dir='ltr'><strong>Θεμεὺθὺς</strong></span> <span class='ocrx_word' id='word_1_561' title='bbox 790 4084 889 4156; x_wconf 74' lang='grc' dir='ltr'><strong>γὰρ</strong></span> <span class='ocrx_word' id='word_1_562' title='bbox 924 4085 953 4140; x_wconf 82' lang='grc' dir='ltr'>ἡ</span> <span class='ocrx_word' id='word_1_563' title='bbox 985 4080 1180 4144; x_wconf 77' lang='grc' dir='ltr'><strong>ἕκθεσις</strong></span> <span class='ocrx_word' id='word_1_564' title='bbox 1209 4082 1443 4155; x_wconf 74' lang='grc' dir='ltr'><strong>ὁμολογεῖ</strong></span> <span class='ocrx_word' id='word_1_565' title='bbox 1471 4107 1520 4137; x_wconf 83' lang='grc' dir='ltr'><strong>κ.</strong></span> <span class='ocrx_word' id='word_1_566' title='bbox 1550 4106 1603 4139; x_wconf 91' lang='grc' dir='ltr'><strong>τ.</strong></span> <span class='ocrx_word' id='word_1_567' title='bbox 1630 4085 1681 4137; x_wconf 86' lang='grc' dir='ltr'>λ.</span> <span class='ocrx_word' id='word_1_568' title='bbox 1713 4102 1835 4155; x_wconf 75' lang='lat' dir='ltr'><strong>quae</strong></span> 
     </span>
    </p>
   </div>
   <div class='ocr_carea' id='block_1_74' title="bbox 251 4153 959 4217">
    <p class='ocr_par' dir='ltr' id='par_1_74' title="bbox 251 4153 959 4217">
     <span class='ocr_line' id='line_1_74' title="bbox 251 4153 959 4217; baseline 0.001 -13"><span class='ocrx_word' id='word_1_569' title='bbox 251 4153 575 4215; x_wconf 75' lang='lat' dir='ltr'><strong>describere,</strong></span> <span class='ocrx_word' id='word_1_570' title='bbox 611 4153 824 4217; x_wconf 74' lang='lat' dir='ltr'><strong>longum</strong></span> <span class='ocrx_word' id='word_1_571' title='bbox 857 4153 959 4206; x_wconf 84' lang='lat' dir='ltr'><strong>est.</strong></span> 
     </span>
    </p>
   </div>
   <div class='ocr_carea' id='block_1_75' title="bbox 312 4221 1833 4291">
    <p class='ocr_par' dir='ltr' id='par_1_75' title="bbox 312 4221 1833 4291">
     <span class='ocr_line' id='line_1_75' title="bbox 312 4221 1833 4291; baseline 0.003 -16"><span class='ocrx_word' id='word_1_572' title='bbox 312 4221 338 4259; x_wconf 80' lang='grc' dir='ltr'>δ</span> <span class='ocrx_word' id='word_1_573' title='bbox 368 4222 585 4277; x_wconf 84' lang='lat' dir='ltr'><strong>Addunt</strong></span> <span class='ocrx_word' id='word_1_574' title='bbox 634 4236 752 4275; x_wconf 87' lang='lat' dir='ltr'><strong>cum</strong></span> <span class='ocrx_word' id='word_1_575' title='bbox 800 4223 1010 4275; x_wconf 73' lang='lat' dir='ltr'><strong>Barrmo</strong></span> <span class='ocrx_word' id='word_1_576' title='bbox 1051 4221 1367 4274; x_wconf 82' lang='lat' dir='ltr'><strong>Catholicam</strong></span> <span class='ocrx_word' id='word_1_577' title='bbox 1411 4222 1528 4276; x_wconf 91' lang='lat' dir='ltr'><strong>heic</strong></span> <span class='ocrx_word' id='word_1_578' title='bbox 1579 4232 1634 4276; x_wconf 88' lang='lat' dir='ltr'><strong>et</strong></span> <span class='ocrx_word' id='word_1_579' title='bbox 1675 4224 1833 4291; x_wconf 90' lang='lat' dir='ltr'><strong>paulo</strong></span> 
     </span>
    </p>
   </div>
   <div class='ocr_carea' id='block_1_76' title="bbox 244 4290 1834 4365">
    <p class='ocr_par' dir='ltr' id='par_1_76' title="bbox 244 4290 1834 4365">
     <span class='ocr_line' id='line_1_76' title="bbox 244 4290 1834 4365; baseline 0.001 -20"><span class='ocrx_word' id='word_1_580' title='bbox 244 4302 357 4365; x_wconf 82' lang='lat' dir='ltr'><strong>post</strong></span> <span class='ocrx_word' id='word_1_581' title='bbox 390 4292 690 4365; x_wconf 75' lang='lat' dir='ltr'><strong>Pamelius,</strong></span> <span class='ocrx_word' id='word_1_582' title='bbox 723 4290 1050 4365; x_wconf 58' lang='lat' dir='ltr'><strong>frobenius,</strong></span> <span class='ocrx_word' id='word_1_583' title='bbox 1096 4304 1150 4346; x_wconf 92' lang='lat' dir='ltr'><strong>et</strong></span> <span class='ocrx_word' id='word_1_584' title='bbox 1197 4305 1346 4346; x_wconf 85' lang='lat' dir='ltr'><strong>vetns</strong></span> <span class='ocrx_word' id='word_1_585' title='bbox 1375 4293 1539 4365; x_wconf 87' lang='lat' dir='ltr'><strong>editio</strong></span> <span class='ocrx_word' id='word_1_586' title='bbox 1572 4290 1834 4365; x_wconf 45' lang='lat' dir='ltr'><strong>llieronyg</strong></span> 
     </span>
    </p>
   </div>
   <div class='ocr_carea' id='block_1_77' title="bbox 246 4360 1825 4430">
    <p class='ocr_par' dir='ltr' id='par_1_77' title="bbox 246 4360 1825 4430">
     <span class='ocr_line' id='line_1_77' title="bbox 246 4360 1825 4430; baseline 0.001 -18"><span class='ocrx_word' id='word_1_587' title='bbox 246 4363 440 4417; x_wconf 84' lang='lat' dir='ltr'><strong>iniana.</strong></span> <span class='ocrx_word' id='word_1_588' title='bbox 467 4360 665 4415; x_wconf 88' lang='lat' dir='ltr'><strong>Contra</strong></span> <span class='ocrx_word' id='word_1_589' title='bbox 687 4362 775 4414; x_wconf 90' lang='lat' dir='ltr'><strong>alii</strong></span> <span class='ocrx_word' id='word_1_590' title='bbox 808 4362 934 4416; x_wconf 85' lang='lat' dir='ltr'><strong>editi</strong></span> <span class='ocrx_word' id='word_1_591' title='bbox 958 4378 1107 4428; x_wconf 63' lang='lat' dir='ltr'><strong>aeque</strong></span> <span class='ocrx_word' id='word_1_592' title='bbox 1136 4370 1294 4428; x_wconf 84' lang='lat' dir='ltr'><strong>atque</strong></span> <span class='ocrx_word' id='word_1_593' title='bbox 1323 4377 1453 4416; x_wconf 88' lang='lat' dir='ltr'><strong>mss.</strong></span> <span class='ocrx_word' id='word_1_594' title='bbox 1481 4364 1600 4417; x_wconf 86' lang='lat' dir='ltr'><strong>libri</strong></span> <span class='ocrx_word' id='word_1_595' title='bbox 1629 4360 1825 4430; x_wconf 62' lang='lat' dir='ltr'><strong>tacent,</strong></span> 
     </span>
    </p>
   </div>
   <div class='ocr_carea' id='block_1_78' title="bbox 242 4432 1831 4501">
    <p class='ocr_par' dir='ltr' id='par_1_78' title="bbox 242 4432 1831 4501">
     <span class='ocr_line' id='line_1_78' title="bbox 242 4432 1831 4501; baseline 0.003 -18"><span class='ocrx_word' id='word_1_596' title='bbox 242 4448 407 4501; x_wconf 89' lang='lat' dir='ltr'><strong>neque</strong></span> <span class='ocrx_word' id='word_1_597' title='bbox 438 4434 552 4499; x_wconf 85' lang='lat' dir='ltr'><strong>ipse</strong></span> <span class='ocrx_word' id='word_1_598' title='bbox 576 4447 734 4501; x_wconf 87' lang='lat' dir='ltr'><strong>porro</strong></span> <span class='ocrx_word' id='word_1_599' title='bbox 760 4432 980 4486; x_wconf 89' lang='lat' dir='ltr'><strong>Rulinus</strong></span> <span class='ocrx_word' id='word_1_600' title='bbox 1002 4432 1253 4501; x_wconf 83' lang='lat' dir='ltr'><strong>explicat.</strong></span> <span class='ocrx_word' id='word_1_601' title='bbox 1282 4432 1524 4486; x_wconf 78' lang='lat' dir='ltr'><strong>Vicissim</strong></span> <span class='ocrx_word' id='word_1_602' title='bbox 1552 4449 1651 4487; x_wconf 90' lang='lat' dir='ltr'><strong>nos</strong></span> <span class='ocrx_word' id='word_1_603' title='bbox 1674 4433 1831 4499; x_wconf 84' lang='lat' dir='ltr'><strong>hujus</strong></span> 
     </span>
    </p>
   </div>
   <div class='ocr_carea' id='block_1_79' title="bbox 241 4503 1826 4570">
    <p class='ocr_par' dir='ltr' id='par_1_79' title="bbox 241 4503 1826 4570">
     <span class='ocr_line' id='line_1_79' title="bbox 241 4503 1826 4570; baseline 0.002 -17"><span class='ocrx_word' id='word_1_604' title='bbox 241 4514 533 4569; x_wconf 85' lang='lat' dir='ltr'><strong>pronomen</strong></span> <span class='ocrx_word' id='word_1_605' title='bbox 578 4503 643 4555; x_wconf 85' lang='lat' dir='ltr'><strong>ad</strong></span> <span class='ocrx_word' id='word_1_606' title='bbox 692 4504 859 4555; x_wconf 85' lang='lat' dir='ltr'><strong>carnis</strong></span> <span class='ocrx_word' id='word_1_607' title='bbox 907 4504 1348 4567; x_wconf 83' lang='lat' dir='ltr'><strong>resurrectionem,</strong></span> <span class='ocrx_word' id='word_1_608' title='bbox 1398 4503 1537 4570; x_wconf 90' lang='lat' dir='ltr'><strong>quod</strong></span> <span class='ocrx_word' id='word_1_609' title='bbox 1587 4504 1826 4558; x_wconf 72' lang='lat' dir='ltr'><strong>Barrteus</strong></span> 
     </span>
    </p>
   </div>
   <div class='ocr_carea' id='block_1_80' title="bbox 240 4570 1827 4642">
    <p class='ocr_par' dir='ltr' id='par_1_80' title="bbox 240 4570 1827 4642">
     <span class='ocr_line' id='line_1_80' title="bbox 240 4570 1827 4642; baseline 0.004 -19"><span class='ocrx_word' id='word_1_610' title='bbox 240 4572 430 4641; x_wconf 79' lang='lat' dir='ltr'><strong>aliique</strong></span> <span class='ocrx_word' id='word_1_611' title='bbox 475 4572 712 4642; x_wconf 89' lang='lat' dir='ltr'><strong>nonnulli</strong></span> <span class='ocrx_word' id='word_1_612' title='bbox 760 4574 1095 4640; x_wconf 82' lang='lat' dir='ltr'><strong>ignorabant,</strong></span> <span class='ocrx_word' id='word_1_613' title='bbox 1139 4570 1465 4637; x_wconf 83' lang='lat' dir='ltr'><strong>addidimus,</strong></span> <span class='ocrx_word' id='word_1_614' title='bbox 1515 4572 1635 4642; x_wconf 89' lang='lat' dir='ltr'><strong>ipso</strong></span> <span class='ocrx_word' id='word_1_615' title='bbox 1663 4575 1827 4629; x_wconf 87' lang='lat' dir='ltr'><strong>etiam</strong></span> 
     </span>
    </p>
   </div>
   <div class='ocr_carea' id='block_1_81' title="bbox 240 4641 847 4711">
    <p class='ocr_par' dir='ltr' id='par_1_81' title="bbox 240 4641 847 4711">
     <span class='ocr_line' id='line_1_81' title="bbox 240 4641 847 4711; baseline 0 -16"><span class='ocrx_word' id='word_1_616' title='bbox 240 4642 475 4697; x_wconf 85' lang='lat' dir='ltr'><strong>l’ainelio</strong></span> <span class='ocrx_word' id='word_1_617' title='bbox 504 4641 847 4711; x_wconf 69' lang='lat' dir='ltr'><strong>sulfragante.</strong></span> 
     </span>
    </p>
   </div>
   <div class='ocr_carea' id='block_1_82' title="bbox 310 4711 1829 4780">
    <p class='ocr_par' dir='ltr' id='par_1_82' title="bbox 310 4711 1829 4780">
     <span class='ocr_line' id='line_1_82' title="bbox 310 4711 1829 4780; baseline 0.001 -13"><span class='ocrx_word' id='word_1_618' title='bbox 310 4723 333 4751; x_wconf 74' lang='grc' dir='ltr'><strong>ο</strong></span> <span class='ocrx_word' id='word_1_619' title='bbox 364 4714 469 4767; x_wconf 83' lang='lat' dir='ltr'><strong>Alii</strong></span> <span class='ocrx_word' id='word_1_620' title='bbox 503 4729 606 4765; x_wconf 84' lang='lat' dir='ltr'><strong>una</strong></span> <span class='ocrx_word' id='word_1_621' title='bbox 646 4713 925 4779; x_wconf 86' lang='lat' dir='ltr'><strong>eademque</strong></span> <span class='ocrx_word' id='word_1_622' title='bbox 963 4711 1036 4764; x_wconf 89' lang='lat' dir='ltr'><strong>vis</strong></span> <span class='ocrx_word' id='word_1_623' title='bbox 1067 4711 1271 4779; x_wconf 78' lang='lat' dir='ltr'><strong>fuisset,</strong></span> <span class='ocrx_word' id='word_1_624' title='bbox 1300 4726 1416 4764; x_wconf 88' lang='lat' dir='ltr'><strong>cum</strong></span> <span class='ocrx_word' id='word_1_625' title='bbox 1446 4713 1829 4780; x_wconf 84' lang='lat' dir='ltr'><strong>superioribus:</strong></span> 
     </span>
    </p>
   </div>
   <div class='ocr_carea' id='block_1_83' title="bbox 237 4781 1820 4853">
    <p class='ocr_par' dir='ltr' id='par_1_83' title="bbox 237 4781 1820 4853">
     <span class='ocr_line' id='line_1_83' title="bbox 237 4781 1820 4853; baseline 0.001 -18"><span class='ocrx_word' id='word_1_626' title='bbox 237 4784 547 4853; x_wconf 82' lang='lat' dir='ltr'><strong>quibuscum</strong></span> <span class='ocrx_word' id='word_1_627' title='bbox 579 4793 633 4836; x_wconf 92' lang='lat' dir='ltr'><strong>et</strong></span> <span class='ocrx_word' id='word_1_628' title='bbox 660 4798 757 4836; x_wconf 92' lang='lat' dir='ltr'><strong>nos</strong></span> <span class='ocrx_word' id='word_1_629' title='bbox 789 4783 944 4849; x_wconf 87' lang='lat' dir='ltr'><strong>paulo</strong></span> <span class='ocrx_word' id='word_1_630' title='bbox 969 4781 1230 4850; x_wconf 86' lang='lat' dir='ltr'><strong>postJesu</strong></span> <span class='ocrx_word' id='word_1_631' title='bbox 1259 4796 1453 4853; x_wconf 89' lang='lat' dir='ltr'><strong>nomen</strong></span> <span class='ocrx_word' id='word_1_632' title='bbox 1483 4785 1820 4853; x_wconf 71' lang='lat' dir='ltr'><strong>sui-plenius.</strong></span> 
     </span>
    </p>
   </div>
   <div class='ocr_carea' id='block_1_84' title="bbox 236 4852 1823 4921">
    <p class='ocr_par' dir='ltr' id='par_1_84' title="bbox 236 4852 1823 4921">
     <span class='ocr_line' id='line_1_84' title="bbox 236 4852 1823 4921; baseline 0.003 -17"><span class='ocrx_word' id='word_1_633' title='bbox 236 4852 434 4907; x_wconf 80' lang='lat' dir='ltr'><strong>Deinde</strong></span> <span class='ocrx_word' id='word_1_634' title='bbox 480 4854 556 4907; x_wconf 89' lang='lat' dir='ltr'><strong>illi</strong></span> <span class='ocrx_word' id='word_1_635' title='bbox 590 4853 653 4907; x_wconf 88' lang='lat' dir='ltr'><strong>de</strong></span> <span class='ocrx_word' id='word_1_636' title='bbox 681 4854 927 4906; x_wconf 86' lang='lat' dir='ltr'><strong>creaturis</strong></span> <span class='ocrx_word' id='word_1_637' title='bbox 964 4869 1025 4905; x_wconf 91' lang='lat' dir='ltr'><strong>ac</strong></span> <span class='ocrx_word' id='word_1_638' title='bbox 1059 4852 1343 4921; x_wconf 80' lang='lat' dir='ltr'><strong>mysteriis,</strong></span> <span class='ocrx_word' id='word_1_639' title='bbox 1378 4860 1509 4915; x_wconf 87' lang='lat' dir='ltr'><strong>tum,</strong></span> <span class='ocrx_word' id='word_1_640' title='bbox 1540 4853 1742 4906; x_wconf 84' lang='lat' dir='ltr'><strong>dicatur</strong></span> <span class='ocrx_word' id='word_1_641' title='bbox 1770 4856 1823 4909; x_wconf 83' lang='lat' dir='ltr'><strong>in</strong></span> 
     </span>
    </p>
   </div>
   <div class='ocr_carea' id='block_1_85' title="bbox 235 4921 1824 4990">
    <p class='ocr_par' dir='ltr' id='par_1_85' title="bbox 235 4921 1824 4990">
     <span class='ocr_line' id='line_1_85' title="bbox 235 4921 1824 4990; baseline 0.003 -16"><span class='ocrx_word' id='word_1_642' title='bbox 235 4935 452 4977; x_wconf 83' lang='lat' dir='ltr'><strong>sanctam</strong></span> <span class='ocrx_word' id='word_1_643' title='bbox 478 4923 786 4988; x_wconf 77' lang='lat' dir='ltr'><strong>Ecclesium,</strong></span> <span class='ocrx_word' id='word_1_644' title='bbox 817 4933 862 4975; x_wconf 80' lang='lat' dir='ltr'><strong>et</strong></span> <span class='ocrx_word' id='word_1_645' title='bbox 893 4939 993 4976; x_wconf 84' lang='lat' dir='ltr'><strong>non</strong></span> <span class='ocrx_word' id='word_1_646' title='bbox 1023 4933 1077 4976; x_wconf 85' lang='lat' dir='ltr'><strong>ut</strong></span> <span class='ocrx_word' id='word_1_647' title='bbox 1104 4927 1158 4976; x_wconf 85' lang='lat' dir='ltr'><strong>in</strong></span> <span class='ocrx_word' id='word_1_648' title='bbox 1185 4922 1364 4990; x_wconf 88' lang='lat' dir='ltr'><strong>Deum,</strong></span> <span class='ocrx_word' id='word_1_649' title='bbox 1385 4932 1490 4977; x_wconf 85' lang='lat' dir='ltr'><strong>etc.</strong></span> <span class='ocrx_word' id='word_1_650' title='bbox 1517 4921 1652 4979; x_wconf 91' lang='lat' dir='ltr'><strong>Cod.</strong></span> <span class='ocrx_word' id='word_1_651' title='bbox 1685 4924 1824 4979; x_wconf 88' lang='lat' dir='ltr'><strong>San-</strong></span> 
     </span>
    </p>
   </div>
   <div class='ocr_carea' id='block_1_86' title="bbox 235 4994 1437 5077">
    <p class='ocr_par' dir='ltr' id='par_1_86' title="bbox 235 4994 1437 5077">
     <span class='ocr_line' id='line_1_86' title="bbox 235 4994 1437 5077; baseline 0.001 -33"><span class='ocrx_word' id='word_1_652' title='bbox 235 5011 467 5077; x_wconf 64' lang='lat' dir='ltr'><strong>geriuan.</strong></span> <span class='ocrx_word' id='word_1_653' title='bbox 504 4994 600 5047; x_wconf 85' lang='lat' dir='ltr'><strong>Dei</strong></span> <span class='ocrx_word' id='word_1_654' title='bbox 625 5006 1008 5077; x_wconf 67' lang='lat' dir='ltr'><strong>congregatum.</strong></span> <span class='ocrx_word' id='word_1_655' title='bbox 1187 5065 1199 5075; x_wconf 43' lang='lat'><em>.</em></span> <span class='ocrx_word' id='word_1_656' title='bbox 1370 5064 1383 5077; x_wconf 74' lang='lat'><strong>_</strong></span> <span class='ocrx_word' id='word_1_657' title='bbox 1424 5066 1437 5077; x_wconf 35' lang='grc' dir='ltr'>ι</span> 
     </span>
    </p>
   </div>
   <div class='ocr_carea' id='block_1_87' title="bbox 298 5062 1816 5133">
    <p class='ocr_par' dir='ltr' id='par_1_87' title="bbox 298 5062 1816 5133">
     <span class='ocr_line' id='line_1_87' title="bbox 298 5062 1816 5133; baseline 0.002 -16"><span class='ocrx_word' id='word_1_658' title='bbox 298 5062 323 5099; x_wconf 78' lang='grc' dir='ltr'>ἀ</span> <span class='ocrx_word' id='word_1_659' title='bbox 349 5064 515 5119; x_wconf 88' lang='lat' dir='ltr'><strong>Iidem</strong></span> <span class='ocrx_word' id='word_1_660' title='bbox 566 5062 869 5117; x_wconf 81' lang='lat' dir='ltr'><strong>credendam</strong></span> <span class='ocrx_word' id='word_1_661' title='bbox 908 5079 1019 5116; x_wconf 82' lang='lat' dir='ltr'><strong>esse</strong></span> <span class='ocrx_word' id='word_1_662' title='bbox 1046 5078 1067 5118; x_wconf 89' lang='lat'><strong><em>:</em></strong></span> <span class='ocrx_word' id='word_1_663' title='bbox 1111 5065 1200 5133; x_wconf 92' lang='lat' dir='ltr'><strong>qui</strong></span> <span class='ocrx_word' id='word_1_664' title='bbox 1249 5072 1303 5118; x_wconf 93' lang='lat' dir='ltr'><strong>et</strong></span> <span class='ocrx_word' id='word_1_665' title='bbox 1351 5063 1548 5119; x_wconf 89' lang='lat' dir='ltr'><strong>deinde</strong></span> <span class='ocrx_word' id='word_1_666' title='bbox 1590 5065 1816 5120; x_wconf 89' lang='lat' dir='ltr'><strong>alterum</strong></span> 
     </span>
    </p>
   </div>
   <div class='ocr_carea' id='block_1_88' title="bbox 236 5134 1815 5206">
    <p class='ocr_par' dir='ltr' id='par_1_88' title="bbox 236 5134 1815 5206">
     <span class='ocr_line' id='line_1_88' title="bbox 236 5134 1815 5206; baseline 0.003 -21"><span class='ocrx_word' id='word_1_667' title='bbox 236 5136 461 5206; x_wconf 75' lang='lat' dir='ltr'><strong>credant</strong></span> <span class='ocrx_word' id='word_1_668' title='bbox 490 5136 765 5206; x_wconf 70' lang='lat' dir='ltr'><strong>omittunt.</strong></span> <span class='ocrx_word' id='word_1_669' title='bbox 819 5134 986 5187; x_wconf 81' lang='lat' dir='ltr'><strong>Paulo</strong></span> <span class='ocrx_word' id='word_1_670' title='bbox 1035 5145 1158 5206; x_wconf 89' lang='lat' dir='ltr'><strong>post</strong></span> <span class='ocrx_word' id='word_1_671' title='bbox 1186 5134 1243 5187; x_wconf 86' lang='lat' dir='ltr'><strong>Is</strong></span> <span class='ocrx_word' id='word_1_672' title='bbox 1273 5151 1392 5206; x_wconf 88' lang='lat' dir='ltr'><strong>ergo</strong></span> <span class='ocrx_word' id='word_1_673' title='bbox 1417 5134 1651 5203; x_wconf 83' lang='lat' dir='ltr'><strong>spiritus,</strong></span> <span class='ocrx_word' id='word_1_674' title='bbox 1683 5147 1815 5203; x_wconf 89' lang='lat' dir='ltr'><strong>etc.,</strong></span> 
     </span>
    </p>
   </div>
   <div class='ocr_carea' id='block_1_89' title="bbox 235 5202 1393 5271">
    <p class='ocr_par' dir='ltr' id='par_1_89' title="bbox 235 5202 1393 5271">
     <span class='ocr_line' id='line_1_89' title="bbox 235 5202 1393 5271; baseline 0.002 -16"><span class='ocrx_word' id='word_1_675' title='bbox 235 5214 285 5255; x_wconf 88' lang='lat' dir='ltr'><strong>et</strong></span> <span class='ocrx_word' id='word_1_676' title='bbox 311 5204 534 5259; x_wconf 78' lang='lat' dir='ltr'><strong>inferius</strong></span> <span class='ocrx_word' id='word_1_677' title='bbox 565 5202 920 5268; x_wconf 82' lang='lat' dir='ltr'><strong>Instrumenti,</strong></span> <span class='ocrx_word' id='word_1_678' title='bbox 952 5202 1047 5271; x_wconf 86' lang='lat' dir='ltr'><strong>pro</strong></span> <span class='ocrx_word' id='word_1_679' title='bbox 1072 5202 1393 5259; x_wconf 71' lang='lat' dir='ltr'><strong>Testantenti.</strong></span> 
     </span>
    </p>
   </div>
   <div class='ocr_carea' id='block_1_90' title="bbox 305 5274 1815 5337">
    <p class='ocr_par' dir='ltr' id='par_1_90' title="bbox 305 5274 1815 5337">
     <span class='ocr_line' id='line_1_90' title="bbox 305 5274 1815 5337; baseline 0.002 -9"><span class='ocrx_word' id='word_1_680' title='bbox 305 5284 327 5311; x_wconf 79' lang='grc' dir='ltr'><strong>ο</strong></span> <span class='ocrx_word' id='word_1_681' title='bbox 358 5279 529 5329; x_wconf 81' lang='lat' dir='ltr'><strong>Antea</strong></span> <span class='ocrx_word' id='word_1_682' title='bbox 576 5284 693 5328; x_wconf 90' lang='lat' dir='ltr'><strong>erat</strong></span> <span class='ocrx_word' id='word_1_683' title='bbox 733 5274 1016 5327; x_wconf 87' lang='lat' dir='ltr'><strong>Numerus.</strong></span> <span class='ocrx_word' id='word_1_684' title='bbox 1064 5275 1200 5329; x_wconf 88' lang='lat' dir='ltr'><strong>Tum</strong></span> <span class='ocrx_word' id='word_1_685' title='bbox 1250 5276 1340 5329; x_wconf 88' lang='lat' dir='ltr'><strong>alii</strong></span> <span class='ocrx_word' id='word_1_686' title='bbox 1388 5274 1510 5331; x_wconf 85' lang='lat' dir='ltr'><strong>Post</strong></span> <span class='ocrx_word' id='word_1_687' title='bbox 1539 5275 1661 5337; x_wconf 85' lang='lat' dir='ltr'><strong>hos;</strong></span> <span class='ocrx_word' id='word_1_688' title='bbox 1692 5275 1815 5330; x_wconf 90' lang='lat' dir='ltr'><strong>cod.</strong></span> 
     </span>
    </p>
   </div>
   <div class='ocr_carea' id='block_1_91' title="bbox 206 5343 1815 5416">
    <p class='ocr_par' dir='ltr' id='par_1_91' title="bbox 206 5343 1815 5416">
     <span class='ocr_line' id='line_1_91' title="bbox 206 5343 1815 5416; baseline 0.004 -20"><span class='ocrx_word' id='word_1_689' title='bbox 206 5343 211 5416; x_wconf 60' lang='grc' dir='ltr'><em>ς</em></span> <span class='ocrx_word' id='word_1_690' title='bbox 237 5344 580 5416; x_wconf 82' lang='lat' dir='ltr'><strong>Sangennan.</strong></span> <span class='ocrx_word' id='word_1_691' title='bbox 611 5344 961 5410; x_wconf 78' lang='lat' dir='ltr'><strong>Remboldus,</strong></span> <span class='ocrx_word' id='word_1_692' title='bbox 987 5343 1197 5399; x_wconf 87' lang='lat' dir='ltr'><strong>Erasm.</strong></span> <span class='ocrx_word' id='word_1_693' title='bbox 1221 5346 1515 5409; x_wconf 76' lang='lat' dir='ltr'><strong>Morellius,</strong></span> <span class='ocrx_word' id='word_1_694' title='bbox 1544 5344 1672 5400; x_wconf 83' lang='lat' dir='ltr'><strong>Post</strong></span> <span class='ocrx_word' id='word_1_695' title='bbox 1698 5348 1815 5402; x_wconf 80' lang='lat' dir='ltr'><strong>hoc.</strong></span> 
     </span>
    </p>
   </div>
   <div class='ocr_carea' id='block_1_92' title="bbox 239 5415 1811 5485">
    <p class='ocr_par' dir='ltr' id='par_1_92' title="bbox 239 5415 1811 5485">
     <span class='ocr_line' id='line_1_92' title="bbox 239 5415 1811 5485; baseline 0.002 -18"><span class='ocrx_word' id='word_1_696' title='bbox 239 5415 370 5467; x_wconf 75' lang='grc' dir='ltr'><strong>Ιιιυιη</strong></span> <span class='ocrx_word' id='word_1_697' title='bbox 401 5416 558 5485; x_wconf 88' lang='lat' dir='ltr'><strong>paulo</strong></span> <span class='ocrx_word' id='word_1_698' title='bbox 590 5423 709 5482; x_wconf 90' lang='lat' dir='ltr'><strong>post</strong></span> <span class='ocrx_word' id='word_1_699' title='bbox 738 5416 1035 5485; x_wconf 66' lang='lat' dir='ltr'><strong>discrimen</strong></span> <span class='ocrx_word' id='word_1_700' title='bbox 1085 5429 1389 5481; x_wconf 80' lang='lat' dir='ltr'><strong>occurrere,</strong></span> <span class='ocrx_word' id='word_1_701' title='bbox 1429 5417 1674 5470; x_wconf 81' lang='lat' dir='ltr'><strong>Baluzius</strong></span> <span class='ocrx_word' id='word_1_702' title='bbox 1713 5417 1811 5470; x_wconf 74' lang='lat' dir='ltr'><strong>ad~</strong></span> 
     </span>
    </p>
   </div>
   <div class='ocr_carea' id='block_1_93' title="bbox 234 5482 1813 5556">
    <p class='ocr_par' dir='ltr' id='par_1_93' title="bbox 234 5482 1813 5556">
     <span class='ocr_line' id='line_1_93' title="bbox 234 5482 1813 5556; baseline 0.003 -18"><span class='ocrx_word' id='word_1_703' title='bbox 234 5482 415 5540; x_wconf 44' lang='lat' dir='ltr'><strong>notat;</strong></span> <span class='ocrx_word' id='word_1_704' title='bbox 448 5488 564 5539; x_wconf 81' lang='lat' dir='ltr'><strong>Mox</strong></span> <span class='ocrx_word' id='word_1_705' title='bbox 598 5500 696 5553; x_wconf 90' lang='lat' dir='ltr'><strong>pro</strong></span> <span class='ocrx_word' id='word_1_706' title='bbox 724 5482 969 5556; x_wconf 69' lang='lat' dir='ltr'><strong>Iudicum</strong></span> <span class='ocrx_word' id='word_1_707' title='bbox 1001 5485 1189 5556; x_wconf 71' lang='lat' dir='ltr'><strong>vitiose</strong></span> <span class='ocrx_word' id='word_1_708' title='bbox 1218 5500 1333 5539; x_wconf 80' lang='lat' dir='ltr'><strong>erat</strong></span> <span class='ocrx_word' id='word_1_709' title='bbox 1361 5485 1624 5540; x_wconf 84' lang='lat' dir='ltr'><strong>Judicium</strong></span> <span class='ocrx_word' id='word_1_710' title='bbox 1652 5501 1673 5540; x_wconf 90' lang='lat'><strong><em>:</em></strong></span> <span class='ocrx_word' id='word_1_711' title='bbox 1715 5502 1813 5556; x_wconf 86' lang='lat' dir='ltr'><strong>pro</strong></span> 
     </span>
    </p>
   </div>
   <div class='ocr_carea' id='block_1_94' title="bbox 202 5553 1299 5624">
    <p class='ocr_par' dir='ltr' id='par_1_94' title="bbox 202 5553 1299 5624">
     <span class='ocr_line' id='line_1_94' title="bbox 202 5553 1299 5624; baseline 0.002 -17"><span class='ocrx_word' id='word_1_712' title='bbox 202 5553 207 5624; x_wconf 67' lang='grc' dir='ltr'><strong>ξ</strong></span> <span class='ocrx_word' id='word_1_713' title='bbox 242 5556 548 5624; x_wconf 71' lang='lat' dir='ltr'><strong>Regnorum,</strong></span> <span class='ocrx_word' id='word_1_714' title='bbox 582 5555 824 5608; x_wconf 86' lang='lat' dir='ltr'><strong>nonnulli</strong></span> <span class='ocrx_word' id='word_1_715' title='bbox 859 5556 1056 5607; x_wconf 86' lang='lat' dir='ltr'><strong>habent</strong></span> <span class='ocrx_word' id='word_1_716' title='bbox 1086 5555 1299 5623; x_wconf 76' lang='lat' dir='ltr'><strong>Regum.</strong></span> 
     </span>
    </p>
   </div>
   <div class='ocr_carea' id='block_1_95' title="bbox 306 5624 1813 5693">
    <p class='ocr_par' dir='ltr' id='par_1_95' title="bbox 306 5624 1813 5693">
     <span class='ocr_line' id='line_1_95' title="bbox 306 5624 1813 5693; baseline 0.001 -14"><span class='ocrx_word' id='word_1_717' title='bbox 306 5628 322 5664; x_wconf 70' lang='grc' dir='ltr'><em>τ</em></span> <span class='ocrx_word' id='word_1_718' title='bbox 358 5626 603 5693; x_wconf 78' lang='lat' dir='ltr'><strong>Plerique</strong></span> <span class='ocrx_word' id='word_1_719' title='bbox 625 5624 740 5688; x_wconf 88' lang='lat' dir='ltr'><strong>alii,</strong></span> <span class='ocrx_word' id='word_1_720' title='bbox 767 5624 1058 5678; x_wconf 87' lang='lat' dir='ltr'><strong>Salomonis</strong></span> <span class='ocrx_word' id='word_1_721' title='bbox 1076 5641 1193 5679; x_wconf 83' lang='lat' dir='ltr'><strong>vero</strong></span> <span class='ocrx_word' id='word_1_722' title='bbox 1213 5636 1313 5679; x_wconf 88' lang='lat' dir='ltr'><strong>tres</strong></span> <span class='ocrx_word' id='word_1_723' title='bbox 1338 5626 1582 5681; x_wconf 81' lang='lat' dir='ltr'><strong>Ecclesiis</strong></span> <span class='ocrx_word' id='word_1_724' title='bbox 1603 5627 1813 5681; x_wconf 86' lang='lat' dir='ltr'><strong>traditi:</strong></span> 
     </span>
    </p>
   </div>
   <div class='ocr_carea' id='block_1_96' title="bbox 237 5693 891 5764">
    <p class='ocr_par' dir='ltr' id='par_1_96' title="bbox 237 5693 891 5764">
     <span class='ocr_line' id='line_1_96' title="bbox 237 5693 891 5764; baseline -0.005 -16"><span class='ocrx_word' id='word_1_725' title='bbox 237 5693 406 5751; x_wconf 79' lang='lat' dir='ltr'><strong>Fellus</strong></span> <span class='ocrx_word' id='word_1_726' title='bbox 434 5697 629 5764; x_wconf 76' lang='lat' dir='ltr'><strong>aliique</strong></span> <span class='ocrx_word' id='word_1_727' title='bbox 659 5694 891 5746; x_wconf 79' lang='lat' dir='ltr'><strong>tradidit.</strong></span> 
     </span>
    </p>
   </div>
   <div class='ocr_carea' id='block_1_97' title="bbox 301 5764 1819 5833">
    <p class='ocr_par' dir='ltr' id='par_1_97' title="bbox 301 5764 1819 5833">
     <span class='ocr_line' id='line_1_97' title="bbox 301 5764 1819 5833; baseline 0.005 -19"><span class='ocrx_word' id='word_1_728' title='bbox 301 5776 323 5814; x_wconf 76' lang='grc' dir='ltr'><strong>ι</strong></span> <span class='ocrx_word' id='word_1_729' title='bbox 360 5767 523 5822; x_wconf 82' lang='lat' dir='ltr'><strong>iidem</strong></span> <span class='ocrx_word' id='word_1_730' title='bbox 557 5765 870 5833; x_wconf 83' lang='lat' dir='ltr'><strong>descripsit:</strong></span> <span class='ocrx_word' id='word_1_731' title='bbox 913 5773 1025 5818; x_wconf 91' lang='lat' dir='ltr'><strong>tum</strong></span> <span class='ocrx_word' id='word_1_732' title='bbox 1054 5764 1302 5821; x_wconf 84' lang='lat' dir='ltr'><strong>Baluzius</strong></span> <span class='ocrx_word' id='word_1_733' title='bbox 1341 5781 1407 5823; x_wconf 84' lang='lat' dir='ltr'><strong>ex</strong></span> <span class='ocrx_word' id='word_1_734' title='bbox 1444 5768 1565 5825; x_wconf 89' lang='lat' dir='ltr'><strong>cod.</strong></span> <span class='ocrx_word' id='word_1_735' title='bbox 1598 5781 1729 5823; x_wconf 83' lang='lat' dir='ltr'><strong>mss.</strong></span> <span class='ocrx_word' id='word_1_736' title='bbox 1762 5777 1819 5822; x_wconf 88' lang='lat' dir='ltr'><strong>et</strong></span> 
     </span>
    </p>
   </div>
   <div class='ocr_carea' id='block_1_98' title="bbox 1949 3243 3543 3300">
    <p class='ocr_par' dir='ltr' id='par_1_98' title="bbox 1949 3243 3543 3300">
     <span class='ocr_line' id='line_1_98' title="bbox 1949 3243 3543 3300; baseline -0.002 0"><span class='ocrx_word' id='word_1_737' title='bbox 1949 3246 2016 3300; x_wconf 88' lang='lat' dir='ltr'><strong>ad</strong></span> <span class='ocrx_word' id='word_1_738' title='bbox 2044 3247 2418 3300; x_wconf 88' lang='lat' dir='ltr'><strong>auctoritatem</strong></span> <span class='ocrx_word' id='word_1_739' title='bbox 2445 3258 2513 3300; x_wconf 82' lang='lat' dir='ltr'><strong>ex</strong></span> <span class='ocrx_word' id='word_1_740' title='bbox 2545 3244 2629 3297; x_wconf 91' lang='lat' dir='ltr'><strong>his</strong></span> <span class='ocrx_word' id='word_1_741' title='bbox 2662 3243 2787 3298; x_wconf 88' lang='lat' dir='ltr'><strong>ﬁdei</strong></span> <span class='ocrx_word' id='word_1_742' title='bbox 2814 3243 3257 3299; x_wconf 78' lang='lat' dir='ltr'><strong>conﬁrmandam.</strong></span> <span class='ocrx_word' id='word_1_743' title='bbox 3304 3243 3543 3298; x_wconf 67' lang='lat' dir='ltr'><strong>Caeteros</strong></span> 
     </span>
    </p>
   </div>
   <div class='ocr_carea' id='block_1_99' title="bbox 1948 3333 3539 3419">
    <p class='ocr_par' dir='ltr' id='par_1_99' title="bbox 1948 3333 3539 3419">
     <span class='ocr_line' id='line_1_99' title="bbox 1948 3333 3539 3419; baseline -0.003 -27"><span class='ocrx_word' id='word_1_744' title='bbox 1948 3353 2083 3393; x_wconf 91' lang='lat' dir='ltr'><strong>vero</strong></span> <span class='ocrx_word' id='word_1_745' title='bbox 2124 3337 2432 3406; x_wconf 89' lang='lat' dir='ltr'><strong>Scripturas</strong></span> <span class='ocrx_word' id='word_1_746' title='bbox 2479 3335 2818 3405; x_wconf 83' lang='lat' dir='ltr'><strong>apocrypbas</strong></span> <span class='ocrx_word' id='word_1_747' title='bbox 2874 3334 3249 3395; x_wconf 87' lang='lat' dir='ltr'><strong>nominarunt.</strong></span> <span class='ocrx_word' id='word_1_748' title='bbox 3305 3348 3437 3403; x_wconf 89' lang='lat' dir='ltr'><strong>quas</strong></span> <span class='ocrx_word' id='word_1_749' title='bbox 3474 3333 3539 3419; x_wconf 69' lang='lat' dir='ltr'><strong>in</strong></span> 
     </span>
    </p>
   </div>
   <div class='ocr_carea' id='block_1_100' title="bbox 1944 3424 3538 3498">
    <p class='ocr_par' dir='ltr' id='par_1_100' title="bbox 1944 3424 3538 3498">
     <span class='ocr_line' id='line_1_100' title="bbox 1944 3424 3538 3498; baseline -0.005 -14"><span class='ocrx_word' id='word_1_750' title='bbox 1944 3430 2201 3484; x_wconf 78' lang='lat' dir='ltr'><strong>Ecclesiis</strong></span> <span class='ocrx_word' id='word_1_751' title='bbox 2230 3428 2333 3498; x_wconf 85' lang='lat' dir='ltr'><strong>legi</strong></span> <span class='ocrx_word' id='word_1_752' title='bbox 2376 3428 2686 3483; x_wconf 89' lang='lat' dir='ltr'><strong>noluerunt.</strong></span> <span class='ocrx_word' id='word_1_753' title='bbox 2734 3426 2860 3481; x_wconf 60' lang='lat' dir='ltr'><strong>llaec</strong></span> <span class='ocrx_word' id='word_1_754' title='bbox 2890 3425 3046 3480; x_wconf 89' lang='lat' dir='ltr'><strong>nobis</strong></span> <span class='ocrx_word' id='word_1_755' title='bbox 3084 3439 3114 3479; x_wconf 92' lang='lat' dir='ltr'><strong>a</strong></span> <span class='ocrx_word' id='word_1_756' title='bbox 3140 3424 3382 3479; x_wconf 86' lang='lat' dir='ltr'><strong>Patribus</strong></span> <span class='ocrx_word' id='word_1_757' title='bbox 3431 3432 3538 3477; x_wconf 84' lang='lat' dir='ltr'><strong>tra-</strong></span> 
     </span>
    </p>
   </div>
   <div class='ocr_carea' id='block_1_101' title="bbox 1944 3514 3535 3591">
    <p class='ocr_par' dir='ltr' id='par_1_101' title="bbox 1944 3514 3535 3591">
     <span class='ocr_line' id='line_1_101' title="bbox 1944 3514 3535 3591; baseline -0.006 -12"><span class='ocrx_word' id='word_1_758' title='bbox 1944 3524 2052 3579; x_wconf 91' lang='lat' dir='ltr'><strong>dita</strong></span> <span class='ocrx_word' id='word_1_759' title='bbox 2088 3522 2103 3574; x_wconf 87' lang='lat' dir='ltr'><strong>i</strong></span> <span class='ocrx_word' id='word_1_760' title='bbox 2140 3530 2287 3589; x_wconf 91' lang='lat' dir='ltr'><strong>sunt,</strong></span> <span class='ocrx_word' id='word_1_761' title='bbox 2312 3534 2435 3591; x_wconf 77' lang='lat' dir='ltr'><strong>qua:</strong></span> <span class='ocrx_word' id='word_1_762' title='bbox 2465 3520 2549 3590; x_wconf 90' lang='lat' dir='ltr'><strong>(ut</strong></span> <span class='ocrx_word' id='word_1_763' title='bbox 2568 3519 2703 3589; x_wconf 81' lang='lat' dir='ltr'><strong>dixi)</strong></span> <span class='ocrx_word' id='word_1_764' title='bbox 2732 3524 3091 3589; x_wconf 91' lang='lat' dir='ltr'><strong>opportunum</strong></span> <span class='ocrx_word' id='word_1_765' title='bbox 3122 3517 3292 3570; x_wconf 90' lang='lat' dir='ltr'><strong>visum</strong></span> <span class='ocrx_word' id='word_1_766' title='bbox 3320 3523 3403 3571; x_wconf 87' lang='lat' dir='ltr'><strong>est</strong></span> <span class='ocrx_word' id='word_1_767' title='bbox 3432 3514 3535 3569; x_wconf 90' lang='lat' dir='ltr'><strong>hoc</strong></span> 
     </span>
    </p>
   </div>
   <div class='ocr_carea' id='block_1_102' title="bbox 1941 3645 3537 3719">
    <p class='ocr_par' dir='ltr' id='par_1_102' title="bbox 1941 3645 3537 3719">
     <span class='ocr_line' id='line_1_102' title="bbox 1941 3645 3537 3719; baseline -0.008 -8"><span class='ocrx_word' id='word_1_768' title='bbox 1941 3654 2166 3711; x_wconf 83' lang='lat' dir='ltr'><strong>vetustis</strong></span> <span class='ocrx_word' id='word_1_769' title='bbox 2219 3651 2568 3717; x_wconf 90' lang='lat' dir='ltr'><strong>editionibus,</strong></span> <span class='ocrx_word' id='word_1_770' title='bbox 2622 3650 2865 3719; x_wconf 86' lang='lat' dir='ltr'><strong>epistolas</strong></span> <span class='ocrx_word' id='word_1_771' title='bbox 2915 3648 3338 3719; x_wconf 78' lang='lat' dir='ltr'><strong>quatuordecim,</strong></span> <span class='ocrx_word' id='word_1_772' title='bbox 3388 3645 3537 3719; x_wconf 79' lang='lat' dir='ltr'><strong>Petri</strong></span> 
     </span>
    </p>
   </div>
   <div class='ocr_carea' id='block_1_103' title="bbox 1942 3717 3537 3794">
    <p class='ocr_par' dir='ltr' id='par_1_103' title="bbox 1942 3717 3537 3794">
     <span class='ocr_line' id='line_1_103' title="bbox 1942 3717 3537 3794; baseline -0.006 -13"><span class='ocrx_word' id='word_1_773' title='bbox 1942 3726 2178 3794; x_wconf 80' lang='lat' dir='ltr'><strong>Apostoli</strong></span> <span class='ocrx_word' id='word_1_774' title='bbox 2210 3726 2370 3791; x_wconf 82' lang='lat' dir='ltr'><strong>duas,</strong></span> <span class='ocrx_word' id='word_1_775' title='bbox 2402 3734 2456 3778; x_wconf 91' lang='lat' dir='ltr'><strong>et</strong></span> <span class='ocrx_word' id='word_1_776' title='bbox 2485 3737 2606 3791; x_wconf 73' lang='lat' dir='ltr'><strong>qua:</strong></span> <span class='ocrx_word' id='word_1_777' title='bbox 2636 3717 2935 3794; x_wconf 67' lang='lat' dir='ltr'><strong>sequnnutr</strong></span> <span class='ocrx_word' id='word_1_778' title='bbox 2958 3720 3138 3794; x_wconf 82' lang='lat' dir='ltr'><strong>omnia</strong></span> <span class='ocrx_word' id='word_1_779' title='bbox 3167 3717 3537 3794; x_wconf 88' lang='lat' dir='ltr'><strong>in_acc_usandi</strong></span> 
     </span>
    </p>
   </div>
   <div class='ocr_carea' id='block_1_104' title="bbox 1940 3789 3387 3865">
    <p class='ocr_par' dir='ltr' id='par_1_104' title="bbox 1940 3789 3387 3865">
     <span class='ocr_line' id='line_1_104' title="bbox 1940 3789 3387 3865; baseline -0.005 -13"><span class='ocrx_word' id='word_1_780' title='bbox 1940 3789 2069 3865; x_wconf 85' lang='lat' dir='ltr'><strong>casu</strong></span> <span class='ocrx_word' id='word_1_781' title='bbox 2099 3809 2197 3865; x_wconf 87' lang='lat' dir='ltr'><strong>pro</strong></span> <span class='ocrx_word' id='word_1_782' title='bbox 2225 3789 2393 3859; x_wconf 89' lang='lat' dir='ltr'><strong>recto,</strong></span> <span class='ocrx_word' id='word_1_783' title='bbox 2425 3789 2583 3864; x_wconf 86' lang='lat' dir='ltr'><strong>quem</strong></span> <span class='ocrx_word' id='word_1_784' title='bbox 2614 3789 2743 3847; x_wconf 90' lang='lat' dir='ltr'><strong>olim</strong></span> <span class='ocrx_word' id='word_1_785' title='bbox 2765 3800 2828 3865; x_wconf 86' lang='lat' dir='ltr'><strong>_et</strong></span> <span class='ocrx_word' id='word_1_786' title='bbox 2849 3790 3118 3865; x_wconf 82' lang='lat' dir='ltr'><strong>Pamelius</strong></span> <span class='ocrx_word' id='word_1_787' title='bbox 3150 3789 3387 3865; x_wconf 58' lang='lat' dir='ltr'><strong>retinuit,</strong></span> 
     </span>
    </p>
   </div>
   <div class='ocr_carea' id='block_1_105' title="bbox 2015 3857 3530 3933">
    <p class='ocr_par' dir='ltr' id='par_1_105' title="bbox 2015 3857 3530 3933">
     <span class='ocr_line' id='line_1_105' title="bbox 2015 3857 3530 3933; baseline -0.005 -13"><span class='ocrx_word' id='word_1_788' title='bbox 2015 3864 2044 3905; x_wconf 80' lang='grc' dir='ltr'><strong>¹ι</strong></span> <span class='ocrx_word' id='word_1_789' title='bbox 2077 3857 2458 3933; x_wconf 63' lang='grc' dir='ltr'><strong>Εχρυηχὶιιίυέ</strong></span> <span class='ocrx_word' id='word_1_790' title='bbox 2495 3872 2617 3916; x_wconf 83' lang='lat' dir='ltr'><strong>sunt</strong></span> <span class='ocrx_word' id='word_1_791' title='bbox 2664 3861 2921 3923; x_wconf 89' lang='lat' dir='ltr'><strong>verbum,</strong></span> <span class='ocrx_word' id='word_1_792' title='bbox 2978 3859 3119 3931; x_wconf 91' lang='lat' dir='ltr'><strong>quod</strong></span> <span class='ocrx_word' id='word_1_793' title='bbox 3176 3857 3530 3933; x_wconf 71' lang='lat' dir='ltr'><strong>redundabat.</strong></span> 
     </span>
    </p>
   </div>
   <div class='ocr_carea' id='block_1_106' title="bbox 1942 3929 3534 4005">
    <p class='ocr_par' dir='ltr' id='par_1_106' title="bbox 1942 3929 3534 4005">
     <span class='ocr_line' id='line_1_106' title="bbox 1942 3929 3534 4005; baseline -0.006 -13"><span class='ocrx_word' id='word_1_794' title='bbox 1942 3937 2064 3993; x_wconf 75' lang='lat' dir='ltr'><strong>Mox</strong></span> <span class='ocrx_word' id='word_1_795' title='bbox 2107 3929 2226 4005; x_wconf 72' lang='lat' dir='ltr'><strong>qua:</strong></span> <span class='ocrx_word' id='word_1_796' title='bbox 2274 3934 2448 4005; x_wconf 81' lang='lat' dir='ltr'><strong>primo</strong></span> <span class='ocrx_word' id='word_1_797' title='bbox 2494 3942 2782 4005; x_wconf 82' lang='lat' dir='ltr'><strong>occurrunt</strong></span> <span class='ocrx_word' id='word_1_798' title='bbox 2805 3933 2965 4005; x_wconf 82' lang='lat' dir='ltr'><strong>verba</strong></span> <span class='ocrx_word' id='word_1_799' title='bbox 2985 3929 3006 3995; x_wconf 82' lang='lat'><strong>,</strong></span> <span class='ocrx_word' id='word_1_800' title='bbox 3062 3930 3411 4005; x_wconf 67' lang='lat' dir='ltr'><strong>quw_dici_tttr,</strong></span> <span class='ocrx_word' id='word_1_801' title='bbox 3443 3929 3534 4005; x_wconf 81' lang='lat' dir='ltr'><strong>alii</strong></span> 
     </span>
    </p>
   </div>
   <div class='ocr_carea' id='block_1_107' title="bbox 1939 4000 3532 4076">
    <p class='ocr_par' dir='ltr' id='par_1_107' title="bbox 1939 4000 3532 4076">
     <span class='ocr_line' id='line_1_107' title="bbox 1939 4000 3532 4076; baseline -0.005 -18"><span class='ocrx_word' id='word_1_802' title='bbox 1939 4000 2376 4076; x_wconf 69' lang='lat' dir='ltr'><strong>praetermittunt.</strong></span> <span class='ocrx_word' id='word_1_803' title='bbox 2406 4003 2739 4076; x_wconf 81' lang='lat' dir='ltr'><strong>Baluziusin</strong></span> <span class='ocrx_word' id='word_1_804' title='bbox 2772 4001 2910 4076; x_wconf 71' lang='lat' dir='ltr'><strong>hun_c</strong></span> <span class='ocrx_word' id='word_1_805' title='bbox 2934 4002 3131 4076; x_wconf 75' lang='lat' dir='ltr'><strong>locum,</strong></span> <span class='ocrx_word' id='word_1_806' title='bbox 3173 4000 3412 4076; x_wconf 72' lang='lat' dir='ltr'><strong>Mirilice,</strong></span> <span class='ocrx_word' id='word_1_807' title='bbox 3436 4000 3532 4076; x_wconf 71' lang='lat' dir='ltr'><strong>ait,</strong></span> 
     </span>
    </p>
   </div>
   <div class='ocr_carea' id='block_1_108' title="bbox 1979 4068 3534 4131">
    <p class='ocr_par' dir='ltr' id='par_1_108' title="bbox 1979 4068 3534 4131">
     <span class='ocr_line' id='line_1_108' title="bbox 1979 4068 3534 4131; baseline -0.007 0"><span class='ocrx_word' id='word_1_808' title='bbox 1979 4080 2115 4131; x_wconf 88' lang='lat' dir='ltr'><strong>Iacet</strong></span> <span class='ocrx_word' id='word_1_809' title='bbox 2158 4076 2351 4130; x_wconf 91' lang='lat' dir='ltr'><strong>editori</strong></span> <span class='ocrx_word' id='word_1_810' title='bbox 2384 4073 2673 4128; x_wconf 80' lang='lat' dir='ltr'><strong>Oxoniensi</strong></span> <span class='ocrx_word' id='word_1_811' title='bbox 2724 4072 2839 4126; x_wconf 63' lang='lat' dir='ltr'><strong>haec</strong></span> <span class='ocrx_word' id='word_1_812' title='bbox 2866 4070 3039 4123; x_wconf 86' lang='lat' dir='ltr'><strong>Ruﬁni</strong></span> <span class='ocrx_word' id='word_1_813' title='bbox 3090 4071 3159 4124; x_wconf 92' lang='lat' dir='ltr'><strong>de</strong></span> <span class='ocrx_word' id='word_1_814' title='bbox 3199 4069 3281 4122; x_wconf 91' lang='lat' dir='ltr'><strong>his</strong></span> <span class='ocrx_word' id='word_1_815' title='bbox 3336 4068 3534 4122; x_wconf 84' lang='lat' dir='ltr'><strong>veteris</strong></span> 
     </span>
    </p>
   </div>
   <div class='ocr_carea' id='block_1_109' title="bbox 1937 4094 3532 4203">
    <p class='ocr_par' dir='ltr' id='par_1_109' title="bbox 1937 4094 3532 4203">
     <span class='ocr_line' id='line_1_109' title="bbox 1979 4094 3532 4131; baseline -0.007 0"><span class='ocrx_word' id='word_1_816' title='bbox 1979 4094 2115 4131; x_wconf 84' lang='lat' dir='ltr'><strong>tacet</strong></span> <span class='ocrx_word' id='word_1_817' title='bbox 2158 4094 2351 4130; x_wconf 71' lang='lat' dir='ltr'><strong>Gallorl</strong></span> <span class='ocrx_word' id='word_1_818' title='bbox 2384 4094 2673 4128; x_wconf 70' lang='lat' dir='ltr'><strong>UXUIIICDSI</strong></span> <span class='ocrx_word' id='word_1_819' title='bbox 2724 4094 2839 4126; x_wconf 69' lang='lat' dir='ltr'><strong>Itast:</strong></span> <span class='ocrx_word' id='word_1_820' title='bbox 2868 4094 3039 4123; x_wconf 87' lang='lat' dir='ltr'><strong>numtt</strong></span> <span class='ocrx_word' id='word_1_821' title='bbox 3090 4094 3159 4124; x_wconf 80' lang='lat' dir='ltr'><strong>Ut:</strong></span> <span class='ocrx_word' id='word_1_822' title='bbox 3199 4094 3281 4122; x_wconf 68' lang='lat' dir='ltr'><strong>ut:</strong></span> <span class='ocrx_word' id='word_1_823' title='bbox 3339 4094 3532 4122; x_wconf 68' lang='lat' dir='ltr'><strong>vescus</strong></span> 
     </span>
     <span class='ocr_line' id='line_1_110' title="bbox 1937 4094 3532 4203; baseline -0.006 -3"><span class='ocrx_word' id='word_1_824' title='bbox 1937 4094 2270 4202; x_wconf 52' lang='lat' dir='ltr'><strong>’i‘estamenti</strong></span> <span class='ocrx_word' id='word_1_825' title='bbox 2311 4143 2460 4198; x_wconf 88' lang='lat' dir='ltr'><strong>libris</strong></span> <span class='ocrx_word' id='word_1_826' title='bbox 2508 4143 2801 4195; x_wconf 87' lang='lat' dir='ltr'><strong>sententia.</strong></span> <span class='ocrx_word' id='word_1_827' title='bbox 2857 4140 2963 4194; x_wconf 90' lang='lat' dir='ltr'><strong>Sed</strong></span> <span class='ocrx_word' id='word_1_828' title='bbox 3010 4155 3170 4192; x_wconf 91' lang='lat' dir='ltr'><strong>unum</strong></span> <span class='ocrx_word' id='word_1_829' title='bbox 3221 4145 3339 4199; x_wconf 86' lang='lat' dir='ltr'><strong>est,</strong></span> <span class='ocrx_word' id='word_1_830' title='bbox 3386 4140 3532 4203; x_wconf 87' lang='lat' dir='ltr'><strong>quod</strong></span> 
     </span>
    </p>
   </div>
   <div class='ocr_carea' id='block_1_110' title="bbox 1936 4207 3525 4271">
    <p class='ocr_par' dir='ltr' id='par_1_110' title="bbox 1936 4207 3525 4271">
     <span class='ocr_line' id='line_1_111' title="bbox 1936 4207 3525 4271; baseline -0.006 -2"><span class='ocrx_word' id='word_1_831' title='bbox 1936 4217 2276 4271; x_wconf 85' lang='lat' dir='ltr'><strong>observatum</strong></span> <span class='ocrx_word' id='word_1_832' title='bbox 2316 4213 2501 4266; x_wconf 89' lang='lat' dir='ltr'><strong>velim.</strong></span> <span class='ocrx_word' id='word_1_833' title='bbox 2546 4210 2771 4265; x_wconf 85' lang='lat' dir='ltr'><strong>Ruﬁnus</strong></span> <span class='ocrx_word' id='word_1_834' title='bbox 2820 4210 2919 4263; x_wconf 89' lang='lat' dir='ltr'><strong>hos</strong></span> <span class='ocrx_word' id='word_1_835' title='bbox 2962 4208 3130 4262; x_wconf 91' lang='lat' dir='ltr'><strong>libros</strong></span> <span class='ocrx_word' id='word_1_836' title='bbox 3168 4207 3221 4260; x_wconf 92' lang='lat' dir='ltr'><strong>in</strong></span> <span class='ocrx_word' id='word_1_837' title='bbox 3263 4220 3525 4260; x_wconf 88' lang='lat' dir='ltr'><strong>canonem</strong></span> 
     </span>
    </p>
   </div>
   <div class='ocr_carea' id='block_1_111' title="bbox 1936 4274 3527 4347">
    <p class='ocr_par' dir='ltr' id='par_1_111' title="bbox 1936 4274 3527 4347">
     <span class='ocr_line' id='line_1_112' title="bbox 1936 4274 3527 4347; baseline -0.008 -8"><span class='ocrx_word' id='word_1_838' title='bbox 1936 4301 2045 4339; x_wconf 94' lang='lat' dir='ltr'><strong>non</strong></span> <span class='ocrx_word' id='word_1_839' title='bbox 2074 4282 2420 4347; x_wconf 87' lang='lat' dir='ltr'><strong>admittebat,</strong></span> <span class='ocrx_word' id='word_1_840' title='bbox 2453 4280 2548 4335; x_wconf 90' lang='lat' dir='ltr'><strong>sed</strong></span> <span class='ocrx_word' id='word_1_841' title='bbox 2574 4294 2674 4335; x_wconf 92' lang='lat' dir='ltr'><strong>nec</strong></span> <span class='ocrx_word' id='word_1_842' title='bbox 2700 4295 2795 4334; x_wconf 91' lang='lat' dir='ltr'><strong>eos</strong></span> <span class='ocrx_word' id='word_1_843' title='bbox 2825 4278 3183 4347; x_wconf 85' lang='lat' dir='ltr'><strong>vituperabat,</strong></span> <span class='ocrx_word' id='word_1_844' title='bbox 3214 4290 3314 4347; x_wconf 88' lang='lat' dir='ltr'><strong>nec</strong></span> <span class='ocrx_word' id='word_1_845' title='bbox 3338 4274 3527 4347; x_wconf 80' lang='lat' dir='ltr'><strong>Eccle-</strong></span> 
     </span>
    </p>
   </div>
   <div class='ocr_carea' id='block_1_112' title="bbox 1935 4344 3529 4423">
    <p class='ocr_par' dir='ltr' id='par_1_112' title="bbox 1935 4344 3529 4423">
     <span class='ocr_line' id='line_1_113' title="bbox 1935 4344 3529 4423; baseline -0.009 -13"><span class='ocrx_word' id='word_1_846' title='bbox 1935 4357 2067 4423; x_wconf 89' lang='lat' dir='ltr'><strong>sias,</strong></span> <span class='ocrx_word' id='word_1_847' title='bbox 2094 4369 2124 4408; x_wconf 93' lang='lat' dir='ltr'><strong>a</strong></span> <span class='ocrx_word' id='word_1_848' title='bbox 2145 4354 2337 4422; x_wconf 88' lang='lat' dir='ltr'><strong>quibus</strong></span> <span class='ocrx_word' id='word_1_849' title='bbox 2358 4344 2772 4423; x_wconf 82' lang='lat' dir='ltr'><strong>recipiebantur.</strong></span> <span class='ocrx_word' id='word_1_850' title='bbox 2798 4344 3091 4423; x_wconf 49' lang='lat' dir='ltr'><strong>Cum&#39;enim</strong></span> <span class='ocrx_word' id='word_1_851' title='bbox 3119 4346 3353 4423; x_wconf 82' lang='lat' dir='ltr'><strong>nondum</strong></span> <span class='ocrx_word' id='word_1_852' title='bbox 3384 4344 3529 4423; x_wconf 74' lang='lat' dir='ltr'><strong>inter</strong></span> 
     </span>
    </p>
   </div>
   <div class='ocr_carea' id='block_1_113' title="bbox 1936 4414 3527 4480">
    <p class='ocr_par' dir='ltr' id='par_1_113' title="bbox 1936 4414 3527 4480">
     <span class='ocr_line' id='line_1_114' title="bbox 1936 4414 3527 4480; baseline -0.009 0"><span class='ocrx_word' id='word_1_853' title='bbox 1936 4414 2126 4480; x_wconf 76' lang='lat' dir='ltr'><strong>omnes</strong></span> <span class='ocrx_word' id='word_1_854' title='bbox 2160 4414 2427 4478; x_wconf 75' lang='lat' dir='ltr'><strong>Ecclesias</strong></span> <span class='ocrx_word' id='word_1_855' title='bbox 2465 4414 2530 4475; x_wconf 81' lang='lat' dir='ltr'><strong>ea</strong></span> <span class='ocrx_word' id='word_1_856' title='bbox 2570 4420 2638 4473; x_wconf 90' lang='lat' dir='ltr'><strong>de</strong></span> <span class='ocrx_word' id='word_1_857' title='bbox 2676 4434 2736 4474; x_wconf 93' lang='lat' dir='ltr'><strong>re</strong></span> <span class='ocrx_word' id='word_1_858' title='bbox 2777 4419 3147 4479; x_wconf 83' lang='lat' dir='ltr'><strong>convenisset,</strong></span> <span class='ocrx_word' id='word_1_859' title='bbox 3196 4416 3389 4470; x_wconf 90' lang='lat' dir='ltr'><strong>merito</strong></span> <span class='ocrx_word' id='word_1_860' title='bbox 3430 4414 3527 4467; x_wconf 88' lang='lat' dir='ltr'><strong>ad-</strong></span> 
     </span>
    </p>
   </div>
   <div class='ocr_carea' id='block_1_114' title="bbox 1936 4486 3525 4556">
    <p class='ocr_par' dir='ltr' id='par_1_114' title="bbox 1936 4486 3525 4556">
     <span class='ocr_line' id='line_1_115' title="bbox 1936 4486 3525 4556; baseline -0.009 -8"><span class='ocrx_word' id='word_1_861' title='bbox 1936 4494 2215 4556; x_wconf 90' lang='lat' dir='ltr'><strong>mittendi,</strong></span> <span class='ocrx_word' id='word_1_862' title='bbox 2251 4500 2343 4545; x_wconf 88' lang='lat' dir='ltr'><strong>aut</strong></span> <span class='ocrx_word' id='word_1_863' title='bbox 2372 4506 2478 4546; x_wconf 93' lang='lat' dir='ltr'><strong>non</strong></span> <span class='ocrx_word' id='word_1_864' title='bbox 2510 4488 2828 4544; x_wconf 88' lang='lat' dir='ltr'><strong>admittendi</strong></span> <span class='ocrx_word' id='word_1_865' title='bbox 2859 4487 3013 4542; x_wconf 89' lang='lat' dir='ltr'><strong>venia</strong></span> <span class='ocrx_word' id='word_1_866' title='bbox 3043 4486 3292 4551; x_wconf 88' lang='lat' dir='ltr'><strong>dabatur,</strong></span> <span class='ocrx_word' id='word_1_867' title='bbox 3332 4494 3386 4538; x_wconf 91' lang='lat' dir='ltr'><strong>et</strong></span> <span class='ocrx_word' id='word_1_868' title='bbox 3433 4501 3525 4556; x_wconf 60' lang='grc' dir='ltr'><strong>ρετ</strong></span> 
     </span>
    </p>
   </div>
   <div class='ocr_carea' id='block_1_115' title="bbox 1937 4555 3520 4630">
    <p class='ocr_par' dir='ltr' id='par_1_115' title="bbox 1937 4555 3520 4630">
     <span class='ocr_line' id='line_1_116' title="bbox 1937 4555 3520 4630; baseline -0.006 -12"><span class='ocrx_word' id='word_1_869' title='bbox 1937 4568 2145 4620; x_wconf 89' lang='lat' dir='ltr'><strong>tebatur</strong></span> <span class='ocrx_word' id='word_1_870' title='bbox 2171 4563 2434 4619; x_wconf 90' lang='lat' dir='ltr'><strong>vicissim.</strong></span> <span class='ocrx_word' id='word_1_871' title='bbox 2463 4563 2533 4616; x_wconf 85' lang='lat' dir='ltr'><strong>At</strong></span> <span class='ocrx_word' id='word_1_872' title='bbox 2563 4561 2720 4630; x_wconf 89' lang='lat' dir='ltr'><strong>longe</strong></span> <span class='ocrx_word' id='word_1_873' title='bbox 2749 4560 2853 4614; x_wconf 91' lang='lat' dir='ltr'><strong>alia</strong></span> <span class='ocrx_word' id='word_1_874' title='bbox 2883 4557 3297 4630; x_wconf 83' lang='lat' dir='ltr'><strong>Protestantium</strong></span> <span class='ocrx_word' id='word_1_875' title='bbox 3325 4555 3520 4624; x_wconf 87' lang='lat' dir='ltr'><strong>agendi</strong></span> 
     </span>
    </p>
   </div>
   <div class='ocr_carea' id='block_1_116' title="bbox 1930 4625 3520 4705">
    <p class='ocr_par' dir='ltr' id='par_1_116' title="bbox 1930 4625 3520 4705">
     <span class='ocr_line' id='line_1_117' title="bbox 1930 4625 3520 4705; baseline -0.007 -16"><span class='ocrx_word' id='word_1_876' title='bbox 1930 4636 2088 4699; x_wconf 88' lang='lat' dir='ltr'><strong>ratio,</strong></span> <span class='ocrx_word' id='word_1_877' title='bbox 2113 4636 2203 4705; x_wconf 91' lang='lat' dir='ltr'><strong>qui</strong></span> <span class='ocrx_word' id='word_1_878' title='bbox 2233 4634 2314 4687; x_wconf 90' lang='lat' dir='ltr'><strong>bis</strong></span> <span class='ocrx_word' id='word_1_879' title='bbox 2341 4632 2491 4687; x_wconf 91' lang='lat' dir='ltr'><strong>libris</strong></span> <span class='ocrx_word' id='word_1_880' title='bbox 2515 4625 2757 4705; x_wconf 65' lang='lat' dir='ltr'><strong>omnium</strong></span> <span class='ocrx_word' id='word_1_881' title='bbox 2784 4642 3053 4705; x_wconf 84' lang='lat' dir='ltr'><strong>consensu</strong></span> <span class='ocrx_word' id='word_1_882' title='bbox 3081 4625 3312 4695; x_wconf 88' lang='lat' dir='ltr'><strong>receptis</strong></span> <span class='ocrx_word' id='word_1_883' title='bbox 3337 4635 3520 4705; x_wconf 77' lang='lat' dir='ltr'><strong>notam</strong></span> 
     </span>
    </p>
   </div>
   <div class='ocr_carea' id='block_1_117' title="bbox 1929 4697 3517 4772">
    <p class='ocr_par' dir='ltr' id='par_1_117' title="bbox 1929 4697 3517 4772">
     <span class='ocr_line' id='line_1_118' title="bbox 1929 4697 3517 4772; baseline -0.006 -12"><span class='ocrx_word' id='word_1_884' title='bbox 1929 4697 2485 4772; x_wconf 69' lang='lat' dir='ltr'><strong>erroris&#39;inusserunt,</strong></span> <span class='ocrx_word' id='word_1_885' title='bbox 2517 4716 2580 4756; x_wconf 85' lang='lat' dir='ltr'><strong>ac</strong></span> <span class='ocrx_word' id='word_1_886' title='bbox 2604 4699 2871 4756; x_wconf 88' lang='lat' dir='ltr'><strong>Ecclesias</strong></span> <span class='ocrx_word' id='word_1_887' title='bbox 2896 4714 3018 4770; x_wconf 78' lang='lat' dir='ltr'><strong>qua:</strong></span> <span class='ocrx_word' id='word_1_888' title='bbox 3046 4705 3381 4767; x_wconf 76' lang='lat' dir='ltr'><strong>receperant,</strong></span> <span class='ocrx_word' id='word_1_889' title='bbox 3412 4697 3517 4751; x_wconf 82' lang='lat' dir='ltr'><strong>im-</strong></span> 
     </span>
    </p>
   </div>
   <div class='ocr_carea' id='block_1_118' title="bbox 1928 4773 2832 4845">
    <p class='ocr_par' dir='ltr' id='par_1_118' title="bbox 1928 4773 2832 4845">
     <span class='ocr_line' id='line_1_119' title="bbox 1928 4773 2832 4845; baseline -0.004 -15"><span class='ocrx_word' id='word_1_890' title='bbox 1928 4778 2156 4845; x_wconf 86' lang='lat' dir='ltr'><strong>probare</strong></span> <span class='ocrx_word' id='word_1_891' title='bbox 2184 4777 2298 4829; x_wconf 89' lang='lat' dir='ltr'><strong>ausi</strong></span> <span class='ocrx_word' id='word_1_892' title='bbox 2324 4782 2451 4828; x_wconf 90' lang='lat' dir='ltr'><strong>sunt</strong></span> <span class='ocrx_word' id='word_1_893' title='bbox 2475 4781 2528 4845; x_wconf 87' lang='lat' dir='ltr'><strong>et</strong></span> <span class='ocrx_word' id='word_1_894' title='bbox 2554 4773 2832 4845; x_wconf 82' lang='lat' dir='ltr'><strong>damnare.</strong></span> 
     </span>
    </p>
   </div>
   <div class='ocr_carea' id='block_1_119' title="bbox 2008 4836 3515 4918">
    <p class='ocr_par' dir='ltr' id='par_1_119' title="bbox 2008 4836 3515 4918">
     <span class='ocr_line' id='line_1_120' title="bbox 2008 4836 3515 4918; baseline -0.005 -18"><span class='ocrx_word' id='word_1_895' title='bbox 2008 4846 2022 4884; x_wconf 80' lang='grc' dir='ltr'><strong>ί</strong></span> <span class='ocrx_word' id='word_1_896' title='bbox 2056 4847 2257 4901; x_wconf 89' lang='lat' dir='ltr'><strong>Tacent</strong></span> <span class='ocrx_word' id='word_1_897' title='bbox 2278 4844 2533 4918; x_wconf 87' lang='lat' dir='ltr'><strong>vero_ali_i,</strong></span> <span class='ocrx_word' id='word_1_898' title='bbox 2568 4852 2622 4897; x_wconf 88' lang='lat' dir='ltr'><strong>et</strong></span> <span class='ocrx_word' id='word_1_899' title='bbox 2653 4842 2960 4918; x_wconf 58' lang='lat' dir='ltr'><strong>paulopost</strong></span> <span class='ocrx_word' id='word_1_900' title='bbox 2981 4836 3515 4918; x_wconf 56' lang='lat' dir='ltr'><strong>ﬂermatis,__legunt.</strong></span> 
     </span>
    </p>
   </div>
   <div class='ocr_carea' id='block_1_120' title="bbox 1931 4907 3517 4975">
    <p class='ocr_par' dir='ltr' id='par_1_120' title="bbox 1931 4907 3517 4975">
     <span class='ocr_line' id='line_1_121' title="bbox 1931 4907 3517 4975; baseline -0.008 -3"><span class='ocrx_word' id='word_1_901' title='bbox 1931 4916 2194 4975; x_wconf 86' lang='lat' dir='ltr'><strong>Baluzius.</strong></span> <span class='ocrx_word' id='word_1_902' title='bbox 2225 4929 2348 4968; x_wconf 90' lang='lat' dir='ltr'><strong>cum</strong></span> <span class='ocrx_word' id='word_1_903' title='bbox 2377 4907 2584 4968; x_wconf 89' lang='lat' dir='ltr'><strong>duobus</strong></span> <span class='ocrx_word' id='word_1_904' title='bbox 2629 4907 2758 4966; x_wconf 84' lang='lat' dir='ltr'><strong>mss.</strong></span> <span class='ocrx_word' id='word_1_905' title='bbox 2784 4907 3040 4966; x_wconf 78' lang='lat' dir='ltr'><strong>Hermetis</strong></span> <span class='ocrx_word' id='word_1_906' title='bbox 3068 4926 3087 4965; x_wconf 93' lang='lat'><em>:</em></span> <span class='ocrx_word' id='word_1_907' title='bbox 3120 4907 3392 4963; x_wconf 87' lang='lat' dir='ltr'><strong>Morellius</strong></span> <span class='ocrx_word' id='word_1_908' title='bbox 3420 4922 3517 4961; x_wconf 88' lang='lat' dir='ltr'><strong>no-</strong></span> 
     </span>
    </p>
   </div>
   <div class='ocr_carea' id='block_1_121' title="bbox 1926 4976 3516 5050">
    <p class='ocr_par' dir='ltr' id='par_1_121' title="bbox 1926 4976 3516 5050">
     <span class='ocr_line' id='line_1_122' title="bbox 1926 4976 3516 5050; baseline -0.009 -7"><span class='ocrx_word' id='word_1_909' title='bbox 1926 4987 2131 5043; x_wconf 74' lang='lat' dir='ltr'><strong>biscum</strong></span> <span class='ocrx_word' id='word_1_910' title='bbox 2154 4985 2372 5040; x_wconf 84' lang='lat' dir='ltr'><strong>Hermes</strong></span> <span class='ocrx_word' id='word_1_911' title='bbox 2390 5000 2411 5039; x_wconf 90' lang='lat'><strong><em>:</em></strong></span> <span class='ocrx_word' id='word_1_912' title='bbox 2434 4984 2521 5037; x_wconf 85' lang='lat' dir='ltr'><strong>alii</strong></span> <span class='ocrx_word' id='word_1_913' title='bbox 2552 4980 2778 5040; x_wconf 84' lang='lat' dir='ltr'><strong>Herma’.</strong></span> <span class='ocrx_word' id='word_1_914' title='bbox 2810 4982 2933 5038; x_wconf 75' lang='lat' dir='ltr'><strong>Mox</strong></span> <span class='ocrx_word' id='word_1_915' title='bbox 2961 4994 3058 5050; x_wconf 89' lang='lat' dir='ltr'><strong>pro</strong></span> <span class='ocrx_word' id='word_1_916' title='bbox 3082 4979 3345 5050; x_wconf 74' lang='lat' dir='ltr'><strong>Iudicium</strong></span> <span class='ocrx_word' id='word_1_917' title='bbox 3368 4976 3516 5031; x_wconf 85' lang='lat' dir='ltr'><strong>Petri</strong></span> 
     </span>
    </p>
   </div>
   <div class='ocr_carea' id='block_1_122' title="bbox 1925 5048 3517 5127">
    <p class='ocr_par' dir='ltr' id='par_1_122' title="bbox 1925 5048 3517 5127">
     <span class='ocr_line' id='line_1_123' title="bbox 1925 5048 3517 5127; baseline -0.009 -14"><span class='ocrx_word' id='word_1_918' title='bbox 1925 5057 2049 5113; x_wconf 90' lang='lat' dir='ltr'><strong>cod.</strong></span> <span class='ocrx_word' id='word_1_919' title='bbox 2080 5060 2211 5127; x_wconf 89' lang='lat' dir='ltr'><strong>Reg.</strong></span> <span class='ocrx_word' id='word_1_920' title='bbox 2243 5056 2405 5110; x_wconf 89' lang='lat' dir='ltr'><strong>habet</strong></span> <span class='ocrx_word' id='word_1_921' title='bbox 2447 5053 2725 5127; x_wconf 73' lang='lat' dir='ltr'><strong>Iudicium</strong></span> <span class='ocrx_word' id='word_1_922' title='bbox 2754 5048 3035 5127; x_wconf 69' lang='lat' dir='ltr'><strong>secundum</strong></span> <span class='ocrx_word' id='word_1_923' title='bbox 3062 5050 3237 5127; x_wconf 76' lang='lat' dir='ltr'><strong>Petri,</strong></span> <span class='ocrx_word' id='word_1_924' title='bbox 3279 5048 3517 5127; x_wconf 63' lang='lat' dir='ltr'><strong>Sanger-</strong></span> 
     </span>
    </p>
   </div>
   <div class='ocr_carea' id='block_1_123' title="bbox 1927 5117 3505 5197">
    <p class='ocr_par' dir='ltr' id='par_1_123' title="bbox 1927 5117 3505 5197">
     <span class='ocr_line' id='line_1_124' title="bbox 1927 5117 3505 5197; baseline -0.009 -13"><span class='ocrx_word' id='word_1_925' title='bbox 1927 5117 2217 5193; x_wconf 78' lang='lat' dir='ltr'><strong>manensis,</strong></span> <span class='ocrx_word' id='word_1_926' title='bbox 2235 5138 2291 5182; x_wconf 88' lang='lat' dir='ltr'><strong>et</strong></span> <span class='ocrx_word' id='word_1_927' title='bbox 2303 5135 2512 5181; x_wconf 88' lang='lat' dir='ltr'><strong>veteres</strong></span> <span class='ocrx_word' id='word_1_928' title='bbox 2526 5124 2675 5197; x_wconf 83' lang='lat' dir='ltr'><strong>editi,</strong></span> <span class='ocrx_word' id='word_1_929' title='bbox 2689 5120 2725 5177; x_wconf 77' lang='grc' dir='ltr'><em>Ι</em></span> <span class='ocrx_word' id='word_1_930' title='bbox 2730 5124 2956 5197; x_wconf 81' lang='lat' dir='ltr'><strong>udicium</strong></span> <span class='ocrx_word' id='word_1_931' title='bbox 2975 5122 3255 5197; x_wconf 60' lang='lat' dir='ltr'><strong>secundum</strong></span> <span class='ocrx_word' id='word_1_932' title='bbox 3274 5117 3505 5197; x_wconf 65' lang='lat' dir='ltr'><strong>Petrum.</strong></span> 
     </span>
    </p>
   </div>
   <div class='ocr_carea' id='block_1_124' title="bbox 1998 5188 3507 5262">
    <p class='ocr_par' dir='ltr' id='par_1_124' title="bbox 1998 5188 3507 5262">
     <span class='ocr_line' id='line_1_125' title="bbox 1998 5188 3507 5262; baseline -0.009 -11"><span class='ocrx_word' id='word_1_933' title='bbox 1998 5202 2012 5251; x_wconf 81' lang='lat' dir='ltr'><strong>i</strong></span> <span class='ocrx_word' id='word_1_934' title='bbox 2052 5188 2277 5254; x_wconf 78' lang='lat' dir='ltr'><strong>\‘oculas</strong></span> <span class='ocrx_word' id='word_1_935' title='bbox 2301 5206 2419 5250; x_wconf 86' lang='lat' dir='ltr'><strong>sunt</strong></span> <span class='ocrx_word' id='word_1_936' title='bbox 2445 5211 2558 5262; x_wconf 73' lang='lat' dir='ltr'><strong>qua:</strong></span> <span class='ocrx_word' id='word_1_937' title='bbox 2583 5195 2671 5248; x_wconf 89' lang='lat' dir='ltr'><strong>alii</strong></span> <span class='ocrx_word' id='word_1_938' title='bbox 2718 5196 2965 5249; x_wconf 89' lang='lat' dir='ltr'><strong>reticent.</strong></span> <span class='ocrx_word' id='word_1_939' title='bbox 3017 5193 3138 5247; x_wconf 81' lang='lat' dir='ltr'><strong>Mox</strong></span> <span class='ocrx_word' id='word_1_940' title='bbox 3172 5188 3507 5262; x_wconf 84' lang='lat' dir='ltr'><strong>ubi_dici_tur,</strong></span> 
     </span>
    </p>
   </div>
   <div class='ocr_carea' id='block_1_125' title="bbox 1918 5255 3501 5343">
    <p class='ocr_par' dir='ltr' id='par_1_125' title="bbox 1918 5255 3501 5343">
     <span class='ocr_line' id='line_1_126' title="bbox 1918 5255 3501 5343; baseline -0.013 -17"><span class='ocrx_word' id='word_1_941' title='bbox 1918 5274 2085 5343; x_wconf 83' lang='lat' dir='ltr'><strong>prima</strong></span> <span class='ocrx_word' id='word_1_942' title='bbox 2113 5270 2207 5343; x_wconf 64' lang='lat' dir='ltr'><strong>sibi</strong></span> <span class='ocrx_word' id='word_1_943' title='bbox 2237 5255 2482 5343; x_wconf 60' lang='lat' dir='ltr'><strong>Ecclesia:</strong></span> <span class='ocrx_word' id='word_1_944' title='bbox 2508 5280 2571 5318; x_wconf 87' lang='lat' dir='ltr'><strong>ac</strong></span> <span class='ocrx_word' id='word_1_945' title='bbox 2598 5264 2722 5343; x_wconf 77' lang='lat' dir='ltr'><strong>ﬁdei</strong></span> <span class='ocrx_word' id='word_1_946' title='bbox 2748 5265 3020 5343; x_wconf 72' lang='lat' dir='ltr'><strong>elementa,</strong></span> <span class='ocrx_word' id='word_1_947' title='bbox 3050 5255 3501 5343; x_wconf 57' lang='lat' dir='ltr'><strong>quemadmodum</strong></span> 
     </span>
    </p>
   </div>
   <div class='ocr_carea' id='block_1_126' title="bbox 1918 5325 3509 5408">
    <p class='ocr_par' dir='ltr' id='par_1_126' title="bbox 1918 5325 3509 5408">
     <span class='ocr_line' id='line_1_127' title="bbox 1918 5325 3509 5408; baseline -0.014 -11"><span class='ocrx_word' id='word_1_948' title='bbox 1918 5325 1974 5396; x_wconf 72' lang='lat' dir='ltr'><strong>et</strong></span> <span class='ocrx_word' id='word_1_949' title='bbox 2001 5341 2269 5396; x_wconf 89' lang='lat' dir='ltr'><strong>Pamelius</strong></span> <span class='ocrx_word' id='word_1_950' title='bbox 2296 5352 2361 5390; x_wconf 74' lang='lat' dir='ltr'><strong>ex</strong></span> <span class='ocrx_word' id='word_1_951' title='bbox 2388 5325 2817 5408; x_wconf 56' lang='lat' dir='ltr'><strong>Hieronymianis</strong></span> <span class='ocrx_word' id='word_1_952' title='bbox 2844 5325 3049 5408; x_wconf 73' lang='lat' dir='ltr'><strong>duabus</strong></span> <span class='ocrx_word' id='word_1_953' title='bbox 3069 5325 3422 5408; x_wconf 74' lang='lat' dir='ltr'><strong>editionibus,</strong></span> <span class='ocrx_word' id='word_1_954' title='bbox 3450 5331 3509 5408; x_wconf 81' lang='lat' dir='ltr'><strong>et</strong></span> 
     </span>
    </p>
   </div>
   <div class='ocr_carea' id='block_1_127' title="bbox 1921 5402 3503 5473">
    <p class='ocr_par' dir='ltr' id='par_1_127' title="bbox 1921 5402 3503 5473">
     <span class='ocr_line' id='line_1_128' title="bbox 1921 5402 3503 5473; baseline -0.013 -8"><span class='ocrx_word' id='word_1_955' title='bbox 1921 5411 2100 5468; x_wconf 85' lang='lat' dir='ltr'><strong>Fellus</strong></span> <span class='ocrx_word' id='word_1_956' title='bbox 2131 5424 2254 5465; x_wconf 89' lang='lat' dir='ltr'><strong>cum</strong></span> <span class='ocrx_word' id='word_1_957' title='bbox 2291 5402 2652 5461; x_wconf 83' lang='lat' dir='ltr'><strong>vetustissima</strong></span> <span class='ocrx_word' id='word_1_958' title='bbox 2684 5404 2922 5459; x_wconf 89' lang='lat' dir='ltr'><strong>editione</strong></span> <span class='ocrx_word' id='word_1_959' title='bbox 2950 5402 3242 5456; x_wconf 74' lang='lat' dir='ltr'><strong>Oxoniensi</strong></span> <span class='ocrx_word' id='word_1_960' title='bbox 3277 5402 3503 5473; x_wconf 66' lang='lat' dir='ltr'><strong>retinet,</strong></span> 
     </span>
    </p>
   </div>
   <div class='ocr_carea' id='block_1_128' title="bbox 1923 5462 3506 5555">
    <p class='ocr_par' dir='ltr' id='par_1_128' title="bbox 1923 5462 3506 5555">
     <span class='ocr_line' id='line_1_129' title="bbox 1923 5462 3506 5555; baseline -0.007 -20"><span class='ocrx_word' id='word_1_961' title='bbox 1923 5462 2165 5555; x_wconf 45' lang='lat' dir='ltr'><strong>nitidius</strong></span> <span class='ocrx_word' id='word_1_962' title='bbox 2193 5462 2489 5546; x_wconf 77' lang='lat' dir='ltr'><strong>rescripsit,</strong></span> <span class='ocrx_word' id='word_1_963' title='bbox 2530 5478 2701 5555; x_wconf 76' lang='lat' dir='ltr'><strong>prima</strong></span> <span class='ocrx_word' id='word_1_964' title='bbox 2724 5474 2845 5555; x_wconf 77' lang='lat' dir='ltr'><strong>ﬁdei</strong></span> <span class='ocrx_word' id='word_1_965' title='bbox 2864 5473 3138 5555; x_wconf 42' lang='lat' dir='ltr'><strong>elementi,</strong></span> 
     </span>
    </p>
   </div>
   <div class='ocr_carea' id='block_1_129' title="bbox 1922 5533 3498 5616">
    <p class='ocr_par' dir='ltr' id='par_1_129' title="bbox 1922 5533 3498 5616">
     <span class='ocr_line' id='line_1_130' title="bbox 1922 5533 3498 5616; baseline -0.013 -10"><span class='ocrx_word' id='word_1_966' title='bbox 1922 5533 2172 5607; x_wconf 64' lang='lat' dir='ltr'><strong>Ecclesite</strong></span> <span class='ocrx_word' id='word_1_967' title='bbox 2196 5533 2279 5613; x_wconf 82' lang='lat' dir='ltr'><strong>ac,</strong></span> <span class='ocrx_word' id='word_1_968' title='bbox 2333 5533 2681 5616; x_wconf 48' lang='lat' dir='ltr'><strong>q&#39;uaa&#39;vi&#39;tiose</strong></span> <span class='ocrx_word' id='word_1_969' title='bbox 2705 5533 2971 5616; x_wconf 72' lang='lat' dir='ltr'><strong>interseri</strong></span> <span class='ocrx_word' id='word_1_970' title='bbox 3017 5537 3119 5593; x_wconf 92' lang='lat' dir='ltr'><strong>sibi</strong></span> <span class='ocrx_word' id='word_1_971' title='bbox 3160 5533 3498 5616; x_wconf 62' lang='lat' dir='ltr'><strong>videbantur,</strong></span> 
     </span>
    </p>
   </div>
   <div class='ocr_carea' id='block_1_130' title="bbox 1923 5600 3503 5690">
    <p class='ocr_par' dir='ltr' id='par_1_130' title="bbox 1923 5600 3503 5690">
     <span class='ocr_line' id='line_1_131' title="bbox 1923 5600 3503 5690; baseline -0.018 -11"><span class='ocrx_word' id='word_1_972' title='bbox 1923 5600 2548 5690; x_wconf 16' lang='lat' dir='ltr'><strong>espiinc&#39;tisrauctjoritate</strong></span> <span class='ocrx_word' id='word_1_973' title='bbox 2572 5613 2743 5690; x_wconf 84' lang='lat' dir='ltr'><strong>_c_od_d.</strong></span> <span class='ocrx_word' id='word_1_974' title='bbox 2786 5625 2915 5665; x_wconf 90' lang='lat' dir='ltr'><strong>mss.</strong></span> <span class='ocrx_word' id='word_1_975' title='bbox 2928 5678 2940 5690; x_wconf 44' lang='lat'><em>.</em></span> <span class='ocrx_word' id='word_1_976' title='bbox 2960 5618 3016 5663; x_wconf 88' lang='lat' dir='ltr'><strong>et</strong></span> <span class='ocrx_word' id='word_1_977' title='bbox 3043 5614 3367 5690; x_wconf 39' lang='lat' dir='ltr'><strong>vetui~tagruni</strong></span> <span class='ocrx_word' id='word_1_978' title='bbox 3379 5687 3386 5690; x_wconf 17' lang='grc' dir='ltr'>λ</span> <span class='ocrx_word' id='word_1_979' title='bbox 3397 5600 3503 5690; x_wconf 62' lang='lat' dir='ltr'><strong>Cv:</strong></span> 
     </span>
    </p>
   </div>
   <div class='ocr_carea' id='block_1_131' title="bbox 1921 5674 3502 5762">
    <p class='ocr_par' dir='ltr' id='par_1_131' title="bbox 1921 5674 3502 5762">
     <span class='ocr_line' id='line_1_132' title="bbox 1921 5674 3502 5762; baseline -0.014 -15"><span class='ocrx_word' id='word_1_980' title='bbox 1921 5674 2097 5762; x_wconf 60' lang='lat' dir='ltr'><strong>priani</strong></span> <span class='ocrx_word' id='word_1_981' title='bbox 2116 5674 2453 5762; x_wconf 23' lang='lat' dir='ltr'><strong>reditionum.</strong></span> <span class='ocrx_word' id='word_1_982' title='bbox 2477 5683 2652 5762; x_wconf 37' lang='lat' dir='ltr'><strong>_No.l_iis</strong></span> <span class='ocrx_word' id='word_1_983' title='bbox 2678 5678 2944 5762; x_wconf 48' lang='grc' dir='ltr'><strong>[ἔπταξαρί</strong></span> <span class='ocrx_word' id='word_1_984' title='bbox 2968 5674 3295 5762; x_wconf 57' lang='lat' dir='ltr'><strong>circumlatis</strong></span> <span class='ocrx_word' id='word_1_985' title='bbox 3328 5682 3502 5740; x_wconf 78' lang='lat' dir='ltr'><strong>potior</strong></span> 
     </span>
    </p>
   </div>
   <div class='ocr_carea' id='block_1_132' title="bbox 1924 5743 3317 5826">
    <p class='ocr_par' dir='ltr' id='par_1_132' title="bbox 1924 5743 3317 5826">
     <span class='ocr_line' id='line_1_133' title="bbox 1924 5743 3317 5826; baseline -0.018 -7"><span class='ocrx_word' id='word_1_986' title='bbox 1924 5743 2214 5819; x_wconf 58' lang='lat' dir='ltr'><strong>auctoritas</strong></span> <span class='ocrx_word' id='word_1_987' title='bbox 2236 5766 2338 5826; x_wconf 84' lang='lat' dir='ltr'><strong>est,</strong></span> <span class='ocrx_word' id='word_1_988' title='bbox 2367 5763 2421 5811; x_wconf 88' lang='lat' dir='ltr'><strong>et</strong></span> <span class='ocrx_word' id='word_1_989' title='bbox 2443 5743 2784 5825; x_wconf 42' lang='lat' dir='ltr'><strong>pluribusiuti</strong></span> <span class='ocrx_word' id='word_1_990' title='bbox 2805 5746 3068 5818; x_wconf 68' lang='lat' dir='ltr'><strong>suffragiis</strong></span> <span class='ocrx_word' id='word_1_991' title='bbox 3092 5745 3317 5801; x_wconf 86' lang='lat' dir='ltr'><strong>videtur.</strong></span> 
     </span>
    </p>
   </div>
  </div>
