4078 6346
548 368 647 389 δην

546 387 650 424 διδ)

1570 368 1795 423 norm
1836 365 2310 434 AQUILEIENSIS
2351 338 2785 420 rnasavrnni

3718 318 3823 423 376‘

544 484 595 535 in
630 486 745 536 loco
767 483 1070 551 designare,
1100 484 1165 537 ad
1199 482 1605 537 instructionem
1624 496 1807 536 eorum
1834 496 1926 550 qm
1952 495 2119 549 pruna
2151 492 2196 538 A
2226 482 2404 534 carnis
2430 491 2625 535 nostra:
2656 491 2809 549 negat
2841 496 2855 532 :
2892 493 3191 548 passmnem
3223 481 3433 537 Domini
3481 492 3537 540 et
3566 485 3819 541 nativita-

540 572 640 627 sibi
675 574 927 629 Ecclesia:
956 589 1017 627 ac
1048 574 1167 628 ﬁdei
1197 573 1461 628 elementa
1490 572 1807 640 suscipiunt,
1842 582 1899 625 ut
1926 573 2119 638 sciam,

537 680 603 716 ex
638 665 830 733 quibus
871 665 972 719 sibi
1014 664 1246 718 fontibus
1277 663 1421 718 verbi
1457 662 1549 717 Dei
1576 662 1871 721 haurienda
1892 662 1999 717 sint
2030 678 2123 731 po-

536 756 683 809 cuia.

612 842 701 898 59.
739 843 905 899 Tenet
935 844 1127 899 deinde
1168 843 1305 898 ratio
1344 842 1489 909 ﬁdei,
1520 851 1764 897 sANcnu
1807 856 2121 897 ecetcsuu.

537 934 795 988 Caussam
823 934 931 1003 jam
977 934 1225 1001 superius
1270 935 1533 998 diximus,
1565 949 1661 988 cur
1699 950 1805 987 non
1834 944 1859 970 δι
1889 933 2123 989 dixerint

538 1026 697 1078 etiam
726 1026 832 1091 hic,
866 1028 915 1079 in
945 1036 1185 1079 sanctam
1214 1026 1529 1080 Ecclesiam.
1565 1026 1625 1080 lii
1656 1027 1816 1096 igitur
1844 1028 1931 1094 qui
1963 1042 2121 1096 supra

538 1116 594 1168 in
627 1127 733 1170 uno
762 1117 874 1170 Deo
902 1117 1125 1171 credere
1156 1118 1331 1172 edocti
1362 1126 1487 1171 sunt
1514 1117 1616 1172 sub
1646 1120 1904 1186 mysterio
1948 1119 2124 1172 Trini-

537 1217 684 1269 tatis,
707 1208 925 1262 credere
947 1210 1107 1265 etiam
1132 1208 1232 1263 hoc
1255 1208 1473 1277 debent,
1501 1223 1658 1263 unam
1681 1223 1801 1264 esse
1825 1208 2120 1263 Ecclesiam

536 1307 809 1364 sanctam,
838 1298 892 1353 in
923 1313 1024 1367 qua
1056 1307 1140 1353 est
1166 1313 1271 1353 uua
1306 1299 1438 1353 ﬁdes
1467 1308 1521 1355 et
1550 1315 1712 1351 unum
1745 1299 2029 1365 baptisma,
2067 1298 2122 1351 in

536 1404 639 1457 qua
667 1404 802 1443 unus
828 1389 966 1443 Deus
988 1390 1227 1444 creditur
1252 1390 1428 1456 Pater,
1456 1400 1509 1443 et
1536 1404 1671 1442 unus
1693 1389 1948 1442 Dominus
1969 1388 2123 1442 Jesus

480 1520 483 1523 λ
536 1486 781 1539 Christus
808 1486 972 1541 Filius
1016 1487 1154 1554 ejus,
1187 1498 1238 1541 et
1276 1502 1413 1542 unus
1458 1487 1684 1555 Spiritus
1726 1488 1969 1541 Sanctus.
2021 1486 2121 1539 Ista

536 1586 619 1632 est
646 1593 775 1647 ergo
802 1592 984 1633 sancta
1024 1580 1257 1634 Ecclesia
1283 1622 1297 1643 ,
1331 1595 1433 1632 non
1464 1580 1667 1635 habens
1708 1580 2000 1641 maculam,
2033 1586 2124 1631 aut

537 1685 749 1740 rugam.
785 1671 931 1725 Multi
966 1673 1108 1725 enim
1151 1683 1203 1726 et
1233 1672 1322 1725 alii
1350 1672 1616 1726 Ecclesias
1644 1679 2119 1740 congregaverunt,

538 1770 598 1813 ut
624 1760 855 1817 Marcion
883 1760 934 1825 δ,
962 1771 1017 1816 et
1049 1762 1377 1827 Valentinus,
1412 1775 1466 1816 et
1491 1762 1657 1816 libion
1708 1770 1764 1816 et
1780 1762 2121 1827 Manichacus,

2227 582 2333 628 tem
2366 587 2471 627 nun
2520 573 2571 626 in
2606 574 2835 627 veritate
2863 573 3070 637 carnis,
3098 574 3190 628 sed
3238 573 3293 628 iu
3325 574 3622 644 phantasiis
3651 574 3821 633 fuisse

2224 668 2526 720 conﬁrmat.
2554 664 2851 719 Concilium
2884 668 3132 721 vanitatis
3158 674 3266 732 est,
3315 668 3456 738 quod
3491 668 3687 724 Paulus
3715 669 3816 725 Sa-

2226 768 2564 824 tnosatenus,
2612 769 2667 811 t-t
2692 768 2717 804 ε
2742 759 2859 828 ejus
2884 768 2999 826 post
3041 758 3184 813 hunc
3230 774 3515 816 successor
3553 760 3817 816 Photinus

2225 852 2475 917 asseruit,
2516 847 2789 904 Christum
2820 868 2925 906 non
2959 852 3121 906 fuisse
3148 863 3273 908 ante
3302 853 3483 908 secula
3523 861 3710 907 natum
3748 869 3816 908 ex

2226 942 2416 1007 Patre,
2442 942 2534 997 sed
2559 952 2627 996 ex
2647 942 2806 996 Maria
2847 942 3078 1009 cmpisse
3104 960 3120 996 :
3146 954 3197 996 et
3231 960 3335 997 non
3364 959 3486 998 eum
3520 937 3687 998 Deum
3719 944 3814 997 bo-

2226 1037 2423 1089 minem
2459 1049 2660 1097 natum,
2706 1035 2797 1088 sed
2827 1051 2891 1090 ex
2940 1035 3156 1090 homine
3190 1036 3356 1089 Deum
3400 1029 3599 1089 factum
3632 1036 3820 1090 existi.

2226 1140 2356 1181 mat.
2397 1125 2697 1181 Concilium
2729 1127 2981 1179 vanitatis
3023 1136 3129 1188 est,
3162 1127 3301 1195 quod
3334 1127 3493 1180 Arius
3522 1138 3686 1194 atque
3717 1116 3823 1181 Ευι

2226 1219 2435 1271 nomius
2477 1218 2693 1281 docuit,
2740 1218 2829 1286 qui
2870 1216 3061 1270 Filium
3096 1217 3187 1271 Dei
3240 1233 3343 1269 non
3376 1232 3441 1270 ex
3486 1216 3600 1285 ipsa
3650 1215 3821 1270 Patris

2224 1311 2519 1366 substantia
2570 1322 2771 1375 natum,
2804 1309 2898 1363 sed
2942 1327 3007 1364 ex
3052 1311 3218 1363 nihilo
3264 1319 3501 1363 creatum
3530 1308 3559 1344 ιι
3596 1302 3815 1363 volunt:

2225 1414 2279 1456 et
2326 1404 2517 1457 Filium
2570 1404 2661 1457 Dei
2715 1404 2914 1457 habere
2966 1403 3219 1467 initium,
3280 1412 3335 1457 et
3382 1403 3647 1456 minorem
3696 1417 3818 1457 esse

2226 1494 2385 1549 Patre
2414 1512 2428 1558 ;
2510 1496 2605 1549 sed
2635 1503 2690 1550 et
2720 1494 2979 1563 Spiritum
3013 1496 3267 1550 Sanctum
3317 1510 3421 1547 non
3456 1494 3609 1564 103
3642 1493 3815 1548 solum

2225 1588 2487 1643 niinorem
2559 1603 2681 1642 esse
2760 1588 2933 1654 Filio,
2990 1587 3084 1642 sed
3159 1598 3213 1642 et
3269 1586 3667 1641 mittendarimn
3724 1599 3815 1639 as.

2224 1693 2429 1736 seruat.
2490 1682 2793 1735 Concilium
2839 1682 3092 1735 vanitatis
3122 1692 3201 1736 est
3244 1692 3297 1734 et
3340 1678 3484 1749 quod
3519 1677 3592 1733 illi
3640 1676 3813 1746 ajunt,

2226 1774 2317 1843 qui
2352 1774 2547 1827 Filium
2579 1771 2593 1810 ε
2630 1772 2720 1826 Dei
2754 1772 2968 1841 quidem
2995 1772 3062 1827 de
3107 1771 3405 1827 substantia
3438 1771 3611 1826 Patris
3636 1768 3815 1824 faten-

538 1861 596 1905 et
616 1853 795 1917 Arius,
828 1863 881 1909 et
906 1855 1086 1909 caeteri
1116 1870 1301 1908 omnes
1357 1854 1611 1909 hrcretici.
1664 1854 1767 1909 Sed
1808 1854 1912 1906 illa:
1938 1853 2111 1907 Eccle-

2227 1874 2329 1931 tur,
2362 1865 2618 1920 Sanctum
2654 1879 2783 1918 vero
2811 1863 3070 1929 Spiritum
3101 1870 3358 1931 separant
3402 1871 3457 1915 et
3492 1869 3814 1917 secernunt:

537 1943 633 1997 sia:
655 1958 761 1997 non
791 1953 913 1998 sunt
936 1945 1053 2000 sine
1083 1945 1308 2009 macula,
1342 1945 1422 1998 vel
1457 1959 1581 2013 ruga
1617 1944 1851 2011 perﬁdae
1879 1959 1894 1997 :
1919 1957 1969 1997 et
1998 1942 2118 1995 itleo

538 2034 753 2089 dicebat
797 2036 864 2091 de
909 2037 1011 2090 illis
1053 2036 1339 2104 Propheta,
1375 2036 1477 2090 Udi
1514 2035 1798 2089 Ecclesium
1826 2037 2122 2103 malignan-

538 2130 688 2195 tiurn,
716 2139 763 2182 et
789 2144 904 2182 cum
931 2130 1097 2199 impiis
1131 2145 1231 2182 non
1261 2130 1460 2184 sedebo.
1496 2128 1571 2183 De
1599 2131 1699 2183 hac
1724 2142 1903 2182 autem
1938 2126 2121 2181 Eccle-

534 2221 638 2285 sia,
663 2237 781 2289 qua:
811 2221 966 2276 [idem
1013 2223 1168 2293 102
1194 2222 1391 2276 Christi
1442 2223 1704 2290 integram
1749 2232 1949 2283 servat,
1996 2220 2119 2274 audi

533 2312 664 2381 quid
693 2314 833 2367 dicat
862 2313 1092 2381 Spiritus
1120 2314 1347 2368 Sanctus
1390 2314 1440 2368 in
1471 2313 1705 2368 Canticis
1733 2314 2074 2367 Canticorum
2102 2328 2116 2364 :

538 2406 658 2461 Una
683 2417 754 2461 est
785 2408 1019 2460 columba
1046 2424 1181 2473 mea,
1213 2423 1316 2460 una
1345 2417 1417 2461 est
1442 2407 1667 2478 perfecta
1697 2416 1717 2443 ο
1746 2405 1987 2475 genetrici
2014 2421 2122 2458 sua:

534 2495 711 2567 (Cant.
741 2497 795 2552 6.
826 2498 927 2567 8.).
958 2498 1058 2565 Qui
1087 2513 1215 2566 ergo
1247 2500 1384 2552 hanc
1416 2498 1572 2552 ﬁdem
1603 2499 1653 2551 in
1685 2498 1919 2551 Ecclesia
1952 2498 2121 2550 susci-

536 2588 639 2655 pit,
667 2603 771 2641 non
795 2587 1030 2642 declinet
1060 2589 1111 2641 in
1138 2589 1367 2643 concilio
1412 2588 1680 2655 vanitatis,
1706 2598 1759 2642 et
1786 2603 1905 2641 cum
1939 2587 2117 2656 iniqua

533 2679 849 2747 gerentibus
879 2696 984 2732 non
1018 2681 1266 2734 introeat.
1288 2678 1585 2733 Concilium
1610 2695 1840 2747 namque
1870 2680 2120 2733 vanitatis

536 2779 653 2836 est,
684 2770 823 2840 quod
855 2767 881 2806 ἀ
910 2772 1019 2840 agit
1044 2771 1274 2825 Marcion
1295 2808 1310 2836 ,
1338 2773 1426 2839 qui
1456 2782 1644 2837 negat,
1678 2772 1891 2825 Patrem
1919 2770 2117 2823 Christi

534 2859 706 2914 Deum
736 2874 857 2915 esse
884 2872 1214 2928 creatorem,
1246 2863 1334 2931 qui
1381 2878 1474 2929 per
1502 2861 1693 2916 Filium
1732 2877 1889 2915 suum
1930 2860 2119 2915 fecerit

542 2950 824 3005 mundum.
847 2950 1142 3006 Concilium
1168 2953 1416 3005 vanitatis
1441 2963 1542 3017 est,
1572 2953 1715 3022 quod
1740 2953 1908 3007 Ebion
1936 2953 2113 3018 docet,

532 3042 606 3098 ita
632 3043 848 3098 Christo
873 3045 1019 3099 credi
1042 3045 1272 3109 debere,
1316 3055 1374 3098 ut
1407 3052 1432 3080 ο
1463 3043 1802 3098 circumcisio
1828 3047 2026 3111 carnis,
2060 3054 2117 3099 et

530 3135 839 3191 observatio
901 3136 1182 3200 sahbathi,
1244 3150 1299 3192 et
1348 3136 1731 3191 sacriﬁciorum
1776 3136 2109 3202 solemnitas,

2224 1972 2345 2011 cum
2380 1958 2561 2025 utique
2606 1970 2766 2009 unatn
2800 1956 3153 2023 eamdemque
3192 1954 3444 2008 virtutem
3484 1963 3539 2007 et
3559 1951 3812 2006 divinita-

2226 2058 2331 2103 tem
2369 2047 2649 2102 Trinitatis
2686 2046 2934 2101 ostendat
2967 2048 3212 2101 Salvator
3249 2046 3303 2100 in
3346 2046 3656 2111 Evantelio,
3686 2063 3808 2103 cum

2224 2140 2375 2202 dicit,
2406 2137 2677 2204 Baptizate
2704 2154 2878 2192 omnes
2906 2146 3078 2207 gentes
3103 2139 3156 2190 in
3183 2137 3386 2191 nomine
3405 2136 3581 2193 Patris
3604 2150 3651 2194 et
3682 2138 3814 2194 Filii

2224 2244 2270 2283 et
2304 2231 2532 2299 Spiritus
2556 2230 2733 2285 Sancti
2764 2228 2975 2298 (Matth.
2995 2228 3135 2298 28.).
3171 2229 3237 2282 Et
3264 2238 3347 2282 est
3374 2242 3557 2297 aperte
3586 2228 3809 2296 impium

2224 2323 2466 2391 separari
2501 2323 2569 2375 ah
2599 2322 2837 2389 homine,
2875 2321 3018 2390 quod
3047 2320 3305 2375 divinitus
3330 2319 3589 2391 jungitur.
3619 2322 3812 2377 Conci-

2226 2414 2352 2467 lium
2399 2414 2648 2481 vanitatis
2700 2422 2784 2466 est
2832 2412 3041 2477 ethoc,
3098 2413 3240 2480 quod
3284 2412 3414 2465 olim
3466 2415 3812 2483 congregavit

2224 2505 2465 2572 pertinax
2498 2513 2553 2558 et
2580 2517 2740 2571 prava
2772 2503 3068 2569 contentio,
3111 2516 3364 2556 asserens
3393 2503 3664 2558 Christum
3694 2520 3811 2559 car-

2222 2611 2345 2650 nem
2385 2596 2598 2666 quidem
2668 2595 2958 2649 humanam
3011 2598 3340 2664 suscepisse,
3379 2611 3482 2649 non
3525 2606 3704 2651 tamen
3756 2606 3810 2652 et

2225 2688 2461 2742 animam
2492 2690 2841 2742 rationalem:
2873 2703 2994 2741 cum
3024 2689 3210 2755 utique
3239 2697 3293 2741 et
3321 2687 3469 2741 carni
3511 2698 3566 2742 et
3590 2689 3807 2753 animae,

2222 2790 2277 2835 et
2307 2782 2487 2835 sensui
2529 2774 2805 2834 humanoi
2845 2795 2906 2833 ac
2956 2782 3119 2834 menti
3169 2796 3272 2834 una
3321 2780 3616 2849 eademque
3664 2781 3809 2835 salus

2220 2885 2249 2924 a
2276 2871 2493 2926 Christo
2515 2872 2710 2925 collata
2740 2872 2835 2926 sit.
2865 2871 2973 2925 Sed
3003 2881 3055 2925 et
3081 2872 3209 2924 illud
3239 2873 3527 2925 concilium
3554 2874 3805 2929 vanitatis

2220 2972 2323 3027 est,
2355 2964 2498 3033 quod
2529 2963 2763 3017 Donatus
2795 2978 2889 3031 per
2920 2963 3152 3017 Africam
3176 2964 3478 3016 traditionis
3512 2964 3804 3018 Ecclesiam

2215 3056 2553 3110 criminando
2606 3057 2871 3109 contraxit
2925 3073 2937 3107 :
3004 3064 3058 3109 et
3110 3056 3249 3125 quod
3310 3055 3546 3111 Novatus
3605 3057 3805 3112 sollici-

2216 3146 2364 3211 tavit,
2400 3149 2564 3215 lapss
2612 3146 2978 3214 paenitentiam
3027 3146 3344 3216 dettegando
3379 3164 3392 3198 :
3434 3156 3490 3201 et
3536 3151 3806 3201 secundas

527 3236 844 3300 ceteraque
882 3244 1070 3284 omnes
1099 3228 1457 3284 observantia:
1496 3231 1789 3284 secundum
1833 3230 1963 3299 legis
1990 3230 2107 3284 lite-
2133 3245 2181 3310 α
2215 3242 2425 3307 nuptias
2450 3236 2508 3304 ιι,
2537 3254 2657 3292 cum
2691 3243 2828 3293 toi-te
2880 3236 3002 3291 iniri
3049 3251 3142 3292 eas
3182 3238 3476 3292 necessitas
3530 3241 3795 3309 exegerit,

525 3335 640 3376 ram
674 3330 975 3377 teneantur.
1023 3322 1323 3377 Concilium
1354 3322 1607 3377 vanitatis
1636 3332 1741 3389 est,
1789 3321 1931 3389 quod
1961 3321 2120 3378 docet

522 3411 881 3478 Manichteus,
912 3414 1086 3483 primo
1108 3413 1251 3483 quod
1281 3412 1520 3481 seipsum
1552 3412 1885 3482 paracletum
1933 3412 2119 3466 nomi-

522 3504 673 3555 navit
716 3519 729 3555 :
776 3513 887 3557 tum
935 3502 1151 3569 deinde,
1196 3503 1338 3573 quod
1371 3503 1628 3558 mundum
1675 3519 1704 3557 a
1745 3504 1886 3557 malo
1916 3500 2115 3558 factum

522 3592 693 3659 dicit,
740 3594 905 3649 Deum
951 3607 1249 3652 creatorem
1292 3607 1483 3665 negat,
1509 3595 1919 3650 Testamentum
1963 3605 2115 3649 vetus

522 3688 767 3758 repudiat
797 3703 813 3743 :
863 3705 1018 3743 unum
1050 3687 1275 3755 booam,
1317 3684 1477 3743 aliam
1510 3688 1704 3741 malam
1736 3699 1978 3741 naturam
2010 3674 2110 3741 sibi

520 3778 750 3833 invicem
795 3776 815 3817 ί
852 3779 1205 3835 adversantes
1248 3782 1445 3835 asserit
1477 3796 1490 3831 :
1522 3790 1819 3834 coaeternas
1849 3779 1960 3832 Deo
1997 3779 2113 3833 ani-

518 3879 636 3925 tnas
661 3869 933 3925 hominum
963 3875 1256 3926 secundum
1283 3870 1659 3940 Pythagorzeos
1683 3868 2112 3941 [ALPythagori-

513 3961 627 4035 cos]
668 3963 722 4019 in
749 3964 982 4036 pecudes
1010 3974 1065 4020 et
1104 3962 1350 4019 animalia
1379 3973 1433 4017 et
1464 3964 1661 4017 bestias
1690 3962 1865 4015 redire
1908 3977 2001 4029 per
2028 3963 2109 4016 di-

514 4073 701 4115 versos
746 4060 1001 4115 nascendi
1049 4058 1280 4115 circulos
1327 4056 1608 4111 adstruit:
1652 4054 2103 4109 resurrectionem

584 4218 611 4253 *
644 4216 852 4272 Minore
893 4224 1122 4271 numero
1146 4214 1234 4268 alii
1260 4252 1276 4278 ,
1310 4211 1494 4265 dixerit
1521 4224 1540 4263 :
1569 4208 1659 4277 qui
1689 4215 1743 4261 et
1772 4206 1965 4261 deinde
2004 4206 2105 4261 ad-

511 4286 663 4353 dunt,
686 4288 775 4342 sed
802 4299 1033 4341 sanctam
1058 4285 1360 4353 Ecclesium,
1386 4296 1515 4353 qua;
1535 4282 1692 4353 verba
1722 4278 1913 4332 abesse
1936 4279 2100 4353 etiam

511 4347 724 4425 integro
768 4374 929 4412 sensu
980 4366 1218 4426 possunt.
1266 4347 1417 4407 Tum
1448 4350 1607 4405 iidem
1652 4349 1705 4403 in
1755 4365 1910 4402 unum
1936 4347 2099 4402 Deum

509 4430 714 4483 credere
745 4432 879 4483 do‘cti
907 4439 1047 4489 sunt,
1081 4437 1185 4479 etc.

588 4500 615 4539 δ
648 4500 754 4556 Pro
794 4509 841 4554 et
887 4499 1165 4567 particula,

1207 4508 1326 4561 qua:
1373 4491 1532 4547 tertio
1572 4489 1854 4561 repetitur.
1901 4490 2101 4544 habent

513 4571 603 4627 alii
633 4582 688 4625 ut
720 4588 737 4626 :
766 4560 1023 4637 tum-post
1056 4560 1374 4620 Manichwus
1403 4562 1625 4637 addunt,
1666 4570 1720 4637 ut
1743 4560 1919 4637 Arius,
1949 4562 2092 4637 quod

2219 3331 2652 3387 condemnando.
2682 3331 2785 3384 llas
2815 3345 2945 3398 ergo
2967 3345 3156 3385 omnes
3180 3331 3321 3384 velut
3356 3331 3804 3401 congregationes

2221 3421 2630 3491 tnalignantium
2677 3422 2817 3489 iuge.
2854 3420 2958 3475 Sed
3007 3431 3061 3474 et
3090 3435 3204 3486 eos,
3239 3420 3285 3474 si
3313 3422 3401 3490 qui
3431 3421 3507 3474 illi
3538 3430 3683 3485 sunt,
3715 3414 3803 3491 qui

2218 3516 2467 3567 dicuntur
2494 3526 2763 3576 asserere,
2806 3512 2950 3580 quod
2984 3510 3149 3566 Filius
3196 3510 3289 3566 Dei
3323 3527 3428 3564 non
3472 3513 3549 3565 ita
3596 3514 3799 3577 videat,

2218 3608 2303 3657 vel
2337 3604 2547 3657 noverit
2582 3602 2816 3666 Patrem,
2860 3604 2999 3657 sicut
3044 3605 3292 3657 noscitur
3334 3602 3448 3671 ipse
3487 3611 3544 3656 et
3591 3603 3796 3657 videtur

2216 3708 2243 3746 a
2278 3693 2465 3746 Patre:
2516 3692 2599 3745 vel
2654 3708 2878 3761 regnum
2932 3692 3131 3746 Christi
3179 3706 3298 3746 esse
3346 3692 3663 3759 ﬁniendum,
3710 3704 3803 3749 aut

2214 3788 2391 3840 carnis
2422 3786 2871 3840 resurrectionem
2900 3800 3006 3839 non
3037 3783 3053 3821 1
3089 3786 3142 3839 in
3172 3786 3431 3853 integram
3463 3794 3666 3838 naturae
3689 3796 3801 3837 sum

2213 3881 2565 3935 substantiam
2598 3881 2988 3948 reparandam:
3023 3879 3261 3934 futurum
3304 3880 3394 3934 Dei
3439 3878 3641 3947 justum
3672 3894 3799 3949 erga

2210 3985 2399 4024 omnes
2443 3985 2638 4038 negare
2673 3970 2966 4039 judicium:
2996 3969 3270 4024 diabolum
3306 3985 3337 4021 a
3366 3969 3548 4023 debita
3593 3968 3797 4022 absolvi

2209 4064 2555 4119 damnatione
2605 4078 2908 4134 poenarum.
2964 4062 3046 4118 Ab
3086 4063 3192 4130 his,
3248 4062 3492 4131 inquam,
3546 4061 3799 4116 omnibus

2206 4220 2335 4268 rem,
2358 4212 2463 4258 etc.
2483 4217 2655 4271 usque
2683 4202 3067 4255 mittrndarium
3095 4208 3353 4263 asserunt,
3379 4214 3485 4253 non
3517 4199 3793 4271 agnoscit:

2206 4285 2262 4330 et
2293 4265 2349 4328 ut
2378 4275 2506 4328 mihi
2539 4265 2754 4342 quidem
2786 4273 3026 4336 videtur,
3062 4273 3273 4333 verius,
3329 4272 3521 4324 saltem
3551 4265 3617 4324 ad
3647 4265 3797 4342 Ruﬁ-

2205 4346 2348 4399 niani
2386 4341 2637 4412 propositi
2681 4352 3069 4409 contextusque
3117 4342 3342 4402 seriem;
3378 4355 3498 4393 nam
3524 4341 3672 4412 quod
3706 4341 3794 4395 illa

2204 4415 2464 4470 exciderit
2486 4410 2558 4467 ab
2592 4410 2693 4467 hoc
2737 4414 3029 4482 exemplari
3076 4412 3415 4467 librariOrum
3448 4411 3623 4475 culpa,
3660 4412 3793 4466 nihil

2202 4488 2414 4556 penitus
2438 4485 2633 4539 indicio
2649 4493 2731 4539 est
2752 4501 2765 4536 :
2783 4485 3087 4556 econtrario
3108 4484 3245 4551 quod
3272 4482 3431 4535 fuerit
3453 4483 3791 4556 postmodum

2200 4551 2268 4622 ab
2300 4556 2682 4624 interpolatore
2725 4555 2904 4624 aliquo
2952 4554 3178 4624 intrusa,
3214 4556 3380 4605 multa
3422 4551 3787 4624 subindicant.

714 4621 995 4697 éi‘é'a'nini
1011 4638 1327 4689 auctoritate
1350 4621 1662 4701 adjecimus.
1690 4621 1927 4700 Denique
1955 4621 2091 4686 i'nl'ra
2120 4627 2172 4688 D
2197 4621 2302 4701 59d
2332 4621 2557 4701 alioi‘utll
2579 4621 2849 4701 omnium}
2879 4621 3229 4701 ξιιμίκίιηυε,
3260 4622 3561 4675 “lemma”
3594 4636 3784 4675 οθυεθ-

511 4712 665 4767 Odivi
687 4711 889 4766 habent
924 4705 1167 4782 proprii.
1453 4771 1466 4782 .

584 4794 607 4822 ε
640 4784 714 4837 lta
758 4791 812 4835 et
856 4769 980 4834 cod.
1022 4771 1497 4848 Sangermanensis
1539 4784 1552 4824 :
1599 4785 1719 4848 cum
1760 4769 1969 4838 Graeco,
2023 4781 2095 4848 Τῇ

511 4856 668 4934 uorti
696 4852 786 4905 alii
811 4850 1076 4932 genetricis
1122 4843 1431 4915 praeierunt,
1457 4852 1511 4897 et
1536 4843 1693 4911 paulo
1724 4851 1843 4910 post
1863 4843 2097 4915 suscepe-

506 4932 598 4989 rit,
632 4939 728 4991 pro
755 4932 988 4989 suseiptt.

578 4994 605 5030 ά
639 4994 698 5047 ln
726 4992 864 5057 aliis,
896 4988 1034 5059 quod
1060 4986 1152 5059 ait,
1183 4984 1412 5059 fortasse
1440 4985 1639 5038 verius.

583 5073 609 5101 ο
643 5063 829 5125 lidem,
852 5056 921 5113 ut
953 5070 1000 5114 et
1048 5056 1366 5112 circumcisio
1404 5069 1423 5107 :
1462 5065 1518 5110 et
1558 5056 1713 5122 paulo
1754 5062 1888 5121 post,
1920 5070 2095 5108 omnes

508 5133 914 5197 observationes,
945 5138 1002 5184 et
1027 5136 1198 5182 altero
1242 5127 1310 5181 ab
1339 5125 1440 5181 hoc
1467 5141 1623 5181 versu
1644 5168 1658 5194 ,
1701 5129 1924 5194 primum
1955 5126 2092 5195 quod

501 5220 556 5257 se
581 5203 915 5270 paracletum,
945 5211 1047 5255 etc.

582 5265 956 5329 "Addidimus
1005 5267 1148 5339 quod
1196 5267 1381 5322 deerat
1432 5267 1796 5329 adversanfes,
1847 5280 1914 5339 ex
1942 5265 2093 5339 libris

503 5344 645 5407 aliis,
694 5352 754 5396 ut
799 5349 855 5397 et
903 5335 1038 5396 mox
1066 5337 1199 5407 Deo,
1246 5339 1470 5406 scilicet,
1525 5347 1805 5392 coaeternus
1834 5335 1943 5390 Deo
1970 5338 2090 5389 ani-

507 5430 639 5475 mas,
664 5420 769 5466 etc.
1016 5452 1025 5459 .

576 5494 603 5552 β
637 5483 825 5537 Fertne
852 5483 1050 5536 rectius
1097 5480 1207 5545 alii,
1239 5490 1285 5534 et
1310 5492 1423 5552 post
1449 5483 1561 5551 ejus
1585 5493 1870 5552 successor.

575 5551 606 5590 ιι
635 5553 888 5620 Cogimur
915 5553 1168 5606 librorum
1197 5548 1422 5606 aliorum
1454 5548 1688 5605 omnium
1718 5548 1868 5615 sequi
1899 5556 2087 5600 aucto-

504 5624 716 5677 litatem
742 5631 796 5677 et
818 5622 996 5677 ﬁdem.
1020 5622 1230 5692 Alioqui
1257 5625 1596 5677 Barrzcanum
1620 5620 1895 5692 exemplar
1917 5620 2087 5692 potuit

506 5692 955 5762 praefertpiertne
1001 5689 1335 5758 conciiinius,
1388 5690 1738 5761 prmcedentis
1776 5689 1948 5762 docuit
1995 5702 2085 5739 re-

507 5760 716 5831 apectu.
750 5760 885 5817 Tum
921 5778 1049 5819 vero
1087 5760 1498 5835 subsequentem
1539 5773 1766 5835 t’luatuor
1810 5760 1919 5811 lere
1966 5773 2085 5835 verd

504 5839 662 5889 suum
682 5835 949 5906 laciniam,
979 5848 1023 5891 et
1049 5835 1095 5892 ιτ
1098 5838 1241 5890 ilium
1275 5835 1368 5889 Dei
1396 5833 1578 5887 habere
1608 5832 1804 5885 init.th
1846 5839 1897 5889 ct
1921 5832 2084 5881 nitito-

2204 4698 2404 4762 dimus,
2433 4706 2487 4750 et
2518 4698 2569 4750 in
2612 4698 2748 4750 hanc
2798 4695 3083 4747 maluimus
3116 4708 3337 4759 peccare
3366 4702 3595 4759 partem,
3632 4702 3692 4745 ut
3717 4708 3785 4746 ne

2202 4769 2327 4837 quid
2352 4768 2772 4831 desideraretur,
2801 4766 2956 4837 quod
2973 4779 3067 4833 pro
3096 4763 3378 4837 Ruliniano
3405 4762 3611 4837 jamdiu
3652 4762 3782 4815 olim

2203 4824 2475 4901 receptum
2526 4837 2733 4892 fuisset.
2758 4824 2855 4891 Ἐἰ
2905 4824 2988 4888 his
3034 4849 3219 4901 vocem
3249 4824 3666 4888 Filio'Baluzius
3714 4847 3782 4887 ex

2203 4898 2387 4964 codice
2409 4910 2854 4977 Sangermanensi
2886 4898 3110 4977 addidit.

2281 4980 2295 5016 ί
2349 4977 2448 5033 Dei
2488 4972 2717 5033 reticent
2743 4978 2855 5040 alii,
2894 4974 3210 5044 quibuscum
3255 4983 3309 5029 et
3334 4985 3433 5027 nos
3472 4972 3631 5044 paulo
3657 4982 3778 5044 post

2202 5051 2378 5119 utique
2421 5049 2792 5113 rescripsimus
2825 5042 3148 5119 pronaique.
3195 5044 3298 5099 Pro
3327 5043 3585 5109 ostendat,
3632 5042 3778 5114 quod

2201 5116 2335 5182 intra
2364 5130 2467 5185 est,
2503 5119 2658 5173 iidetu
2684 5118 2957 5172 ostenderit
2982 5116 3186 5183 legunt.

2276 5190 2290 5242 i
2357 5182 2470 5244 Ποὀ
2507 5203 2719 5255 quoque
2768 5198 2949 5241 tacent
2997 5182 3219 5238 humano
3270 5183 3397 5237 alii:
3454 5182 3772 5255 quibuscum

2203 5271 2360 5315 tertio
2380 5261 2449 5314 ab
2500 5254 2601 5313 hoc
2626 5274 2782 5312 versu
2810 5257 3035 5326 legimus
3056 5269 3110 5309 et
3138 5272 3237 5309 nos
3260 5254 3577 5326 traditionis
3625 5256 3776 5309 eccle-

2194 5334 2345 5395 siam,
2374 5345 2469 5398 pro
2496 5344 2603 5398 quo
2630 5337 2785 5383 erant
2813 5324 3137 5398 traditionem
3163 5324 3409 5398 ecclesiae.

2266 5401 2291 5438 ¹ί
2326 5394 2386 5455 lu
2426 5394 2872 5467 Sangermanensi
2909 5397 3029 5451 cod.
3079 5396 3403 5461 ltetnboldo,
3459 5394 3687 5467 Erasmo
3715 5402 3776 5450 et

2197 5470 2455 5535 Ilorellio,
2472 5485 2516 5523 et
2539 5466 2789 5524 secundas
2816 5469 3017 5536 nuptias
3034 5484 3133 5521 non
3156 5467 3299 5530 iniri,
3328 5481 3436 5525 eas,
3454 5466 3656 5536 etiamsi
3684 5480 3776 5536 ne:

2189 5543 2395 5595 cessitas
2442 5533 2623 5610 exigit,
2678 5533 3083 5593 condemnanda.
3130 5537 3210 5591 ita
3254 5543 3311 5591 el.
3336 5536 3460 5591 cod.
3504 5535 3639 5606 Reg.
3672 5533 3776 5592 nisi

2195 5616 2330 5683 quod
2362 5628 2446 5665 eas
2496 5619 2654 5666 tacet.

2271 5681 2286 5719 ι
2322 5683 2480 5737 Iidem
2513 5698 2611 5735 non
2663 5682 2862 5751 integra
2890 5688 3088 5732 natura!
3136 5693 3253 5751 suae
3291 5678 3609 5751 substantia;
3666 5686 3779 5751 tum

2197 5755 2367 5808 ferme
2412 5754 2630 5815 rectius,
2683 5749 2941 5804 absolvere
2968 5764 3066 5815 pro
3111 5749 3324 5802 absolvi.
3359 5749 3630 5818 Origenis,
3661 5749 3778 5801 sive

2198 5840 2315 5894 qua:
2343 5824 2419 5878 illi
2448 5839 2543 5892 per
2573 5823 2624 5880 id
2653 5822 2881 5878 maxime
2907 5820 3163 5888 temporis
3191 5818 3586 5889 objicicbantur
3612 5818 3775 5883 impia
