4078 6346
244 332 345 399 3‘77

1208 298 1748 395 COMMENTARIUS
1784 325 1853 391 IN
1890 332 2187 390 svnuou
2228 329 2557 393 seosrou

3409 344 3516 404 578

245 455 414 518 ﬁdelis
462 454 700 512 declinet
752 452 990 509 auditus.
1046 452 1299 508 Sanctam
1348 466 1477 506 vero
1522 451 1815 506 EcclcSIam
1844 446 2018 508 Alibi
2053 445 2071 484 ί
2102 447 2288 501 videar
2335 462 2442 502 non
2494 458 2654 515 posse
2700 456 2963 501 innocens
3012 447 3174 516 efﬁci,
3233 452 3389 524 105
3418 459 3515 526 qui

246 565 367 608 tene
391 561 415 587 ε
441 565 567 620 quae
599 550 769 605 Deum
803 546 1019 602 Patrem
1052 544 1501 613 omnipotentem,
1531 552 1585 597 et
1614 544 1829 600 unicum

247 642 440 700 Filium
478 641 598 711 ejus
650 639 835 705 Iesum
892 637 1163 693 Christum
1222 634 1504 689 Dontinum
1557 644 1833 705 nostrum,

244 744 297 789 et
323 732 587 803 Spiritum
619 731 879 787 Sanctum
919 728 1174 783 concordi
1226 736 1282 782 et
1323 736 1560 780 consuna
1587 728 1837 781 substan-

249 822 334 876 tite
363 822 580 876 ratione
612 820 916 890 proﬁtetur,
950 814 1255 885 Filiumque
1305 815 1464 885 105.
1514 815 1605 868 Dei
1653 823 1836 869 natum

245 927 316 966 ex
347 910 591 981 Virgine,
655 924 870 979 passum
902 924 999 977 pro
1043 907 1216 962 salute
1254 906 1508 969 humana,
1565 915 1627 960 ac
1660 916 1840 960 resur-

246 1006 457 1059 rexisse
487 1018 515 1055 a
546 1003 776 1057 mortuis
807 1001 859 1054 in
888 1014 951 1054 ea
997 1013 1181 1062 carne,
1213 998 1265 1051 in
1314 1012 1416 1065 qua
1447 1005 1692 1050 mortuus
1724 1004 1834 1062 est,

245 1094 435 1149 credit.
465 1092 729 1147 Eumdem
758 1091 990 1160 denique
1018 1099 1298 1143 venturum
1324 1086 1560 1155 judicent
1601 1087 1838 1142 omnium

248 1196 465 1253 sperat?
516 1188 569 1241 in
616 1200 723 1255 quio
756 1195 809 1240 et
854 1184 1106 1239 remissio
1156 1191 1519 1253 peccatorum,
1563 1191 1617 1237 et
1663 1184 1840 1237 carnis

256 1277 583 1333 resurrectio
613 1275 953 1346 praedicatur.

320 1368 411 1423 40.
455 1368 656 1423 Verum
707 1366 777 1421 de
831 1364 1149 1421 remissione
1205 1372 1545 1433 peccatorum
1588 1361 1838 1416 sufﬁcere

252 1459 279 1502 δ
302 1461 462 1517 debet
488 1460 601 1514 sola
632 1457 945 1513 credulitas.
988 1455 1120 1523 Quis
1146 1455 1289 1509 enim
1317 1468 1536 1508 caussas
1556 1461 1651 1507 aut
1677 1452 1842 1506 ratio-

254 1569 377 1608 nem
423 1550 689 1620 requirat,
723 1549 811 1604 ubi
857 1547 1193 1617 indulgentia
1238 1543 1501 1613 Principis
1537 1543 1654 1597 est?
1706 1543 1840 1597 Cum

253 1645 451 1701 terreni
480 1644 645 1713 Regis
676 1641 974 1697 liberalitas
998 1637 1321 1695 discussioni
1347 1652 1453 1691 non
1483 1638 1551 1691 sit
1580 1636 1836 1701 obnoxia,

255 1740 322 1795 ab
350 1737 587 1793 humana
620 1734 925 1791 temeritate
955 1733 1243 1788 discutitur
1268 1731 1448 1786 diviua
1479 1729 1712 1800 largitio.
1741 1729 1843 1785 So-

1941 539 2090 606 prius
2121 542 2320 595 fueram
2370 538 2725 595 criminosus?
2750 539 2807 595 Si
2837 540 3004 605 enim,
3048 550 3106 596 ut
3134 557 3293 613 supra
3336 557 3521 605 osten-

1938 629 2015 695 di,
2057 638 2287 698 constat,
2341 630 2482 700 quod
2510 644 2616 685 non
2649 628 2702 684 in
2733 630 2894 698 iacto,
2920 631 3015 686 sed
3046 632 3102 687 in
3130 634 3407 692 voluntate
3446 640 3522 695 sit

1940 721 2172 776 crimen:
2196 722 2337 775 sicut
2365 723 2503 776 mala
2529 720 2795 788 voluntas,
2823 731 3043 778 auctore
3082 723 3225 779 malo
3251 725 3517 796 daemone,

1942 816 2163 877 peccato
2192 826 2276 863 me
2302 821 2356 864 et
2397 810 2556 863 morti
2586 810 2710 865 fecit
2738 809 3060 866 obnoxium:
3101 813 3172 869 ita
3220 814 3274 869 in
3320 817 3519 872 bonum

1941 899 2189 953 Voluntas
2218 910 2437 967 mutata,
2471 909 2691 957 auctore
2720 903 2861 958 bono
2894 903 3022 969 Deo,
3058 905 3379 963 innocentiae
3425 925 3513 965 tne

1942 986 2175 1042 reddidit
2239 987 2348 1059 [Αι.
2380 988 2574 1060 reddit]
2603 999 2661 1044 et
2707 992 2850 1046 vita.
2909 992 3116 1047 Similis
3145 1010 3331 1050 caussa
3376 1007 3432 1051 et
3467 999 3522 1053 in

1943 1078 2154 1130 caeteris
2183 1085 2207 1124 ι
2241 1086 2325 1131 est
2351 1078 2684 1133 criminibus.
2718 1078 2830 1136 Hoc
2858 1082 3019 1145 modo
3044 1083 3180 1138 ﬁdes
3209 1094 3391 1142 nostra
3418 1104 3523 1143 non

1943 1167 2215 1222 invenitur
2253 1169 2585 1225 naturalibus
2611 1172 2907 1229 rationibus
2935 1177 3229 1243 adversari,
3279 1180 3405 1235 dum
3437 1198 3525 1236 re—

1944 1259 2128 1315 missio
2183 1270 2545 1330 peccatorum,
2604 1280 2711 1319 non
2763 1267 2949 1335 gestis,
2998 1287 3117 1341 quae
3156 1278 3353 1329 mutari
3415 1291 3521 1331 non

1944 1362 2190 1421 possunt,
2238 1356 2331 1408 sed
2362 1356 2543 1409 animo
2573 1372 2728 1426 quem
2782 1359 2850 1414 de
2880 1362 3019 1416 malo
3063 1362 3118 1418 in
3148 1365 3346 1422 bonum
3390 1382 3523 1423 con-

1944 1447 2079 1500 verti
2112 1456 2321 1503 certum
2348 1459 2452 1515 est,
2499 1450 2798 1519 deputetur.

2015 1538 2106 1592 41.
2154 1540 2261 1595 Sed
2289 1551 2343 1595 et
2373 1538 2395 1577 δ
2426 1540 2646 1596 ultimus
2676 1557 2855 1598 sermo
2886 1545 3008 1611 iste,
3041 1548 3130 1617 qui
3178 1552 3527 1607 resurrectio-

1945 1644 2067 1684 nem
2116 1631 2296 1686 carnis
2332 1630 2349 1669 ί
2384 1634 2725 1700 pronu‘nciat,
2755 1648 3017 1691 summam
3051 1640 3214 1693 totius
3246 1643 3528 1709 perfectio—

1946 1720 2030 1777 nis
2069 1723 2339 1777 succincta
2372 1723 2633 1779 brevitate
2660 1726 2964 1781 concludit:
2995 1730 3238 1798 quamvis
3263 1733 3421 1786 etiam
3460 1733 3530 1790 de

259 1832 370 1887 ient
396 1831 544 1886 enim
566 1844 689 1884 cum
714 1827 965 1882 irrisione
990 1825 1271 1879 adversum
1296 1836 1394 1877 nos
1414 1822 1596 1876 dicere
1626 1820 1841 1889 Pagani,
1873 1819 1919 1879 Β
1950 1812 2049 1866 hoc
2099 1827 2210 1867 non
2257 1812 2434 1866 solum
2468 1829 2498 1866 a
2530 1812 2854 1880 Gentilibus,
2908 1818 3002 1872 sed
3051 1831 3105 1873 er
3136 1820 3203 1874 ab
3248 1820 3529 1876 Hmreiicis

254 1920 394 1990 quod
424 1919 528 1988 ipsi
583 1932 684 1973 nos
711 1916 1062 1985 decipiamus,
1107 1914 1202 1984 qui
1234 1924 1257 1952 ο
1291 1923 1542 1983 putemus
1590 1910 1844 1979 crimina,

253 2026 372 2083 qua:
419 2025 587 2079 Opere
636 2010 927 2064 commissa
956 2015 1105 2069 sunt,
1161 2006 1346 2059 verbis
1393 2018 1551 2073 posse
1603 2003 1843 2077 purgari.

256 2106 326 2159 Et
375 2103 553 2173 ajunt,
586 2099 855 2170 Numquid
911 2107 1108 2168 potest,
1150 2096 1243 2165 qni
1293 2094 1642 2150 homicidium
1694 2091 1843 2161 fecit,

254 2195 528 2252 homicida
558 2210 667 2250 non
708 2208 862 2249 esse:
896 2201 950 2247 et
974 2190 1186 2245 adulter
1215 2203 1323 2243 non
1354 2186 1546 2252 videri,
1579 2185 1669 2257 qui
1691 2185 1840 2239 adul-

259 2288 452 2343 terium
488 2283 850 2355 perpetravit?
880 2280 1164 2350 Quomodo
1191 2293 1323 2343 ergo
1351 2277 1724 2347 hujuscemodi
1751 2275 1847 2329 cri-

256 2378 467 2433 n'iuum
516 2391 663 2442 reus,
697 2384 918 2430 sanctus
962 2372 1112 2428 vobis
1155 2370 1296 2426 efﬁci
1342 2370 1519 2425 subito
1549 2367 1849 2423 videbitur?

255 2469 363 2525 Sed
392 2467 465 2522 ad
511 2467 649 2532 haec,
699 2474 758 2520 ut
805 2463 939 2529 dixi,
991 2462 1183 2517 tnelius
1238 2460 1360 2525 lidc,
1414 2474 1572 2529 quam
1637 2458 1851 2512 ratione

256 2555 589 2626 respondeo.
642 2553 756 2608 Rex
799 2552 945 2607 enim
972 2561 1057 2606 est
1100 2549 1343 2605 omnium
1387 2548 1480 2618 qui
1509 2545 1534 2585 ἀ
1571 2550 1671 2601 hoc
1721 2561 1849 2616 pro-

257 2646 438 2704 misit:
497 2656 658 2700 terrze
708 2643 939 2713 caelique
983 2642 1235 2696 dominus
1284 2648 1393 2701 est,
1445 2639 1534 2708 qui
1566 2640 1680 2692 hanc
1734 2637 1851 2705 pol-

255 2744 471 2799 licetur.
507 2738 623 2792 Non
663 2737 765 2801 vis,
796 2746 852 2790 ut
877 2737 967 2805 qui
1001 2749 1086 2789 me
1110 2748 1179 2787 ex
1213 2743 1353 2787 terra
1386 2732 1654 2785 hominem
1699 2729 1852 2795 fecit,

258 2832 479 2890 credam
512 2828 655 2900 quod
704 2842 777 2883 ex
807 2826 1102 2882 criminoso
1156 2840 1241 2879 me
1278 2824 1436 2877 faciat
1477 2821 1853 2876 innocentem?

261 2927 334 2982 Et
359 2924 453 2996 qui
502 2938 613 2987 me,
653 2935 775 2976 cum
819 2933 996 2974 essem
1029 2931 1223 2979 caecus,
1278 2914 1401 2971 fecit
1446 2913 1660 2967 videre:
1707 2921 1731 2949 ο
1764 2913 1854 2967 vel

258 3036 384 3078 cum
429 3032 612 3075 essem
652 3013 848 3070 surdus
905 3010 1122 3067 audire:
1174 3011 1263 3080 qui
1296 3009 1424 3062 mihi
1472 3006 1666 3061 claudo
1705 3018 1856 3074 gres-

259 3127 382 3167 sum
416 3105 682 3171 reddidit,
716 3101 1076 3159 innocentiam
1127 3101 1259 3155 milii
1290 3098 1550 3169 perditam
1602 3112 1711 3150 non
1755 3110 1854 3163 po-

1949 1903 2086 1957 ﬁdes
2118 1905 2458 1974 impugnetur
2503 1905 2783 1962 Ecclesize.
2814 1908 2948 1963 Nam
2992 1910 3308 1969 Valentinus
3353 1925 3532 1970 resur-

1948 1998 2243 2052 rectionem
2284 1992 2462 2053 carnis
2504 2000 2651 2053 omni
2682 2001 2841 2056 modo
2883 2012 3060 2073 negat,
3093 2006 3191 2059 eti
3231 2006 3531 2076 Manichaei,

1948 2088 2089 2142 sicut
2143 2102 2304 2157 supra
2360 2090 2718 2145 ostendimus.
2769 2093 2874 2148 Sed
2916 2093 3002 2148 isti
3052 2093 3264 2151 Esaiam
3315 2099 3532 2167 quidem

1949 2178 2266 2246 prophetam
2294 2179 2589 2247 dicentem,
2621 2180 2902 2252 Resurgent
2934 2187 3121 2239 mortui
3148 2197 3198 2241 et
3216 2191 3533 2243 suscitabun-

1950 2279 2058 2335 tur,
2104 2271 2194 2340 qui
2240 2281 2359 2325 sunt
2404 2272 2461 2325 in
2501 2274 2750 2341 sepulcris
2796 2274 2968 2344 (Esai.
3017 2276 3108 2331 26.
3155 2276 3291 2349 19.),
3346 2281 3534 2337 audire

1952 2364 2274 2418 uoluerunt:
2334 2378 2433 2419 nec
2483 2365 2755 2421 Danielem
2799 2368 3275 2439 sapientissimum,
3327 2383 3534 2442 protes-

1953 2462 2176 2519 tantem,
2214 2454 2347 2521 Quia
2376 2466 2497 2509 tunc
2532 2466 2818 2529 resurgant,
2850 2460 2938 2527 qui
2965 2470 3081 2514 sunt
3107 2462 3159 2515 in
3181 2471 3333 2517 terrte
3360 2462 3533 2533 pulve—

1954 2558 2045 2604 re:
2073 2546 2126 2599 hi
2150 2548 2352 2615 quidem
2399 2548 2453 2601 in
2479 2550 2634 2602 vitam
2672 2558 2938 2613 (sternam,
2970 2552 3024 2604 Ιιὶ
3048 2564 3219 2608 autem
3267 2556 3321 2609 iu
3349 2573 3538 2625 oppro-

1954 2636 2121 2690 brium
2152 2649 2200 2691 et
2240 2640 2587 2710 confusionem
2617 2650 2860 2695 a'ternam
2894 2642 3056 2710 (Dan.
3093 2642 3226 2716 12.).
3276 2645 3302 2683 1‘
3336 2647 3539 2703 Tamen

1954 2730 2037 2785 vel
2069 2731 2122 2785 in
2171 2732 2493 2801 Evangeliis,
2544 2750 2661 2803 qua:
2718 2736 2958 2805 recipere
3007 2738 3274 2805 videntur,
3326 2742 3539 2798 discere

1956 2820 2256 2877 debuerunt
2283 2837 2314 2876 a
2345 2824 2569 2879 Omnino
2598 2836 2651 2879 et
2674 2827 2955 2883 Salvatore
2984 2836 3191 2898 nostro,
3215 2832 3541 2889 Sadduczeos

1956 2915 2208 2983 docente,
2242 2916 2473 2972 dictum:
2511 2920 2662 2986 Quod
2690 2931 2861 2976 autem
2893 2937 3165 2995 resurgant
3194 2929 3403 2996 mortui,
3437 2945 3542 2983 non

1958 3007 2173 3077 legistis,
2204 3025 2304 3076 quo
2346 3013 2499 3064 modo
2528 3013 2654 3065 dicit
2709 3012 2879 3084 Moysi
2926 3019 2979 3069 in
3011 3015 3156 3085 rubo,
3200 3018 3341 3074 Deus
3373 3022 3542 3074 Abra-

1960 3098 2101 3164 ham,
2142 3098 2281 3154 Deus
2314 3100 2486 3166 Isaac,
2525 3102 2661 3156 Deus
2688 3102 2893 3160 Iacob?
2924 3105 3066 3162 Deus
3112 3120 3278 3163 autem
3326 3128 3427 3165 non
3467 3122 3544 3166 est

260 3204 391 3260 ιεινίι
418 3196 776 3268 recuperare?
827 3195 893 3249 Et
921 3203 978 3248 ut
1007 3192 1283 3247 veniamus
1312 3190 1377 3244 ad
1427 3189 1596 3259 ipsius
1647 3197 1853 3241 naturae
1880 3184 1929 3245 C
1960 3198 2299 3252 mortuorum,
2332 3190 2421 3244 sed
2464 3193 2740 3245 viventium
2773 3194 2969 3265 (Marc.
2996 3196 3053 3250 2.
3083 3196 3173 3253 26.
3207 3200 3323 3269 5i).
3356 3199 3410 3254 in
3437 3216 3545 3271 quo

260 3290 651 3351 testimonium.
708 3287 967 3343 Occidere
1010 3284 1282 3338 hominem
1324 3297 1428 3335 non
1480 3295 1684 3347 semper
1742 3279 1854 3332 cri-

261 3388 533 3444 minosum
563 3392 668 3447 eat,
698 3379 792 3434 sed
833 3378 1057 3444 malitia,
1090 3391 1196 3430 non
1232 3375 1442 3444 legibus
1473 3371 1720 3426 occidere
1757 3370 1857 3425 cri-

262 3479 538 3534 ntinosum
570 3482 676 3529 est.
707 3471 826 3527 Non
871 3485 1000 3541 ergo
1028 3470 1227 3523 laetum
1261 3483 1346 3522 me
1376 3467 1429 3520 in
1478 3464 1695 3528 talibus,
1735 3463 1857 3532 quia

260 3571 534 3629 interdqu
586 3578 642 3624 et
671 3575 818 3621 recte
850 3566 934 3632 lit,
969 3564 1066 3619 sed
1119 3565 1333 3617 animus
1385 3563 1522 3617 male
1571 3561 1860 3616 consulens

263 3664 505 3719 damnat.
547 3661 603 3715 Si
633 3672 762 3728 ergo
790 3657 1003 3710 animus
1033 3656 1085 3708 in
1128 3668 1237 3720 nte,
1271 3653 1361 3721 qui
1409 3652 1737 3706 criminosus
1777 3659 1862 3705 est

268 3755 513 3821 eﬂ'ectus,
565 3760 620 3807 et
660 3751 715 3804 in
764 3764 873 3817 quo
900 3746 995 3802 luit
1050 3746 1202 3817 origo
1257 3746 1370 3800 vitii
1402 3745 1722 3816 corrigatur,
1769 3758 1865 3799 cur

270 3880 818 3957 dogmatatdamnari
845 3894 1025 3957 _nemo
1056 3895 1162 3957 non
1189 3879 1358 3935 videt.
1403 3879 1516 3933 Hoc
1546 3888 1723 3934 autem
1755 3880 1868 3934 Ru-

275 3951 492 4015 ﬁnianae
542 3954 669 4010 ﬁdei
716 3951 918 4007 aliatim
973 3951 1308 4013 orthodoxae,
1371 3960 1741 4019 argumentum
1784 3957 1870 4004 est

274 4033 433 4101 longe
477 4025 889 4101 certissimum,_
925 4037 1041 4101 quo
1078 4036 1186 4101 uno
1234 4036 1292 4076 se
1321 4023 1389 4075 ab
1436 4024 1565 4101 ejus
1602 4021 1865 4101 auctoris,

274 4092 432 4168 cuius
454 4098 693 4153 maxime
715 4093 932 4161 ingenio
957 4093 1351 4168 delectabatur,
1370 4092 1654 4168 erroribus
1682 4092 1870 4168 abhor-

275 4161 475 4234 ruisse,
526 4169 883 4229 demonstrat,
915 4170 970 4218 et
998 4161 1308 4231 suSpicione
1334 4163 1402 4215 ab
1430 4178 1575 4214 omnt
1593 4162 1866 4234 vindicat.

281 4242 419 4309 Quin
450 4231 581 4308 puto
603 4252 671 4292 ex
713 4235 798 4289 his
827 4234 1165 4309 occasionem
1208 4234 1489 4309 sumsisse,
1518 4231 1607 4300 qui
1649 4232 1870 4309 Panno-

280 4303 399 4367 dias
426 4303 628 4376 Ruﬁni,
679 4319 816 4376 quas
841 4305 893 4359 in
923 4305 1028 4358 [itte
1071 4307 1293 4371 hujusce
1338 4303 1507 4376 Tomi
1539 4303 1872 4376 recuditnus,

279 4370 714 4437 conﬁnxerunt.’
743 4376 851 4429 Eas
890 4377 1058 4440 adito,
1091 4370 1149 4428 ut
1188 4382 1243 4428 et
1267 4389 1385 4442 quze
1426 4373 1580 4426 nobis
1628 4373 1798 4426 Tomo
1829 4370 1871 4423 Ι.

284 4449 829 4521 Hieronymiangrum
858 4444 1091 4521 Operam
1118 4446 1181 4521 ad
1206 4442 1492 4521 Theophili
1522 4444 1873 4513 Synodicatn,

283 4515 641 4592 ejusdemque
666 4515 956 4592 Raschales
986 4516 1246 4585 Epistolas
1274 4516 1526 4592 adnotata
1556 4527 1702 4592 sunt;

1960 3284 2120 3333 etiam
2151 3296 2269 3349 quae
2300 3282 2370 3335 sit
2418 3290 2473 3334 et
2528 3293 2724 3351 quanta
2772 3288 3185 3342 resurrectionis
3239 3289 3434 3358 gloria,
3486 3291 3543 3346 in

1961 3374 2325 3441 superioribus
2367 3374 2708 3435 memoravit.
2734 3390 2853 3430 cum
2886 3378 3050 3431 dixit:
3084 3376 3152 3432 In
3177 3384 3546 3437 resurrectione

1961 3474 2133 3517 autem
2185 3474 2504 3519 mortuorum
2556 3482 2715 3536 neque
2764 3468 2973 3533 nubent,
3030 3486 3191 3541 neque
3246 3473 3544 3529 nubentur:

1962 3559 2051 3612 sed
2080 3570 2230 3612 erant
2276 3560 2409 3613 sicut
2450 3562 2632 3631 Angeli
2687 3563 2844 3633 106
2895 3562 2989 3618 Dei
3016 3562 3230 3637 (Matth.
3278 3564 3370 3620 22.
3400 3565 3543 3636 20.).

1968 3652 2400 3707 Resurrectionis
2453 3662 2630 3709 autem
2680 3654 2787 3727 [ΑΙ.
2819 3655 2968 3728 ergol
3003 3657 3195 3722 virtus,
3236 3658 3539 3728 angelicum

1969 3743 2276 3799 hominibus
2313 3744 2528 3800 confert
2556 3754 2778 3814 statum,
2820 3756 2878 3802 ut
2921 3749 3011 3818 qui
3047 3749 3116 3805 de
3164 3757 3310 3805 terra
3361 3765 3548 3805 resur-

2044 3875 2064 3916 ΐ
2101 3878 2261 3952 Iidem
2311 3895 2413 3931 non
2438 3878 2611 3934 videor
2639 3896 2805 3947 posse,
2850 3890 2905 3935 et
2933 3896 3056 3935 mox
3101 3883 3418 3936 ostendimus
3449 3897 3548 3952 pro

1971 3950 2211 4021 ostendi.)
2235 3949 2396 4003 Paulo
2429 3960 2548 4016 post
2579 3966 2707 4005 mss.
2733 3964 2788 4007 et
2818 3961 2924 4007 vet.
2949 3951 3104 4017 edit.,
3137 3955 3266 4008 bona
3294 3949 3551 4021 uoluntas,

1974 4034 2071 4088 pro
2112 4020 2166 4072 in
2197 4020 2381 4073 bonum
2411 4021 2667 4075 voluntas.

2046 4100 2071 4137 8
2107 4091 2350 4144 Heticeut
2380 4090 2469 4144 alii
2518 4102 2627 4145 est:
2679 4099 2791 4145 tum
2824 4092 3022 4146 habent
3051 4103 3099 4145 et
3125 4092 3219 4145 hoc
3243 4092 3416 4156 modo,
3445 4101 3550 4149 etc.

2045 4158 2075 4195 ιι
2107 4161 2369 4214 Pamelius
2418 4177 2574 4227 quem
2628 4161 2808 4215 Fellns
2852 4161 3153 4227 (describit)
3196 4176 3317 4215 cum
3373 4172 3555 4216 vetere

1975 4229 2231 4293 editione,
2264 4229 2352 4283 sed
2381 4242 2425 4282 et
2454 4231 2701 4284 ulterius:
2749 4229 2886 4285 falso
2928 4242 3079 4286 ratus
3126 4232 3275 4284 iunui
3318 4231 3548 4285 alterum

1976 4301 2260 4355 articulum
2308 4302 2359 4353 iu
2404 4302 2681 4370 Symbolo,
2726 4298 2792 4370 Et
2822 4303 2977 4354 vitam
3002 4312 3276 4356 externam:
3310 4302 3398 4370 qui
3428 4308 3555 4355 tunc

1980 4371 2251 4441 praprium
2283 4369 2462 4441 locum
2487 4386 2593 4423 non
2640 4369 2889 4435 habebat,
2922 4374 3014 4425 sed
3048 4372 3099 4424 in
3144 4370 3559 4425 Iiesurrectione

1978 4438 2629 4511 contineriit-redebatur.
2666 4444 2909 4511 Aperte
2938 4441 2997 4495 S.
3049 4442 3404 4511 Hieronymus
3458 4441 3553 4495 lib.

1980 4510 2395 4582 advers._J-.-att.
2469 4510 2837 4574 .Ierosolymit.
2885 4510 2955 4564 ln
3011 4510 3282 4582 Symbolo,
3336 4511 3554 4582 inquit,

358 4561 806 4647 riié'r'u'ﬁfti’d'étﬁ
835 4561 1120 4649 teneat,ret
1154 4602 1276 4639 mox
1320 4586 1638 4652 unigenitum
1668 4578 1869 4636 Filium
1905 4561 1952 4620 D
1981 4598 2126 4635 omne
2156 4580 2432 4635 Christiani
2463 4561 2716 4651 dogmatis
2755 4561 3151 4646 sacrantentu’m,
3197 4561 3368 4635 cuiuis
3396 4561 3562 4634 rimi

287 4664 426 4734 ejus,
456 4672 511 4717 ct
544 4660 708 4728 paulo
738 4666 858 4726 past
897 4657 1235 4734 resurreatisse
1283 4672 1313 4706 a
1341 4656 1550 4707 mortuis
1597 4656 1651 4706 in
1693 4652 1872 4734 eode-nt

293 4723 449 4786 c'arne
480 4734 532 4785 in
546 4723 656 4800 'qua
683 4723 836 4782 natus
866 4736 964 4791 est,
989 4727 1170 4794 credit,
1204 4741 1416 4795 euntque
1441 4736 1711 4778 venturum
1725 4723 1875 4795 judi—

286 4816 418 4857 cem.
450 4812 555 4857 etc.

362 4845 575 4941 ξ’ἰιῖἷιὶι
620 4870 757 4925 alios
784 4870 1021 4941 _deberet,
1066 4879 1120 4922 et
1159 4867 1317 4935 paulo
1366 4874 1505 4941 post,
1555 4865 1877 4935 indulgentia

289 4937 591 5015 principalis
629 4941 737 4995 est?
776 4939 838 5015 Et
866 4951 1036 5015 tamen
1065 4955 1181 5015 cum
1210 4937 1420 5001 terreni,
1454 4946 1559 4990 etc.

366 5023 391 5054 ο
442 5006 627 5067 Denuo
672 5011 810 5077 apud
864 5011 1017 5069 alios.
1067 5008 1156 5078 qui
1202 5020 1469 5079 putamus:
1515 5015 1569 5060 et
1596 5007 1683 5079 qui
1716 5006 1881 5079 homi-

221 5112 231 5118 -
292 5085 487 5138 cidiunt
517 5082 793 5136 commisit.
852 5080 1054 5134 Deinde
1105 5078 1209 5132 aut
1242 5079 1444 5131 adulter
1471 5095 1573 5132 non
1615 5078 1796 5140 videri,
1829 5085 1885 5130 et

304 5171 429 5210 tnox
502 5154 759 5222 quomodo
823 5150 1199 5220 hujuscemodi,
1289 5152 1490 5222 absque
1564 5149 1884 5222 interposito

296 5240 454 5351 3'95:
501 5218 735 5292 denique
790 5218 1021 5291 plenius,
1080 5222 1249 5275 subito
1307 5220 1508 5273 videtur
1568 5229 1615 5272 et
1684 5218 1886 5288 puras?

344 5313 370 5349 e
411 5337 425 5351 .
455 5305 563 5350 etv.

344 5298 425 5359 ed,
455 5305 563 5350 etv.

368 5357 633 5421 dTacent
680 5361 839 5417 iidem
872 5361 969 5415 hoc
1025 5376 1337 5426 pronomen,
1390 5369 1549 5428 atque
1590 5360 1718 5423 hinc,
1747 5357 1888 5428 quod

300 5439 565 5501 sequitur.
587 5436 725 5489 Tum
764 5432 853 5486 Vis
886 5444 938 5485 ut
977 5433 1039 5496 ei,
1062 5434 1171 5497 qui,
1203 5441 1334 5498 etc.,
1368 5448 1469 5484 non
1498 5434 1723 5485 credam.

374 5499 398 5544 ε
427 5508 642 5561 Omissa
670 5503 743 5557 vel
766 5506 977 5567 vocula,
1002 5502 1199 5556 habent
1229 5502 1341 5565 alii,
1365 5519 1480 5555 cum
1501 5518 1659 5555 essent
1680 5499 1887 5562 surdus,

299 5579 482 5631 audire
509 5593 588 5629 me
616 5574 767 5644 fecit:
820 5584 931 5644 tum
964 5573 1130 5644 verbo
1178 5571 1423 5637 reddidit,
1457 5574 1619 5644 aliam
1664 5570 1891 5640 subjun—

340 5660 431 5701 unt
463 5640 770 5717 pericopem
799 5640 1124 5713 huiusmodi,
1173 5644 1255 5710 qui
1288 5659 1366 5695 me
1392 5643 1675 5717 inﬁrmum,
1706 5657 1891 5696 sanum

340 5664 431 5701 unt
463 5664 770 5717 pertcopetn
799 5664 1124 5713 mqusmuut,
1173 5664 1254 5710 qut
1288 5664 1366 5695 me
1392 5664 1674 5709 mprmum,
1706 5664 1891 5696 suuth

303 5664 457 5788 iacit:
514 5718 749 5785 denique
793 5730 1034 5785 reparare
1088 5730 1184 5784 pro
1241 5727 1541 5783 recuperare
1593 5712 1815 5780 habent,
1845 5719 1892 5765 et

309 5800 478 5845 tamen
505 5804 602 5861 pro
631 5797 679 5841 et
705 5795 781 5841 ut.

1979 4654 2200 4706 rectione.
2227 4653 2566 4706 concluditur.
2603 4653 2667 4705 Et
2706 4652 2917 4716 Noster,
2970 4652 3149 4708 Sermo
3175 4653 3263 4722 qui
3302 4667 3562 4705 resurrec-

1981 4726 2169 4778 tionem
2195 4724 2363 4776 caruis
2390 4723 2706 4792 pronuntiat,
2752 4739 3005 4777 summam
3034 4723 3189 4777 totius
3232 4724 3559 4793 perfectionis

1982 4794 2238 4850 succincta
2278 4796 2518 4847 brevitate
2546 4794 2824 4848 concludit.

2063 4862 2186 4917 iIta
2226 4875 2281 4918 et
2329 4866 2449 4918 cod.
2498 4868 2845 4930 Sangerman.
2898 4863 2991 4918 alii
3043 4863 3382 4931 prtenuntiat:
3438 4877 3562 4918 mox

1986 4936 2095 4998 ille,
2126 4942 2182 4988 et
2208 4945 2313 4989 vet.
2359 4936 2490 4987 e.lit.
2538 4937 2800 4988 Oxomen.
2846 4933 3093 4990 Gentibus
3127 4951 3223 5005 pro
3256 4933 3563 5001 Gentilibus,

1990 5016 2101 5061 tum
2142 5006 2256 5069 alii,
2300 5007 2387 5058 sed
2430 5024 2455 5058 e
2481 5007 2582 5058 iam
2608 5005 2671 5057 ab
2701 5007 2977 5067 luerelicis,
3008 5015 3114 5060 etc.

2064 5077 2078 5127 l
2122 5078 2224 5129 Alii
2278 5078 2517 5143 plerique
2560 5093 2769 5139 omnes,
2815 5088 2860 5131 et
2910 5076 3110 5139 Manes,
3162 5077 3290 5129 sicut
3335 5077 3570 5145 superius

1991 5147 2325 5201 ostendimus.
2360 5146 2463 5201 Sed
2491 5157 2538 5200 et
2568 5148 2676 5211 isti,
2707 5150 2791 5215 qui
2823 5147 3036 5201 Esaiam
3068 5146 3367 5214 prophetam
3397 5148 3571 5198 dicen-

1991 5227 2088 5270 tem
2135 5219 2360 5282 quidum,
2413 5218 2905 5289 Resurgent.....qui
2934 5220 2987 5272 in
3034 5218 3374 5289 monumentis
3423 5226 3566 5279 sunt,

1991 5290 2172 5342 audire
2219 5289 2512 5350 noluerunt,
2554 5286 2647 5341 nec
2693 5286 2955 5342 Danielem
3009 5286 3440 5354 sapientissimum
3463 5300 3573 5335 om-

1994 5359 2137 5411 nium
2168 5358 2575 5428 praphetantem.
2632 5358 2961 5414 Postremum
2995 5372 3180 5428 vocem
3210 5363 3574 5425 protestantem

1997 5425 2391 5498 vetus'qnoque
2418 5430 2582 5483 editio
2611 5430 2932 5483 Oxoniensis
2962 5425 3197 5495 praefert.

2071 5504 2092 5536 κ
2129 5491 2477 5564 Iidem-lude,
2520 5501 2597 5552 vel
2628 5501 2681 5553 in
2720 5491 3028 5567 Evangeliis,
3070 5506 3173 5549 etc.
3210 5503 3320 5546 tum
3355 5491 3576 5567 Domino

2001 5571 2290 5634 Saluatore,
2319 5578 2371 5624 et
2400 5562 2604 5638 Moyses
2636 5586 2731 5637 pro
2761 5562 2954 5636 Moysi,
2984 5566 3218 5638 denique
3249 5578 3343 5630 pro
3383 5562 3472 5615 sed
3499 5562 3572 5613 ri-

2000 5644 2222 5696 veutium
2274 5640 2395 5694 cod.
2440 5635 2936 5708 SzingermanenSis,
2980 5635 3346 5708 sedgviuorum
3376 5649 3408 5708 _:
3458 5647 3576 5708 qua:

1999 5714 2160 5765 verba
2211 5711 2263 5766 in
2297 5709 2462 5780 [legio
2490 5702 2594 5764 ms.
2627 5720 2683 5764 et
2710 5708 2952 5778 pluribus
2976 5704 3135 5760 editis
3178 5704 3328 5759 libris
3357 5702 3576 5759 deside-

2002 5792 2205 5837 rantur.
