4078 6346
492 312 597 367 5ῗ9

1515 302 1742 361 RL'FINI
1782 292 2257 366 AQUILEIENSIS
2300 292 2732 349 PRESBYTER!

3645 293 3749 345 530

494 422 737 479 rexerint
778 422 884 494 [ΑΙ.
918 415 1371 487 resurrexeruut],
1432 431 1538 469 non
1571 414 1762 468 iterum
1806 410 1859 464 in
1908 416 2069 468 terra,
2103 408 2148 464 Α
2176 422 2337 460 venas
2385 405 2641 459 rimatur?
2695 404 2760 457 Et
2812 403 3034 457 artificis
3087 404 3280 459 oculus
3334 421 3524 460 aurum
3586 407 3751 471 videt,

494 530 616 571 cum
664 512 980 583 pecudibus,
1029 509 1123 564 sed
1164 511 1216 563 in
1265 508 1397 561 caelo
1422 520 1541 559 cum
1601 504 1821 572 Angelis
1860 501 2069 554 vivant:

495 621 630 675 quos
671 617 848 661 tamen
880 603 944 657 ad
991 602 1093 657 hoc
1132 601 1270 656 ratio
1304 599 1426 651 vita:
1451 606 1477 633 ⁸
1504 596 1735 663 purioris
1765 592 2072 646 admiserit:

499 699 620 752 illos
679 697 903 758 scilicet,
960 695 1050 764 qui
1103 693 1213 762 jam
1258 704 1400 744 nunc
1448 697 1833 743 conservantes
1882 684 2073 737 animm

497 806 608 846 sua:
646 803 860 843 carnem
890 789 941 839 in
970 785 1135 838 castis
1168 780 1436 850 pudicitiae
1476 778 1706 841 acubus,
1752 773 2075 829 obedientite

498 880 680 936 Sancti
718 877 947 948 Spiritus
995 874 1435 941 subjugaverunt,
1482 880 1537 925 et
1560 870 1703 923 omni
1752 882 1870 922 eam
1917 867 2077 918 vitio-

498 986 617 1024 rum
669 969 785 1022 labe
814 973 1106 1027 tenuatam,
1137 961 1163 999 δ
1194 972 1355 1031 atque
1390 962 1441 1014 in
1472 960 1804 1028 spiritualem
1851 957 2073 1026 gloriam

498 1056 927 1115 sanctificationis
974 1055 1171 1107 virtute
1230 1062 1512 1116 mutatam,
1571 1050 1896 1119 Angelorutn
1936 1064 2067 1117 quo-

447 1191 451 1195 .
496 1164 602 1219 que
645 1154 954 1200 meruerunt
995 1143 1195 1197 inferre
1223 1141 1529 1196 consortiis.

568 1236 657 1291 42.
705 1237 810 1292 Sed
854 1236 1094 1290 infideles
1128 1246 1150 1273 ο
1187 1234 1444 1297 clamant,
1477 1241 1531 1286 et
1560 1231 1770 1286 dicunt:
1800 1229 2078 1298 Quomodo

498 1336 677 1397 potest
725 1344 875 1393 caro,
909 1342 1027 1396 qua:
1057 1325 1355 1396 putrefacta
1382 1324 1714 1387 dissolvitur,
1745 1333 1837 1375 aut
1885 1323 1935 1374 in
1964 1320 2079 1389 pul-

499 1435 677 1474 verem
708 1420 954 1485 vertitnr,
991 1419 1156 1471 maris
1185 1418 1345 1471 etiam
1379 1417 1645 1471 interdum
1676 1415 1939 1484 profundo
1964 1428 2079 1467 sor-

505 1515 681 1577 betur,
710 1514 1065 1581 Iluctibnsque
1111 1511 1456 1581 dispergitur,
1503 1511 1739 1580 recolligi
1786 1525 1997 1565 rursum
2027 1518 2082 1561 et

503 1606 815 1673 reintegrari
859 1606 911 1659 in
943 1621 1125 1671 unum,
1165 1616 1219 1659 et
1248 1620 1442 1673 corpus
1472 1618 1537 1658 ex
1569 1619 1630 1657 ea
1671 1604 1903 1657 hominis
1927 1618 2083 1671 repa-

503 1693 645 1747 rari?
684 1693 767 1746 Ad
796 1709 931 1761 quos
961 1694 1183 1761 primam
1215 1690 1243 1730 d
1275 1696 1486 1747 interim
1520 1696 1927 1762 responsionem
1965 1707 2079 1747 ser-

2178 497 2227 549 in
2282 511 2387 562 quo
2438 495 2768 561 imperituss
2810 503 3005 547 terrain
3080 506 3249 563 putat.
3312 499 3433 552 Ilaec
3478 515 3576 553 cur
3645 516 3753 554 non

2178 586 2331 655 '[07
2366 586 2705 639 concedimus
2753 584 2824 648 ei,
2871 585 2959 652 qui
3010 584 3134 639 fecit
3185 589 3478 655 hominem,
3533 593 3751 659 quando

2177 684 2379 728 tantum
2413 676 2479 738 is,
2511 676 2598 743 qui
2626 675 2693 727 ab
2721 675 2836 742 ipso
2865 674 3035 727 factus
3060 684 3167 738 est,
3194 681 3413 746 assequi
3443 682 3660 746 potest?
3688 681 3752 735 Et

2175 781 2293 820 cum
2323 766 2437 819 auri
2480 780 2601 819 esse
2640 766 2907 833 pr0priam
2954 780 3171 830 venam,
3219 777 3275 823 et
3319 773 3525 841 argenti
3569 773 3752 839 aliain,

2177 862 2301 913 aeris
2329 874 2538 929 quoque
2584 860 2741 928 longe
2772 859 3039 927 disparem
3076 857 3100 896 ¹³
3126 902 3141 925 ,
3173 862 3301 918 ferri
3346 880 3408 918 ac
3437 866 3642 934 plumbi
3674 868 3754 921 di-

2176 966 2385 1005 versam
2429 952 2566 1005 intra
2597 951 2831 1019 speciem
2872 960 3031 1005 terra:
3062 951 3258 1019 latere,
3308 958 3533 1011 mortale
3563 960 3755 1027 depre-

2179 1042 2377 1095 hendat
2420 1043 2687 1109 ingenium
2723 1059 2736 1093 :
2766 1042 2946 1095 divina
2982 1042 3157 1098 virtus
3193 1046 3438 1100 invenire
3489 1063 3648 1112 posse
3685 1065 3747 1103 ac

2178 1136 2489 1189 discernere
2519 1150 2621 1186 non
2663 1133 2932 1199 putabitur
2963 1135 3383 1205 uniuscujusque
3420 1140 3601 1192 carnis
3634 1156 3755 1208 pro-

2179 1230 2350 1299 prium
2385 1237 2402 1264 ι
2434 1243 2674 1289 censum,
2705 1228 2864 1282 etiam
2888 1231 2931 1281 si
2961 1229 3212 1283 videatur
3233 1230 3544 1297 dispersus?

2252 1321 2342 1374 45.
2371 1323 2475 1375 Sed
2500 1320 2513 1370 i
2550 1321 2614 1373 ad
2647 1321 2761 1374 lucc
2789 1330 3076 1386 teutemus,
3123 1322 3327 1377 animas
3356 1339 3475 1392 qua:
3502 1325 3758 1379 delirituit

2182 1416 2234 1469 in
2269 1414 2392 1481 (ide,
2429 1414 2763 1468 naturalibus
2795 1414 3092 1468 rationibus
3123 1414 3396 1482 adjuvare.
3442 1418 3495 1471 Si
3527 1418 3648 1485 quis
3680 1420 3757 1469 di-

2183 1524 2334 1563 versa
2362 1510 2566 1561 semina
2594 1510 2646 1561 in
2676 1523 2837 1560 unum
2869 1509 3212 1577 permisceat,
3246 1520 3301 1563 et
3329 1510 3442 1565 hanc
3474 1512 3759 1567 indiscreta

2188 1601 2456 1664 seminet,
2512 1600 2596 1653 vel
2643 1600 2838 1668 passim
2895 1609 3111 1669 spargat
3160 1601 3213 1654 in
3280 1610 3478 1654 terram
3523 1620 3536 1653 :
3586 1618 3760 1657 nonne

2185 1693 2609 1759 uniuscujusque
2656 1692 2880 1745 seminis
2906 1688 2932 1727 ¹ι
2960 1706 3181 1758 granum
3210 1732 3225 1755 ,
3269 1706 3607 1761 quocumque
3661 1693 3758 1745 luci

506 1785 756 1840 monibus
805 1785 955 1839 Pauli
988 1785 1263 1849 faciamus,
1306 1786 1533 1840 dicentis
1559 1787 1639 1840 eis
1665 1803 1678 1838 :
1710 1785 1968 1853 [nsipiens
1998 1796 2076 1847 tu,
2112 1777 2155 1835 Β
2181 1782 2384 1851 jactum
2416 1781 2594 1847 fuerit,
2620 1782 2949 1849 competenti
2970 1792 3207 1849 tempore
3229 1784 3527 1836 secundum
3557 1798 3759 1838 natura:

504 1877 642 1946 quod
680 1878 903 1930 seminas
936 1895 1036 1931 non
1075 1878 1379 1943 vivi/icatur,
1412 1879 1511 1931 nisi
1537 1880 1677 1947 prius
1708 1879 1982 1931 moriatur.
2019 1876 2082 1929 Et

509 1971 644 2035 quod
684 1971 924 2032 seminus,
958 1986 1057 2021 non
1083 1986 1289 2034 corpus,
1320 1971 1456 2037 quod
1482 1969 1712 2038 futurum
1740 1979 1813 2023 est
1843 1969 2081 2031 seminus,

510 2060 599 2111 sed
653 2062 847 2113 nudum
886 2076 1105 2131 granum
1151 2061 1331 2122 tritici,
1378 2068 1467 2112 aut
1520 2060 1743 2129 alicujus
1791 2071 2086 2113 exterarum

514 2153 783 2204 seminum.
814 2150 949 2205 Deus
996 2163 1167 2205 autem
1196 2152 1284 2205 dat
1332 2152 1410 2205 illi
1441 2168 1625 2222 corpus
1677 2162 1828 2223 prout
1874 2154 1978 2206 vult
2007 2152 2084 2223 (l.

510 2242 627 2297 Cor.
654 2240 791 2312 15.).
820 2243 973 2312 Quod
1002 2254 1176 2299 autem
1221 2244 1329 2313 [ΑΙ.
1354 2244 1503 2316 ergo]
1540 2244 1590 2297 in
1618 2244 1935 2309 seminibus,
1970 2260 2089 2313 qua:

512 2342 568 2387 tu
601 2334 653 2388 in
703 2342 898 2389 terram
937 2336 1094 2404 jacis,
1123 2351 1219 2404 per
1266 2351 1435 2389 annos
1482 2336 1720 2403 singulos
1763 2336 1875 2390 ﬁeri
1915 2336 2086 2401 vides,

512 2424 615 2478 hoc
643 2425 695 2478 in
729 2435 817 2479 tua
848 2440 1031 2491 carne,
1073 2441 1193 2493 quae
1220 2426 1338 2495 lege
1370 2426 1462 2480 Dei
1495 2427 1791 2480 seminatur
1836 2426 1889 2479 in
1922 2434 2087 2491 terra,

514 2514 743 2568 futurum
777 2531 897 2571 esse
926 2531 1033 2570 non
1061 2516 1273 2571 credis?
1308 2515 1419 2570 Cur
1438 2532 1620 2585 qtueso
1650 2527 1672 2554 °
1698 2525 1802 2570 tam
1833 2531 2089 2586 angustus

513 2614 569 2657 et
616 2606 880 2659 invalidus
920 2606 1118 2661 divina:
1165 2607 1416 2675 potentia:
1456 2608 1753 2663 aestimator
1783 2622 1863 2672 es,
1892 2619 1950 2661 ut
1978 2608 2089 2662 dis-

516 2710 731 2762 persum
763 2695 1181 2766 uniuscujusque
1209 2697 1388 2751 carnis
1419 2697 1717 2765 pulverem,
1748 2697 1799 2751 in
1830 2714 1978 2752 suam
2006 2713 2093 2753 ra.

513 2786 710 2841 tionem
756 2786 931 2857 colligi
963 2795 1018 2841 et
1046 2787 1285 2855 reparari
1335 2802 1494 2855 posse
1546 2802 1651 2842 non
1682 2786 1700 2826 ί
1735 2789 1957 2843 credas?
2008 2792 2090 2845 An

515 2893 619 2932 non
647 2891 891 2941 censeas,
919 2892 1038 2931 cum
1068 2878 1267 2942 videas,
1298 2879 1436 2948 quod
1467 2880 1629 2933 etiam
1673 2882 1899 2935 mortale
1944 2883 2091 2950 inge»

519 2971 665 3024 nium
715 2970 989 3025 demersas
1053 2970 1106 3024 in
1167 2971 1485 3040 profundum
1543 2980 1699 3027 terra:
1754 2974 2093 3028 metallorum

588 3110 616 3138 ι
655 3101 726 3175 ita
756 3112 817 3175 et
870 3102 1112 3175 Baluzius
1140 3117 1203 3175 es
1237 3103 1376 3175 cod:
1405 3102 1877 3175 Sangermanensi,
1908 3116 1957 3162 et
1991 3122 2084 3161 ve-

516 3180 604 3233 tns
641 3171 807 3225 editio
867 3173 1189 3246 Oxoniensis
1241 3173 1487 3242 praefert:
1519 3171 1633 3229 valii
1689 3178 1896 3246 prioris.
1954 3177 2086 3231 Tum

515 3256 618 3293 una
650 3257 857 3307 omnes,
888 3245 977 3312 qui
1012 3245 1126 3313 jam
1155 3261 1257 3315 non
1307 3246 1453 3315 carni
1482 3245 1726 3311 serviunt,
1777 3248 1866 3300 sed
1904 3250 2092 3302 anima:

514 3326 621 3384 suae
646 3327 848 3384 carnem
876 3315 1028 3367 castis
1058 3314 1316 3380 pudicitia:
1346 3316 1502 3384 frenis
1533 3317 1586 3369 in
1612 3317 1896 3372 obedientia
1926 3320 2092 3373 Sanc-

517 3382 555 3433 ti
578 3381 805 3455 Spiritus
834 3386 1251 3455 subjugaverunt.
1281 3381 1385 3439 Sed
1415 3388 1693 3441 Barraeana
1723 3388 1903 3452 lectio,
1929 3404 2091 3454 quam

518 3452 753 3506 retinere
810 3452 1001 3521 quoad
1036 3455 1152 3523 ejus
1195 3456 1307 3509 lieri
1358 3456 1502 3521 licet,
1550 3458 1847 3522 studemus,
1900 3452 2091 3513 ini-on-

518 3537 644 3590 grtta
678 3524 788 3589 ipsa
819 3540 1029 3592 quoque
1056 3540 1159 3578 non
1200 3536 1302 3578 est.

597 3592 623 3629 δ
654 3592 707 3665 In
730 3592 873 3657 aliis,
898 3605 943 3647 et
965 3596 1033 3646 ad
1087 3595 1365 3657 spiritalem
1409 3595 1655 3665 gloriam.
1712 3596 1816 3651 Pro
1839 3612 1907 3650 eo
1948 3596 2092 3657 quod

518 3663 781 3735 sequitur,
810 3666 1075 3719 consortiis
1100 3666 1307 3735 inferre.
1342 3663 1448 3717 duo
1471 3682 1601 3719 mss.
1652 3670 1789 3733 apud
1818 3668 2090 3719 Baluzium

521 3731 721 3786 habent
770 3737 1037 3788 consortiis
1088 3731 1330 3798 inserere,
1402 3731 1754 3801 Reniboldus,
1813 3741 2089 3801 Erasmus,

522 3803 798 3857 Morellius
827 3806 1046 3858 misceri.

603 3883 625 3911 =
673 3874 744 3927 Ita
774 3885 826 3926 et
854 3874 1174 3930 Oxoniensis
1211 3884 1367 3931 vetus
1404 3874 1590 3931 editio.
1637 3875 1787 3944 Apud
1806 3876 1966 3935 alios,
2014 3893 2095 3929 re-

523 3943 765 4008 clamant,
793 3954 847 3997 et
882 3946 1039 3998 tertio
1066 3947 1132 3999 ab
1160 3947 1260 3998 hoc
1303 3961 1462 3998 versu
1506 3943 1870 4010 redintegrari.
1921 3950 2094 4000 Acce-

525 4014 742 4082 pitglitec
770 4015 961 4068 Noster
992 4018 1086 4069 abs
1115 4016 1317 4077 Cyrillo
1344 4016 1616 4071 Catechesi
1645 4016 1831 4071 XVIII.
1859 4032 2005 4070 nunt.
2033 4017 2087 4067 '2.

593 4080 620 4121 ἀ
652 4086 820 4139 Antea
854 4088 1039 4139 iterum
1068 4087 1258 4140 vitiose
1291 4095 1407 4139 erat
1448 4101 1547 4152 pro
1590 4087 1815 4140 interim.
1866 4086 1969 4139 Pro
2014 4087 2095 4139 di-

520 4156 697 4215 centis,
730 4158 869 4225 quod
919 4157 1181 4224 sequitur,
1231 4167 1285 4209 et
1325 4168 1478 4209 vetus
1505 4170 1716 4223 quoque
1758 4157 1926 4210 editio
1951 4154 2095 4210 Oxo-

523 4226 724 4280 niensis
767 4227 949 4290 habet,
982 4228 1070 4278 alii
1112 4227 1334 4279 dicentes
1373 4226 1684 4294 praeferunt.
1735 4227 1864 4280 Item
1900 4242 1995 4292 pro
2022 4228 2096 4280 vi-

522 4297 777 4363 viﬁcatnr,
828 4298 969 4363 quod
1022 4304 1078 4349 et
1118 4312 1246 4349 mss.
1294 4304 1347 4348 et
1393 4295 1580 4349 eadem
1633 4308 1785 4349 vetns
1828 4297 1994 4350 editio
2042 4306 2097 4351 et

525 4366 792 4419 Mnrellins
833 4368 1089 4426 retinent,
1134 4367 1219 4417 alii
1278 4366 1485 4419 malunt
1524 4368 1879 4433 viui/icabitur.

597 4446 619 4472 ε
648 4437 866 4489 Addunt
895 4436 981 4487 alii
1025 4446 1089 4489 te.
1134 4436 1252 4488 Mox
1300 4451 1395 4500 pro
1433 4437 1734 4499 wstimutor,
1766 4437 1933 4492 codex
1961 4436 2096 4492 San-

523 4509 913 4573 gernianensis,
947 4505 1224 4559 Renibuld.
1276 4507 1485 4560 Erasm.
1535 4508 1873 4561 existimator.

599 4573 615 4610 τ
645 4575 747 4627 Alii
776 4592 873 4626 non
900 4591 1121 4636 censeas,
1147 4576 1358 4629 omissis
1383 4592 1501 4644 quae
1524 4577 1956 4645 interponuntur,
1982 4594 2090 4631 cre-

523 4642 660 4695 das?
690 4645 767 4695 An
798 4660 920 4704 non,
965 4645 1158 4711 quibus
1203 4642 1431 4699 alterum
1478 4642 1713 4701 isocolon
1746 4650 2049 4702 inchoatur.

598 4722 624 4759 ε
670 4713 740 4767 Ita
787 4724 841 4766 et
881 4714 1002 4766 cod.
1049 4714 1525 4781 Sangermanensis
1576 4728 1749 4786 putat:
1784 4721 1884 4772 alii
1931 4728 2090 4781 putet.

523 4783 652 4859 Qua.-
709 4798 842 4859 vero
886 4786 1282 4859 subsequuntur
1330 4789 1490 4850 idem,
1536 4783 1657 4842 cum
1732 4790 1952 4859 reliquis
1978 4792 2094 4841 vul-

522 4854 658 4918 gatis
706 4852 861 4926 libris
889 4855 965 4906 sic
993 4854 1338 4926 elfertaNec
1364 4867 1562 4910 tantum
1604 4860 1805 4926 quidem
1851 4852 2094 4913 concedi-

524 4939 636 4974 mus
666 4925 735 4997 ei,
776 4925 864 4991 qui
913 4927 1030 4991 fecit
1073 4925 1340 4987 hominem,
1376 4942 1620 4994 quantum
1650 4934 1821 4991 homo,
1855 4935 1961 4997 qui,
1987 4941 2091 4984 etc.

526 5007 624 5068 pio
665 4992 791 5068 litua
811 5009 921 5068 cur
942 5010 1064 5057 non,
1093 5007 1206 5068 etc.
1229 5006 1284 5048 et
1310 4992 1516 5062 quando
1547 5010 1742 5053 tantum
1772 5003 1812 5054 is
1839 4992 1958 5068 qui,
1979 5012 2087 5055 etc.

595 5060 622 5098 Ῑι
649 5064 749 5115 Alii
797 5064 1033 5139 ferrique
1061 5060 1120 5115 ac
1155 5060 1347 5139 plumbi
1379 5069 1601 5122 diversas
1639 5074 1691 5122 in
1741 5060 1874 5123 terra
1904 5060 2095 5139 species

527 5144 697 5194 terrm,
728 5145 813 5187 etc
843 5172 859 5196 ,
888 5149 919 5187 e
947 5136 1141 5201 quilius
1172 5137 1295 5187 illu-l
1324 5148 1469 5191 certe
1511 5142 1684 5193 minus
1728 5153 1868 5193 recte
1901 5136 2099 5194 habere

527 5206 744 5281 videtur.
762 5206 815 5281 in
845 5216 976 5281 terra
1008 5221 1102 5281 pro
1127 5208 1283 5281 intra,
1310 5210 1763 5281 quemadmodum
1788 5226 1939 5265 vetus
1962 5228 2101 5281 quo-

522 5289 630 5397 ἵνα)
660 5273 827 5327 editio
847 5274 1171 5328 Oxoniensis
1197 5273 1472 5333 nobiscum
1498 5291 1552 5334 et
1581 5298 1699 5335 cum
1727 5282 1937 5335 [Sarrano
1970 5273 2105 5351 prie-

544 5356 646 5397 εῑι.

544 5356 646 5400 ert.

603 5416 618 5453 ί
656 5414 1044 5474 llescrii-simus
1080 5415 1199 5470 heic
1224 5426 1383 5486 atque
1413 5420 1547 5474 inira
1575 5439 1691 5475 cum
1738 5424 1949 5477 Balnzio
1974 5440 2096 5477 cena

522 5502 725 5560 summes
750 5489 1171 5560 Sangermanen.
1203 5504 1303 5540 nt~.
1332 5508 1425 5551 pro
1452 5510 1556 5560 quo
1585 5506 1696 5547 erat
1725 5512 1925 5546 sensum
1947 5537 1961 5559 ,
1991 5507 2094 5545 tam

525 5559 590 5633 in
626 5558 1721 5633 Barrwandtquatn_in_reliqntsrvulgatis
1756 5567 1924 5619 lituis.
1952 5558 2092 5617 illon

524 5627 683 5679 iidem
711 5643 819 5680 esse
858 5627 1057 5697 addunt
1086 5626 1149 5697 ad
1184 5626 1432 5697 videatur,
1484 5643 1538 5687 et
1576 5626 1755 5690 vetere
1792 5638 2093 5689 Uxoniensi

524 5699 775 5775 editione.
810 5696 1134 5775 et'Ilorellio
1152 5704 1407 5775 exceptis,
1435 5705 1550 5772 disp
1572 5723 1740 5769 rsum,
1768 5722 1864 5775 pro
1891 5707 2092 5770 disper-

526 5783 609 5819 sus
640 5767 839 5834 legunt.
875 5765 1146 5819 Dcrivavit
1173 5765 1296 5824 lich
1316 5765 1527 5844 quoque
1554 5765 1780 5832 Iiulinus
1805 5779 1871 5832 ab
1894 5765 2095 5846 Cyi'illo

2186 1889 2300 1928 sua:
2351 1874 2588 1941 speciem
2636 1889 2853 1943 germen
2885 1874 2902 1911 ι
2936 1876 3231 1942 producet,
3290 1884 3347 1930 ut
3396 1885 3591 1930 statum
3650 1892 3759 1930 sua:

2187 1966 2370 2020 forma:
2400 1966 2588 2032 suique
2637 1966 2882 2033 corporis
2930 1964 3180 2033 reparet?
3228 1965 3302 2019 Ita
3335 1980 3463 2034 ergo
3504 1968 3791 2019 uniuscnr

2182 2056 2375 2126 jusque
2401 2057 2582 2112 carnis
2610 2058 2908 2111 substantia
2930 2100 2943 2121 ,
2997 2058 3245 2126 quamvis
3271 2059 3415 2113 varie
3446 2059 3765 2129 diversoque

2186 2148 2429 2215 dispersa
2477 2148 2566 2212 sit,
2600 2151 2735 2201 ratio
2759 2158 2935 2203 tamen
2981 2149 3117 2216 ipsa,
3149 2165 3269 2217 qua;
3309 2152 3447 2204 inest
3480 2151 3767 2219 unicuique

2187 2238 2360 2303 carni,
2383 2248 2464 2292 est
2493 2238 2817 2294 imtnortalis
2850 2255 2864 2292 :
2903 2240 3059 2311 108
3078 2241 3197 2307 quia
3232 2241 3547 2295 immortalis
3575 2243 3767 2295 animas

2189 2344 2316 2383 caro
2345 2338 2429 2384 est
2456 2338 2496 2367 ω
2524 2345 2588 2384 ex
2616 2346 2682 2385 eo
2710 2338 2982 2399 tempore,
3012 2347 3117 2400 quo
3164 2333 3447 2386 seminatis
3475 2332 3527 2386 in
3571 2344 3766 2386 terram

2190 2420 2503 2487 corporibus
2542 2413 2771 2488 primum
2819 2422 2928 2474 veri
2968 2420 3062 2475 Dei
3105 2423 3363 2476 voluntati
3410 2422 3619 2488 arrisit,
3654 2424 3771 2477 col-

2193 2512 2388 2565 lectum
2420 2520 2580 2566 terra:
2620 2521 3015 2581 attractumqne
3053 2512 3365 2567 substantia:
3394 2529 3507 2567 sua:
3550 2528 3769 2568 censum

2193 2602 2389 2669 reddit,
2432 2618 2495 2657 ac
2520 2613 2734 2671 reparat
2760 2604 2811 2657 in
2844 2603 2986 2657 illam
3019 2605 3277 2670 speciem,
3304 2619 3461 2673 quam
3500 2621 3649 2659 mors
3674 2606 3774 2659 ali-

2194 2694 2407 2764 quando
2458 2692 2801 2748 dissolverat.
2848 2694 2915 2747 Et
2961 2694 3032 2747 ita
3079 2696 3133 2748 lit
3165 2704 3223 2748 ut
3249 2697 3533 2765 unicuique
3580 2696 3774 2749 animas

2197 2802 2302 2840 non
2361 2788 2665 2851 confusum,
2721 2796 2808 2839 aut
2858 2796 3173 2840 extraneum
3211 2802 3428 2857 corpus,
3482 2787 3578 2841 sed
3619 2802 3773 2841 suum

2196 2876 2336 2946 quod
2394 2878 2652 2931 habuerat
2696 2892 2993 2945 reparemr,
3050 2887 3108 2932 ut
3156 2890 3554 2948 consequenter
3606 2880 3778 2949 possit

2198 2982 2295 3037 pro
2330 2968 2590 3036 agonibus
2629 2969 2905 3037 prmaentis
2943 2970 3087 3035 vitae,
3136 2984 3255 3024 cum
3304 2969 3478 3025 anima
3505 2985 3601 3024 sua
3650 2986 3778 3026 caro

2199 3101 2470 3157 Catecliesi
2504 3102 2690 3156 XVIII.
2726 3118 2871 3157 num.
2904 3102 2959 3157 5.

2269 3174 2283 3224 i
2325 3174 2376 3227 ltt
2403 3174 2541 3236 aliis,
2574 3175 2677 3228 Sed
2707 3177 2874 3226 adhuc
2913 3184 3178 3228 tentemus.

2265 3244 2292 3282 ¹ι
2323 3245 2656 3297 Barmanam
2690 3244 2973 3297 lectionem
3004 3248 3315 3308 retinemus,
3340 3262 3460 3312 qure
3488 3248 3570 3301 sin
3600 3248 3777 3303 verior

2194 3325 2294 3378 est,
2337 3314 2471 3389 bene
2499 3326 2645 3367 certe
2686 3316 2862 3389 liabet.
2901 3316 3260 3389 _Alii_vocibns
3304 3318 3423 3372 lieic
3449 3336 3688 3389 granum,
3724 3329 3780 3375 et

2196 3402 2315 3440 nios
2339 3388 2541 3455 jactum
2574 3385 2965 3451 praetermissis,
2995 3386 3072 3437 sic
3111 3385 3357 3453 efferunt,
3403 3385 3571 3441 nonne
3602 3392 3776 3443 unius-

2195 3460 2441 3527 cujusque
2469 3455 2697 3515 seminis,
2743 3470 3100 3523 quoquumque
3129 3457 3226 3509 loci
3260 3460 3414 3525 fuerit
3439 3462 3593 3521 ratio,
3634 3476 3776 3512 com-

2196 3528 2405 3595 petenti,
2435 3534 2565 3595 e_tc.,
2618 3540 2939 3592 quamquam
2987 3541 3083 3593 pro
3114 3528 3266 3588 ratio,
3313 3530 3453 3594 quod
3490 3546 3680 3582 nomen
3711 3545 3777 3584 ex

2198 3593 2331 3649 mss.
2359 3593 2635 3647 codicibus
2676 3595 2923 3647 Baluzius
2970 3598 3223 3663 restituit,
3256 3593 3345 3651 alii
3377 3600 3505 3652 editi
3534 3602 3664 3651 satio
3700 3601 3772 3654 le-

2194 3676 2347 3735 gnnt,
2380 3674 2433 3735 ut
2459 3672 2513 3716 et
2556 3665 2760 3734 fuerat,
2796 3681 2889 3735 pro
2919 3669 3093 3732 fuerit.
3133 3668 3331 3719 Eodem
3384 3669 3481 3722 hoc
3507 3673 3771 3724 seminum

2195 3734 2445 3801 exemplo
2497 3735 2767 3809 uti_tur_$.
2799 3734 3112 3809 Cyrillusin
3157 3752 3278 3791 eum
3325 3754 3566 3809 sensum,
3619 3756 3776 3809 quem

2198 3810 2356 3874 paufo
2402 3806 2651 3867 superius
2682 3804 2873 3858 Noster
2914 3808 2967 3859 in
3016 3806 3385 3861 discernendis
3434 3804 3777 3865 metallorum

2198 3878 2365 3937 venis,
2403 3874 2673 3945 edisserit.
2718 3875 2970 3929 Adl’eram
3013 3885 3217 3942 tantum
3270 3878 3460 3933 Latine
3492 3880 3689 3945 locum,
3724 3890 3781 3932 ut

2198 3957 2251 4001 et
2276 3944 2518 4018 brevitati
2561 3946 2860 4018 consulam,
2906 3958 2960 3999 et
2991 3946 3165 4018 Nostri
3201 3950 3468 4018 ingenium
3522 3952 3694 4003 aliena
3724 3950 3779 4003 in

2197 4032 2292 4069 sua
2325 4015 2694 4068 transferentis
2748 4030 3026 4081 agnoscas.
3079 4015 3364 4081 Putafait
3413 4019 3501 4073 ille
3540 4036 3687 4073 num.
3721 4019 3775 4074 5.

2196 4089 2399 4140 diversa
2422 4087 2678 4161 seminum
2699 4103 2860 4161 grana
2892 4090 3165 4142 commixta
3191 4105 3363 4161 esse...
3397 4106 3554 4149 eaque
3581 4091 3779 4161 pugillo

2196 4175 2295 4210 uno
2327 4167 2412 4209 tuo
2431 4155 2711 4229 contineri.
2736 4155 2889 4210 Estne
2929 4161 3038 4224 tibi,
3074 4161 3162 4229 qui
3193 4160 3346 4213 homo
3378 4177 3430 4213 es
3450 4202 3464 4225 ,
3496 4155 3681 4221 ardud.
3705 4161 3779 4214 vel

2197 4240 2377 4280 contra
2412 4227 2579 4295 facilis
2602 4243 2681 4279 res
2713 4237 2797 4279 tuo
2823 4230 3017 4299 pugillo
3049 4227 3283 4283 contenta
3323 4232 3699 4295 discriminare,
3734 4241 3781 4282 et

2197 4300 2444 4363 seminum
2476 4300 2873 4370 unumquodque
2912 4303 3189 4370 secundum
3234 4303 3494 4370 prapriam
3543 4313 3781 4353 naturam

2197 4370 2485 4428 collectum,
2520 4369 2689 4435 generi
2724 4383 2818 4418 suo
2844 4366 3100 4423 reddere?
3132 4366 3337 4438 Ergone
3360 4384 3415 4423 tu
3438 4388 3516 4423 res
3545 4374 3597 4424 in
3626 4372 3781 4423 manu

2198 4448 2283 4490 tua
2308 4446 2568 4490 contentus
2602 4439 2885 4492 discernere
2934 4442 3142 4494 ualeas:
3174 4440 3312 4494 Deus
3343 4458 3456 4494 vero
3486 4459 3565 4495 res
3608 4444 3662 4492 in
3689 4459 3783 4493 sua

2124 4516 2175 4576 ι)
2202 4510 2360 4577 ipsius
2388 4524 2542 4559 manu
2574 4507 2964 4574 comprehensas
2995 4511 3301 4575 discernere,
3329 4522 3376 4564 et
3399 4514 3661 4565 restituere
3677 4528 3780 4564 non

2202 4580 2391 4642 queat?
2416 4578 2620 4630 Cartera
2652 4590 2760 4631 tute
2788 4580 3053 4650 conteras,
3085 4597 3206 4635 nam
3228 4592 3283 4637 et
3311 4582 3511 4650 reliqua
3542 4583 3610 4636 ad
3642 4586 3781 4636 liuuc

2200 4654 2309 4704 lere
2341 4650 2627 4700 modumin
2658 4664 2749 4701 sua
2784 4649 3054 4701 tiansl'ert.

2278 4718 2294 4755 ι
2328 4719 2541 4791 Inraliis
2586 4721 2840 4783 producit,
2871 4730 2915 4771 et
2942 4720 3166 4791 culmum
3209 4737 3317 4775 sua:
3366 4724 3565 4791 formaz,
3607 4722 3782 4789 suique

2200 4790 2433 4854 corporis
2460 4799 2681 4855 reparat.
2712 4790 2904 4842 Confer
2935 4790 3190 4860 Cyrillum
3216 4790 3371 4846 nmn.
3398 4795 3429 4845 ti
3458 4806 3508 4845 et
3532 4808 3647 4859 seq.

2274 4871 2312 4896 ω
2349 4860 2573 4913 Vorulas
2621 4876 2683 4911 ex
2726 4876 2783 4912 eo
2815 4861 2903 4912 alii
2959 4870 3164 4921 tacent,
3213 4864 3338 4929 quin
3393 4864 3554 4916 etiam
3611 4862 3780 4929 τελείᾳ

2206 4939 2395 5004 στιγμῇ
2424 4932 2684 5004 adposita,
2712 4944 2910 5004 novum
2937 4945 2964 4982 a
2992 4922 3243 4999 Tempore
3284 4948 3495 4984 sensum
3528 4922 3783 4985 inchoant

2202 5007 2256 5057 in
2284 4999 2423 5052 linito
2461 5002 2716 5052 modum:
2752 4999 2995 5063 Tempore
3038 5017 3160 5067 quo,
3212 5006 3472 5056 seminatis
3509 5004 3561 5055 in
3589 5013 3781 5053 terram

2203 5073 2519 5140 corporibus,
2551 5074 2768 5138 primum
2800 5071 3002 5122 uerbum
3033 5072 3121 5122 Dei
3152 5077 3412 5124 uoluntate
3442 5089 3552 5124 cum
3586 5074 3780 5124 arrise-

2206 5146 2270 5197 rit
2298 5147 2567 5194 collectum
2596 5142 2657 5190 de
2680 5148 2814 5191 terra
2841 5150 3224 5206 attractumque.
3275 5142 3347 5195 Ita
3379 5158 3505 5195 vero
3536 5154 3589 5196 et
3622 5143 3782 5194 Italu-

2209 5217 2291 5268 z'tn
2322 5213 2465 5264 visus
2496 5225 2575 5262 eSt
2618 5220 2898 5274 Corruptus
2944 5211 3030 5264 llic
3058 5216 3223 5273 locus,
3246 5228 3427 5278 quem,
3464 5213 3555 5279 ait,
3590 5213 3781 5281 partim

2212 5301 2278 5338 ex
2323 5282 2578 5343 Patuelio,
2611 5289 2666 5332 et
2703 5281 2819 5330 aliis
2866 5282 3171 5345 nonnullis,
3215 5284 3354 5347 apud
3385 5297 3519 5346 quos
3551 5300 3650 5335 vox
3685 5285 3781 5333 im-

2217 5354 2445 5407 mortalis
2491 5351 2656 5402 semel
2699 5351 2908 5418 li'gillll',
2961 5352 3149 5416 partim
3197 5366 3259 5404 ex
3304 5353 3562 5413 Morellio,
3596 5364 3651 5406 et
3693 5367 3785 5404 ve-

2206 5432 2345 5476 tnsta
2369 5421 2603 5472 editione
2632 5434 2660 5470 a
2706 5420 2941 5471 Pameiio
2972 5430 3128 5472 cit-ta
3161 5437 3237 5473 SIC
3270 5420 3495 5475 libenter
3524 5424 3784 5476 emenda-

2202 5498 2367 5545 Vi'l‘llll
2400 5508 2413 5543 ε
2446 5490 2594 5541 liutio
2628 5498 2795 5541 tamen
2827 5492 2968 5555 ipsa,
3001 5506 3116 5554 quis
3148 5496 3275 5544 inest
3306 5494 3576 5555 unicuique
3618 5492 3781 5551 carni,

2199 5565 2321 5633 quia
2352 5561 2650 5633 innitar-talis
2678 5562 2864 5611 attinue
2894 5577 3014 5633 raro
3045 5571 3139 5625 est,
3186 5577 3247 5613 ea:
3286 5578 3343 5633 eo
3387 5573 3631 5632 tempore,
3682 5579 3783 5630 quo

2200 5630 2460 5686 seminatis
2492 5632 2543 5681 in
2576 5642 2763 5681 terram
2793 5630 3087 5698 Corporibus
3108 5670 3121 5691 ,
3153 5633 3255 5684 reri
3295 5632 3387 5684 Dei
3415 5630 3667 5686 voluntati
3697 5648 3786 5683 ar-

2201 5706 2333 5765 risit,
2381 5700 2646 5752 collectum
2677 5702 2737 5751 de
2765 5710 2900 5750 terra
2943 5712 3343 5767 attractumque,
3376 5714 3480 5755 etc.
3516 5707 3592 5755 Ad
3623 5720 3783 5756 enni-

2201 5774 2323 5827 dcm
2374 5770 2540 5824 ferme
2599 5770 2836 5835 modum,
2894 5785 2998 5838 quo
3056 5771 3296 5825 ltarrteus
3354 5784 3535 5827 noster
3594 5774 3791 5837 liabet,
