4078 6346
227 325 327 384 581

1218 329 1765 391 COMMENTARIUS
1804 337 1869 391 IN
1908 337 2202 397 svuuou
2245 343 2577 402 APOS'I'OL.
2647 305 2659 315 ’

3417 356 3523 411 382

224 442 310 495 vel
354 437 558 508 pudica
589 439 863 539 coronari,
924 440 1007 495 vel
1050 442 1313 539 impudica
1356 446 1550 513 puniri.
1603 449 1670 502 Et
1710 451 1832 505 ideo
1860 455 1908 512 Α
1936 457 2033 507 nis.
2063 457 2125 510 Et
2152 459 2203 511 in
2233 463 2623 529 esequentibus
2647 462 2794 515 addit
2815 471 2872 518 et
2900 464 3013 519 luec
3041 465 3205 521 :Ecce
3226 475 3524 539 mysterium

226 535 358 587 satis
389 541 613 587 cautes
642 533 882 587 Ecclesia
932 541 1114 588 nostra
1167 535 1323 589 ﬁdem
1374 539 1612 608 Symboli
1654 544 1831 611 dooet,

226 641 348 694 qua:
382 626 441 678 in
469 639 542 679 eo
572 626 716 694 quod
748 640 777 679 a
807 628 1021 680 caeteris
1057 626 1301 695 traditur,
1334 630 1525 685 Carnis
1552 649 1832 689 resurrec-

229 717 462 779 tionem,
492 731 599 768 nno
622 716 805 769 addito
836 718 1173 779 pronomine,
1200 720 1437 786 tradidit,
1476 722 1642 790 Hujus
1658 725 1835 780 carnis

229 808 721 861 resurrectionem.
776 806 955 879 Hujus
985 808 1104 862 sine
1144 808 1330 873 dubio,
1373 829 1531 880 quam
1568 816 1727 869 liabet
1765 818 1830 881 is,

226 898 315 965 qui
372 899 713 966 profitetur,
764 903 1043 970 signaculo
1095 904 1271 958 crucis
1324 905 1482 959 fronti
1535 908 1830 975 imposito:

227 1003 333 1055 quo
356 990 503 1043 sciat
525 994 897 1061 unusquisque
920 996 1155 1049 lidelium
1178 1011 1392 1049 carnem
1416 1012 1588 1059 suam,
1612 1000 1654 1050 si
1680 1016 1834 1052 num-

226 1084 347 1137 dam
380 1087 699 1140 servaverit
728 1103 755 1140 a
782 1100 1019 1156 peccato,
1057 1090 1292 1143 futurum
1324 1104 1445 1145 esse
1474 1106 1566 1144 vas
1591 1091 1829 1155 honoris,

228 1176 359 1229 utile
408 1175 652 1229 Domino
698 1179 765 1232 ad
816 1196 978 1235 omne
1024 1196 1161 1249 opus
1207 1182 1405 1235 bonum
1459 1194 1700 1250 paratum
1738 1186 1830 1237 :si

224 1281 361 1321 vero
412 1270 842 1323 contaminatam
868 1271 893 1308 δ
917 1273 965 1323 in
1000 1272 1233 1338 peccatis
1258 1312 1271 1335 ,
1308 1272 1541 1326 futurum
1573 1256 1693 1326 esse
1735 1289 1830 1329 vas

228 1356 319 1410 ira:
345 1357 416 1410 ad
449 1358 759 1413 interitum.
787 1361 943 1430 109
968 1361 1081 1415 .lam
1106 1378 1235 1416 vero
1257 1363 1324 1417 de
1342 1363 1455 1432 ipsa
1479 1367 1830 1419 resurrectio-

228 1449 311 1501 nis
335 1449 541 1515 glm-ia,
574 1460 632 1504 et
662 1450 732 1506 de
760 1454 1197 1520 repromissionis
1224 1455 1613 1523 magnitudine,
1635 1456 1681 1510 si
1709 1459 1828 1525 quis

228 1541 444 1611 plenius
475 1545 621 1597 scire
650 1544 941 1610 desiderat,
991 1547 1043 1599 in
1075 1549 1325 1601 omnibus
1352 1564 1487 1615 pene
1514 1549 1713 1603 divinis
1735 1566 1829 1603 vo-

230 1633 528 1688 luminibus
571 1634 814 1688 inveniet
858 1636 1103 1690 indicari.
1139 1638 1215 1691 Ex
1247 1639 1438 1704 quibus
1466 1653 1563 1691 nos
1590 1654 1828 1693 commo-

231 1721 454 1776 uitionis
497 1722 882 1777 tantummodo
906 1726 1078 1791 gratia
1122 1741 1286 1794 pauca
1331 1728 1382 1781 in
1426 1730 1675 1797 prementi
1706 1730 1827 1783 loco

1939 548 2075 600 vobis
2114 549 2269 603 dico:
2307 552 2496 607 Omnes
2549 556 2757 621 quidem
2800 571 3161 627 resurgemus,
3203 577 3304 613 non
3350 580 3526 618 omnes

1937 648 2110 691 autem
2155 641 2539 697 immutabimur
2587 648 2725 717 (sive
2770 657 2826 700 ttt
2878 652 2930 701 in
2961 650 3081 703 aliis
3126 654 3529 720 exemplaribus

1937 725 2283 797 invenimus).
2331 734 2515 788 Omnes
2566 738 2767 805 quidem
2817 739 3149 803 dormiemus,
3209 758 3309 795 non
3348 762 3526 800 omnes

1936 832 2107 875 autem
2144 825 2525 882 immutabimur
2556 849 2569 884 :
2601 834 2653 884 in
2704 843 2976 897 montento,
3025 837 3076 889 in
3121 837 3226 891 ictu
3275 841 3432 903 oculi,
3470 841 3524 893 in

1937 915 2209 968 novissima
2240 919 2377 972 tuba.
2411 920 2565 973 Canet
2597 925 2729 974 enim
2758 924 2898 988 tuba,
2944 934 2992 977 et
3021 929 3209 979 mortui
3254 939 3522 1000 resurgent

1933 1004 2236 1075 incorrupti,
2266 1020 2314 1061 et
2347 1026 2438 1063 nos
2478 1013 2883 1070 immutabimur.
2915 1016 3021 1070 Sed
3054 1026 3108 1071 et
3137 1019 3203 1071 ad
3234 1020 3522 1075 Thessalo-

1935 1097 2181 1150 niccuses
2213 1098 2554 1153 nihilominus
2582 1104 2821 1158 scribens
2847 1106 2975 1159 dicit
3004 1122 3020 1164 :
3048 1106 3189 1160 Nolo
3217 1105 3384 1161 auiem
3430 1127 3520 1165 vos

1933 1187 2170 1258 ignorare
2194 1192 2379 1256 fratres
2411 1191 2474 1244 de
2504 1193 2890 1259 dormientibus,
2912 1207 2966 1248 ut
2994 1214 3095 1250 non
3120 1201 3516 1265 contristemini,

1931 1281 2062 1331 sicut
2093 1292 2139 1333 et
2169 1284 2343 1336 δίετενὶ
2362 1286 2451 1353 qui
2476 1302 2616 1353 spent
2642 1302 2742 1339 non
2773 1287 2976 1343 habent.
3010 1290 3149 1342 Nam
3172 1291 3217 1343 si
3235 1292 3514 1357 credimus,

1931 1373 2068 1437 quod
2089 1373 2119 1425 J
2127 1389 2241 1427 esus
2262 1386 2489 1429 mortuus
2513 1386 2607 1443 est,
2630 1389 2673 1430 et
2698 1380 2974 1432 resurrexit
2999 1395 3018 1433 :
3036 1382 3191 1450 110
3209 1381 3279 1433 ita
3308 1393 3356 1435 et
3376 1381 3517 1435 Deus

1931 1480 2013 1517 eos
2040 1464 2127 1529 qui
2158 1466 2494 1532 dormierunt,
2527 1484 2615 1535 per
2644 1465 2823 1520 Jesum
2863 1469 3080 1523 adducet
3108 1486 3223 1523 cum
3254 1472 3365 1525 illo.
3402 1471 3448 1524 11
3459 1489 3517 1524 oc

1929 1555 2062 1607 enim
2088 1554 2225 1607 vobis
2256 1557 2471 1610 dicimus
2502 1559 2553 1609 in
2582 1559 2731 1612 verbo
2773 1559 3011 1629 Domini,
3043 1563 3163 1631 quia
3193 1580 3283 1616 nos
3319 1566 3404 1631 qui
3442 1567 3517 1617 vi-

1928 1646 2093 1700 vimus
2124 1689 2139 1712 ,
2163 1648 2252 1713 qui
2272 1650 2456 1717 reliqui
2488 1649 2610 1722 [Αι.
2644 1650 2849 1722 relicti]
2878 1669 3052 1707 sumus
3076 1655 3127 1705 in
3151 1655 3368 1707 adventu
3407 1656 3511 1708 Do-

1930 1737 2073 1801 mitti,
2107 1754 2207 1791 non
2254 1742 2612 1806 prazveniemus
2658 1759 2762 1807 eos,
2803 1744 2893 1813 qui
2932 1745 3294 1798 dormierunt:
3329 1743 3348 1781 ί
3391 1748 3516 1815 quia

231 1821 629 1876 memorantes,
662 1815 820 1868 linem
850 1814 1077 1884 iujuncti
1105 1832 1134 1870 a
1166 1826 1219 1872 te
1244 1820 1501 1884 Opusculi
1544 1820 1824 1874 faciemus.
1861 1824 1907 1883 Β
1935 1831 2042 1897 ipse
2068 1828 2319 1883 υοηιξηυε
2350 1833 2402 1884 in
2432 1834 2600 1900 ίηεεη,
2640 1845 2689 1887 ει
2729 1836 2783 1887 in
2806 1851 2924 1887 υοοε
2952 1836 3283 1906 Arg/lange“,
3321 1847 3366 1890 ει
3398 1840 3518 1891 Mm

230 1902 391 1972 Igitur
441 1906 745 1971 Apostolus
785 1905 1019 1973 Paulus,
1066 1909 1260 1976 quodc
1291 1917 1536 1977 resurgat
1586 1911 1829 1965 mortalis

228 2010 375 2060 (aro,
433 1996 641 2051 talibus
686 1999 884 2051 asserit
926 2001 1280 2068 argumentis,
1324 2002 1508 2055 dicens
1545 2017 1560 2055 :
1593 2002 1744 2066 Quod
1784 2004 1829 2056 si

229 2090 534 2139 resurrectio
562 2098 887 2140 mortuorum
933 2105 1033 2141 non
1064 2098 1158 2152 est,
1191 2106 1313 2157 ergo
1340 2106 1433 2143 nec
1471 2089 1705 2144 Christus
1733 2107 1825 2144 rc-

229 2178 447 2230 surrexit
487 2180 571 2247 (1.
596 2178 885 2246 Cor.15,).
926 2179 986 2234 Si
1013 2190 1184 2233 autem
1222 2181 1457 2235 Christus
1501 2199 1606 2235 non
1648 2200 1825 2235 resur-

229 2269 380 2332 rexit,
414 2269 590 2321 inanis
639 2278 712 2321 est
743 2272 1041 2339 pra'dicatio
1072 2282 1248 2324 nostra
1269 2314 1285 2337 ,
1315 2289 1474 2325 vacua
1518 2283 1593 2326 est
1624 2283 1671 2325 et
1696 2274 1827 2341 fides

230 2370 404 2414 nostra
451 2360 703 2431 (Ibidem.
760 2362 898 2430 51.).
935 2365 999 2417 Et
1046 2364 1204 2430 paulo
1252 2374 1413 2432 post:
1449 2364 1604 2418 Nunc
1654 2374 1827 2418 autem

230 2452 461 2509 Christus
508 2457 793 2510 resurrexit
817 2474 849 2509 a
877 2457 1110 2521 mortuis,
1141 2454 1166 2493 ά
1192 2458 1398 2510 initium
1430 2459 1825 2511 dormientium:

230 2547 477 2612 quoniam
507 2547 719 2615 quidem
753 2562 841 2614 per
876 2549 1130 2601 hominem
1166 2565 1325 2612 mors,
1374 2560 1420 2601 et
1451 2567 1539 2619 per
1568 2550 1825 2604 hominem

231 2640 541 2693 resurrectio
590 2649 931 2693 mortuorum.
984 2642 1057 2694 Si.
1077 2651 1133 2693 ut
1180 2646 1315 2694 enim
1355 2643 1407 2695 in
1437 2644 1602 2695 Adam
1650 2660 1856 2696 omnes-

231 2731 543 2799 moriuntur,
596 2734 673 2786 ita
720 2745 767 2787 et
814 2736 868 2787 in
916 2733 1121 2789 Christo
1169 2752 1340 2790 omnes
1385 2737 1825 2804 viviﬁcabuntur:

232 2827 585 2894 unusquisque
628 2836 801 2879 autent
848 2827 900 2879 iu
937 2843 1029 2879 suo
1062 2829 1240 2880 ordine
1270 2843 1289 2880 .'
1320 2828 1523 2880 initium
1566 2828 1820 2897 Christus,

231 2916 411 2972 deinde
448 2918 505 2971 hi
534 2918 625 2986 qui
652 2928 774 2971 sunt
807 2918 996 2973 Christi
1031 2919 1083 2972 in
1108 2921 1332 2972 adventu
1359 2921 1469 2989 cjus
1496 2936 1514 2973 :
1540 2922 1723 2975 deinde
1758 2924 1824 2991 ﬁ-

233 3071 385 3126 quem
411 3056 505 3111 ille
528 3063 708 3109 tamen
752 3056 1027 3124 ignorabat
1057 3074 1069 3108 ε
1103 3065 1304 3111 tantum
1332 3056 1474 3124 quod
1498 3058 1604 3111 duo
1635 3057 1819 3119 verba,

234 3138 304 3180 est
346 3128 684 3191 immortalis,
736 3142 855 3193 quite
885 3128 1002 3181 heic
1032 3128 1203 3193 primo
1234 3137 1544 3191 occurrunt,
1593 3127 1819 3191 oimttit,

234 3210 285 3251 et
315 3199 475 3265 paulo
500 3208 620 3274 post
644 3200 707 3250 de
724 3208 857 3274 terra
882 3201 1083 3250 mavult
1118 3212 1212 3274 pro
1243 3208 1410 3274 terrai.
1448 3197 1560 3252 [Ioc
1582 3201 1713 3252 satis
1737 3199 1815 3251 vi-
1841 3202 1885 3262 (ζ
1919 3206 2001 3257 καὶ
2032 3205 2167 3274 βλασ

234 3284 347 3322 sum
371 3280 457 3323 est
486 3269 662 3330 nobis,
703 3276 758 3321 ut
790 3269 1121 3321 Barracanam
1153 3269 1435 3322 lectionem
1482 3283 1639 3333 quam
1691 3284 1845 3335 pro-.

236 3339 363 3393 bare
390 3341 660 3392 rationum
692 3341 979 3392 momentis
1007 3354 1111 3392 non
1142 3349 1312 3401 vacat,
1352 3340 1565 3392 caeteris
1592 3339 1813 3404 praefer-

238 3425 443 3473 remus,
478 3418 682 3463 tantum
712 3410 873 3476 paulo
904 3418 1024 3478 post
1053 3426 1258 3463 censum
1289 3409 1668 3474 rescribentes,
1724 3423 1818 3475 pro

237 3495 461 3533 sensum.
503 3481 583 3533 'l'u
628 3481 824 3534 seriem
864 3480 1119 3533 orationis
1150 3489 1310 3533 totam
1350 3480 1614 3549 expende,
1664 3487 1721 3534 et
1758 3480 1816 3534 S.

237 3550 494 3620 Cyrillum
528 3567 675 3605 num.
705 3549 791 3604 16.
824 3558 879 3605 et
902 3565 1051 3618 seqq.
1086 3565 1356 3616 compara.

309 3620 328 3640 '
361 3621 489 3674 Plus
520 3623 609 3674 alii
643 3623 858 3692 habent,
889 3623 1017 3673 satis
1049 3630 1201 3674 cauta
1230 3631 1275 3673 et
1301 3623 1514 3692 provida
1534 3620 1820 3687 adiectione

240 3691 393 3756 ﬁdem
406 3692 641 3761 Symboli
658 3690 886 3744 Ecclesia
909 3702 1081 3746 nostra
1101 3693 1268 3755 docet,
1291 3690 1414 3761 qua,
1434 3702 1540 3748 etc.
1562 3693 1693 3744 Tum
1720 3705 1815 3757 pro

240 3762 471 3825 tradidit,
499 3764 788 3831 prtelerunt
814 3764 988 3825 tradit,
1017 3775 1071 3817 et
1098 3778 1223 3816 mox
1252 3766 1468 3818 verbum
1498 3762 1646 3817 habet
1668 3762 1823 3832 igno-

239 3842 377 3893 rant,
396 3830 615 3901 proque
629 3834 680 3887 in
695 3832 876 3887 isocoli
897 3834 999 3887 line
1010 3835 1255 3902 contingit
1270 3839 1469 3904 legunt,
1488 3830 1821 3891 Erasrn'Icon-

239 3905 351 3978 tigit
366 3920 383 3956 :
405 3904 529 3978 cod.
549 3908 837 3978 Sangerma
847 3920 999 3978 nens.
1018 3908 1299 3964 liemhold.
1319 3908 1817 3978 etMorel.contegit.

242 3973 464 4029 ltuliuus
495 3976 673 4048 liacde
701 3975 1001 4048 adjectione
1017 3978 1255 4047 pluribus
1279 3979 1507 4033 libenter
1528 3979 1653 4048 agit,
1678 3973 1819 4048 quod

239 4060 358 4100 eam
389 4063 454 4099 ex
483 4045 715 4115 Origene
746 4047 916 4099 labem
949 4045 1175 4102 traxisse
1205 4049 1475 4102 diceretur
1494 4088 1509 4111 ,
1540 4045 1596 4101 u't
1622 4045 1819 4116 corpus

240 4118 459 4185 quidem
485 4126 906 4172 resurrecturum
926 4119 1377 4186 diceret,carnein
1400 4134 1503 4172 ηοιι
1523 4120 1669 4171 item.
1687 4121 1818 4173 Eum

239 4198 392 4241 certe
421 4203 543 4241 cum
576 4190 762 4255 primis
791 4189 1040 4256 suggillat
1075 4190 1135 4244 S.
1172 4190 1527 4257 Hieronymus
1579 4190 1818 4255 Epistola

240 4257 295 4310 in
327 4268 503 4313 nostra
554 4260 868 4313 recensione
909 4259 1195 4314 LXXXIV.
1240 4260 1305 4312 ad
1338 4258 1735 4313 Pammachiutn
1768 4269 1823 4313 et

239 4328 532 4383 Oceanum.
561 4329 849 4402 Credimus,
880 4330 1137 4402 inquiunt,
1157 4332 1576 4385 resurrectionem
1593 4331 1821 4402 futuram

241 4414 515 4471 corporum
537 4417 555 4453 :
578 4402 676 4453 hoc
699 4400 742 4452 si
765 4402 885 4453 bene
906 4400 1125 4467 dicatur,
1158 4418 1288 4470 pura
1327 4402 1575 4471 confessio
1598 4411 1705 4465 est;
1734 4401 1821 4452 sed

242 4468 358 4534 quia
386 4486 607 4537 corpora
633 4482 751 4523 sunt
781 4473 1000 4526 ctrlestia
1029 4487 1073 4526 et
1099 4468 1376 4538 terrestria,
1414 4468 1460 4525 et
1488 4488 1595 4533 aer,
1619 4483 1665 4524 et
1694 4487 1823 4523 aura

243 4543 405 4593 tenuis
426 4543 585 4611 juxta
614 4552 850 4593 naturam
890 4560 1038 4596 suam
1066 4560 1279 4610 corpora
1305 4545 1650 4606 nominantur,
1706 4558 1820 4593 cor¢

242 4628 336 4681 pus
366 4623 587 4677 ponunt,
628 4628 729 4665 non
757 4628 982 4675 carnem,
1032 4623 1085 4665 tit
1134 4614 1465 4666 Urthodoxus
1506 4627 1691 4681 corpus
1727 4628 1823 4663 au-

243 4683 403 4747 diens,
436 4699 646 4735 carnem
678 4692 843 4747 putet,
883 4684 1167 4738 [hereticus
1207 4685 1442 4754 spiritum
1472 4696 1818 4751 recognoscat.

247 4758 410 4818 Quam
455 4764 642 4807 noster
670 4768 700 4805 a
744 4768 805 4806 se
852 4754 1055 4809 fraudis
1106 4758 1466 4819 suSpicionem
1510 4754 1709 4820 depulit
1743 4754 1827 4806 ln-

246 4826 446 4878 vectiva
503 4825 543 4878 Ι.
592 4824 851 4879 adserens
891 4841 951 4879 se
996 4842 1099 4879 non
1139 4825 1309 4879 solum
1356 4825 1605 4887 corporis,
1644 4825 1698 4876 in
1726 4840 1828 4891 quo

247 4894 627 4967 (Hieronymus
656 4893 675 4964 )
724 4896 1090 4961 calumnietur,
1130 4900 1218 4949 sed
1246 4904 1291 4949 et
1318 4896 1486 4967 carnis
1521 4894 1697 4967 fecisse
1729 4895 1830 4964 fre-

246 4975 452 5031 quenter
473 4965 806 5037 mentionem.
841 4967 973 5021 Vide
1001 4982 1119 5037 quaz
1148 4970 1297 5032 plura
1321 4965 1510 5018 dicturi
1545 4970 1642 5018 hac
1669 4966 1734 5018 de
1764 4980 1823 5018 re

246 5051 429 5115 sniuus
466 5037 536 5091 ad
586 5036 825 5105 ejusdem
873 5037 1187 5107 Apalogiam
1234 5038 1301 5090 ad
1351 5037 1548 5105 Papam
1599 5041 1830 5090 Anasta-

244 5119 403 5161 etum.

316 5177 342 5215 δ
375 5178 503 5241 Alii,
536 5179 885 5232 contaminata
906 5180 1061 5245 fuerit
1080 5180 1135 5233 in
1161 5179 1407 5247 peccatis,
1445 5178 1690 5247 futuram,
1723 5187 1827 5231 etc.

249 5247 411 5321 Paulo
435 5259 558 5317 post
587 5249 651 5301 de
678 5253 1077 5321 promissionum
1117 5252 1471 5321 magnitudine
1492 5289 1506 5309 ,
1536 5260 1640 5302 etc.
1681 5250 1832 5303 deni-

248 5334 349 5385 que
370 5320 425 5372 in
453 5320 892 5388 praepositionem
927 5331 1122 5375 tacent.
1154 5320 1287 5373 Ciam
1317 5324 1503 5375 iisdem
1534 5329 1588 5374 et
1618 5336 1716 5371 nos
1750 5323 1815 5373 in,

249 5388 323 5442 lra
347 5391 571 5444 indicari
602 5391 976 5463 rescripsimus
1008 5408 1104 5460 pro
1124 5392 1378 5463 judicari,
1411 5393 1550 5462 quod
1574 5391 1828 5463 typuthe-

249 5469 442 5525 tarum,
488 5471 547 5515 nt
588 5462 821 5525 videtur,
870 5478 1056 5516 errore
1096 5462 1351 5528 scriptum
1393 5472 1529 5516 erat.
1558 5462 1825 5514 (Ia-terum

249 5534 385 5599 quod
420 5541 695 5586 memorat
715 5530 905 5586 Noster
935 5535 1385 5600 repromissionum
1406 5532 1829 5600 magnitudinem,

250 5603 445 5658 iudicio
472 5612 585 5669 est,
631 5603 914 5657 articulum
957 5606 1024 5656 de
1074 5603 1192 5658 Vita
1217 5613 1428 5669 wterna,
1485 5604 1692 5655 tametsi
1724 5619 1827 5655 nun

162 5697 172 5707 ·
247 5677 667 5743 exprimeretur,
704 5673 754 5724 in
790 5675 1114 5738 praecedenti
1164 5677 1407 5742 proxime
1449 5674 1516 5727 de
1543 5674 1717 5725 carnis
1746 5689 1831 5727 re-

246 5746 590 5800 surrectione
612 5743 1063 5798 subintellectum.
1091 5747 1162 5799 lta
1178 5754 1232 5797 et
1254 5746 1310 5799 S.
1337 5744 1565 5797 Irenaeus
1594 5744 1643 5797 in
1674 5744 1829 5811 Sym-

249 5816 373 5874 bolo
393 5830 497 5874 suo
526 5812 762 5885 explicat
805 5814 897 5871 lib.
930 5816 969 5871 l.
995 5829 1115 5886 cap.
1157 5817 1212 5871 ‘2.
1257 5823 1315 5870 nt
1348 5814 1526 5870 Christ
1550 5829 1617 5868 ιω
1659 5814 1825 5879 d.cat,

1936 1920 2030 1974 Det
2061 1923 2324 1976 descendet
2357 1925 2420 1977 de
2455 1926 2609 1987 caelo,
2652 1936 2699 1981 et
2724 1929 2910 1981 mortui
2936 1930 3026 1998 qui
3050 1929 3103 1982 in
3141 1929 3342 1983 Christo
3370 1940 3514 1995 sunt,

1932 2022 2198 2081 resurgent
2236 2014 2407 2079 primi.
2446 2015 2639 2068 Deinde
2667 2034 2780 2081 nos,
2823 2019 2909 2087 qui
2949 2020 3179 2083 vivimus,
3211 2021 3298 2085 qui
3333 2020 3516 2089 reliqui

1933 2103 2038 2174 [AL
2070 2102 2265 2174 relicti]
2292 2120 2487 2169 sumus,
2516 2106 2673 2158 simul
2701 2123 2818 2158 cum
2858 2106 2965 2160 illis
3004 2108 3263 2177 rapientur
3288 2110 3341 2162 in
3370 2110 3516 2162 nubi-

1931 2192 2020 2246 bus
2053 2194 2249 2246 obviam
2274 2193 2472 2248 Christo
2494 2196 2546 2250 in
2576 2212 2736 2251 aera:
2762 2207 2807 2249 et
2829 2198 2898 2249 ita
2924 2214 3121 2268 semper
3144 2214 3258 2251 cum
3288 2198 3512 2253 Domino

1929 2287 2117 2338 erimus
2150 2287 2167 2355 (
2196 2285 2242 2339 1.
2275 2285 2458 2340 Thess.
2489 2287 2601 2356 4.).

1999 2375 2088 2430 44.
2123 2376 2319 2431 Verum
2352 2394 2418 2432 ue
2446 2378 2720 2432 existimes
2747 2379 2866 2432 haec
2900 2377 3051 2432 Pauli
3090 2379 3274 2446 solius,
3304 2389 3329 2427 8
3361 2380 3513 2448 quasi

1928 2469 2137 2522 novella
2177 2470 2562 2536 praedicatione
2591 2469 2789 2536 signari
2816 2485 2831 2523 :
2858 2471 2979 2522 audi
3030 2472 3189 2524 etiam
3220 2472 3344 2540 quid
3379 2472 3512 2526 Eze-

1927 2559 2064 2613 chiel
2098 2560 2355 2628 prepheta
2387 2559 2513 2612 olim
2543 2573 2640 2629 per
2662 2560 2916 2627 Spiritum
2950 2560 3204 2613 Sanctum
3250 2562 3513 2630 prazlocu-

1926 2660 2009 2703 tus
2034 2650 2123 2704 sit.
2168 2649 2322 2715 Ecce,
2356 2648 2550 2717 inquit,
2583 2666 2678 2719 ego
2718 2652 2947 2717 aperiam
2982 2651 3218 2721 sepulcra
3245 2660 3432 2717 vestra,
3463 2659 3512 2705 et

1924 2741 2137 2793 educam
2166 2757 2259 2794 vos
2306 2742 2370 2795 de
2407 2744 2656 2810 sepulcris
2702 2744 2880 2796 vestris
2929 2741 3159 2814 [Ezeclt.
3208 2741 3359 2814 4:2.
3411 2743 3515 2800 Job

1924 2848 2138 2903 quoque
2187 2835 2427 2903 mysticis
2468 2832 3076 2903 redtindansheloquiis
3103 2874 3119 2899 ,
3169 2836 3289 2889 audi
3349 2850 3511 2905 quam

1924 2924 2203 2979 evidenter
2233 2928 2692 2981 resurrectionem
2724 2937 3056 2981 mortuorum
3091 2928 3364 2995 praedicet.
3389 2928 3509 2990 Est.

1924 3073 2045 3130 post
2084 3064 2261 3118 carnis
2305 3064 2752 3119 resurrectionem
2791 3062 2994 3131 jusmm
3023 3064 3216 3132 cuique
3243 3064 3504 3129 judicium

1925 3133 2273 3207 redditurum,
2304 3145 2358 3188 et
2389 3139 2511 3195 τοὺς
2541 3136 2745 3207 ἀσεϐεῖς
2776 3136 2860 3187 καὶ
2889 3132 3115 3207 vidistine,
3146 3140 3227 3189 καὶ
3257 3137 3503 3207 ἀνόμους,

2204 3210 2366 3277 τόμους
2394 3213 2494 3259 τῶν
2524 3206 2791 3277 ἁνθρὼπςυν
2812 3208 2886 3277 si;
2928 3205 3207 3277 roaidmov
3235 3205 3506 3277 strip-frrite-

1922 3228 2001 3257 και
2032 3228 2167 3274 ΡΛασ
2204 3228 2366 3272 ημους
2394 3228 2494 3259 των
2524 3228 2791 3277 ανσρωπων
2812 3228 2886 3262 τις
2928 3228 2985 3257 το
3010 3228 3207 3258 αιωνιον
3235 3228 3339 3276 πυρ
3369 3228 3505 3276 πεμ-

1922 3274 2017 3347 ψῃξ
2041 3283 2147 3332 τοῖς
2167 3228 2222 3331 iis
2248 3275 2477 3347 δικαίοις,
2496 3278 2574 3328 καὶ
2602 3277 2696 3333 τὰς
2726 3275 2923 3347 iurabis-
2947 3275 3104 3347 ott'rrob'
3131 3275 3505 3347 τετηρηκόσι...

1922 3333 2213 3419 ᾇῷθαρσίαν
2261 3333 2553 3419 δωρήσῆται
2610 3348 2696 3419 uati
2738 3342 2883 3407 δόξαν
2929 3345 3127 3419 ᾳίὡνιρν
3171 3333 3504 3419 mpii-tetrici).

1922 3412 2120 3483 Impias
2140 3458 2151 3475 ,
2186 3426 2229 3469 et
2260 3412 2501 3485 injustas,
2539 3415 2803 3476 scelestos,
2846 3422 2895 3465 et
2926 3412 3247 3482 blasphemos
3275 3412 3504 3468 homines

1922 3485 1975 3557 in
2003 3489 2167 3557 ignem
2195 3496 2440 3538 retentum
2465 3486 2644 3547 mittet,
2669 3485 2828 3557 justis
2858 3498 2973 3535 vero
2999 3494 3052 3557 et
3070 3486 3283 3557 sanctis,
3313 3485 3505 3555 quique

1921 3554 2085 3621 ipsius
2108 3566 2361 3624 praecepta
2383 3554 2727 3619 servaverunt,
2750 3554 3283 3623 incorruptibilitatem
3310 3554 3502 3623 largie-

1922 3636 2026 3690 tur,
2073 3638 2117 3681 et
2158 3627 2323 3697 gloria
2369 3627 2563 3695 afﬁciet
2610 3626 2935 3697 sempiterna.
2989 3625 3141 3697 Earia
3191 3625 3272 3679 his
3313 3626 3366 3679 in
3394 3627 3505 3679 alio

1922 3693 2181 3766 Symbolo
2201 3713 2299 3751 suo
2322 3693 2481 3751 habet
2504 3699 2594 3751 lili.
2632 3697 2717 3750 Ill.
2749 3711 2867 3763 cap.
2901 3693 2955 3747 4.
2988 3694 3349 3750 Tertullianus
3368 3711 3505 3752 auo-

1922 3783 2026 3837 qne
2054 3769 2105 3822 in
2126 3785 2246 3834 suo,
2281 3770 2512 3837 itemque
2539 3768 2865 3838 Cyprianus,
2895 3775 3053 3833 atque
3081 3766 3195 3838 alii.

1998 3849 2018 3876 ε
2050 3840 2201 3906 Apud
2232 3840 2363 3892 alios
2388 3879 2401 3897 .
2432 3836 2868 3905 quod'resurgant
2899 3836 3108 3898 mortui.
3150 3837 3357 3899 talibus,
3390 3845 3501 3892 etc.

1922 3924 2041 3974 quae
2070 3919 2367 3976 sequuntur
2395 3908 2632 3978 Apostoli
2668 3906 2967 3962 testimonia
2992 3908 3049 3961 ὃ.
3082 3923 3293 3977 quoque
3321 3908 3499 3965 αντη-

1924 3978 2018 4051 Ius_
2037 3988 2192 4051 urget
2222 3997 2366 4033 num.
2402 3982 2487 4033 Π.
2519 3992 2572 4034 et
2597 3996 2713 4049 seq.
3119 4046 3131 4051 Α
3211 4046 3240 4051 _
3580 4032 3584 4037 .

1996 4047 2021 4084 ³
2063 4046 2220 4103 Iidem
2246 4051 2484 4120 primitiae
2508 4046 2701 4104 habent
2734 4066 2829 4120 pro
2850 4051 3087 4103 initium:
3119 4046 3169 4099 in
3202 4046 3389 4120 Graeco
3419 4059 3504 4101 est

1921 4120 2175 4193 ἀπαρχὴ.
2212 4117 2374 4193 Paulo
2408 4130 2527 4185 post
2574 4117 3103 4193 protrivi/icabuntur,
3151 4117 3505 4193 quemadmo-

1924 4188 2048 4241 duni
2073 4188 2129 4243 e't
2153 4191 2414 4243 Pamelins
2444 4206 2507 4241 ex
2534 4206 2633 4243 ms.
2666 4191 2809 4257 legit.
2842 4200 2896 4243 et
2919 4189 3135 4241 Graecus
3159 4196 3343 4257 textus,
3378 4188 3506 4257 ξῳο-

1924 4263 2288 4319 ποιηθήσονται
2330 4260 2615 4327 signiﬁcat,
2650 4254 2845 4328 vulgati
2878 4256 3132 4322 librialii,
3173 4264 3228 4307 et
3258 4254 3509 4310 Baluzius

1925 4345 2045 4383 cum
2086 4333 2200 4383 suis
2227 4344 2354 4383 mss.
2386 4330 2724 4393 viviﬁcantur.
3114 4396 3119 4397 ν
3186 4394 3187 4397 η

2001 4410 2025 4437 ε
2055 4400 2238 4462 Iidem,
2280 4412 2326 4451 ct
2356 4401 2409 4452 in
2437 4399 2855 4463 consequentibus
2876 4397 3019 4473 addit
3054 4394 3209 4473 etiam
3240 4394 3367 4473 lites,
3397 4395 3514 4460 qui-

1927 4468 2148 4523 bitscuin
2178 4483 2232 4524 et
2274 4485 2369 4523 nos
2415 4480 2744 4538 postremam
2776 4470 3016 4521 vocnlam
3058 4467 3166 4517 hac
3215 4467 3512 4538 retixitnus,

1932 4557 2026 4604 pro
2057 4543 2209 4594 hanc.
2241 4540 2359 4594 Mox
2391 4534 2609 4599 habent.
2646 4542 2734 4591 sed
2776 4556 2878 4593 non
2907 4552 3078 4590 omnes
3110 4534 3514 4601 immutabimur,

1853 4582 1901 4641 D
1928 4582 2030 4663 iive
2058 4620 2112 4662 ut
2155 4611 2208 4663 in
2239 4612 2355 4663 aliis
2381 4582 2826 4681 exempldribus...
2878 4624 3049 4661 omnes
3078 4614 3253 4681 autem
3292 4620 3393 4657 non
3422 4582 3519 4655 im:

1929 4682 2271 4746 mutabimur;
2314 4682 2463 4747 quasi
2509 4678 2683 4735 altero
2716 4682 2886 4735 Itocce
2924 4678 3148 4739 isocolo,
3191 4684 3517 4747 nouantem

1930 4752 1983 4804 iu
2016 4753 2192 4807 verbis
2222 4745 2545 4823 resurgemus
2579 4762 2634 4828 et
2675 4752 3005 4805 dormiemus.
3039 4745 3516 4828 Auctordill'ereti-

1933 4824 2060 4876 tiam
2106 4824 2349 4876 lectionis
2371 4819 2545 4877 notet.
2578 4823 2931 4889 Quamquam,
2966 4831 3013 4872 ut
3049 4819 3187 4883 quod
3220 4831 3304 4870 res
3332 4825 3416 4871 est
3434 4819 3514 4871 di-

1936 4908 2079 4955 cam,
2119 4895 2219 4945 alia
2262 4894 2312 4945 in
2359 4893 2546 4946 Gl‘iBL‘O
2592 4898 2779 4945 saltem
2825 4890 3117 4959 exemplari
3165 4889 3381 4941 Varians
3432 4898 3516 4943 est

1937 4963 2132 5028 lectio,
2188 4963 2305 5016 aliis
2360 4966 2764 5030 praeferentibus
2818 4966 3006 5022 πάντες·
3048 4963 3422 5029 ἀναστήσομεν,
3456 4963 3515 5014 οὐ

1937 5036 2122 5095 πάντες
2162 5033 2215 5089 δὲ
2250 5032 2623 5107 ἀλλαγησόμεθα
2655 5053 2669 5088 :
2703 5050 2875 5087 omnes
2898 5048 3240 5107 resurgentus,
3282 5047 3517 5107 nonomf

1939 5122 2025 5158 nes
2050 5116 2212 5159 autem
2234 5104 2650 5178 itttttttitatttntut'_.'
2677 5108 2794 5159 aliis
2823 5116 2875 5158 et
2897 5104 3111 5178 rectius,
3135 5108 3320 5160 πάντες
3462 5105 3519 5156 οὐ

1936 5179 2356 5249 κοιμηθησόμεθα,
2389 5181 2575 5238 πάντες
2603 5176 2655 5231 δέ
2678 5177 3087 5248 ἁλλαγησόμεθαε
3113 5188 3287 5249 omnes
3313 5174 3516 5249 quidem

1936 5242 2038 5300 non
2067 5242 2396 5313 damnemus,
2437 5262 2607 5300 omnes
2654 5242 2824 5300 autem
2877 5242 3278 5298 immutabiniur.
3318 5242 3518 5295 Conl’cr

1935 5318 2035 5391 loci
2067 5319 2222 5385 hujus
2248 5321 2603 5391 Interpretes._
2684 5390 2687 5391 ν
2898 5388 2907 5391 _
3150 5383 3161 5391 _
3240 5381 3250 5391 _
3402 5379 3431 5391 ,,
3466 5380 3477 5391 ,

2011 5388 2029 5426 ί
2062 5379 2162 5443 Alii
2195 5379 2468 5458 quoniam,
2508 5402 2561 5443 ct
2589 5389 2640 5441 in
2661 5390 2845 5460 jussu,
2892 5388 2942 5439 in
2972 5400 3092 5438 voce
3129 5379 3431 5449 Archangeli
3461 5380 3512 5432 iu

1938 5460 2055 5512 tuba
2084 5461 2195 5523 Dei,
2224 5473 2327 5513 etc.

2006 5540 2032 5578 ε
2074 5517 2314 5584 Βηιύῑίιιε
2345 5546 2463 5585 cum
2496 5530 2645 5592 aliis,
2687 5525 3049 5601 prredicatione
3090 5517 3515 5601 quasinovella:

1935 5617 2035 5653 ms.
2064 5603 2495 5670 Sangcrmanens
2567 5609 2621 5653 ct
2647 5596 2825 5667 plures
2862 5596 2985 5646 editi
3020 5596 3391 5671 prtedicqlione
3421 5607 3514 5668 nu-

1931 5672 2081 5725 vclla.
2118 5661 2236 5725 Μῦχ
2271 5690 2371 5725 una
2399 5684 2585 5725 onines
2612 5661 2843 5723 sumtum
2871 5672 3048 5717 tacent
3092 5663 3178 5715 ubi
3208 5661 3276 5715 de
3303 5661 3510 5743 Spiritu

1932 5741 2147 5796 dicitur.

2007 5812 2029 5848 ιι
2058 5812 2274 5867 Addunt
2302 5812 2391 5866 alii
2431 5824 2562 5865 totus
2588 5824 2605 5863 :
2639 5819 2794 5877 paulo
2826 5810 2945 5873 post
2984 5802 3157 5872 deﬁcit
3187 5817 3283 5872 pro
3313 5800 3513 5866 deﬁciet
