4078 6346
296 342 395 395 58Ί
1500 343 1817 400 HISTOth
1859 346 2361 403 MUNACIIOBUM.
3459 353 3562 406 590

297 464 400 506 tum
433 453 578 507 nolui
605 463 875 527 tamquam
909 457 1122 512 invidus
1157 457 1456 522 occultare,
1483 459 1575 511 scil
1598 459 1749 525 quasi
1795 475 1889 526 pro
1929 463 2109 515 multis
2142 464 2412 516 inventum
2439 460 2684 530 proferre
2715 463 2767 516 in
2799 462 3038 516 medium
3069 503 3082 530 ,
3116 473 3171 518 et
3202 464 3380 520 facere
3416 479 3565 518 com-

296 564 503 603 munem
544 567 558 604 :
587 557 770 604 certus
799 552 940 618 quod
975 561 1173 620 quanto
1206 551 1387 620 plures
1421 565 1485 604 ex
1518 564 1584 602 eo
1608 550 1805 604 fuerint
1835 553 2011 618 dilati,
2048 565 2194 608 lauto
2221 557 2349 608 mihi
2381 555 2613 622 amphus
2643 557 2971 626 acquiretur.
3008 558 3122 630 Ego
3153 560 3297 614 enim
3321 559 3563 629 locuple-

297 642 394 694 tior
439 640 561 693 ﬁam
589 679 606 707 ,
654 655 774 697 cum
815 642 1045 696 aliorum
1081 643 1228 696 salus
1271 641 1558 696 ministerii
1590 643 1696 696 mei
1729 643 1892 697 fuerit
1933 645 2156 713 quaesita
2190 645 2564 699 mercimonio.

363 754 416 808 ln
447 754 710 824 principio
734 769 862 822 ergo
893 754 1224 809 narrationis
1249 762 1458 808 nostra:
1497 752 1690 807 adesse
1734 755 1886 808 nobis
1933 771 2214 822 precamur
2256 758 2478 826 gratiam
2532 759 2744 812 Domini
2794 759 2960 813 nostri
2988 759 3114 814 Jesu
3140 758 3376 828 Christi;
3410 760 3566 832 cujus

294 845 486 898 virtute
516 845 698 898 omnia
728 845 850 898 hare
881 845 1099 913 pietatis
1129 845 1386 899 exercitia
1411 843 1550 908 apud
1584 843 1802 913 A‘ngpti
1837 845 2131 897 monachos
2169 845 2450 899 habentur.
2476 846 2722 902 Vidimus
2749 852 2891 903 enim
2929 849 3068 916 apud
3108 863 3202 903 eos
3245 851 3441 905 multos
3474 866 3568 920 pa-

296 949 399 993 tres
423 937 692 991 cmlestem
725 936 884 989 vitam
912 937 963 990 in
997 945 1137 990 terra
1171 936 1375 1004 positos
1403 946 1626 1004 agentes
1647 977 1660 1000 ,
1709 947 1767 989 et
1803 952 1974 991 novos
2003 937 2259 1005 quosdam
2287 939 2576 1005 prophetas
2608 950 2712 994 tam
2745 942 3033 998 virtutibus
3062 944 3252 1012 animi,
3284 960 3442 1015 quam
3471 960 3567 998 va-

297 1029 546 1084 ticinandi
572 1029 754 1084 ofﬁcio
786 1029 1099 1096 suscitatos,
1130 1029 1326 1098 quibus
1357 1028 1420 1081 ad
1459 1031 1824 1082 testimonium
1855 1030 2197 1095 meritorum,
2224 1045 2322 1083 nec
2351 1031 2624 1097 signorum
2655 1035 2873 1100 quidem
2898 1051 2961 1090 ac
2991 1037 3354 1107 prodigiorum
3380 1039 3568 1092 deerat

296 1124 530 1179 efﬁcacia
563 1139 578 1176 :
606 1133 662 1177 et
689 1123 904 1176 merito.
935 1120 1042 1175 Cur
1067 1120 1213 1176 enim
1239 1121 1291 1174 lii
1318 1165 1332 1187 ,
1368 1122 1458 1190 qui
1492 1119 1626 1174 nihil
1659 1129 1931 1175 terrenum
1961 1163 1975 1187 ,
2024 1121 2156 1174 nihil
2207 1123 2422 1175 carnale
2471 1125 2691 1190 cupiunt
2721 1167 2736 1190 ,
2798 1140 2903 1181 non
2947 1129 3215 1196 accipiant
3266 1130 3566 1184 caelestium

295 1218 656 1288 potestatem?
685 1215 986 1270 Nonnullos
1021 1228 1250 1282 namque
1283 1227 1470 1267 eorum
1499 1213 1571 1266 ita
1601 1211 1671 1265 ab
1699 1212 1844 1264 omni
1874 1212 2092 1264 malitia:
2135 1213 2457 1279 cogitatiooe
2501 1229 2562 1267 ac
2605 1217 2914 1283 suspicione
2965 1220 3199 1274 vidimus
3229 1219 3514 1276 deﬁecatos
3546 1264 3563 1288 ,

294 1318 349 1363 ut
378 1322 476 1362 nec
504 1307 550 1361 si
575 1306 772 1375 aliquid
798 1304 922 1358 mali
949 1304 1125 1358 adhuc
1155 1313 1435 1373 gereretur
1472 1304 1524 1355 in
1552 1302 1786 1365 sacculo,
1821 1301 2218 1355 meminissent.
2251 1301 2418 1354 Tanta
2454 1302 2505 1354 in
2530 1307 2605 1357 eis
2632 1305 2803 1358 inerat
2834 1309 3190 1376 tranquillitas
3212 1311 3408 1375 animi,
3444 1322 3566 1365 tan-

295 1413 482 1468 tusque
513 1400 810 1454 inoleverat
841 1397 920 1452 eis
946 1395 1203 1451 bonitatis
1232 1394 1477 1459 allectus,
1506 1403 1562 1448 ut
1590 1393 1784 1449 merito
1809 1391 1876 1446 de
1898 1393 1978 1446 eis
2007 1392 2211 1447 dictum
2239 1394 2310 1448 sit
2343 1411 2354 1446 :
2390 1393 2506 1448 Pax
2561 1395 2723 1451 multa
2763 1399 3092 1470 diligentibus
3139 1419 3322 1457 nomen
3373 1414 3514 1459 tuum
3548 1444 3565 1471 ,

294 1491 512 1545 Domine
542 1489 716 1562 (Psal.
747 1491 772 1543 1
786 1487 924 1558 18.).

361 1610 388 1638 ⁸
419 1602 768 1657 Commanent
803 1610 980 1656 autem
1005 1615 1102 1671 per
1125 1612 1365 1655 eremum
1388 1595 1618 1665 dispersi
1650 1604 1703 1650 et
1737 1595 1974 1666 separati
2003 1595 2214 1650 cellulis
2242 1635 2258 1661 ,
2291 1596 2386 1650 sed
2416 1598 2640 1653 caritate
2669 1603 2920 1656 connexi.
2951 1602 3032 1658 Ob
3059 1604 3160 1660 hoc
3204 1617 3381 1662 autem
3431 1609 3564 1664 diri-

294 1703 511 1748 muntur
551 1694 870 1749 habitaculis
895 1733 910 1757 ,
944 1701 1005 1747 ut
1033 1692 1232 1746 silentii
1259 1689 1440 1760 quiete
1463 1699 1517 1742 et
1547 1689 1843 1742 intentione
1867 1689 2065 1742 mentis
2094 1687 2270 1741 divina
2308 1699 2600 1756 sectantes,
2635 1709 2733 1746 nec
2777 1707 2883 1748 vox
2914 1696 3090 1764 aliqua
3120 1737 3134 1760 ,
3170 1713 3267 1752 nec
3309 1713 3566 1754 occursus

291 1789 455 1856 ullus,
488 1797 579 1843 aut
617 1803 799 1844 sermo
828 1788 1020 1859 aliquis
1047 1787 1256 1842 otiosus
1285 1783 1555 1840 obturbet.
1587 1783 1812 1837 intentis
1856 1798 1984 1852 ergo
2017 1798 2116 1837 suo
2145 1783 2371 1854 quisque
2397 1785 2516 1838 loco
2566 1782 2758 1838 animis
2781 1824 2798 1850 ,
2838 1786 2984 1840 velut
3033 1788 3157 1841 boni
3184 1791 3350 1856 patris
3371 1791 3567 1846 Christi

291 1891 603 1951 exspectant
641 1882 930 1936 adventum
963 1899 976 1935 :
1009 1889 1102 1934 aut
1123 1890 1390 1948 tamquam
1423 1877 1576 1932 miles
1603 1885 1819 1945 paratus
1851 1876 1902 1929 in
1943 1877 2133 1930 castris
2162 1876 2504 1944 imperatoris
2543 1879 2885 1945 praesentiam
2919 1919 2935 1945 ,
2991 1881 3076 1933 vel
3120 1890 3178 1935 ut
3212 1883 3397 1938 ﬁdeles
3426 1885 3568 1940 servi

298 1976 677 2031 adventantem
713 1974 986 2029 dominum
1020 1972 1308 2037 sustinent,
1344 1971 1644 2025 libertatem
1675 1968 1774 2023 sibi
1801 1969 2005 2037 pariter
2034 1977 2089 2022 et
2116 1983 2335 2021 munera
2366 1968 2705 2036 largiturum.
2747 1969 2946 2023 Omnes
2983 1985 3112 2040 ergo
3143 1973 3193 2023 lii
3225 1973 3426 2026 nullam
3458 1978 3564 2029 cibi

288 2077 378 2122 aut
404 2067 725 2132 indumenti,
763 2077 851 2120 aut
881 2067 1025 2120 illius
1057 2065 1249 2119 borum
1279 2062 1699 2119 sollicitudinem
1732 2068 1940 2132 gerunt.
1977 2061 2168 2116 Sciunt
2195 2061 2360 2128 enim,
2393 2063 2536 2129 quia,
2568 2062 2708 2116 sicut
2755 2065 3011 2131 scriptum
3063 2075 3146 2118 est
3178 2107 3190 2129 ,
3235 2067 3342 2119 han:
3391 2072 3566 2122 omnia

289 2156 469 2212 Gentes
496 2158 720 2228 cogitant
750 2155 970 2227 (Matth.
1002 2156 1104 2226 6.).
1147 2155 1253 2225 lpsi
1287 2153 1694 2222 verojustitiam
1721 2162 1774 2208 et
1804 2167 2028 2224 regnum
2054 2153 2150 2210 Dei
2181 2153 2463 2223 requirunt
2511 2170 2525 2207 :
2575 2163 2632 2208 et
2669 2154 2780 2209 haec
2812 2157 2989 2210 omnia
3012 2158 3304 2212 secundum
3339 2163 3566 2229 promis-

288 2250 492 2305 sionem
527 2250 822 2304 Salvatoris
847 2263 1192 2317 apponuntur
1216 2248 1320 2301 eis.

359 2365 599 2433 Denique
627 2364 839 2433 plurimi
871 2378 1078 2431 eorum,
1107 2363 1150 2417 si
1181 2365 1233 2418 in
1266 2363 1446 2433 aliquo
1477 2363 1616 2418 forte
1639 2361 1962 2418 necessariis
1993 2361 2057 2414 ad
2091 2375 2220 2414 usus
2244 2359 2488 2428 corporis
2515 2359 2782 2429 eguerint,
2822 2361 3013 2414 nonad
3040 2361 3272 2417 humana
3301 2367 3564 2437 perfugia,

286 2458 374 2512 sed
410 2458 475 2511 ad
516 2457 684 2512 Deum
710 2459 890 2523 versi,
920 2467 973 2512 et
1003 2457 1071 2511 ab
1105 2456 1221 2525 ipso
1270 2468 1542 2524 tamquam
1576 2472 1605 2510 a
1641 2468 1790 2526 patre
1829 2465 2143 2524 poscentes,
2188 2469 2308 2523 qua:
2350 2453 2693 2522 poposceriut
2744 2453 2889 2506 illico
2933 2467 3359 2523 consequuntur.
3391 2459 3564 2515 Tanta

285 2565 516 2620 namque
565 2551 617 2604 in
668 2551 747 2603 eis
781 2550 913 2604 ﬁdes
944 2559 1046 2616 est,
1075 2565 1194 2619 qua:
1226 2549 1388 2604 etiam
1413 2550 1708 2618 montibus,
1737 2558 1791 2602 ut
1823 2549 2232 2611 transferantur,
2267 2546 2447 2600 valeat
2495 2546 2782 2615 imperare.
2817 2545 2968 2599 Unde
2996 2555 3050 2598 et
3078 2549 3317 2601 nonnulli
3349 2565 3564 2616 eorum,

284 2646 610 2714 irruptiones
637 2645 788 2700 ﬂuvii
824 2646 876 2699 in
922 2646 1212 2716 perniciem
1255 2645 1559 2700 vicinarum
1592 2646 1869 2716 regionum
1901 2646 2198 2700 concitatas
2223 2685 2238 2710 ,
2295 2646 2626 2700 orationibus
2674 2654 3052 2715 represserunt
3095 2645 3249 2716 (νεά.
3273 2646 3408 2700 infra
3441 2662 3563 2716 cap.

285 2736 337 2802 9,
370 2738 437 2792 de
467 2736 830 2802 Patermutio;
863 2753 981 2805 cap.
1012 2738 1069 2804 2,
1101 2738 1169 2793 de
1197 2741 1479 2804 Ammone,
1508 2755 1628 2808 cap.
1664 2741 1750 2806 ‘ll,
1778 2740 1846 2794 de
1867 2739 2118 2811 Heleno.)
2153 2741 2218 2795 Et
2253 2741 2389 2810 pede
2421 2742 2770 2812 119-120
2797 2741 3111 2795 incedentes
3141 2741 3272 2795 alvei
3296 2742 3412 2811 ejus
3442 2756 3564 2810 pro-

284 2830 444 2886 (unda
472 2829 705 2900 digressi
737 2839 893 2896 sunt,
927 2829 1293 2899 immanesque
1326 2828 1443 2899 ejus
1485 2830 1687 2884 bestias
1733 2840 2118 2898 peremerunt,
2144 2841 2200 2886 et
2222 2831 2450 2900 plurima
2472 2839 2634 2900 atque
2658 2833 2939 2884 innumera
2983 2832 3153 2900 signa,
3189 2845 3309 2900 quae
3330 2831 3397 2886 ab
3423 2835 3565 2900 Apo-

284 2921 437 2975 stolis
458 2929 512 2975 et
543 2919 831 2988 Prophetis
852 2919 1146 2989 antiquitus
1198 2928 1349 2989 gesta
1405 2919 1638 2985 fuerant,
1686 2928 2243 2990 consummaverunt,
2299 2930 2357 2977 ut
2398 2921 2633 2977 dubitari
2664 2937 2770 2977 non
2794 2922 3008 2988 debeat,
3033 2920 3060 2960 δ
3091 2922 3328 2992 ipsorum
3358 2923 3565 2979 meritis

284 3015 454 3069 adhuc
482 3023 626 3068 stare
648 3013 931 3068 mundum.

353 3129 459 3185 Sed
489 3129 618 3183 illud
647 3128 802 3182 valde
831 3128 1022 3182 mirum
1054 3134 1167 3192 est,
1195 3127 1367 3182 cum"
1399 3141 1612 3196 semper
1643 3139 1664 3167 ο
1696 3129 1893 3196 optima
1925 3145 2148 3199 quaeque
2176 3144 2295 3185 rara
2326 3130 2434 3185 sint
2463 3140 2516 3186 et
2545 3132 2814 3198 difﬁcilia,
2847 3131 2898 3185 in
2931 3132 3035 3186 illis
3067 3140 3246 3186 tamen
3275 3141 3562 3202 utrumque

283 3223 487 3289 pariter
514 3224 863 3288 convenisse,
889 3232 948 3277 ut
973 3231 1027 3277 et
1056 3238 1284 3278 numero
1313 3223 1558 3278 immensi
1597 3223 1736 3290 sint,
1768 3232 1824 3278 et
1852 3224 2139 3278 virtutibus
2169 3224 2636 3294 incomparabiles.
2666 3226 2802 3280 Sunt
2830 3226 2970 3280 enim
3017 3226 3106 3278 alii
3150 3226 3200 3278 in
3245 3227 3563 3280 suburbanis

283 3309 440 3374 locis,
463 3312 553 3365 alii
585 3327 677 3379 per
704 3329 850 3378 rura,
878 3313 1064 3382 plures
1095 3323 1272 3368 autem
1308 3322 1362 3366 et
1392 3313 1592 3382 egregii
1626 3327 1719 3382 per
1747 3329 1988 3367 eremum
2019 3313 2271 3382 dispersi,
2295 3323 2348 3368 et
2378 3314 2521 3368 velut
2550 3313 2765 3382 quidam
2796 3313 3024 3367 ctelestis
3054 3314 3327 3367 exercitus
3355 3315 3404 3366 in
3434 3329 3561 3381 pru-

285 3400 462 3455 einctu
499 3402 721 3470 positus,
754 3411 915 3472 atque
955 3403 1006 3456 in
1039 3403 1397 3457 tabernaculis
1424 3403 1643 3472 degens,
1669 3403 1736 3456 ad
1765 3403 2122 3458 obedientiam
2157 3413 2546 3474 praeceptorum
2579 3406 2692 3472 regi
2723 3418 2938 3472 semper
2963 3405 3220 3470 intentus,
3253 3405 3414 3458 armis
3442 3420 3561 3459 ora-

286 3493 492 3546 tionum
526 3508 782 3561 pugnans,
811 3503 866 3548 et
891 3505 1042 3548 scuto
1072 3493 1194 3547 ﬁdei
1223 3493 1291 3546 ab
1323 3493 1542 3547 inimico
1574 3494 1858 3548 insidiante
1888 3504 2181 3562 protectus,
2206 3510 2426 3564 regnum
2455 3493 2554 3549 sibi
2588 3495 2802 3550 cmleSIe
2831 3493 3114 3562 conquirit.
3144 3494 3279 3548 Sunt
3307 3510 3435 3563 ergo
3467 3512 3561 3548 or—

287 3585 396 3636 nati
429 3584 691 3649 moribus,
721 3583 908 3653 quieti,
937 3584 1109 3648 lenes,
1141 3583 1434 3652 tranquilli,
1466 3592 1522 3637 et
1549 3585 1790 3638 caritatis
1820 3584 2032 3638 vinculo
2067 3585 2212 3639 velut
2241 3585 2469 3652 quadam
2500 3586 2853 3653 germanitate
2884 3583 3184 3638 constricti.
3215 3584 3295 3639 Ad
3337 3587 3557 3639 a-mula-

284 3674 484 3728 tionem
529 3691 657 3751 vero
699 3677 952 3730 virtutum
1001 3685 1273 3732 certamen
1319 3678 1505 3745 ingens
1541 3685 1797 3730 exercent
1844 3684 1898 3729 et
1940 3690 2160 3744 agones.
2192 3677 2379 3731 Studet
2421 3675 2562 3730 enim
2606 3675 2968 3744 unusquisque
3009 3674 3325 3729 clementior
3366 3675 3556 3739 altero,

287 3766 592 3835 benignior,
620 3766 871 3821 humilior
896 3782 960 3822 ac
998 3768 1286 3836 patientior
1319 3768 1573 3822 inveniri.
1610 3768 1666 3823 Si
1697 3769 1814 3838 quis
1854 3779 2028 3822 autem
2077 3770 2370 3838 sapientior
2399 3767 2611 3822 creteris
2651 3767 2833 3832 fuerit,
2867 3767 2949 3820 hic
2993 3768 3064 3820 ita
3108 3767 3405 3819 communis
3435 3781 3561 3836 erga

281 3871 467 3911 omnes
503 3867 558 3912 et
588 3856 874 3912 mediocris
902 3857 1119 3924 existit,
1154 3867 1212 3912 ut
1253 3857 1546 3913 secundum
1581 3859 1893 3913 mandatum
1929 3860 2136 3914 Domini
2167 3860 2406 3914 omnium
2441 3858 2696 3913 minimus
2717 3899 2731 3926 ,
2763 3867 2818 3912 et
2846 3857 3088 3912 omnium
3120 3871 3310 3910 servus
3339 3871 3458 3910 esse
3484 3857 3561 3909 vi-

281 3947 489 4002 deatur.

352 4068 486 4135 Quia
518 4081 647 4137 ergo
679 4066 773 4121 Dei
805 4079 1026 4119 munere
1054 4063 1310 4118 donatum
1339 4064 1467 4118 mihi
1498 4072 1580 4119 est
1603 4104 1618 4130 ,
1647 4074 1703 4118 ut
1730 4064 1967 4120 viderem
1997 4081 2114 4129 eos,
2143 4075 2197 4119 et
2229 4067 2545 4120 interessem
2574 4063 2968 4119 conversationi
2997 4077 3181 4117 eorum
3201 4102 3214 4125 ,
3242 4061 3309 4114 de
3338 4059 3560 4128 singulis

281 4158 390 4228 jam
423 4171 583 4218 nunc,
615 4172 732 4226 qua:
764 4155 828 4208 ad
860 4155 1173 4209 memoriam
1205 4154 1464 4208 Dominus
1495 4154 1791 4221 reduxerit,
1817 4171 2071 4210 enarrare
2098 4157 2343 4219 tentabo;
2374 4167 2432 4209 ut
2462 4157 2534 4221 hi,
2566 4159 2653 4219 qui
2680 4172 2784 4209 non
2819 4156 3071 4209 viderunt
3101 4169 3197 4208 eos
3228 4155 3278 4206 iu
3311 4168 3557 4218 corpore,

285 4262 448 4318 opera
483 4262 666 4301 eorum
700 4245 990 4310 discentes,
1021 4245 1294 4313 vitamque
1323 4243 1615 4312 perfectam
1648 4245 1894 4298 lectionis
1925 4245 2124 4299 indicio
2157 4248 2490 4316 colligentes,
2519 4247 2583 4300 ad
2625 4246 2978 4300 imitationem
3010 4246 3178 4298 sancti
3209 4245 3386 4313 operis
3427 4243 3560 4296 invi-

285 4349 479 4408 tentur,
503 4349 557 4395 et
585 4337 837 4409 periecue
866 4337 1143 4407 sapientiae
1171 4338 1403 4407 palmam
1436 4337 1522 4392 vel
1552 4337 1827 4406 patientiae
1859 4338 2158 4407 requirant.

245 4485 254 4545 ἶ
351 4511 375 4537 ι
405 4502 760 4555 Commanent
784 4507 874 4552 aut
895 4515 990 4566 per
1012 4514 1251 4553 eremum
1277 4497 1506 4566 dispersi
1541 4506 1593 4550 et
1620 4496 1854 4561 separati
1891 4500 1941 4555 Λ
2040 4505 2062 4531 ο
2095 4493 2302 4566 Optima
2334 4506 2564 4566 qumque
2590 4505 2706 4566 rara
2735 4491 2838 4544 sint
2862 4499 2916 4545 et
2945 4488 3236 4558 difﬁcilia.]
3267 4489 3427 4542 Vetus
3452 4502 3564 4542 ver-

278 4572 502 4626 cellulis.
558 4563 942 4641 Signiﬁcanter
975 4571 1102 4622 dixit
1155 4563 1383 4641 dispersi
1432 4578 1484 4641 et
1514 4569 1859 4641 _separati,_ut

1379 4572 1383 4620 ἰ
1432 4578 1484 4641 et
1514 4569 1859 4641 _separati,_ut
1969 4567 2086 4618 bum
2118 4581 2136 4617 :
2164 4565 2368 4617 Χαλεπὰ
2397 4566 2461 4617 τά
2491 4563 2637 4616 καλά.
2987 4591 2989 4594 -

277 4635 720 4727 ἷ²9¹¹ἰῖε¹¹⁰ί²ί²ί¹⁷²έ
743 4643 830 4722 ³⁸31
859 4639 1019 4720 (Ἀίδα
1049 4656 1139 4693 ⁸⁸³⁸
1171 4639 1727 4727 ι⁰“,¹’⁰”⁸,ί²ἶ³ίξί“⁰¹ἐ¹·
1776 4635 1860 4727 Ῑίίξ
2043 4660 2058 4688 ¹
2092 4657 2229 4710 Nihil
2259 4656 2454 4709 minus.
2491 4655 2851 4727 Rosweydum
2885 4653 3152 4708 dedocere
3184 4653 3299 4721 ipsa
3351 4659 3562 4716 poterat

279 4712 357 4765 hic
383 4713 512 4798 l’t'bfo
541 4710 662 4798 1”;
693 4711 866 4798 (“‘j'f.‘
889 4709 1436 4798 "iacuit"???
1462 4707 1860 4798 ilﬁ'fzp'3f_i_”:‘f_l
1968 4707 2498 4798 llieron'vmianiloci
2532 4707 2919 4798 quemalaudat,
2958 4707 3562 4798 imitatiofSed‘iieque

279 4785 517 4867 P’W‘Q'
543 4794 677 4861 “me.
702 4777 1019 4867 @{vs'imaiu'
1046 4777 1290 4867 ""ﬁ'ﬁﬂfl
1533 4778 1857 4867 5"
1967 4777 2500 4867 interpres":neque
2866 4777 3093 4867 ejus_est
3125 4777 3522 4867 librinlluﬁttuts
3545 4830 3562 4853 ,

278 4848 459 4938 {autem
485 4854 603 4906 ιοοο
632 4852 851 4938 οίεοειετ
879 4850 1112 4938 quinque
1135 4848 1735 4938 mgnggadmsiscentius
1964 4848 2658 4938 ξίιίδατεβέειτίιιέίῡτέρτέιίοί
2685 4867 2816 4921 satis
2844 4848 3138 4919 manifesto
3167 4864 3392 4917 iudicat.
3432 4848 3563 4913 me

273 4921 515 5006 bitaliattt
535 4939 547 4972 :
570 4923 711 5006 quod
730 4922 1052 5006 desumptum
1081 4935 1142 5000 ea:
1165 4918 1574 5006 p.11i'erqngjnto‘
1591 4920 1738 4986 epist.
1763 4918 1854 5006 ξε.
2084 4918 2399 4992 ἶιίτρξεέίχη,
2431 4918 2688 5006 ευηέέξηί,

248 4991 251 4998 .
592 4987 615 5001 ν.
1085 4991 1095 5000 .
1165 4991 1175 5000 .
1221 4990 1230 5000 .
1359 4990 1367 4998 .
1466 4991 1474 5000 .
1787 4989 1796 4999 .
1967 4987 2062 4994 --.-
2181 4987 2201 4992 -
2226 4987 2398 4992 mist-

247 4993 794 5116 ξέὲἕέῗῗῖἓξξὲάε
815 4992 1273 5113 ἴξξέξβέῶἶτῃηω⁶
1306 4987 1858 5042 γ’άεωοηοηωδηω
1969 5103 2008 5116 ἢ
2038 5031 2302 5116 ’ΠΜίιιὶιιινρ
2325 5046 2478 5116 γετί),
2514 5046 2681 5098 neque
2726 5028 2868 5116 enim
2911 5035 3097 5116 auctor
3138 5024 3256 5094 ejus
3301 5028 3385 5077 est
3427 5018 3547 5073 iibri

340 5131 366 5169 δ
402 5134 643 5198 Ipsorum
690 5131 892 5183 meritis
934 5135 1106 5184 adhuc
1152 5141 1297 5184 stare
1319 5128 1618 5199 mundtth
1665 5129 1743 5181 Ad
1767 5132 1860 5183 hoc

1968 5103 2211 5156 Ruﬁnus.
2244 5098 2374 5156 Vide
2406 5118 2500 5154 nos
2533 5103 2852 5168 prsccedettti
2886 5112 3029 5150 uota.

244 5190 556 5271 {respiciens
576 5201 802 5269 Ruﬁnus
827 5205 844 5232 ²
877 5203 957 5255 In'c
987 5201 1076 5255 lib.
1104 5200 1223 5255 III.
1254 5203 1372 5256 inde
1403 5190 1684 5271 Prologum
1715 5218 1861 5254 suum
2103 5196 2466 5265 Expunximus
2514 5195 2557 5246 si
2602 5193 2866 5257 voculatn,
2898 5205 3016 5259 qua:
3069 5200 3286 5243 sensum
3341 5190 3564 5236 interel-

235 5261 248 5347 ᾖ
271 5261 612 5329 auspicatur.
661 5261 672 5269 ’
1566 5261 1587 5271 ’
1973 5269 2167 5338 picbat.
