4078 6346
588 355 3819 393 h———_—-———————————-————————_—_—_—

1017 471 1870 635 HISTORIA
1907 502 3360 715 WCHORUM.

1080 786 1306 843 CAPUT
1345 783 1636 841 PRIMUM.

1066 917 1131 956 Dr:
1163 915 1361 955 ΒΑΜ]Το
1384 910 1410 938 ⁸
1438 916 1661 955 «ΙΟΑΝΝΕ.

640 1020 871 1076 Primum
899 1017 1058 1088 igitur
1091 1024 1360 1084 tamquam
1389 1031 1516 1069 vere
1547 1013 1951 1068 fundamentum
1985 1019 2149 1065 nostri

571 1111 762 1180 Uperis
810 1111 877 1164 ad
930 1108 1235 1176 exemplum
1280 1107 1540 1160 bonorum
1590 1105 1828 1157 omnium
1877 1117 2151 1156 sumamus

566 1207 857 1267 Joannem,
879 1203 971 1271 qui
1001 1217 1128 1254 vere
1156 1200 1315 1254 etiam
1347 1199 1497 1252 solus
1539 1197 1668 1250 satis
1709 1209 1978 1265 superque
2008 1195 2152 1247 sulti-

565 1300 672 1351 ciat
695 1295 971 1364 religiosas
1015 1301 1072 1347 et
1117 1292 1227 1346 Deo
1266 1289 1490 1345 devotas
1538 1297 1745 1342 mentes
1787 1288 1851 1339 ad
1897 1289 2150 1339 virtutum

566 1387 780 1442 culmen
806 1384 1038 1452 erigere,
1065 1391 1120 1436 et
1147 1381 1212 1434 ad
1245 1378 1588 1447 perfectionis
1624 1378 1827 1445 fastigia
1860 1379 2150 1431 concitare.

639 1477 791 1532 lluttc
816 1475 959 1530 enim
985 1474 1215 1526 vidimus
1245 1470 1479 1538 (Pallad.
1507 1486 1624 1535 cap.
1649 1469 1761 1536 45.)
1795 1469 1843 1520 in
1867 1466 2152 1521 Thebaidis

566 1570 806 1640 partibus
837 1569 888 1620 in
922 1581 1125 1632 eremo,
1145 1580 1262 1632 quae
1289 1563 1496 1633 adjacet
1522 1561 1721 1614 civitati
1754 1560 1915 1631 Lyco,
1943 1560 1994 1612 in
2023 1573 2152 1625 rupe

567 1662 798 1732 quadam
847 1661 1046 1713 montis
1094 1657 1245 1711 ardui
1289 1662 1736 1710 commanentem.
1775 1655 2042 1706 Ascensus
2085 1651 2149 1703 ad

567 1768 692 1808 eum
733 1750 990 1814 difﬁcilis,
1026 1749 1198 1802 aditus
1240 1747 1550 1802 monasterii
1597 1745 1711 1812 ejus
1753 1742 2058 1796 obstructus
2099 1750 2154 1795 et

568 1843 814 1906 clausus,
846 1841 915 1893 ita
948 1848 1007 1892 ut
1034 1855 1060 1891 a
1093 1836 1503 1908 quadragesimo
1533 1832 1704 1886 :etatis
1744 1847 1855 1884 suae
1884 1845 2024 1883 anno
2054 1846 2150 1884 uso

569 1948 673 2001 que
701 1933 766 1986 ad
801 1928 1230 1999 nonagesimum,
1256 1941 1412 1996 quem
1443 1934 1565 1978 tunc
1594 1923 1843 1992 gerebat.
1878 1937 1997 1976 Cum
2029 1937 2148 1974 eum

569 2024 830 2086 vidimus,
859 2019 1236 2073 monasterium
1280 2017 1396 2083 ejus
1435 2015 1606 2069 nullus
1649 2014 1945 2068 intraverit.
1979 2013 2152 2067 Adve-

2171 766 2221 822 A

2320 761 2558 828 Quodam
2602 763 2760 818 etiam
2807 771 3051 834 tempore
3095 765 3329 836 (Pallad.
3371 785 3489 836 cap.
3532 768 3672 841 45.),
3715 785 3837 828 cum

2253 869 2384 923 gens
2414 854 2730 922 Ethiopum
2779 856 3073 911 Romanum
3122 859 3347 914 militem
3388 861 3532 914 circa
3577 862 3839 933 Cyrenetn

2255 948 2514 1019 [Syenem
2548 948 2712 1020 Pall.]
2747 950 2889 1020 (qua:
2918 952 3090 1019 prima
3134 963 3314 1008 estex
3357 955 3646 1027 (Ethiopite
3677 961 3840 1027 parti-

2255 1037 2353 1089 bus
2375 1037 2667 1092 Thebaidis
2691 1039 2901 1110 civitas)
2933 1041 3250 1108 incursaret,
3274 1054 3329 1099 et
3355 1055 3561 1118 strages
3585 1049 3842 1118 plurimas

2253 1137 2562 1181 nostrorum
2610 1129 2873 1195 dedisset,
2907 1132 3249 1203 praedamque
3287 1137 3563 1201 duxisset,
3605 1140 3839 1196 venienti

2254 1215 2319 1267 ad
2350 1230 2408 1268 se
2439 1216 2682 1270 Romano
2717 1220 2859 1283 duci,
2887 1230 2940 1273 et
2967 1224 3224 1276 metuenti
3265 1225 3560 1295 confligere
3586 1242 3708 1281 cum
3739 1230 3836 1295 eis,

2254 1307 2395 1374 quod
2421 1309 2645 1375 exiguus
2671 1311 2718 1364 ei
2747 1323 2862 1364 erat
2891 1312 3116 1367 militum
3146 1331 3419 1383 numerus,
3440 1326 3498 1371 et
3521 1320 3692 1375 hostis
3717 1336 3843 1375 con-

2254 1405 2332 1449 tra
2363 1411 2421 1451 se
2455 1399 2732 1454 innumera
2775 1402 3090 1466 multitudo,
3118 1405 3352 1460 Joannes
3390 1417 3650 1463 statutum
3692 1411 3840 1465 desi-

2254 1500 2422 1554 gnans
2451 1486 2593 1542 diem
2638 1506 2651 1542 :
2698 1490 2893 1559 Perge,
2926 1491 3126 1559 inquit,
3155 1509 3408 1561 securus,
3439 1497 3525 1552 die
3566 1500 3710 1553 enim
3741 1515 3840 1568 qua

2253 1579 2382 1642 dixi,
2407 1590 2458 1633 et
2489 1580 2698 1635 hostem
2728 1584 3046 1649 prostrabis,
3069 1597 3122 1641 et
3153 1587 3322 1655 spolia
3349 1589 3552 1657 capies,
3577 1591 3843 1658 praedam-

2253 1685 2357 1739 que
2400 1673 2701 1726 revocabis.
2744 1673 2899 1740 Quod
2947 1689 3068 1729 cum
3118 1675 3304 1732 fuisset
3353 1679 3655 1747 impletum,
3684 1692 3840 1736 etiam

2253 1764 2393 1832 apud
2427 1763 2747 1832 Augustum,
2781 1767 2902 1833 quia
2949 1781 3106 1821 carus
3147 1769 3196 1821 ei
3241 1779 3599 1838 acceptusque
3639 1771 3843 1828 futurus

2253 1863 2427 1920 esset,
2454 1854 2719 1921 praadixit.
2751 1854 2855 1910 Sed
2890 1856 3005 1911 haec
3035 1858 3174 1927 apud
3206 1859 3353 1913 illum
3386 1861 3682 1930 prepbetia:
3723 1880 3840 1933 gra-

2256 1946 2326 1996 tia
2358 1945 2428 1998 ita
2464 1945 2779 2012 habebatur,
2809 1957 2867 2001 ut
2894 1951 3063 2019 magis
3107 1951 3206 2004 hoc
3248 1952 3459 2010 illorum
3492 1956 3580 2024 qui
3615 1971 3840 2022 percon-

2256 2037 2539 2103 tabantur,
2583 2053 2740 2106 quam
2802 2039 2915 2095 Suis
2961 2042 3166 2095 meritis
3223 2043 3578 2103 adscriberet.
3627 2046 3842 2106 Dicebat

569 2113 840 2168 nientibus
868 2125 994 2164 vero
1022 2124 1117 2178 per
1147 2107 1436 2162 fenestram
1463 2121 1520 2160 se
1543 2105 1829 2206 videndum
1858 2104 2149 2206 praebebat,
2184 2128 2230 2187 Β
2257 2129 2398 2182 enim
2435 2145 2540 2185 ηοη
2574 2104 2670 2198 νὴ)
2711 2144 2769 2185 se
2815 2131 2947 2198 haec,
2979 2132 3072 2187 sed
3115 2147 3212 2203 pro
3256 2135 3362 2190 illis
3401 2136 3493 2205 qui
3536 2141 3784 2206 audiunt,
3812 2155 3840 2192 a

567 2213 622 2259 et
650 2204 773 2258 inde
801 2203 901 2263 eis,
925 2201 1008 2254 vel
1044 2201 1261 2252 verbum
1296 2197 1391 2251 Dei
1422 2196 1485 2250 ad
1518 2196 1946 2256 :cditicationem,
1970 2197 2077 2261 vel,
2101 2195 2148 2248 si

567 2307 670 2362 qua
702 2293 891 2346 fuisset
922 2289 1249 2352 consolatio,
1277 2303 1530 2356 responsa
1565 2287 1838 2341 reddebat.
1871 2287 2146 2341 Mulierum

568 2397 746 2440 tamen
789 2384 914 2438 illuc
955 2384 1118 2446 nulla,
1149 2397 1246 2436 uec
1286 2383 1350 2434 ad
1393 2390 1739 2448 conspectum
1779 2379 1990 2447 quidem
2035 2380 2152 2445 ejus

570 2479 815 2540 accessit,
840 2475 932 2529 sed
964 2485 1018 2530 et
1045 2475 1146 2528 viri
1179 2487 1324 2543 raro,
1349 2483 1400 2527 et
1429 2473 1591 2526 certis
1623 2473 1920 2540 quibusque
1947 2480 2152 2538 tempo-

571 2567 739 2622 ribus.
765 2565 967 2620 Cellam
1000 2578 1128 2617 sane
1171 2561 1486 2632 hospitalem
1525 2561 1860 2615 extrinsecus
1890 2561 2002 2614 ﬁeri
2035 2575 2153 2628 pcr-

574 2656 800 2720 misit,in
823 2669 927 2723 qua
952 2655 1303 2707 adventantes
1325 2667 1356 2706 e
1378 2650 1679 2720 longinquis
1701 2650 2006 2719 regionibus
2025 2665 2154 2719 pau-

574 2746 741 2802 lulum
771 2746 1189 2813 requiescerent,
1215 2743 1333 2812 ipse
1359 2757 1486 2797 vero
1518 2743 1838 2796 intrinsecus
1868 2743 2031 2804 solus,
2053 2743 2153 2797 soli

575 2841 686 2894 Deo
723 2852 918 2893 vacans
949 2837 1092 2910 [Ant.
1121 2835 1364 2899 vocaus‘,
1396 2851 1498 2891 non
1530 2836 1742 2900 diebus,
1777 2853 1881 2891 non
1911 2836 2154 2892 noctibus

578 2946 607 2983 a
634 2929 913 2997 colloquiis
945 2929 1036 2983 Dei
1066 2937 1121 2983 et
1151 2928 1392 2983 oratione
1420 2930 1666 2984 cessabat
1693 2946 1706 2983 :
1736 2929 1972 2984 divinum
2001 2930 2149 2994 illud,

578 3033 633 3079 et
661 3024 801 3094 quod
830 3038 992 3091 super
1019 3037 1234 3076 omnem
1264 3031 1499 3076 mentem
1530 3031 1630 3084 est,
1662 3032 1769 3076 tota
1799 3023 1992 3078 mentis
2020 3023 2159 3092 puri-

574 3125 687 3170 tate
716 3124 1052 3171 consectans.
1073 3114 1284 3182 Quanto
1312 3116 1457 3170 enim
1487 3131 1545 3169 se
1571 3117 1638 3169 ab
1668 3115 1916 3172 humanis
1941 3118 2082 3172 curis
2103 3127 2158 3174 et

573 3207 859 3276 colloquiis
888 3207 1258 3274 sequestrabat
1280 3247 1294 3269 ,
1330 3216 1476 3260 tanto
1505 3206 1578 3260 illi
1608 3205 1833 3260 vicinior
1859 3218 1914 3262 et
1941 3209 2158 3276 propin-

572 3300 726 3369 quior
755 3300 894 3354 Deus
921 3308 1055 3354 crat.
1084 3297 1140 3352 In
1173 3307 1317 3352 tanta
1346 3298 1579 3368 denique
1610 3302 1760 3370 121
1797 3300 1994 3355 mentis
2038 3301 2156 3354 sin-

573 3395 798 3448 ceritate
829 3391 1165 3461 profecerat,
1195 3400 1253 3445 ut
1295 3405 1400 3444 non
1442 3391 1614 3445 solum
1656 3406 1842 3446 eorum
1872 3407 1991 3460 qua:
2022 3407 2158 3461 prte-

574 3484 747 3535 sentia
776 3490 950 3547 erant,
981 3480 1258 3536 scientiam
1289 3489 1707 3550 consequeretur
1731 3497 1760 3534 a
1797 3483 2042 3547 Domino,
2066 3497 2157 3538 ve.
2185 3492 2232 3552 ο
2266 3492 2404 3546 unde
2450 3493 2674 3547 salutem
2722 3505 3056 3562 speraverat,
3091 3508 3431 3566 accepturam

574 3585 694 3623 rum
723 3578 780 3623 et
806 3585 989 3624 eorum
1019 3586 1139 3640 quas
1170 3571 1342 3624 futura
1374 3581 1528 3625 erant
1551 3573 1944 3640 przescientiam
1987 3589 2159 3629 mere-

574 3669 751 3714 retur.
782 3661 1070 3716 Evidenter
1099 3678 1327 3732 namque
1354 3664 1403 3718 ei
1434 3664 1688 3720 Dominus
1717 3664 2012 3733 prophetia:
2038 3681 2158 3735 gra-

575 3753 708 3806 tiam
735 3754 960 3808 contulit
994 3772 1005 3805 :
1042 3755 1110 3808 ita
1148 3764 1206 3808 ut
1254 3770 1357 3809 non
1392 3766 1596 3811 tantum
1627 3756 1832 3810 civibus
1862 3766 1915 3810 et
1946 3759 2160 3824 provin-

573 3844 796 3899 cialibus
823 3846 954 3910 suis,
977 3845 1021 3899 si
1050 3845 1185 3901 forte
1207 3856 1674 3915 percontarentur,
1703 3847 1874 3901 futura
1906 3849 2159 3918 praedice-

573 3945 680 4001 ret,
708 3938 803 3992 sed
830 3946 885 3992 et
915 3939 1226 4007 Imperatori
1259 3940 1588 4005 Theodosio,
1614 3941 1695 3993 vel
1727 3956 1861 4009 quos
1894 3941 2014 3996 belli
2041 3944 2157 3997 exi-

574 4039 658 4083 tus
701 4028 976 4086 habiturus
1019 4039 1192 4097 esset,
1215 4031 1297 4086 vel
1325 4034 1518 4100 quibus
1545 4033 1719 4087 modis
1745 4034 2023 4091 victoriam
2065 4051 2158 4088 ca-

572 4129 726 4190 peret
763 4121 832 4176 de
873 4121 1150 4192 tyrannis,
1181 4121 1275 4176 sed
1307 4133 1362 4177 et
1389 4134 1518 4194 quot
1549 4123 1872 4193 irruptiones
1903 4140 2157 4195 passurus

571 4219 715 4268 esset
743 4213 980 4284 gentium
1010 4212 1376 4281 barbararum,
1400 4229 1546 4285 saepe
1578 4216 1846 4284 praedixit.
2005 4205 2012 4214 “

643 4361 669 4390 ι
698 4352 950 4424 Joanne.]
997 4352 1423 4424 Martyrologium
1468 4351 1756 4408 Romanum
1795 4354 1885 4407 27.
1919 4353 2100 4409 Martii
2137 4372 2156 4410 :

571 4422 633 4476 in
672 4423 902 4493 {Egypto
933 4422 1003 4478 'S.
1036 4422 1257 4478 Joannis
1286 4422 1575 4489 'Eremitaa,
1609 4439 1815 4492 magna:
1858 4428 2156 4482 sanctitatis

572 4494 711 4555 viri,
744 4499 831 4560 qui
874 4496 1016 4548 inter
1055 4505 1234 4549 cetera
1264 4498 1519 4547 virtutum
1553 4495 1807 4560 insignia,
1839 4496 1997 4548 etiam
2033 4512 2156 4562 pro-

573 4564 791 4629 pbetico
821 4564 1016 4628 spiritu
1048 4564 1268 4630 plenus.
1301 4564 1603 4618 Theodosio
1650 4564 1781 4629 Imp.
1811 4565 2060 4620 victorias
2090 4567 2158 4621 de

574 4631 816 4699 tyrannis
862 4632 1090 4684 Maximo
1135 4645 1189 4684 et
1238 4635 1472 4700 Eugenio
1515 4635 1776 4699 praedixit.
1823 4634 1898 4687 De
1942 4635 2070 4699 hoc,
2103 4646 2158 4689 ut

573 4701 807 4754 existimo
827 4742 843 4766 ,
874 4700 1073 4776 Menam
1087 4701 1190 4776 20.
1225 4701 1482 4770 Septemb.
1508 4709 1691 4776 Μνήμη
1718 4710 1806 4776 rei:
1839 4707 1888 4756 ἐν
1914 4704 2159 4776 ὁμολογη-

573 4780 684 4843 -ςαῖς
712 4776 962 4843 μεγίσεου
991 4772 1216 4826 Ἰωάννου
1241 4778 1336 4843 τοῦ
1363 4772 1642 4843 Αἰγυπτίου
1670 4788 1684 4825 ε
1710 4772 2158 4830 Οοῐῐὶῐηθέηοηίιίο

2256 2222 2480 2276 Domino
2513 2223 2880 2290 praenuntiari.

2328 2312 2485 2366 Aliud
2516 2329 2725 2381 quoque
2764 2315 2920 2370 valde
2961 2315 3154 2369 mirum
3193 2314 3426 2384 (Pallad.
3456 2335 3572 2390 cap.
3603 2319 3718 2390 45.)
3754 2335 3842 2390 per

2253 2418 2372 2456 cum
2404 2403 2661 2458 Dominus
2693 2406 2948 2461 ostendit.
2977 2405 3003 2444 δ
3034 2407 3302 2464 Tribunus
3332 2410 3546 2476 quidam
3589 2413 3655 2465 ad
3687 2429 3842 2482 ageno

2253 2491 2379 2543 dum
2427 2493 2649 2547 militem
2695 2508 2946 2563 pergens,
2977 2497 3122 2550 venit
3168 2497 3233 2550 ad
3283 2512 3428 2562 eum,
3461 2510 3515 2552 et
3558 2500 3841 2556 obsecrare

2254 2596 2376 2636 eum
2409 2585 2593 2652 coepit,
2625 2593 2682 2637 ut
2713 2587 3046 2652 permitteret
3071 2588 3351 2658 conjugem
3385 2606 3534 2645 suam
3563 2594 3749 2649 venire
3779 2593 3841 2649 ad

2255 2684 2335 2735 se.
2361 2673 2523 2726 multa
2557 2689 2785 2743 namque
2811 2691 2928 2729 eam
2956 2677 3169 2732 dicebat
3198 2682 3480 2748 pertulisse
3509 2684 3742 2751 pericula
3771 2685 3839 2739 ob

2256 2763 2359 2817 hoc
2401 2773 2607 2819 tantum
2630 2808 2643 2831 ,
2669 2775 2729 2820 ut
2759 2767 2946 2821 faciem
2979 2769 3098 2838 ejus
3126 2772 3353 2826 videret.
3382 2773 3532 2828 Tunc
3565 2775 3656 2829 ille
3687 2787 3842 2847 negat

2256 2851 2357 2906 sibi
2388 2867 2637 2923 umquam
2671 2855 2834 2910 moris
2866 2856 3031 2913 fuisse
3061 2859 3277 2913 videndi
3309 2861 3560 2917 mulieres
3581 2902 3597 2927 ,
3627 2875 3680 2918 et
3714 2881 3843 2932 prae-

2257 2943 2432 3012 cipue,
2458 2959 2522 2998 ex
2551 2961 2656 3014 quo
2688 2945 2739 3000 in
2774 2947 2913 3001 illius
2941 2950 3086 3016 rupis
3116 2965 3176 3005 se
3204 2952 3529 3008 monasterio
3555 2956 3842 3010 conclusis-

2256 3043 2357 3087 set.
2407 3035 2681 3091 Tribunus
2729 3039 2968 3104 persistit
3017 3041 3382 3107 obsecrando,
3428 3050 3483 3098 et
3528 3045 3843 3100 confirmare

2258 3126 2444 3195 ccepit,
2473 3128 2616 3197 quod
2661 3129 2761 3182 nisi
2807 3129 3014 3184 videret
3057 3145 3201 3196 eum,
3234 3142 3379 3187 esset
3419 3137 3535 3188 sine
3575 3136 3738 3190 dubio
3780 3153 3843 3191 ex

2257 3221 2422 3277 multa
2470 3221 2688 3275 tristitia
2735 3222 2991 3289 peritura.
3021 3222 3265 3293 Cumque
3308 3226 3502 3280 iterum
3545 3241 3609 3281 ac
3652 3227 3844 3297 sacpius

2258 3312 2442 3366 eadem
2474 3321 2800 3380 precaretur,
2825 3323 2877 3368 et
2907 3328 3151 3369 caussam
3188 3319 3341 3387 122
3370 3318 3558 3372 mortis
3586 3334 3708 3373 eum
3737 3335 3844 3374 sum

2259 3403 2500 3471 conjugis
2531 3403 2879 3458 confirmaret
2910 3405 3168 3472 futurum,
3197 3420 3355 3478 atque
3386 3409 3511 3465 inde
3544 3412 3844 3476 interitum,

3475 3517 3490 3554 :
3537 3508 3644 3555 tam
3691 3502 3843 3556 fidem

2263 3599 2422 3654 quam
2460 3585 2917 3654 importunitatem
2953 3588 3068 3658 ejus
3098 3591 3364 3660 aspiciens
3394 3593 3574 3647 senior
3619 3610 3634 3647 :
3671 3594 3841 3661 Vade,

2262 3677 2457 3747 inquit,
2487 3678 2689 3733 videbit
2718 3695 2805 3734 me
2835 3681 3030 3749 conjux
3064 3691 3151 3737 tua
3184 3683 3284 3738 hac
3315 3693 3501 3750 nocte;
3538 3701 3641 3740 nou
3672 3696 3842 3743 tamen

2259 3773 2439 3823 veniet
2465 3769 2589 3837 huc,
2615 3771 2707 3825 sed
2740 3773 2791 3826 in
2822 3773 2984 3827 domo
3013 3789 3107 3827 sua
3129 3815 3145 3840 ,
3175 3785 3333 3846 atque
3364 3779 3414 3830 in
3447 3778 3587 3833 lecto
3613 3795 3712 3833 suo
3738 3797 3844 3834 ma-

2261 3861 2426 3915 nebit.
2457 3860 2586 3916 Post
2637 3863 2751 3917 tunc
2800 3865 2962 3918 verba
3012 3866 3252 3920 ascendit
3303 3870 3413 3936 vir,
3444 3871 3843 3940 ambiguitatem

2261 3953 2502 4021 responsi
2546 3955 2596 4007 in
2631 3964 2848 4022 pectore
2879 3971 2977 4011 suo
3005 3973 3244 4014 versans.
3271 3960 3511 4028 Cumque
3540 3962 3653 4016 lucc
3683 3963 3843 4018 etiam

2259 4043 2472 4113 conjugi
2505 4048 2826 4110 nuntiasset,
2858 4049 3020 4102 simili
3062 4050 3407 4105 nihilominus
3448 4053 3608 4106 etiam
3653 4056 3843 4109 mulier

2261 4136 2527 4192 sermonis
2567 4136 2772 4191 incerto
2803 4138 3139 4208 fatigabatur.
3173 4141 3279 4194 Sed
3311 4142 3399 4196 ubi
3429 4146 3601 4198 somni
3635 4154 3843 4215 tempus

2261 4229 2498 4294 advenit,
2527 4229 2681 4285 adest
2707 4229 2868 4286 homo
2900 4232 2993 4287 Dei
3027 4249 3120 4301 per
3151 4233 3343 4303 visum,
3369 4245 3423 4290 et
3451 4238 3709 4293 assistens
3737 4255 3844 4294 mu—

2260 4366 2425 4441 sancti
2452 4381 2546 4441 seu
2568 4367 2685 4430 vivi,
2716 4383 2804 4419 seu
2834 4378 3099 4441 postquam
3129 4386 3157 4422 ε
3187 4371 3287 4423 vita
3319 4382 3657 4436 arcesserunt,
3682 4391 3842 4441 quan-

2261 4437 2424 4513 doque
2453 4437 2571 4513 uiri}
2606 4440 3009 4513 appareant._Et
3047 4450 3160 4513 post
3197 4443 3359 4494 multa
3404 4443 3640 4513 ambigue
3682 4437 3835 4509 dicta,

2259 4507 2391 4580 hanc
2430 4510 2492 4580 de
2531 4505 2868 4580 Joanne/ioc
2905 4505 3225 4563 historiolam
3267 4513 3443 4580 infert.
3467 4505 3649 4567 'l‘aletu
3683 4505 3840 4569 fuisse

2260 4577 2585 4652 credendum
2617 4587 2700 4632 est
2727 4577 2877 4632 illum
2908 4580 3166 4652 loannem
3193 4577 3515 4652 monachum
3534 4627 3548 4649 ,
3581 4599 3739 4652 quem
3769 4589 3835 4639 de

2261 4646 2379 4700 belli
2409 4647 2798 4723 civilis‘eventu
2830 4650 3001 4723 major
3025 4651 3356 4723 Theodosius
3385 4646 3649 4709 consuluit
3674 4657 3840 4723 Impe-

2259 4725 2407 4793 rator
2453 4732 2471 4793 ἶ
2521 4719 2750 4793 habebat
2795 4721 2990 4789 quippe
3036 4721 3198 4774 etiam
3249 4723 3603 4790 prophetiam.
3653 4719 3835 4793 Neque

2259 4792 2402 4841 enim
2431 4788 2668 4856 singulos
2700 4790 2905 4856 singula
2929 4788 3211 4845 munerum
3245 4788 3496 4856 istorum,
3529 4793 3621 4847 sed
3666 4788 3825 4851 etiam

571 4840 795 4932 ’2’"???
825 4840 1894 4932 ἐεὲξνὲίῗξιῗῖῗξξῖηέπῙ¹Ῐὲἷῖ¹ἒ92ἷ¹ῗῗ³³⁵ιῖῗθ,⁵,·
1930 4843 2153 4932 {vo‘i‘f’}

2262 4840 2409 4932 plura
2441 4840 2602 4932 unam
2635 4840 2840 4932 habere
2861 4875 3038 4927 posse.
3064 4878 3167 4914 non
3197 4865 3428 4931 ambigo.
3452 4840 3686 4919 Jhannes
3710 4881 3835 4932 ergo

568 4926 681 4962 mus
713 4910 959 4986 hicnapud
972 4909 1280 4986 _Scr_i_ptores
1302 4909 1705 4986 Ecclesiasticos.
1735 4911 1808 4986 De
1832 4929 1890 4966 eo
1915 4913 2156 4986 Augusti-

568 4995 663 5032 nus
697 4980 760 5050 de
788 4978 935 5050 Civil.
961 4977 1058 5050 Dei
1081 4977 1208 5050 libro
1237 4979 1304 5034 V.
1330 4981 1493 5050 capite
1517 4982 1605 5035 ‘26.
1631 4983 1905 5035 Cassianus
1933 4977 2019 5037 lib'.
2047 4985 2070 5037 Ι
2092 4987 2152 5040 γ.

570 5065 685 5115 cap.
716 5049 808 5119 Ξξ).
833 5049 1009 5119 lnslit.
1039 5059 1086 5102 et
1112 5047 1299 5103 Collal.
1324 5047 1409 5104 ΙΙ.
1434 5067 1550 5119 cap.
1574 5050 1627 5104 9.
1653 5062 1698 5105 et
1730 5051 1914 5107 Collat.
1938 5054 2152 5111 XXIV.

569 5135 684 5184 cap.
712 5117 806 5171 26.
841 5118 1123 5174 Eucherius
1149 5121 1212 5175 tle
1237 5121 1389 5174 laude
1420 5117 1604 5189 eremi,
1637 5123 1882 5178 Sidonius
1918 5124 2154 5182 Carmine

570 5188 653 5240 lii.
679 5198 727 5240 et
759 5187 850 5240 alii
877 5190 1028 5240 varii.

642 5227 653 5239 ι
679 5204 727 5241 ει
759 5204 850 5240 am
877 5204 1028 5241 vam.

639 5256 833 5312 Frater
863 5257 1212 5313 Theodoricus
1245 5259 1411 5316 Loher
1437 5262 1770 5318 Cartusianus
1815 5264 1870 5317 in
1912 5281 2004 5318 sua
2043 5268 2151 5321 edi-

567 5327 701 5379 l’one
734 5328 1023 5383 Coloniensi
1055 5329 1289 5383 Vilarum
1317 5331 1532 5386 Patrum
1557 5335 1798 5388 adscribit
1824 5334 1958 5388 hunc
1985 5337 2151 5391 Joan-

567 5411 681 5473 nem
715 5414 779 5473 ea:
803 5399 1144 5473 Martyrolog.
1167 5412 1221 5454 ut
1250 5404 1502 5470 existimo,
1524 5405 1612 5458 28.
1640 5407 1850 5473 Aprilis,
1878 5408 1964 5460 sed
1994 5407 2062 5460 ibi
2090 5411 2151 5462 de

564 5466 671 5544 alio
701 5467 912 5544 Joanne?
933 5466 1126 5544 Abbate
1153 5474 1337 5542 agitur,
1363 5476 1449 5544 qui
1476 5466 1564 5528 sub
1596 5466 1764 5528 Leone
1794 5466 2026 5530 Isaurico
2058 5494 2149 5541 pro

565 5537 710 5614 cultu
746 5537 1038 5614 Imaginum
1065 5537 1356 5614 decertavit,
1375 5537 1463 5598 hic
1491 5561 1602 5598 vero
1634 5555 1857 5614 tempore
1877 5537 2150 5600 Theodosii

567 5608 921 5684 {nihlttpat'et
942 5613 1023 5665 hic
1039 5613 1184 5684 initio
1209 5623 1256 5684 et
1271 5615 1371 5684 ﬁne
1388 5616 1541 5684 hujus
1566 5608 1765 5678 capitis.
1786 5616 2143 5671 Ruswmuos.

636 5676 662 5714 δ
697 5676 966 5755 Tribunus
1003 5676 1359 5755 quidam.]'D.
1393 5676 1706 5755 Augustiuus
1745 5686 1879 5738 libro
1921 5687 1982 5736 de
2024 5703 2148 5739 cura

568 5762 659 5829 pro
709 5753 924 5805 mortuis
963 5754 1183 5823 agenda,
1211 5770 1325 5824 cap.
1361 5755 1444 5810 16.
1477 5753 1704 5824 disputat
1744 5755 1806 5808 de
1844 5756 2015 5822 modo,
2047 5775 2146 5827 quo

2261 4926 2361 4999 iste
2392 4929 2600 4982 cuidam
2635 4931 2842 4982 mulieri
2864 4926 3315 4998 religiosissimus,
3344 4926 3688 4999 impatienter
3716 4926 3834 4990 cuum

2257 4998 2442 5053 videre
2470 5001 2738 5072 cupienti,
2770 5008 2929 5066 atque
2961 5010 3017 5051 ut
3051 4998 3490 5069 boc'impetraret
3510 5048 3524 5071 ,
3555 5020 3651 5072 per
3679 5008 3835 5059 mari-

2260 5077 2371 5145 tum
2404 5084 2555 5145 suum
2586 5070 2931 5123 vehementer
2963 5072 3204 5145 instanti,
3224 5087 3356 5145 cum
3376 5070 3682 5145 illeuollet,
3707 5091 3834 5145 quo-

2258 5141 2398 5213 niam
2431 5140 2480 5193 id
2521 5141 3156 5213 numquampermiserat
3185 5142 3413 5208 feminis,
3445 5144 3609 5210 Vade,
3641 5140 3832 5213 inquit,

2256 5210 2341 5263 dic
2384 5212 2530 5268 uxori
2581 5219 2704 5270 tum,
2746 5211 2947 5263 videbit
2995 5225 3082 5264 me
3131 5221 3288 5266 nocte
3331 5215 3592 5280 proxima,
3637 5210 3730 5270 sed
3782 5216 3832 5268 iu

2217 5305 2219 5307 ι
2253 5280 2477 5353 somnis.
2514 5280 2817 5353 Et_factum
2866 5288 2969 5333 est.
3017 5280 3323 5353 Monuitque
3366 5283 3534 5350 illam,
3576 5286 3832 5353 quidquid

2256 5350 2465 5403 fidelem
2491 5350 2825 5416 coniugatam
2859 5351 3062 5420 moneri
3093 5355 3393 5420 Oportebat.
3420 5354 3550 5418 Qua:
3577 5350 3698 5408 cum
3726 5350 3834 5410 ert-

2255 5420 2492 5487 gilassct,
2537 5424 2692 5470 talem
2741 5433 2800 5472 se
2843 5419 3038 5473 vidisse
3090 5422 3354 5476 hominem
3405 5423 3497 5477 Dei
3549 5425 3664 5479 viro
3713 5441 3825 5489 suo,

2255 5490 2466 5554 qualem
2498 5489 2585 5560 ille
2612 5504 2731 5560 eum
2763 5499 3005 5560 noverat,
3027 5499 3081 5544 ct
3109 5491 3234 5559 quid
3263 5493 3330 5546 ab
3361 5493 3451 5546 illo
3482 5495 3727 5560 audierit,
3755 5498 3832 5547 in—

2256 5561 2466 5634 dicavit.
2492 5559 2722 5634 Qui___lioc
2755 5559 3238 5634 ab‘eisco‘mperit,
3265 5564 3444 5634 retulit
3467 5565 3594 5616 mihi
3623 5559 3833 5634 virgra-

2252 5628 2334 5679 vis
2379 5637 2432 5680 et
2474 5631 2772 5705 nobilis,__et
2802 5630 3155 5705 dignissimus
3198 5632 3367 5705 credi.
3404 5632 3530 5705 lfide
3563 5628 3830 5705 Thyniam

2252 5707 2483 5757 nostrum
2506 5700 2569 5753 de
2597 5701 2747 5753 rariis
2778 5700 3170 5771 Apparitionum
3198 5704 3385 5757 modis.
3412 5700 3760 5768 Boswevpus.
