4078 6346
302 360 405 417 393

1513 359 1832 417 HISTORIA
1872 361 2372 420 MONACHORUM.

3477 361 3581 417 394

301 475 417 534 lieri
449 493 460 528 :
495 474 679 542 Fides,
706 475 898 546 inquit,
924 485 1010 530 tua
1043 489 1228 544 magna
1260 482 1364 541 est,
1389 489 1422 529 o
1451 476 1665 542 mulier,
1693 483 1748 529 et
1772 475 1895 529 ideo
1922 479 1972 535 Α
2005 486 2057 529 nt
2082 491 2199 531 eam
2232 477 2544 547 perduceret
2567 477 2631 532 ad
2656 476 2931 533 hominem
2953 476 3070 532 Dei.
3100 475 3199 532 Cui
3222 491 3582 546 cumrespon-

303 568 420 624 veni
449 567 726 622 desiderio
758 577 850 622 tuo
878 568 1188 623 satisfacere
1214 585 1225 619 :
1254 579 1303 622 te
1335 578 1508 622 tamen
1541 583 1754 628 moneo,
1781 583 1888 622 non

298 668 356 713 ut
383 657 575 713 faciem
617 658 957 727 corporalem
1002 674 1282 714 servorum
1325 658 1420 714 Dei
1465 660 1761 725 desideres,
1792 660 1886 715 sed

298 760 356 805 ut
384 760 532 821 gesta
562 759 618 804 et
647 759 801 806 actus
829 766 925 820 per
953 751 1198 820 Spiritum
1230 751 1624 820 contempleris.
1657 751 1888 821 Spiritus

299 843 441 898 enim
473 853 554 899 est
583 844 674 913 qni
708 844 962 910 viviﬁcat,
995 860 1117 899 nam
1160 859 1286 899 caro
1325 860 1430 900 non
1473 846 1689 913 prodest
1728 846 1887 916 quid-

297 952 455 1006 quam
498 935 683 1006 (Joan.
717 936 819 1007 6.).
853 937 966 1006 Ego
1007 945 1187 992 autem
1233 952 1338 992 non
1378 938 1527 1005 quasi
1567 937 1769 1008 justus,
1798 945 1890 993 aut

300 1029 583 1098 propheta,
608 1038 664 1084 ut
691 1039 868 1098 putas,
892 1028 988 1084 sed
1020 1043 1118 1098 pro
1145 1027 1252 1085 ﬁde
1277 1037 1455 1086 vestra
1486 1029 1761 1086 intercessi
1793 1046 1888 1098 pro

301 1123 454 1179 vobis
481 1120 623 1190 apud
658 1121 1037 1184 Dominum,et
1059 1121 1330 1176 concessit
1358 1120 1452 1175 tibi
1477 1121 1715 1176 omnium
1745 1137 1888 1175 mor-

299 1214 488 1268 borum
520 1215 680 1282 (quos
710 1213 764 1266 in
794 1225 1022 1282 corpore
1049 1220 1142 1267 tuo
1170 1211 1391 1282 pateris)
1426 1213 1732 1268 sanitatem.
1764 1212 1887 1268 Eris

297 1321 426 1376 ergo
462 1322 529 1361 ex
575 1305 678 1362 hoc
722 1320 850 1361 sana
896 1315 951 1361 et
996 1315 1076 1372 tu,
1104 1314 1159 1362 et
1186 1306 1266 1362 vir
1293 1316 1434 1371 tuus,
1459 1315 1513 1361 et
1543 1307 1888 1363 benedicetur

300 1398 477 1454 omnis
503 1397 698 1453 domus
729 1406 926 1454 vestra.
952 1398 1057 1453 Sed
1088 1407 1144 1454 et
1168 1413 1263 1453 vos
1289 1413 1555 1454 memores
1584 1408 1757 1454 estote
1789 1400 1885 1456 be-

300 1488 472 1544 neﬁcii
508 1502 537 1542 a
570 1487 682 1543 Deo
708 1488 858 1543 vobis
893 1488 1104 1556 collati,
1134 1497 1190 1544 et
1216 1490 1400 1546 timete
1431 1491 1710 1546 Dominum
1742 1508 1884 1548 sem-

297 1596 412 1651 per,
434 1595 533 1635 nec
558 1579 786 1650 amplius
806 1593 969 1648 quam
997 1580 1274 1650 stipendiis
1301 1582 1493 1638 vestris
1514 1583 1760 1647 debetur,
1785 1584 1884 1639 ali-

299 1671 422 1742 quid
464 1671 770 1741 requiratis.
799 1668 1047 1726 Sufﬁciat
1078 1686 1206 1742 ergo
1236 1671 1330 1726 tibi
1361 1673 1490 1738 boc,
1519 1675 1661 1744 quod
1706 1673 1881 1730 vidisti

297 1779 382 1820 me
424 1763 478 1816 in
522 1762 754 1830 somnis,
788 1770 844 1817 ct
879 1761 1108 1832 amplius
1153 1777 1260 1819 non
1310 1766 1572 1834 requiras.
1609 1766 1882 1837 Evigilans

1993 566 2143 622 deret
2170 570 2248 621 vir
2279 583 2431 634 suus,
2465 584 2570 634 non
2599 568 2647 624 ei
2678 582 2800 625 esse
2847 569 3015 622 moris
3044 567 3259 623 videndi
3302 567 3580 635 mulieres,

1992 667 2144 726 rogat
2173 669 2230 713 ut
2263 659 2524 715 indicaret
2561 659 2610 716 ei
2644 661 3013 716 tantummodo
3045 660 3428 716 imbecillitatis
3466 676 3581 718 sua:

1991 763 2258 816 caussam,
2289 759 2344 806 et
2370 751 2748 821 deprecaretur
2796 762 2853 808 ut
2893 753 3194 810 orationem
3238 754 3439 808 faceret
3481 769 3582 824 pro

1993 851 2072 891 se.
2104 839 2344 909 Cumque
2369 841 2695 912 legationem
2728 844 3041 912 pertulisset
3066 844 3134 899 ad
3166 859 3292 900 eum
3325 846 3406 900 vir
3438 846 3576 914 ejus,

1992 946 2152 986 orans
2184 945 2237 987 et
2267 935 2590 990 benedicens
2636 937 2833 1001 oleum,
2877 938 3040 992 mittit
3071 936 3138 992 ad
3181 952 3324 993 eam.
3357 939 3441 992 Ex
3471 954 3582 1006 quo

1994 1037 2089 1092 per
2119 1024 2354 1080 triduum
2393 1027 2708 1096 contingens
2733 1028 2918 1084 oculos
2947 1043 3094 1093 suos,
3125 1029 3298 1084 visum
3341 1027 3574 1098 recepit,

1992 1128 2046 1172 et
2078 1117 2188 1173 Deo
2212 1119 2412 1188 gratias
2441 1121 2571 1189 egit.
2614 1121 2721 1177 Sed
2771 1123 2936 1178 multa
2967 1133 3094 1178 sunt
3131 1123 3248 1193 ejus
3277 1130 3429 1193 gesta
3460 1139 3582 1192 qua:

1992 1223 2248 1264 enarrare
2277 1209 2492 1280 longum
2518 1219 2617 1267 est.
2662 1212 2813 1268 Unde
2840 1214 3054 1269 omissis
3082 1214 3164 1269 his
3209 1215 3426 1270 interim
3458 1230 3579 1284 quze

1989 1301 2178 1355 auditu
2215 1302 2600 1372 comperimus,
2635 1303 2702 1360 ad
2724 1319 2786 1360 ea
2817 1320 2937 1375 quae
2966 1306 3136 1361 oculis
3168 1307 3365 1361 nostris
3397 1308 3576 1376 inspe-

1993 1394 2185 1455 ximus,
2222 1394 2514 1447 veniamus.

2066 1484 2080 1515 ¹
2117 1483 2334 1553 Septem
2383 1484 2580 1540 fuimus
2631 1485 2790 1541 simul
2837 1489 3158 1545 comitantes
3193 1489 3428 1559 (Pallad.
3461 1504 3576 1558 cap.

1989 1575 2142 1645 43.),
2175 1577 2266 1646 qui
2311 1576 2378 1632 ad
2423 1593 2546 1632 eum
2595 1580 2877 1633 venimus:
2916 1595 3147 1648 cumque
3189 1582 3580 1638 salutassemus

1993 1683 2142 1734 eum,
2174 1669 2430 1738 omnique
2461 1685 2560 1724 nos
2611 1671 2792 1725 laetitia
2837 1672 3184 1740 suscepisset,
3219 1688 3578 1742 unumquem-

1989 1777 2093 1832 que
2121 1773 2364 1817 nostrum
2394 1764 2632 1833 gratiﬁce
2659 1763 2972 1835 alloquitur,
2999 1774 3056 1821 et
3077 1775 3292 1836 rogatus
3317 1776 3402 1821 est
3425 1782 3454 1820 a
3478 1781 3580 1822 no-

297 1865 475 1911 autem
509 1854 734 1922 mulier,
767 1853 1022 1908 indicavit
1049 1855 1164 1910 viro
1196 1870 1295 1910 suo
1324 1872 1441 1926 quae
1472 1857 1631 1923 vidit,
1659 1874 1886 1929 qumque
1920 1861 1962 1919 Β
1992 1855 2093 1920 bis,
2126 1863 2186 1909 ut
2215 1856 2513 1910 orationem
2547 1856 2704 1910 simul
2743 1867 2797 1911 et
2828 1856 3260 1912 benedictionem
3291 1857 3442 1912 dare:
3468 1857 3580 1927 (hic

297 1949 552 2017 audierit,
581 1951 676 2006 sed
705 1959 759 2005 et
787 1949 1027 2005 habitum
1059 1947 1163 2004 viri
1192 1959 1244 2004 et
1268 1950 1495 2018 vultum,
1518 1961 1679 2021 atque
1707 1951 1886 2006 omnia

303 2040 451 2111 signa
486 2041 602 2112 ejus
630 2044 898 2109 exposuit.
928 2043 1099 2112 Super
1130 2057 1235 2111 quo
1265 2042 1490 2098 miratus
1518 2043 1598 2098 vir
1624 2042 1771 2112 ejus,
1803 2060 1889 2099 re-

295 2130 508 2206 gressus
538 2134 604 2188 ad
637 2135 909 2190 hominem
940 2134 1067 2201 Dei,
1094 2135 1297 2204 gratias
1339 2135 1505 2191 refert
1535 2135 1678 2202 Deo;
1709 2145 1762 2194 et
1792 2151 1883 2192 ac-

296 2237 448 2298 cepta
476 2227 545 2282 ab
574 2241 639 2282 eo
667 2227 1063 2293 benedictione,
1088 2229 1322 2297 perrexit
1352 2230 1402 2284 in
1437 2243 1586 2298 pace.

367 2319 488 2375 Alio
515 2333 728 2390 quoque
757 2329 996 2389 tempore
1021 2318 1259 2390 (Pallad.
1283 2335 1401 2388 cap.
1425 2320 1539 2388 43.)
1568 2323 1886 2390 praepositus

297 2410 510 2481 quidam
538 2411 767 2466 militum
790 2410 936 2466 venit
959 2411 1026 2465 ad
1053 2427 1198 2476 eum,
1219 2412 1371 2481 cujus
1401 2428 1535 2467 uxor
1559 2415 1798 2483 gravida,
1821 2415 1887 2470 ab

297 2517 363 2558 eo
392 2503 580 2559 relicta
625 2513 709 2558 est
749 2505 802 2558 in
843 2503 1006 2559 domu
1034 2519 1153 2561 sua.
1183 2508 1252 2560 At
1279 2506 1368 2561 illa
1399 2507 1514 2576 ipsa
1543 2507 1630 2563 die
1660 2523 1765 2578 qua
1796 2509 1885 2563 ille

296 2594 363 2650 ad
392 2595 609 2651 beatum
640 2595 901 2652 Joannem
934 2607 1174 2660 venerat,
1204 2608 1416 2666 partum
1447 2599 1634 2664 edens,
1665 2600 1882 2670 pericli-

298 2687 532 2742 tabatur.
561 2687 711 2742 Tunc
739 2697 954 2743 sanctus
991 2687 1151 2743 homo
1183 2689 1275 2746 Dei
1325 2708 1339 2745 :
1381 2691 1438 2746 Si
1470 2691 1658 2757 scires,
1689 2693 1884 2763 inquit,

298 2775 496 2831 donum
537 2778 666 2843 Dei,
698 2779 822 2849 quia
854 2779 948 2834 tibi
988 2778 1150 2836 hodie
1195 2790 1352 2837 natus
1383 2791 1466 2838 est
1493 2782 1663 2852 ﬁlius,
1696 2801 1887 2858 ageres

298 2867 526 2925 Domino
545 2870 766 2940 gratias.
779 2870 882 2928 Sed
912 2874 1048 2929 scito
1073 2884 1298 2930 matrem
1325 2877 1474 2944 pueri
1499 2877 1882 2949 periclitatam;

299 2961 471 3016 aderit
502 2972 681 3018 tamen
711 2964 1002 3031 Dominus,
1031 2972 1088 3021 et
1117 2964 1365 3022 invenies
1385 2981 1503 3022 eam
1533 2984 1719 3024 sanam
1762 2987 1774 3022 :
1807 2969 1887 3026 fe-

298 3054 433 3107 stina
460 3068 613 3124 ergo,
637 3064 692 3109 et
721 3056 854 3121 redi,
877 3066 933 3112 et
961 3057 1200 3114 invenies
1238 3059 1393 3130 123
1423 3075 1648 3128 puerum
1677 3072 1884 3132 septem

299 3144 526 3209 dierum,
551 3153 607 3200 et
631 3146 846 3202 vocabis
875 3162 1070 3205 nomen
1099 3148 1216 3219 ejus
1243 3149 1504 3207 Joannem
1530 3170 1544 3206 :
1575 3153 1658 3207 hic
1686 3155 1887 3210 nutria-

1991 1949 2136 2002 enim
2183 1964 2299 2002 mos
2345 1958 2431 2002 est
2469 1949 2610 2018 apud
2659 1948 2974 2018 A‘ngptum,
3021 1960 3078 2004 ut
3121 1951 3209 2004 ubi
3258 1951 3578 2006 advenerim

1991 2038 2207 2105 fratres,
2237 2039 2417 2093 statim
2453 2054 2548 2108 per
2576 2040 2878 2095 orationem
2904 2040 3006 2094 sibi
3040 2041 3267 2097 invicem
3299 2040 3576 2096 confmde-

1989 2130 2220 2198 rentur).
2267 2130 2632 2200 intermgabat
2674 2146 2823 2202 ergo,
2870 2133 2914 2186 si
2959 2133 3081 2201 quis
3133 2131 3186 2186 in
3233 2132 3387 2187 nobis
3435 2142 3578 2187 esset

1989 2219 2254 2274 clericus?
2283 2221 2348 2274 Et
2373 2231 2433 2274 ut
2455 2235 2642 2276 omnes
2666 2223 2999 2292 negavimus,
3038 2223 3336 2292 respiciens
3367 2223 3432 2276 ad
3465 2224 3578 2276 sin-

1990 2313 2168 2380 gulos,
2203 2311 2468 2367 intellexit
2497 2328 2622 2369 esse
2653 2314 2794 2370 inter
2817 2330 2915 2368 nos
2947 2315 3266 2386 quemdim,
3299 2317 3386 2386 qui
3419 2315 3576 2384 hujus

1989 2413 2107 2458 erat
2135 2403 2342 2458 ordinis
2364 2406 2407 2471 ⁷⁸,
2440 2406 2538 2461 sed
2590 2407 2755 2461 latere
2788 2407 2945 2479 124
2972 2408 3252 2477 cupiebat;
3283 2418 3400 2463 erat
3427 2409 3570 2464 enim

1988 2495 2248 2551 diaconus
2281 2506 2374 2553 :el
2420 2498 2523 2553 hoc
2567 2510 2764 2567 praeter
2801 2515 2963 2554 unum
3010 2501 3184 2554 solum
3223 2501 3312 2570 qui
3360 2503 3410 2556 ei
3441 2501 3575 2556 ﬁdus

1989 2604 2126 2656 erat,
2157 2593 2316 2647 etiam
2346 2593 2446 2662 ipsi
2477 2593 2688 2650 itineris
2719 2595 2947 2650 comites
2979 2594 3316 2664 ignorabant.
3352 2595 3576 2650 \‘isurus

1990 2686 2134 2740 enim
2191 2685 2325 2740 tales
2356 2700 2420 2740 ac
2463 2695 2641 2740 tantos
2670 2687 2814 2740 viros
2847 2687 3162 2742 humilitatis
3196 2689 3367 2756 gratia
3398 2688 3578 2744 celare

1987 2777 2159 2832 voluit
2186 2777 2383 2848 gradus
2427 2778 2510 2832 sui
2555 2777 2838 2843 honorem,
2883 2790 2938 2834 ut
2983 2779 3204 2834 inferior
3249 2779 3577 2835 inveniretur

1990 2872 2042 2926 in
2074 2871 2266 2927 ordine
2295 2871 2400 2936 his,
2432 2871 2626 2942 quibus
2671 2887 2730 2926 se
2766 2871 3074 2926 inferiorem
3105 2887 3226 2927 esse
3257 2873 3464 2929 meritis
3489 2872 3577 2942 ju-

1989 2962 2222 3018 dicabat.
2258 2962 2490 3018 Sanctus
2520 2979 2646 3034 ergo
2684 2962 2918 3019 Joannes
2947 2973 3004 3017 ut
3029 2979 3151 3019 eum
3179 2963 3344 3030 vidit,
3377 2972 3431 3020 et
3454 2964 3577 3036 qui-

1990 3054 2115 3110 dem
2143 3071 2263 3110 cum
2309 3063 2453 3110 esset
2495 3055 2892 3110 adolescentior
2922 3056 3120 3111 ceteris
3145 3096 3160 3121 ,
3193 3057 3358 3126 digito
3389 3066 3578 3112 osten-

1994 3148 2128 3204 dens
2169 3163 2294 3204 eum
2321 3167 2332 3201 :
2357 3147 2475 3214 Hic,
2505 3149 2710 3219 inquit,
2735 3148 2994 3206 diaconus
3021 3159 3124 3204 est.
3159 3149 3224 3204 Et
3251 3163 3373 3204 cum
3403 3149 3579 3203 adhuc

300 3246 386 3291 tur
417 3236 472 3290 in
502 3235 662 3292 domo
693 3247 781 3292 tua
821 3238 1025 3309 absque
1059 3240 1167 3296 ulla
1207 3245 1659 3299 contaminationc
1689 3246 1887 3301 Gentili
1917 3240 1964 3303 C
1996 3256 2194 3310 negare
2222 3249 2472 3308 tentaret,
2503 3242 2920 3312 apprehendens
2949 3258 3072 3298 eunt
3104 3257 3263 3296 manu
3294 3257 3390 3295 sua
3417 3255 3576 3296 oscu-

299 3336 510 3394 septem
543 3328 726 3396 annis;
756 3330 951 3400 quibus
983 3333 1247 3402 peractis,
1273 3333 1424 3390 trade
1452 3349 1574 3391 eum
1609 3339 1886 3396 monachis

302 3416 658 3473 erudiendum
684 3422 881 3477 sanctis
909 3432 963 3478 et
988 3423 1292 3480 caelestibus
1317 3425 1630 3497 disciplinis.

391 3508 572 3564 Multis
610 3522 866 3581 praaterea
901 3514 968 3570 ad
1009 3530 1070 3571 se
1108 3515 1444 3573 venientibus
1484 3518 1720 3586 (Pallad.
1765 3537 1882 3591 cap.

302 3603 445 3675 43.),
493 3604 608 3660 sive
649 3607 1086 3678 provincialibus,
1125 3611 1238 3667 sive
1274 3613 1569 3682 peregrinis
1596 3657 1610 3682 ,
1644 3630 1767 3669 cum
1799 3631 1887 3672 res

303 3695 630 3762 poposcisset
657 3737 674 3763 ,
704 3698 911 3753 occulta
951 3701 1129 3757 cordis
1167 3717 1352 3760 eorum
1395 3705 1695 3772 indicabat,
1748 3717 1804 3763 et
1841 3708 1889 3765 si

303 3785 427 3854 quid
470 3785 610 3842 forte
639 3789 841 3856 peccati
886 3789 954 3844 ab
992 3790 1075 3846 eis
1109 3792 1162 3846 in
1209 3795 1421 3849 occulto
1452 3794 1640 3851 fuisset
1688 3795 1886 3854 admis-

302 3891 441 3942 sum,
486 3879 747 3935 secretius
795 3881 1092 3948 corripiens
1135 3885 1410 3954 arguebat,
1440 3897 1496 3943 et
1522 3887 1589 3942 ad
1636 3889 1888 3945 emenda-

303 3967 502 4023 tionem
577 3982 640 4024 ac
697 3970 1064 4039 paenitentiam
1118 3977 1463 4043 provocabat.
1526 3979 1632 4033 Nili
1675 3996 1889 4050 quoque

307 4059 540 4117 fluminis
579 4062 693 4118 sive
730 4062 1110 4118 abundantiam
1138 4081 1432 4136 aquarum,
1465 4071 1579 4124 sive
1610 4072 1888 4140 penuriam

303 4155 534 4208 futuram
585 4168 707 4210 esse
753 4155 1079 4225 praedicebat
1126 4157 1232 4231 [Αἰ.
1267 4161 1634 4235 prtedicabat].
1689 4164 1796 4221 Sed
1835 4178 1890 4222 et

304 4246 346 4301 si
381 4246 520 4304 forte
549 4263 614 4303 ex
645 4248 849 4305 oﬁ‘cnsa
891 4249 1168 4308 hominum
1214 4252 1367 4323 plaga
1401 4255 1576 4323 aliqua
1619 4264 1676 4311 et
1705 4272 1890 4314 corre-

304 4339 414 4407 ptio
462 4353 494 4394 a
561 4338 675 4396 Deo
736 4339 1087 4409 immineret,
1161 4343 1410 4399 similiter
1469 4347 1883 4414 pratmonebat,

303 4439 356 4484 et
396 4431 443 4484 si
497 4429 623 4500 quid
671 4445 881 4487 caussae
931 4420 1098 4498 eSset,
1145 4448 1243 4503 pro
1297 4450 1400 4504 qua
1454 4435 1888 4495 introduceretur

304 4520 608 4590 castigatio,
657 4522 993 4594 designabat.
1049 4524 1319 4580 Sanitates
1368 4542 1580 4596 quoque
1629 4538 1685 4583 et
1731 4543 1888 4584 curas

1988 3333 2145 3398 latur,
2177 3343 2234 3390 et
2278 3334 2453 3389 dixit:
2481 3334 2638 3402 Noli,
2686 3336 2792 3405 ﬁli,
2827 3351 3028 3407 negare
3067 3335 3294 3406 gratiam
3345 3335 3472 3401 Dei,
3509 3355 3578 3394 ne

1989 3427 2234 3482 incurras
2280 3441 2375 3494 pro
2421 3426 2562 3482 bono
2608 3428 2827 3496 malum,
2875 3444 2971 3497 pro
3013 3427 3311 3484 humilitate
3355 3429 3577 3485 menda-

1988 3518 2152 3572 cium.
2177 3517 2485 3572 Cavendum
2511 3533 2742 3588 namque
2762 3527 2845 3576 est
2866 3519 3189 3576 omnimodis
3213 3521 3576 3588 mendacium,

1989 3610 2102 3666 sive
2129 3623 2226 3680 pro
2250 3611 2414 3676 malo,
2439 3612 2554 3667 sive
2577 3611 2738 3667 etiam
2767 3626 2863 3682 pro
2891 3612 3033 3667 bono
3059 3612 3287 3682 proferri
3312 3613 3576 3681 videatur;

1989 3703 2113 3770 quia
2135 3717 2296 3758 omne
2324 3703 2667 3758 mendacium
2696 3718 2802 3757 non
2831 3713 2914 3759 est
2937 3719 2968 3758 a
3001 3705 3131 3778 Deo,
3173 3705 3269 3760 sed
3300 3705 3437 3762 sicut
3461 3704 3578 3761 Sal-

1991 3803 2147 3849 vator
2173 3795 2324 3862 dicit,
2357 3811 2386 3848 a
2424 3794 2568 3849 malo
2599 3803 2683 3849 est
2724 3794 2938 3865 (Matth.
2973 3797 3038 3862 5;
3069 3794 3229 3850 Joan.
3261 3795 3364 3867 8.).
3393 3797 3462 3850 At
3493 3795 3579 3851 ille

1992 3888 2074 3942 his
2103 3888 2299 3943 auditis
2331 3889 2628 3958 acquievit,
2655 3888 3016 3958 blandamque
3043 3889 3159 3958 ejus
3181 3887 3578 3959 correptionem

1991 3980 2369 4051 aequanimiter
2410 3982 2531 4036 tulit
2559 3999 2571 4036 :
2597 3993 2651 4038 et
2685 3996 2806 4038 cum
2839 3984 3137 4038 orationem
3171 3983 3395 4038 Domino
3427 3983 3578 4037 obtu-

1994 4076 2268 4140 lissemus,
2291 4084 2410 4142 post
2440 4075 2600 4130 ﬁnem
2633 4089 2770 4129 unus
2799 4089 2866 4128 ex
2910 4074 3166 4128 fratribus
3196 4073 3395 4128 nostris
3419 4080 3444 4109 ι
3475 4081 3577 4128 ter-

1995 4165 2139 4219 tiano
2166 4175 2294 4234 typo
2324 4164 2638 4234 gravissime
2673 4165 2991 4230 vexabatur,
3042 4174 3097 4219 et
3142 4165 3364 4234 rogabat
3405 4163 3576 4218 homi-

1993 4272 2115 4311 nem
2149 4256 2240 4310 Dci
2261 4298 2276 4323 ,
2301 4265 2358 4309 ut
2387 4256 2454 4311 ab
2479 4270 2546 4310 eo
2575 4265 2883 4320 curaretur;
2916 4257 3006 4325 qui
3043 4257 3118 4310 ait
3143 4255 3211 4310 ad
3243 4271 3364 4310 eum
3395 4273 3406 4307 :
3441 4255 3576 4310 Rem

1995 4347 2088 4402 tibi
2119 4348 2484 4402 necessariam
2514 4347 2666 4415 cupis
2693 4345 2963 4414 abjicere;
3000 4356 3060 4401 ut
3086 4346 3228 4401 enim
3252 4360 3478 4416 corpora
3503 4347 3577 4401 ni-

1996 4448 2078 4494 tro
2109 4439 2193 4494 vel
2217 4438 2339 4492 aliis
2365 4437 2672 4507 bujusmodi
2701 4436 3009 4492 lenimentis
3035 4436 3324 4492 abluuntur
3348 4451 3378 4489 a
3408 4437 3577 4492 sordi-

1993 4531 2092 4586 bus
2114 4548 2126 4584 :
2148 4530 2218 4583 ita
2245 4530 2436 4583 animae
2453 4528 2814 4598 languoribus,
2838 4527 3064 4598 aliisque
3087 4529 3388 4599 huiusmodi
3411 4528 3576 4584 casti-

305 4624 614 4680 corporum,
662 4613 734 4668 ita
763 4613 1181 4684 deposcentibus
1211 4616 1545 4684 conferebat,
1579 4627 1638 4673 ut
1671 4633 1886 4674 omnem
1915 4629 1966 4688 1)
1993 4621 2296 4692 gationibus
2323 4620 2691 4690 puriﬁcantur.
2729 4621 2798 4675 Et
2828 4629 3174 4694 posteaquam
3211 4621 3280 4679 de
3311 4622 3393 4676 bis
3424 4622 3577 4678 nobis

305 4717 367 4757 ex
401 4703 502 4758 hoc
524 4703 839 4774 jactantiam
868 4705 1097 4776 fugeret.
1132 4706 1249 4760 Non
1279 4708 1419 4762 enim
1444 4709 1787 4777 permittebat
1817 4711 1886 4766 ad

305 4807 363 4848 8e
388 4796 852 4852 incommodantes
865 4795 1049 4868 [Forte
1071 4796 1171 4870 leg.
1191 4798 1637 4871 incommodatos]
1661 4799 1886 4867 deferri,

305 4889 399 4943 sed
441 4888 765 4945 benedicens
805 4889 986 4944 oleum
1035 4889 1217 4955 dabat,
1246 4905 1310 4944 ex
1343 4905 1448 4955 quo
1473 4893 1739 4961 peruncti,
1770 4895 1888 4950 sani

306 4977 496 5035 ﬁerent
534 4996 563 5034 a
606 4996 940 5051 quacumque
970 4981 1280 5038 inﬁrmitate
1311 4993 1641 5040 tenerentur.

377 5069 658 5125 Senatoris
685 5071 964 5140 cujusdam
1013 5071 1254 5141 (Pallad.
1297 5089 1412 5143 cap.
1445 5073 1563 5144 45.)
1602 5076 1888 5145 aliquando

305 5175 440 5214 uxor
475 5172 743 5215 excaecata
783 5172 865 5217 est
907 5180 917 5214 :
949 5163 1063 5218 haec
1089 5163 1477 5233 deprecabatur
1506 5167 1676 5222 virum
1707 5183 1888 5237 suum,

375 5273 718 5354 {Tertiam
773 5284 899 5354 typo
940 5276 1259 5354 gravissime
1305 5279 1658 5354 vexabatur.)
1709 5281 1891 5354 Inepte

306 5344 922 5424 lioldasjusjiwreticus,
949 5344 1186 5424 tertiario
1215 5363 1440 5424 pyrepo,
1481 5344 1674 5424 divinat
1710 5344 1885 5424 legen-

305 5417 446 5491 dum.
476 5416 665 5491 Rarior
693 5416 897 5491 quidem
911 5432 1007 5471 v0.1:
1031 5427 1078 5471 et
1100 5416 1404 5491 signiﬁcatio
1428 5423 1556 5491 typi,
1588 5416 1892 5480 nolatdmen

307 5485 501 5541 Caleno
520 5528 537 5553 ,
567 5487 656 5554 qui
693 5487 878 5539 librum
909 5493 1029 5560 περὶ
1065 5485 1243 5544 eos.»
1272 5485 1509 5558 scripsit,
1553 5503 1600 5546 et
1637 5511 1742 5550 esse
1770 5497 1894 5549 dicit

306 5562 444 5623 τάξιν
469 5559 760 5617 ἐπιτάσιως
788 5561 870 5613 καὶ
895 5559 1124 5621 ἀνέίσεος,
1152 5560 1206 5611 id
1229 5568 1325 5622 est,
1354 5561 1595 5616 ordinem
1629 5568 1892 5621 extentio-

306 5632 389 5684 nis
417 5639 473 5684 et
521 5629 857 5683 remissionis
885 5626 936 5681 in
978 5629 1236 5684 febribus.
1281 5629 1459 5685 Oratio
1504 5635 1660 5686 estin
1698 5636 1892 5690 Sacra-

307 5701 558 5773 mcnlario
586 5697 649 5773 S_.
675 5696 1118 5773 G_regori_i__coat_ra
1147 5711 1328 5773 typum
1356 5703 1630 5773 tertianam
1658 5707 1735 5758 vel
1763 5723 1890 5773 quo-

307 5772 581 5842 tidianum.
614 5766 849 5842 Isidorus
879 5768 969 5824 lib.
1014 5769 1103 5842 ιν.
1127 5766 1252 5842 (cap.
1285 5771 1524 5842 7.70rig.
1555 5773 1725 5842 Typhi
1766 5766 1890 5832 sunt

307 5839 512 5911 frigida:
561 5839 779 5903 febres,
824 5854 944 5908 quae
988 5840 1213 5896 abusive
1257 5841 1404 5910 typbi
1456 5839 1791 5913 appellantur
1818 5848 1887 5905 ab

621 5932 903 6013 .Pa'raor"
951 5928 1128 5991 XXI.

1992 4715 2158 4770 multa
2212 4731 2304 4784 per
2349 4714 2646 4769 doctrinam
2695 4714 2976 4784 mysticam
3017 4714 3304 4782 disseruit,
3357 4714 3578 4770 benedi-

1993 4821 2121 4861 cens
2171 4815 2353 4860 tamen
2399 4806 2580 4859 oleum
2629 4805 2778 4861 dedit
2823 4806 2907 4872 ei,
2956 4821 3063 4876 quo
3103 4815 3392 4876 perunctus
3437 4822 3577 4878 mger

1993 4911 2211 4952 omnem
2237 4896 2492 4951 continuo
2517 4895 2896 4952 abundantiam
2927 4897 3072 4953 fellis
3100 4899 3338 4953 evomuit
3363 4941 3379 4966 ,
3409 4907 3464 4952 et
3493 4912 3577 4952 sa-

1995 4988 2249 5043 nissimus
2279 4988 2544 5054 redditus,
2579 4989 2804 5058 pedibus
2847 4990 2959 5046 suis
3002 4991 3070 5046 ad
3100 4991 3456 5047 diversorium
3491 5006 3577 5045 re-

1995 5078 2110 5133 diit.
2162 5078 2289 5133 Post
2336 5079 2451 5134 haec
2489 5081 2644 5150 jubet
2680 5081 2855 5137 ofﬁcia
2904 5096 3030 5152 erga
3082 5097 3183 5137 nos
3230 5080 3576 5136 humanitatis

1993 5177 2154 5240 atque
2179 5171 2559 5243 hospitalitatis
2583 5173 2822 5242 expleri,
2849 5181 2906 5229 et
2932 5174 3177 5243 corporis
3201 5187 3384 5227 curam
3420 5172 3533 5241 geri
3558 5188 3574 5222 :

1996 5288 2160 5345 herba
2192 5303 2310 5359 quae
2340 5289 2575 5343 nascitur
2602 5288 2654 5342 in
2687 5303 2844 5359 aqua.
2871 5288 2979 5346 Sed
3002 5289 3054 5342 in
3079 5305 3134 5343 re
3157 5287 3357 5340 modica
3377 5282 3574 5338 Galeno

1995 5358 2336 5434 potiorﬁdes.
2396 5358 2767 5434 _Rosvvavnu_s.
2879 5429 2892 5434 Α
3118 5429 3128 5434 Α
3207 5426 3241 5434 _
3283 5424 3313 5434 η
3370 5423 3403 5434 η
3523 5423 3536 5434 ,

2070 5432 2087 5462 ¹
2129 5423 2228 5483 Hic
2255 5431 2498 5498 quaedam
2541 5430 2612 5483 de
2656 5431 2835 5499 seipso
2879 5429 3158 5484 interserit
3207 5423 3475 5480 Palladius
3523 5423 3575 5477 in

1999 5498 2219 5555 historia
2248 5500 2505 5554 Lausiaca
2532 5515 2648 5568 qua:
2679 5498 2763 5553 hic
2790 5499 3006 5568 desunt.

2068 5573 2088 5602 ²
2130 5571 2248 5636 Ipse
2268 5571 2334 5642 de
2361 5584 2423 5642 se
2443 5564 2584 5638 loqui
2616 5569 2854 5642 videtur,
2881 5564 3412 5642 cujus_hmc_nomin‘e
3443 5566 3576 5642 scri-

1996 5649 2086 5722 pta
2129 5631 2274 5722 sunt,
2301 5639 2363 5722 S.
2415 5631 2696 5722 Petronius
2737 5631 3132 5722 βοςέςπιὶᾶξηειίξ.⁸
3162 5631 3576 5722 Gennadiusof

1994 5705 2086 5765 illo
2111 5728 2123 5763 :
2150 5709 2551 5773 Monachorum,
2583 5709 2678 5772 ait,
2709 5708 2894 5760 studiis
2923 5708 2985 5758 ab
3009 5705 3353 5762 adolescentia
3389 5705 3573 5756 θεοῖσίν

1993 5790 2152 5851 tatus,
2197 5780 2463 5851 scripsisse
2509 5786 2716 5848 putatur
2763 5775 2906 5830 Vitas
2948 5773 3169 5832 Patrum
3207 5775 3574 5830 Monachorum

1991 5850 2230 5919 Egnati.

3027 5936 3101 6000 13
