4166 6348
558 397 662 451 δῦὺ

1599 386 1825 443 llUFlNi
1869 382 2348 453 AQlIlLElENSlS
2388 379 2823 437 PRESBYTER!

3744 381 3847 439 596

560 519 613 565 et
638 509 751 579 ipse
781 518 911 563 vero
935 507 1013 562 sui
1048 505 1340 576 negligens,
1375 502 1541 557 nostri
1567 500 1829 556 sollicitus
1861 508 1996 554 erat.
2030 498 2147 553 Jam
2181 500 2225 555 A
2256 493 2581 563 abjecerint‘,
2613 492 2683 547 ita
2712 500 2878 562 agunt
2919 500 2971 546 et
3016 491 3087 547 ita
3128 494 3387 559 sentiunt,
3419 493 3572 564 quasi
3602 493 3845 551 eminen-

554 600 702 657 enim
733 598 986 655 continuo
1014 613 1112 653 usu
1145 608 1199 651 et
1240 595 1351 665 jugi
1382 592 1767 649 consuetudine
1795 591 2037 659 recipere
2062 592 2140 645 ci-

559 696 685 750 bum
718 692 819 748 nisi
850 692 901 746 iu
934 704 1153 760 vespera
1192 696 1418 757 poterat,
1452 694 1504 739 et
1544 684 1685 739 hunc
1712 683 1961 751 exiguum
1991 698 2003 735 :
2030 690 2145 736 erat

563 789 707 843 enim
740 793 1071 849 attenuatus,
1102 792 1155 838 et
1180 780 1315 836 aridi
1349 780 1610 847 corporis,
1646 792 1753 848 pra:
1776 776 2100 832 abstinentia
2127 792 2141 829 :

562 880 743 949 capilli
776 878 892 947 ejus
923 887 973 932 et
1006 875 1171 929 barba
1195 873 1344 943 quasi
1375 889 1440 927 ex
1472 872 1727 941 languore
1756 871 1922 925 nimio
1949 884 2067 925 rara
2091 877 2143 924 et

560 972 756 1033 tenuis,
784 977 966 1038 utpote
993 980 1151 1035 quam
1182 964 1357 1018 nullus
1381 962 1652 1018 sufficiens
1678 962 1829 1017 cibus
1858 960 2141 1025 enutriret,

559 1077 655 1117 nee
680 1060 854 1115 laetior
872 1058 1059 1128 aliquis
1085 1057 1274 1110 humor
1298 1055 1620 1111 infuntleret.
1642 1054 1974 1110 Observabat
2000 1054 2141 1109 enim

558 1153 717 1206 etiam
751 1161 895 1211 tunc,
927 1163 1047 1203 cum
1093 1148 1201 1215 jam
1250 1146 1688 1217 nonagenariam,
1722 1154 1777 1200 ut
1806 1161 1965 1215 supra
2006 1145 2143 1198 dixi-

556 1260 693 1306 mus,
730 1253 910 1313 ageret
940 1249 1177 1308 mtatem,
1216 1249 1270 1294 ιιι
1318 1240 1521 1294 nullum
1566 1256 1657 1309 per
1691 1242 1866 1310 ignem
1903 1249 2140 1307 paratum

555 1343 791 1389 sumeret
818 1334 1013 1388 cibum.
1054 1333 1223 1401 Igitur
1253 1340 1371 1402 post
1423 1332 1802 1401 hospitalitatis
1830 1331 2025 1395 officia,
2060 1348 2141 1384 re-

555 1439 771 1493 gressus
802 1424 1063 1477 adsedere
1095 1437 1191 1476 nos
1215 1424 1389 1491 jubet,
1421 1433 1473 1475 et
1501 1431 1624 1475 tunc
1647 1422 1864 1476 demum
1890 1421 2030 1474 unde
2057 1421 2143 1475 vel

557 1532 651 1571 cur
693 1515 1098 1577 adveneritnus,
1148 1515 1388 1583 inquirit,
1437 1529 1556 1566 cum
1596 1513 1705 1581 jam
1752 1528 1849 1567 nos
1889 1514 2061 1577 laetos,
2091 1520 2145 1565 et

557 1606 701 1661 omni
753 1620 874 1659 cum
921 1604 1114 1672 gaudio
1164 1604 1317 1675 125
1377 1614 1642 1671 tamquam
1694 1612 1846 1657 natos
1900 1601 2144 1671 proprios

557 1698 879 1767 suscepisset
908 1713 918 1746 :
947 1711 1177 1763 eumque
1213 1695 1673 1764 respondissemus
1703 1696 1845 1764 quod
1892 1696 1960 1750 de
1990 1693 2143 1749 Jero-

558 1790 781 1859 solymis
812 1787 878 1841 ad
910 1803 1031 1842 eum
1064 1788 1312 1842 utilitatis
1343 1792 1393 1841 et
1425 1787 1692 1856 profectus
1725 1786 1918 1840 animat
1944 1794 2140 1840 nostrm

2249 588 2414 642 tiores
2462 587 2571 641 sint
2620 586 2764 653 illis,
2815 585 3009 655 quibus
3061 584 3257 656 aliquid
3306 586 3485 658 largiti
3537 596 3684 643 sunt.
3728 587 3844 644 Alia

2248 691 2376 731 vero
2412 676 2571 748 126
2596 684 2683 731 est
2709 675 2984 745 iactantiae
3030 678 3262 745 species,
3289 692 3412 733 cum
3453 678 3574 747 quis
3599 678 3668 734 ad
3698 693 3847 735 sum-

2251 783 2391 821 mam
2421 768 2676 823 virtutem
2708 769 3053 837 perveniens,
3085 783 3193 823 non
3233 778 3403 825 totum
3432 769 3565 838 Deo,
3596 769 3695 826 sed
3736 771 3848 825 suis

2257 859 2528 913 laboribus
2560 874 2623 913 ac
2654 859 2850 914 studiis
2889 858 3151 929 deputat:
3177 870 3230 916 et
3259 861 3387 916 dum
3436 862 3505 916 ab
3536 860 3845 917 hominibus

2245 950 2473 1020 gloriam
2504 951 2715 1020 quaerit,
2751 951 2927 1022 perdit
2953 964 3070 1005 eam
3103 967 3222 1019 qute
3263 967 3293 1007 a
3340 954 3452 1009 Deo
3481 963 3585 1009 est.
3619 952 3846 1024 Propter

2246 1041 2407 1111 quod,
2434 1041 2601 1109 tilioli,
2625 1042 2771 1095 omni
2803 1055 2997 1110 genere
3029 1042 3297 1111 fugiamus
3337 1044 3612 1111 jactantite
3637 1045 3844 1109 vitium,

2249 1149 2315 1187 ne
2347 1134 2487 1188 forte
2514 1134 2852 1187 incurramus
2878 1134 3110 1202 lapsum,
3138 1150 3298 1204 quem
3325 1136 3571 1191 diabolus
3592 1137 3837 1193 incurrit.

2320 1225 2469 1280 Tunc
2510 1238 2771 1295 praeterea
2799 1225 2948 1280 cordi
2977 1236 3163 1281 nostro
3182 1237 3236 1282 et
3261 1229 3677 1298 cogitationibus
3705 1245 3844 1300 prte-

2253 1318 2408 1387 cipua
2431 1320 2734 1378 adhibenda
2755 1328 2837 1374 est
2860 1319 3156 1390 diligentia.
3181 1320 3589 1376 Observandum
3617 1336 3848 1391 namque

2248 1425 2351 1480 est,
2373 1431 2439 1470 ne
2466 1430 2568 1483 qua
2597 1414 2879 1485 cupiditas,
2907 1429 2973 1469 ne
2995 1431 3096 1484 qua
3121 1415 3369 1470 voluntas
3393 1432 3577 1484 prava,
3603 1431 3671 1472 ne
3695 1417 3837 1487 quod

2258 1507 2586 1562 desiderium
2615 1522 2833 1574 vanum,
2855 1514 2906 1561 et
2931 1506 3072 1576 quod
3098 1522 3203 1561 non
3226 1517 3309 1562 est
3328 1508 3626 1563 secundum
3654 1509 3843 1571 Deum,

2252 1598 2463 1654 radices
2490 1598 2541 1652 in
2589 1598 2752 1652 corde
2782 1608 2969 1653 nostro
2994 1597 3211 1667 deligat.
3258 1599 3331 1652 Ex
3362 1599 3673 1669 huiusmodi
3704 1600 3845 1655 enim

2248 1693 2520 1747 radicibus
2578 1694 2832 1748 continuo
2874 1692 3134 1761 pullulant
3172 1708 3321 1747 vana:
3361 1701 3415 1745 et
3449 1693 3662 1748 inutiles
3702 1695 3846 1765 cogi-

2252 1786 2506 1849 lationes,
2532 1795 2585 1839 et
2615 1788 2663 1839 in
2693 1793 2897 1840 tantum
2923 1786 3167 1840 moleswe
3190 1796 3330 1850 sunt,
3360 1793 3416 1839 ut
3440 1798 3539 1839 nec
3562 1786 3844 1840 orantibus

559 1897 741 1937 caussa
774 1882 1101 1946 venerimus,
1133 1890 1188 1935 ut
1218 1896 1281 1936 ea
1314 1896 1429 1950 quae
1476 1880 1602 1934 olim
1645 1880 1709 1932 ad
1759 1879 1995 1933 auditum
2045 1893 2139 1934 no-
2174 1874 2219 1932 Β
2250 1878 2402 1933 nobis
2429 1886 2664 1941 cessent,
2711 1891 2809 1932 nec
2853 1876 2906 1931 in
2952 1889 3247 1946 conspectu
3300 1877 3392 1931 Dei
3423 1876 3849 1932 consistentibus

558 1985 725 2029 strum
758 1976 893 2027 fama
928 1976 1236 2037 pet-tuterat,
1286 1973 1384 2042 ipsi
1431 1987 1571 2027 nunc
1600 1972 1769 2026 oculis
1795 1986 2144 2027 cerneremus

561 2067 834 2137 (quoniam
864 2067 1079 2136 quidem
1112 2065 1350 2121 tenacius
1371 2065 1545 2120 solent
1572 2065 1837 2121 inhaerere
1866 2064 2143 2119 memoria:

559 2174 617 2214 ea
635 2174 751 2227 qua:
768 2160 954 2214 oculus
979 2159 1192 2225 viderit,
1217 2173 1373 2228 quam
1396 2173 1515 2229 qua:
1545 2160 1688 2213 auris
1718 2158 1992 2229 audierit),
2018 2169 2145 2214 tunc

558 2251 743 2304 beatus
791 2248 1025 2305 Joannes
1058 2250 1199 2303 vultu
1257 2249 1642 2319 placidissimo,
1676 2259 1731 2305 et
1772 2251 1923 2320 quasi
1974 2250 2145 2304 subri-

559 2342 714 2407 dens,
747 2356 811 2396 ex
842 2340 1167 2395 abundantia
1198 2341 1396 2395 laetitia:
1429 2340 1533 2395 hoc
1564 2342 1723 2395 modo
1773 2342 2050 2411 respondit
2080 2342 2145 2396 ad

560 2449 657 2489 nos
686 2450 696 2485 :
727 2433 908 2497 Miror,
935 2434 1127 2501 inquit,
1157 2431 1472 2497 admodum,
1505 2431 1802 2487 dulcissimi
1835 2432 1959 2499 filii,
1992 2433 2145 2487 labo-

561 2538 670 2579 rem
701 2537 797 2577 vos
830 2523 962 2577 tanti
992 2524 1197 2577 itineris
1224 2525 1545 2592 suscepisse,
1583 2539 1705 2578 cum
1754 2524 1885 2578 nihil
1930 2526 1995 2580 ad
2033 2525 2147 2580 haec

562 2615 781 2685 dignum
822 2615 875 2668 in
925 2613 1081 2668 nobis
1110 2614 1291 2669 videre
1322 2616 1574 2683 possitis:
1606 2615 1854 2671 homines
1883 2619 2025 2671 enim
2059 2633 2146 2671 su-

562 2722 676 2763 mus
704 2708 931 2764 humiles
962 2717 1016 2762 et
1040 2708 1213 2777 exigui
1239 2750 1251 2771 ,
1276 2708 1406 2762 nihil
1438 2707 1696 2763 habentes
1722 2710 1773 2761 in
1821 2709 1974 2764 nobis
2002 2711 2144 2779 quod

563 2802 641 2857 vel
671 2801 848 2869 expeti
880 2799 1071 2855 debeat
1100 2800 1178 2853 vel
1210 2798 1410 2854 mirari.
1445 2798 1508 2852 Et
1541 2809 1715 2855 tamen
1754 2800 1964 2855 etiamsi
2002 2812 2147 2856 esset

560 2893 759 2963 aliquid
788 2895 840 2948 in
872 2892 1025 2947 nobis
1052 2891 1344 2947 secundum
1368 2892 1677 2961 opinionem
1710 2905 1967 2959 vestram,
1995 2908 2148 2945 nutu-

565 2986 685 3057 quid
720 2987 845 3048 tale,
870 2986 1025 3055 quale
1056 2985 1230 3057 legitis
1256 2986 1308 3039 in
1335 2986 1611 3055 prophetis
1642 2986 1736 3041 Dei
1763 2995 1818 3041 et
1842 2985 2147 3056 Apostolis?

564 3076 659 3144 Qui
688 3076 872 3143 utique
900 3075 969 3129 ob
997 3074 1096 3130 hoc
1122 3075 1173 3129 in
1204 3074 1453 3129 omnibus
1483 3074 1576 3130 Dei
1621 3074 1877 3131 Ecclesiis
1909 3077 2144 3131 recitan-

565 3176 666 3230 tur,
696 3177 753 3220 ut
778 3167 1018 3235 exempla
1063 3166 1187 3220 vita:
1230 3165 1556 3232 hominibus,
1591 3181 1691 3222 non
1744 3167 1811 3222 de
1841 3166 2145 3238 longinquis

2252 1971 2431 2037 nobis,
2455 1980 2510 2027 et
2540 1986 2727 2042 preces
2772 1987 2865 2038 pro
2897 1972 3068 2025 salute
3112 1980 3294 2026 nostra
3322 1969 3693 2036 offerentibus,
3720 1986 3843 2027 eru-

2248 2067 2512 2131 bescant;
2557 2067 2649 2120 sed
2697 2066 2906 2135 rapiant
2948 2080 2977 2118 a
3021 2065 3175 2120 nobis
3207 2062 3469 2133 captivam
3512 2071 3845 2131 mentem,et

2250 2173 2371 2210 cum
2422 2172 2650 2225 corpore
2702 2167 2845 2212 stare
2892 2158 3169 2213 videamur
3200 2156 3530 2213 in‘oratione
3554 2200 3568 2224 ,
3605 2174 3764 2213 sensu
3795 2168 3848 2213 et

2250 2248 2575 2315 cogitatione
2604 2263 2895 2318 evagamur
2925 2258 2979 2304 et
3018 2248 3339 2304 abducimur
3384 2263 3480 2317 per
3505 2249 3743 2304 diversa.
3788 2248 3843 2304 Si

2248 2338 2366 2407 quis
2409 2353 2539 2408 ergo
2573 2347 2675 2401 est,
2727 2339 2815 2409 qui
2863 2355 2921 2392 se
2972 2348 3121 2407 putat
3164 2338 3507 2394 renuntiasse
3561 2339 3762 2394 mundo
3790 2350 3841 2395 et

2249 2430 2500 2499 operibus
2521 2429 2755 2496 diaboli,
2789 2446 2892 2484 non
2921 2430 3116 2485 sufﬁcit
3162 2430 3217 2485 in
3250 2446 3345 2486 ore
3373 2431 3717 2486 renuntiasse
3741 2472 3757 2498 ,
3788 2443 3845 2485 ut

2252 2523 2627 2591 possessiones
2674 2532 2728 2578 et
2770 2524 2966 2593 praedia
2996 2566 3009 2589 ,
3060 2532 3347 2594 ceteraque
3393 2524 3580 2579 δίρρυιί
3632 2525 3844 2595 uegetia

2254 2615 2627 2685 dereliquerit,
2665 2617 2765 2671 nisi
2795 2617 2955 2672 etiam
3003 2619 3233 2686 pr0priis
3261 2618 3407 2673 vitiis
3436 2620 3846 2681 renuntiaverit,

2248 2717 2301 2761 et
2328 2708 2547 2764 inutiles
2587 2723 2650 2763 ac
2701 2722 2865 2761 vanas
2907 2707 3166 2776 abjecerit
3195 2708 3514 2778 voluptates.
3551 2709 3678 2763 llazc
3707 2710 3846 2763 enim

2252 2810 2375 2854 sunt
2402 2799 2469 2855 de
2490 2800 2681 2869 quibus
2707 2800 2995 2867 Apostolus
3025 2799 3154 2854 dicit
3180 2822 3191 2856 :
3219 2800 3489 2854 Desideria
3516 2817 3648 2854 vana
3676 2809 3723 2855 et
3752 2817 3844 2854 no-

2251 2892 2379 2957 civa,
2411 2906 2528 2961 qua:
2555 2902 2785 2962 "tergunt
2814 2889 3070 2944 hominem
3100 2891 3153 2943 in
3180 2892 3438 2943 interitum
3468 2890 3543 2961 (2.
3568 2889 3704 2944 Tim.
3743 2890 3845 2960 6.).

2253 2981 2366 3036 lloc
2417 2990 2500 3037 est
2539 2996 2670 3050 ergo
2710 2981 3050 3035 renuntiasse
3072 2980 3284 3036 diabolo
3326 2992 3379 3036 et
3415 2983 3669 3051 operibus
3709 2981 3843 3051 ejus.

2255 3072 2667 3128 Diabolusenim
2694 3088 2789 3141 per
2814 3073 3039 3141 alicujus
3066 3072 3179 3126 vitii
3202 3074 3567 3138 occasionem,
3591 3081 3644 3127 et
3667 3087 3845 3144 prava:

2252 3166 2547 3221 voluntatis
2571 3166 2771 3220 aditum
2806 3166 2995 3235 irrepit
3018 3165 3069 3219 in
3097 3180 3191 3221 cor
3213 3176 3457 3221 nostrum
3484 3176 3530 3233 ει,
3554 3167 3681 3238 quia
3721 3167 3846 3221 vitia

564 3266 617 3314 et
649 3259 945 3329 peregrinis
972 3260 1105 3313 locis
1127 3267 1463 3329 quaerantur,
1491 3259 1588 3315 sed
1610 3260 1755 3315 domi
1784 3262 2151 3331 unusquisque
2183 3251 2223 3309 C
2257 3272 2326 3315 ex
2360 3268 2508 3327 parte
2538 3260 2703 3327 ipsius
2732 3267 2877 3325 sunt,
2916 3258 3053 3313 sicut
3084 3261 3307 3314 virtutes
3349 3274 3414 3313 ex
3470 3260 3581 3314 Deo
3608 3268 3756 3314 sunt.
3787 3258 3842 3315 Si

565 3364 620 3407 et
649 3353 789 3422 apud
836 3369 893 3406 se
921 3352 1115 3407 habeat
1142 3350 1283 3422 quod
1325 3351 1521 3407 debeat
1548 3351 1768 3407 imitari.
1803 3352 1957 3408 Unde
1987 3352 2152 3421 pluri-

565 3459 708 3498 mum
727 3446 897 3509 miror;
915 3443 1265 3497 intentionem
1293 3444 1453 3497 vestri
1484 3443 1683 3498 laboris
1704 3459 1768 3497 ac
1788 3443 1987 3509 studii,
2013 3444 2152 3514 quod

566 3536 839 3613 profectus
860 3536 1051 3591 anima:
1074 3545 1267 3591 vestrae
1292 3551 1478 3593 caussa
1508 3547 1681 3594 tantas
1708 3554 1965 3608 superare
1989 3541 2151 3609 regio-

566 3642 703 3693 nes,
759 3634 1043 3697 tantosque
1084 3628 1296 3683 labores
1339 3629 1491 3684 adire
1542 3630 1787 3685 voluistis
1814 3672 1829 3695 ,
1884 3646 2005 3685 cum
2055 3648 2151 3686 nos

569 3734 809 3789 eousque
836 3720 1049 3789 pigritia
1075 3720 1389 3790 desidiaque
1426 3722 1776 3792 constringat,
1810 3732 1868 3777 ut
1914 3737 2015 3778 nec
2044 3724 2151 3778 cel-

570 3812 708 3867 lulas
755 3823 965 3868 nostras
992 3814 1239 3885 progredi
1268 3815 1580 3871 audeamus.
1616 3816 1995 3872 Verumtamen
2019 3833 2149 3888 quo-

564 3904 706 3958 niam
735 3906 934 3973 putatis
957 3920 1077 3960 esse
1121 3907 1170 3960 in
1218 3906 1371 3961 nobis
1400 3907 1625 3977 aliquid,
1656 3922 1721 3962 ex
1752 3924 1857 3977 quo
1884 3908 2150 3977 proficere

563 3995 824 4061 debeatis,
863 3995 963 4050 hoc
993 3996 1222 4065 primum
1253 3998 1406 4051 vobis
1436 3998 1779 4053 indicandum
1822 4007 1927 4066 est,
1959 4010 2017 4054 ut
2051 4001 2151 4056 hoc

565 4092 739 4163 ipsum
771 4093 911 4163 quod
943 4094 1163 4149 venistis
1193 4094 1259 4149 ad
1293 4110 1410 4159 nos,
1442 4104 1496 4150 et
1546 4106 1751 4151 tantum
1799 4097 2039 4154 laborem
2074 4099 2149 4153 ii-

560 4185 718 4240 dendi
764 4202 883 4252 nos,
913 4187 1247 4255 suscepistis,
1282 4201 1347 4242 ne
1384 4186 1657 4256 iactantiae
1694 4190 1923 4259 alicujus
1953 4190 2146 4246 habeat

561 4287 920 4347 prospectum,
942 4289 1000 4332 ut
1030 4292 1134 4333 non
1160 4286 1266 4333 tam
1297 4280 1559 4348 proﬁcere
1580 4281 1643 4335 ad
1677 4283 1841 4337 animi
1871 4284 2144 4350 virtutem,

564 4387 723 4440 quam
753 4371 1014 4441 praeferre
1062 4385 1123 4426 se
1171 4382 1222 4425 et
1260 4370 1467 4441 jactare
1499 4376 1863 4445 unusquisque
1906 4384 2145 4430 vestrum

560 4463 711 4530 velit,
746 4479 842 4530 pro
867 4478 934 4518 eo
963 4464 1104 4533 quod
1132 4464 1324 4519 viderit
1347 4482 1459 4533 eos,
1502 4468 1589 4537 qui
1627 4469 1765 4537 apud
1795 4467 1928 4523 alios
1954 4484 2017 4523 ex
2052 4484 2148 4522 au-

558 4552 671 4606 ditu
705 4557 821 4609 solo
846 4556 1044 4624 cogniti
1078 4557 1381 4614 videantur.

629 4644 649 4693 ί
690 4660 863 4719 Grave
888 4676 970 4721 est
1007 4664 1283 4735 jactantiae
1314 4668 1531 4734 vitium,
1579 4678 1633 4723 et
1663 4670 2023 4737 periculosum
2065 4672 2145 4726 ni-

558 4766 680 4829 mis,
707 4774 761 4819 et
789 4766 931 4836 quod
962 4752 1028 4823 de
1053 4768 1171 4837 ipso
1195 4768 1355 4823 etiam
1385 4767 1728 4838 perfectionis
1770 4771 1981 4839 fastigio
2013 4772 2148 4842 deji-

556 4865 663 4918 ciat
687 4865 923 4932 animas;
950 4877 1005 4922 et
1045 4867 1168 4922 ideo
1197 4869 1300 4924 hoc
1342 4885 1437 4925 vos
1468 4871 1639 4940 primo
1668 4874 1906 4929 omnium
1951 4889 2148 4931 cavere

555 4958 702 5013 volo.
737 4958 832 5012 Est
852 4966 1030 5015 autem
1073 4960 1281 5028 species
1309 4962 1434 5016 mali
1476 4962 1630 5031 hujus
1654 4964 1851 5034 duplex
1877 4968 2142 5037 quiedam.

557 5050 836 5107 Nonnullis
860 5052 1004 5107 enim
1030 5051 1227 5105 accidit
1260 5053 1315 5108 in
1342 5054 1471 5122 ipsis
1499 5054 1677 5109 statim
1725 5055 1891 5112 initiis
1914 5073 2139 5114 conver-

555 5142 722 5199 sionis
761 5155 897 5207 suae,
941 5156 1062 5196 cum
1092 5156 1278 5210 parum
1307 5143 1505 5214 aliquid
1549 5147 1630 5201 vel
1673 5147 2012 5205 abstinentia:
2041 5151 2137 5204 im-

555 5241 858 5311 penderint,
890 5242 972 5297 vel
1006 5242 1247 5313 pecunia:
1283 5244 1335 5298 in
1362 5259 1622 5316 pauperes
1650 5249 1735 5316 pie
1759 5251 2132 5320 erogaverint;

550 5341 601 5386 cl
618 5345 740 5388 cum
765 5334 831 5389 de
852 5348 914 5389 ea
939 5335 1009 5389 ita
1034 5334 1234 5390 sentire
1254 5337 1501 5403 debeant,
1526 5343 1675 5409 quasi
1696 5342 1836 5411 quod
1856 5342 2138 5412 impediret

623 5493 647 5521 ⁸
687 5486 823 5568 Quia
849 5490 1080 5568 vitiaﬁeit
1103 5492 1447 5568 partejpsius
1474 5506 1615 5568 sunt.
1642 5495 1658 5568 ]
1692 5496 1998 5554 Exhortatio
2023 5503 2130 5559 lucc

543 5552 762 5633 Joannis
789 5561 927 5615 deest
960 5552 1220 5633 Palladio.
1253 5552 1507 5618 Helcltior
1539 5552 1812 5623 Golt'lastus
1842 5552 2125 5633 Callet-tuti:

542 5626 613 5711 ad
640 5642 922 5710 sermonem
941 5631 1221 5711 .ifaleriani
1258 5634 1321 5687 de
1343 5634 1480 5689 bona
1513 5639 1818 5711 disciplinw,
1862 5626 2125 5711 legendum

543 5658 609 5677 ιω
640 5658 922 5710 acut-auem
941 5658 1219 5713 .v'uwrmm
1258 5658 1321 5687 uc
1343 5658 1480 5689 ﬂauo
1513 5658 1818 5759 atsc‘vumw,
1862 5658 2125 5711 tegendum

543 5709 730 5781 censet,
750 5715 884 5781 quia
906 5711 1031 5781 vitta
1063 5720 1126 5757 ex
1153 5712 1303 5770 patre
1323 5718 1390 5760 eo
1409 5716 1533 5762 sunt
1560 5725 1574 5761 :
1604 5735 1621 5761 ι
1646 5727 1712 5778 ,εο
1738 5728 2041 5781 quemquam
2067 5722 2127 5772 de

543 5764 876 5852 «pellecti—one
907 5764 1261 5850 dubitaturum
1302 5785 1469 5852 puta},
1513 5764 2125 5852 qttia'seq'uitur'ivliicﬂde

540 5835 744 5888 diabolo
778 5839 1015 5911 principe
1046 5854 1098 5899 et
1130 5835 1364 5901 auctore.
1400 5835 1506 5904 Séd
1525 5835 2118 5918 'ﬁrmiuslltteeissetvsa:

2257 3363 2384 3419 ergo
2411 3359 2534 3405 sunt
2557 3350 2683 3403 vitia
2715 3349 2767 3403 in
2794 3349 2959 3404 corde
2988 3359 3193 3413 nostro,
3221 3363 3340 3403 cum
3367 3350 3574 3404 venerit
3601 3351 3848 3421 princeps

2256 3455 2441 3496 eorum
2465 3439 2730 3506 diabolus,
2760 3442 2911 3509 quasi
2942 3440 3160 3509 preprio
3182 3442 3386 3495 auctori
3413 3441 3542 3495 dant
3573 3441 3774 3507 locum,
3796 3451 3848 3496 et

2258 3533 2606 3587 introducunt
2651 3548 2774 3587 eum
2815 3533 2963 3587 velut
3008 3532 3073 3587 ad
3119 3534 3515 3602 possessionem
3561 3548 3737 3588 suam.
3786 3534 3845 3589 Et

2257 3624 2380 3679 inde
2405 3634 2487 3679 est
2518 3625 2661 3694 quod
2691 3640 2980 3695 numquam
3012 3625 3316 3694 hujusmodi
3343 3625 3502 3680 corda
3535 3638 3720 3694 pacem
3752 3624 3844 3679 ha-

2264 3717 2395 3771 bere
2444 3727 2687 3786 possunt,
2722 3733 3010 3789 numquam
3042 3720 3273 3789 quietem
3303 3736 3316 3785 ;
3346 3720 3439 3774 sed
3482 3733 3701 3789 semper
3722 3735 3845 3775 con-

2259 3810 2560 3873 turbantur,
2596 3824 2809 3877 semper
2854 3820 3127 3880 tenentur,
3157 3821 3210 3866 et
3246 3825 3388 3865 nunc
3427 3825 3565 3865 vana
3614 3811 3799 3866 laetitia
3827 3854 3839 3873 ,

2257 3915 2398 3955 nunc
2432 3900 2605 3955 inutili
2637 3901 2848 3955 tristitia
2878 3901 3252 3970 deprimuntur
3278 3917 3291 3953 :
3316 3901 3512 3957 habent
3539 3903 3680 3956 enim
3709 3904 3843 3957 intra

2254 4008 2313 4049 se
2341 3992 2695 4048 habitatorem
2721 3993 3036 4062 pessimum,
3061 3994 3145 4049 cui
3172 3994 3475 4049 introeundi
3499 3992 3564 4048 ad
3588 4009 3648 4051 se
3670 3994 3843 4050 locum

2255 4099 2349 4154 per
2379 4086 2656 4155 passiones
2695 4099 2819 4141 suas
2872 4093 2928 4140 et
2966 4086 3090 4141 vitia
3136 4086 3399 4140 fecerunt.
3446 4085 3678 4141 Econtra
3718 4101 3844 4140 vero

2253 4192 2428 4242 mens,
2447 4192 2566 4247 quae
2594 4192 2718 4233 vere
2744 4178 3075 4234 renuntiavit
3098 4178 3317 4244 mundo,
3350 4176 3449 4233 hoc
3470 4187 3576 4245 est,
3602 4177 3842 4249 quamb-

2253 4270 2407 4324 scidit
2442 4278 2496 4325 et
2524 4269 2823 4339 amputavit
2851 4284 2879 4323 a
2916 4284 2975 4327 se
2998 4286 3161 4326 omne
3191 4271 3403 4337 vitium,
3436 4280 3490 4326 et
3529 4270 3734 4326 nttllum
3766 4273 3843 4326 iu-

2251 4361 2499 4417 troeundi
2543 4360 2610 4414 ad
2654 4375 2715 4416 se
2750 4361 2965 4416 diabolo
2999 4364 3203 4417 aditum
3232 4361 3516 4430 dereliquit
3549 4378 3709 4434 :quze
3738 4364 3843 4419 ira~

2248 4452 2497 4509 cundiam
2528 4453 2765 4520 cohibet,
2795 4454 3031 4510 furorem
3066 4454 3344 4525 reprimit,
3379 4456 3717 4511 mendacium
3762 4456 3840 4511 fu-

2247 4560 2359 4621 gat,
2388 4558 2701 4606 exsecratur
2745 4548 3037 4617 intidiam,
3071 4563 3124 4606 et
3162 4565 3267 4605 non
3311 4549 3484 4605 solum
3532 4552 3687 4622 127
3735 4565 3840 4606 non

2172 4623 2226 4684 Ῐ)
2252 4640 2554 4703 detrahere,
2580 4639 2673 4693 sed
2699 4655 2797 4695 nec
2821 4640 2957 4694 male
2982 4641 3197 4711 quidem
3228 4643 3431 4695 sentire
3454 4650 3546 4696 aut
3572 4642 3839 4712 suspicari

2252 4747 2313 4785 se
2341 4732 2409 4785 de
2458 4730 2703 4798 proximo
2730 4746 2831 4784 suo
2877 4732 3094 4800 patitur,
3121 4748 3241 4800 qua:
3284 4733 3464 4787 fratris
3500 4733 3693 4803 gaudia
3742 4748 3837 4789 sua

2202 4858 2207 4863 ι
2253 4822 2420 4885 ducit,
2445 4832 2497 4877 et
2523 4822 2792 4878 trisdtiam
2811 4822 2947 4893 ejus,
2974 4839 3123 4878 suam
3150 4825 3422 4881 tristitiam
3444 4824 3684 4895 deputat.
3710 4826 3837 4894 Quae

2253 4930 2381 4985 ergo
2413 4915 2527 4971 haec
2559 4927 2615 4971 et
2652 4917 2842 4971 horum
2890 4919 3082 4974 similia
3120 4920 3371 4973 observat
3410 4933 3583 4986 mens,
3615 4918 3834 4988 Spiritui

2254 5008 2454 5063 Sancto
2484 5009 2656 5077 aperit
2686 5010 2738 5064 in
2762 5024 2821 5065 se
2845 5010 3043 5075 locum,
3071 5010 3161 5081 qui
3186 5026 3307 5064 cum
3352 5011 3630 5080 ingressus
3653 5011 3833 5078 fuerit,

2249 5107 2307 5153 et
2330 5098 2716 5155 illuminaverit
2740 5115 2880 5165 eam,
2907 5116 3120 5170 semper
3145 5100 3215 5156 ibi
3234 5102 3346 5169 jam
3372 5100 3590 5171 gaudia,
3619 5117 3833 5172 semper

2251 5191 2456 5257 laetitia,
2497 5207 2711 5261 semper
2737 5193 2955 5259 caritas,
2992 5193 3273 5263 patientia,
3314 5193 3721 5263 longanimitas,
3744 5196 3835 5250 bo-

2249 5286 2390 5341 nitas
2417 5285 2562 5357 (Gal.
2599 5287 2716 5357 5.),
2744 5299 2796 5344 et
2828 5304 3016 5345 omnes
3038 5295 3126 5359 qui
3152 5299 3275 5345 sunt
3315 5290 3519 5347 fructus
3557 5291 3791 5362 Spiritus
3816 5333 3831 5356 ,

2246 5378 2510 5433 oriuntur.
2539 5378 2604 5433 Et
2626 5379 2727 5435 hoc
2750 5390 2865 5435 erat
2888 5381 3029 5451 quod
3054 5382 3267 5438 dicebat
3288 5382 3549 5438 Dominus
3572 5384 3624 5438 in
3652 5384 3829 5440 Evan-

2239 5512 2445 5579 pientite
2488 5513 2642 5580 capiti
2682 5514 2735 5568 4.
2783 5530 2846 5566 ex
2874 5530 2972 5583 quo
2998 5515 3105 5581 ipse
3142 5515 3265 5568 citat
3291 5533 3309 5571 :
3333 5515 3616 5570 imitantur
3645 5516 3831 5571 diabo—

2240 5588 2369 5657 tum,
2403 5585 2489 5651 qui
2520 5594 2641 5636 sunt
2673 5600 2733 5637 ex
2763 5595 2910 5657 parte
2944 5584 3102 5639 illius.
3141 5587 3311 5651 Quare
3343 5588 3550 5657 vulgata
3584 5590 3732 5641 lectio
3759 5598 3833 5643 te-

2237 5656 2424 5718 nenda,
2459 5656 2884 5709 consentientibus
2912 5658 3271 5727 manuscriptis
3301 5656 3553 5712 omnibus.

3399 5728 3753 5783 Boswevncs.

2312 5796 2323 5824 ¹
2368 5794 2499 5849 Hinc
2532 5809 2701 5859 usque
2726 5796 2791 5849 ad
2824 5796 2997 5849 locum
3031 5796 3271 5863 proxime
3298 5810 3615 5865 sequentem
3646 5814 3673 5853 e
3710 5798 3823 5853 Pal~

2235 5864 2377 5921 ladio
2406 5874 2666 5932 amatum,
2698 5865 3075 5920 desiderantur
3105 5866 3215 5920 fere
3246 5867 3295 5919 in
3330 5864 3589 5923 Palladio.
