4166 6348
324 376 415 430 597

1526 363 1841 421 HISTORIA
1882 362 2374 421 MONACHORUM.

3490 370 3596 428 598

319 488 488 560 Bello:
519 483 639 539 Non
684 492 844 554 potest
893 484 1042 537 arbor
1087 481 1215 536 bona
1265 481 1427 535 malos
1470 482 1666 551 fructus
1703 480 1898 548 facere,
1933 478 1979 534 A
2013 476 2113 532 hoc
2141 478 2393 545 diximus,
2425 480 2469 535 si
2504 496 2631 550 pura
2680 496 2830 537 mens
2883 482 3062 551 fueri',
3109 501 3207 542 nec
3254 488 3377 544 ullis
3419 507 3597 562 pravae

323 596 474 649 neque
502 578 656 631 arbor
697 577 835 630 mala
874 576 1071 644 fructus
1104 575 1259 628 bonos
1307 574 1474 643 facere
1519 572 1733 643 (Matth.
1766 571 1819 622 7.
1849 578 1923 622 et-

326 673 453 739 η).
486 670 566 725 Ex
596 670 857 725 fructibus
879 669 1021 724 enim
1053 670 1213 724 arbor
1234 667 1599 738 cognoscitur.

388 764 524 819 Sunt
545 772 725 818 autem
752 762 1029 826 nonnulli,
1076 762 1163 831 qui
1195 761 1440 816 videntur
1469 760 1667 815 saeculo
1704 773 1906 814 renun-

323 856 595 919 tiasse,,et
636 868 819 908 curam
863 868 972 907 non
1015 851 1213 906 habent
1249 851 1316 906 ad
1358 850 1675 907 munditiam
1703 849 1901 914 cordis,

321 962 491 1017 neque
516 954 575 1001 ut
612 946 741 1001 vitia
774 953 829 1001 et
870 946 1150 1014 passiones
1181 952 1430 999 resecem
1470 958 1535 998 ex
1576 941 1756 996 anima
1786 955 1901 1004 sua,

323 1051 609 1105 moresque
658 1044 1018 1105 componant:
1070 1035 1165 1089 sed
1201 1035 1302 1089 hoc
1353 1031 1814 1089 tantumstudent
1852 1041 1905 1085 ut

326 1125 536 1179 videant
567 1126 800 1196 aliquem
821 1136 1126 1180 sanctorum
1152 1126 1391 1192 Patrum,
1416 1132 1473 1181 et
1495 1124 1715 1179 audiant
1743 1125 1807 1179 ab
1828 1124 1907 1179 eis

321 1219 493 1288 aliqua
542 1220 725 1283 verba,
762 1233 881 1287 qua:
922 1226 1201 1272 narrantes
1250 1218 1369 1271 aliis
1408 1216 1705 1288 glorientur
1732 1230 1793 1271 se
1840 1218 1908 1269 ab

322 1310 412 1363 illo
440 1309 528 1365 vel
560 1309 652 1363 illo
676 1308 955 1378 didicisse,
980 1321 1034 1366 et
1056 1311 1229 1366 sicubi
1252 1310 1391 1366 forte
1424 1311 1511 1365 vel
1540 1311 1804 1366 audiendo
1828 1311 1907 1365 vel

324 1399 581 1455 discendo
615 1417 800 1470 parum
830 1402 1032 1473 aliquid
1071 1403 1310 1459 scientize
1339 1403 1747 1473 conquisierint,
1777 1419 1909 1459 con-

324 1492 470 1547 tinuo
499 1492 749 1550 doctores
797 1496 911 1551 tleri
955 1497 1170 1563 volunt,
1199 1505 1254 1553 et
1298 1499 1490 1553 docere
1533 1513 1637 1553 non
1681 1514 1740 1552 ea
1791 1514 1911 1568 qua:

326 1584 552 1655 egerint,
586 1587 683 1642 sed
713 1602 775 1643 ea
815 1603 935 1658 qua:
976 1590 1246 1645 audierint
1275 1600 1328 1646 et
1358 1592 1620 1659 viderint,
1653 1602 1708 1647 et
1733 1591 1911 1662 despi-

328 1678 473 1732 ciunt
503 1691 735 1734 ceteros.
770 1681 1036 1737 Alleetant
1073 1683 1171 1753 ipsi
1216 1684 1283 1739 ad
1324 1685 1720 1752 sacerdotium,
1754 1697 1913 1755 atque

331 1770 648 1841 immergere
686 1788 745 1827 se
789 1785 1053 1831 conantur
1083 1778 1148 1830 ad
1181 1778 1383 1832 clerum
1411 1819 1426 1843 ,
1461 1780 1761 1835 nescientes
1790 1781 1913 1849 quia

334 1863 557 1917 minoris
588 1866 1048 1922 condemnationis
1096 1880 1195 1936 cst,
1231 1873 1274 1925 si
1318 1874 1438 1942 quis
1483 1876 1595 1941 ipse
1638 1873 1915 1929 virtutibus

335 1953 703 2022 polleat,alios
728 1966 905 2013 tamen
932 1962 1126 2017 docere
1152 1979 1257 2017 non
1293 1964 1510 2031 audeat,
1546 1981 1704 2034 quam
1727 1969 1771 2021 si
1794 1968 1913 2035 quis

332 2047 445 2115 ipse
471 2049 809 2117 passionibus
838 2063 885 2105 et
918 2053 1062 2108 vitiis
1093 2067 1385 2123 prematur,
1410 2070 1464 2112 et
1492 2058 1624 2112 alios
1653 2058 1720 2113 de
1750 2060 1915 2113 virtu-

333 2139 471 2193 tibus
496 2142 707 2195 doceat.
738 2142 827 2197 Sic
855 2159 1000 2215 ergo,
1037 2146 1187 2202 filioli
1220 2150 1360 2217 mei,
1392 2166 1565 2220 neque
1605 2150 1912 2221 fugiendum

334 2232 656 2288 omnimodis
688 2236 914 2291 dicimus
945 2240 1254 2296 clericatum
1285 2244 1367 2297 vel
1397 2246 1780 2301 sacerdotium.
1817 2260 1914 2301 ne-

335 2339 437 2393 que
465 2341 655 2382 rursus
683 2330 1008 2387 omnimodis
1036 2335 1413 2402 expetendum,
1440 2337 1534 2391 sed
1557 2340 1729 2393 danda
1756 2353 1916 2408 opera

332 2423 434 2483 est,
466 2424 524 2472 ut
553 2418 681 2474 vitia
718 2422 934 2490 quidem
964 2439 994 2478 a
1028 2426 1183 2481 nobis
1218 2427 1579 2496 depellantur,
1612 2438 1665 2485 et
1694 2431 1917 2486 virtutes

336 2509 528 2564 anima:
554 2514 960 2583 conquirantur.
997 2518 1092 2573 Dei
1144 2528 1321 2575 autem
1364 2521 1571 2592 juchio
1604 2524 1914 2593 relinquen-

332 2596 456 2653 dum
486 2610 585 2667 est,
612 2617 771 2672 quem
801 2605 946 2671 velit,
980 2618 1032 2661 et
1061 2610 1107 2663 si
1134 2611 1263 2665 velit
1287 2626 1563 2668 assumere
1591 2615 1695 2669 sibi
1722 2617 1786 2669 ad
1822 2616 1918 2669 mi-

334 2690 610 2747 nisterium
658 2695 740 2750 vel
788 2698 1169 2755 sacerdotium.
1220 2702 1336 2756 Non
1370 2706 1510 2759 enim
1541 2706 1631 2774 qui
1680 2706 1917 2775 seipsunt

336 2781 633 2853 ingesserit,
666 2787 760 2842 sed
783 2804 940 2857 quem
973 2791 1229 2849 Dominus
1252 2796 1589 2861 assumserit,
1617 2796 1703 2851 ille
1726 2797 1920 2866 proba-

335 2880 417 2928 tus
442 2884 524 2930 est
551 2876 626 2945 (2.
662 2878 781 2933 Cor.
812 2881 946 2951 10.).

404 2966 650 3023 Monachi
678 2981 857 3029 autem
888 2974 1022 3032 illud
1048 2993 1182 3048 opus
1213 2990 1296 3036 est
1326 2984 1676 3052 praecipuum,
1710 2996 1765 3039 ut
1797 3002 1917 3041 ora-

335 3056 534 3114 tionem
565 3077 755 3132 puram
787 3066 979 3123 oll'erat
1008 3069 1138 3139 Deo,
1165 3073 1301 3127 nihil
1322 3074 1526 3129 habens
1555 3076 1606 3129 in
1636 3079 1911 3133 conscien-

337 3148 405 3203 tia
436 3155 880 3225 reprehensibile,
906 3159 1044 3216 sicut
1072 3172 1125 3218 et
1160 3165 1413 3221 Dominus
1439 3167 1571 3222 dicit
1596 3169 1647 3223 in
1679 3171 1921 3242 Evange-

2010 570 2297 627 voluntatis
2321 573 2568 629 sordibus
2595 586 2879 645 occupato.
2905 577 2969 632 Et
2997 579 3120 634 ideo
3150 580 3203 635 in
3234 581 3334 638 hoc
3368 588 3600 644 maxime

2010 668 2223 724 oportet
2252 678 2471 731 operam
2503 664 2634 720 dare
2663 681 2757 721 eos
2799 668 2892 739 qui
2928 666 3239 728 renuntiare
3278 676 3477 733 sat-culo
3500 721 3517 746 ,
3548 692 3602 735 et

2016 747 2184 803 Deum
2217 754 2369 823 sequi
2394 756 2665 822 videntur,
2698 759 2834 813 sicut
2866 761 3123 831 scriptum
3156 775 3275 820 est:
3311 766 3522 840 Vacate,
3554 783 3602 825 ct

2010 845 2319 909 cognoscite,
2345 848 2584 914 quoniam
2613 867 2706 921 ego
2745 868 2855 905 sum
2885 849 3139 911 Dominus
3168 856 3343 927 (Psal.
3372 860 3512 934 45.).
3546 864 3602 918 Si

2009 947 2137 1004 ergo
2168 940 2486 1005 cognoverit
2515 940 2681 995 Deum
2701 985 2715 1008 ,
2750 943 3062 1014 inquantum
3093 947 3295 1006 homini
3343 957 3599 1024 possibile

2009 1033 2113 1089 est,
2153 1036 2279 1081 tunc
2310 1032 2527 1086 demum
2556 1034 2717 1088 etiam
2750 1039 3081 1107 reliquorum
3108 1058 3227 1114 quae
3256 1056 3400 1117 sunt,
3430 1050 3605 1105 scicn-

2013 1115 2141 1169 tiam
2168 1121 2363 1188 capiet,
2398 1131 2454 1176 et
2483 1126 2736 1193 mysteria
2768 1128 2861 1183 Dei
2893 1143 3168 1202 agnoscet,
3200 1144 3253 1191 et
3283 1149 3485 1208 quanto
3511 1157 3606 1211 pit-

2013 1207 2123 1261 rior
2157 1210 2207 1265 in
2236 1227 2301 1265 eo
2332 1210 2493 1269 fuerit
2537 1233 2712 1284 mens,
2748 1228 2896 1275 tanto
2926 1222 3075 1291 plura
3102 1228 3151 1281 ei
3197 1230 3397 1285 revelat
3427 1231 3566 1287 Deus
3590 1275 3604 1293 .

2016 1307 2076 1353 et
2105 1302 2344 1357 ostendit
2366 1304 2415 1359 ei
2446 1316 2652 1361 secreta
2682 1323 2795 1362 sua.
2825 1312 3044 1367 Amicus
3069 1316 3210 1370 enim
3237 1317 3348 1386 jam
3378 1320 3606 1379 efﬁcitur

2018 1390 2111 1445 Dei
2135 1434 2149 1455 ,
2186 1395 2324 1449 sicut
2354 1395 2464 1461 illi,
2490 1397 2556 1452 de
2585 1398 2777 1468 quibus
2807 1400 3019 1457 dicebat
3051 1406 3295 1463 Salvator
3320 1427 3332 1462 :
3359 1409 3480 1464 lant
3504 1430 3606 1467 ηωι

2015 1483 2129 1536 dico
2162 1501 2245 1538 ULS
2270 1502 2459 1551 servos,
2490 1488 2577 1541 sed
2605 1489 2797 1543 amicos
2820 1490 2999 1562 (Joan.
3026 1493 3137 1565 15.)
3159 1513 3173 1551 ;
3195 1506 3249 1552 et
3268 1514 3427 1556 omne
3453 1502 3607 1572 quid-

2016 1579 2141 1645 quid
2179 1580 2391 1647 petierit
2421 1581 2487 1634 ab
2513 1597 2599 1650 eo,
2636 1593 2886 1655 tanquam
2919 1589 3095 1643 amico
3129 1606 3275 1659 caro,
3306 1606 3527 1662 praestat
3553 1617 3600 1650 ci

2020 1671 2181 1725 Deus.
2218 1672 2352 1744 Ipsm
2384 1692 2593 1747 quoque
2624 1680 2845 1736 virtutes
2872 1683 3158 1753 Angelicte,
3192 1696 3243 1742 et
3272 1699 3461 1746 cuncta
3493 1707 3607 1764 my-

2018 1762 2182 1817 Steria
2212 1765 2419 1831 divina,
2451 1779 2700 1836 tanquam
2734 1773 2961 1828 amicum
2989 1775 3086 1830 Dei
3116 1777 3344 1849 diligunt
3373 1796 3522 1849 eum,
3551 1762 3608 1839 et

1952 1861 1992 1919 Β
2021 1854 2392 1923 oh-eqnuntur
2421 1860 2537 1927 ejus
2578 1864 2943 1931 petitionibus.
2999 1869 3064 1923 Et
3106 1870 3191 1926 hic
3235 1884 3336 1941 est,
3379 1890 3537 1946 quem
3579 1894 3608 1931 a

2018 1946 2240 2000 caritate
2273 1948 2366 2002 Dei
2417 1948 2560 2021 (qua:
2589 1962 2673 2006 est
2720 1954 2771 2008 in
2816 1956 3030 2012 Christo
3058 1959 3212 2032 Jesu)
3256 1980 3431 2035 neque
3464 1982 3610 2023 mors

2024 2046 2259 2104 separat,
2293 2055 2464 2109 neque
2493 2044 2596 2097 vita
2629 2085 2642 2108 ,
2678 2060 2853 2116 neque
2884 2051 3069 2117 Angeli
3096 2096 3109 2120 ,
3141 2068 3314 2124 neque
3346 2058 3610 2129 principa-

2024 2134 2124 2195 tus,
2160 2145 2334 2200 neqne
2358 2143 2671 2202 potestates,
2706 2153 2880 2209 neque
2905 2142 3005 2196 alia
3031 2155 3275 2201 creatura
3307 2148 3482 2218 (Rom.
3507 2152 3608 2221 8.).

2024 2220 2088 2273 Et
2121 2221 2263 2288 ideo,
2297 2225 2597 2291 carissimi,
2648 2230 3081 2302 quandoquidem
3114 2237 3214 2292 hoc
3258 2239 3517 2310 elegistis,
3553 2220 3611 2297 ut

2025 2313 2136 2368 Deo
2167 2316 2442 2384 placeatis,
2478 2329 2531 2373 et
2563 2320 2626 2374 ad
2655 2325 2938 2380 caritatem
2969 2327 3086 2396 ejus
3115 2331 3455 2398 perveniatis,
3488 2335 3611 2391 date

2023 2421 2241 2474 operam
2274 2409 2433 2463 alieni
2467 2410 2604 2465 eftici
2633 2413 2700 2467 ab
2732 2417 2875 2470 omni
2907 2418 3186 2485 iactantia,
3210 2422 3277 2477 ab
3305 2424 3452 2478 omni
3481 2425 3611 2480 vitio

2023 2499 2217 2565 anitni,
2272 2503 2337 2553 ab
2394 2488 2641 2557 omnibus
2673 2505 2890 2562 deliciis
2941 2513 3330 2580 corporalibus.
3384 2516 3614 2573 Delicias

2028 2604 2207 2647 autem
2241 2596 2551 2663 corporales
2577 2614 2679 2651 non
2706 2601 2875 2654 solum
2910 2602 3028 2657 illas
3050 2607 3265 2673 putetis,
3298 2609 3493 2677 quibus
3517 2611 3614 2666 bo-

2024 2684 2203 2739 mines
2250 2688 2433 2741 saeculi
2468 2686 2749 2757 fruuntur;
2784 2694 2876 2747 sed
2929 2694 3219 2753 abstineuti
3250 2701 3461 2757 deliciae
3500 2720 3615 2760 ere-

2024 2774 2212 2830 dendte
2243 2787 2385 2841 sunt,
2408 2794 2566 2835 omne
2592 2784 2847 2853 quidquid
2870 2802 2987 2841 etnn
3012 2791 3304 2859 cupiditate
3331 2798 3608 2861 sumserit,

2032 2867 2245 2923 etiamsi
2275 2870 2379 2925 vile
2411 2871 2539 2925 illud
2569 2875 2657 2941 sit,
2693 2884 2747 2930 et
2774 2878 2912 2947 quod
2941 2880 2993 2933 in
3027 2896 3122 2937 usu
3154 2898 3272 2939 esse
3300 2886 3616 2944 abstinenti-

2026 2960 2125 3014 bus
2150 2962 2308 3018 solet.
2346 2966 2503 3036 129
2526 2968 2674 3037 Aqua
2704 2970 2937 3039 denique
2967 2972 3078 3042 ipsa
3103 2976 3186 3030 vel
3218 2980 3390 3046 panis,
3414 2981 3460 3035 si
3489 2996 3610 3037 cum

2026 3052 2317 3121 cupiditate
2348 3067 2611 3126 sumatur,
2646 3061 2697 3114 id
2729 3072 2831 3129 eSt,
2866 3079 2970 3118 non
3012 3076 3067 3120 ut
3094 3072 3396 3126 necessitati
3425 3090 3616 3142 corpo-

2027 3145 2124 3209 ris,
2158 3147 2252 3199 sed
2300 3156 2358 3201 ut
2408 3150 2568 3205 animi
2619 3150 2887 3209 desiderio
2936 3157 3249 3229 satisfaciat,
3302 3163 3402 3218 hoc
3450 3167 3613 3221 etiam

339 3240 411 3297 ιίο
438 3260 451 3298 ε
483 3243 611 3299 Cum
658 3219 897 3306 8,6,19,51,58
940 3255 1008 3307 ad
1052 3219 1368 3324 orationem"
1390 3219 1647 3315 ﬁgitﬁgit;
1947 3219 1995 3283 C
2026 3235 2321 3292 abstinenti
2350 3240 2664 3297 deliciarum
2694 3246 2825 3300 vitio
2856 3247 3086 3305 ducitur.
3115 3251 3338 3321 Oportet
3367 3256 3511 3311 enim
3562 3260 3617 3313 in

337 3336 539 3404 vestris,
565 3340 610 3392 si
638 3342 760 3411 quid
788 3342 986 3399 habetis
1014 3356 1194 3401 contra
1220 3366 1327 3415 eos,
1352 3366 1415 3405 ea:
1443 3352 1681 3406 cordibus
1708 3356 1916 3409 vestris:

344 3426 444 3479 nisi
470 3429 605 3483 enim
651 3436 942 3490 remiseritis
974 3440 1220 3508 fratribus
1246 3444 1441 3507 t'esm's,
1473 3459 1569 3497 nec
1596 3445 1733 3499 vobis
1751 3449 1924 3502 remit-

339 3526 417 3578 tet
448 3522 605 3578 Pater
628 3537 809 3594 vester,
832 3533 917 3599 qui
939 3532 991 3586 in
1012 3534 1148 3588 ccelis
1169 3544 1243 3590 est
1271 3536 1486 3608 (Matth.
1512 3537 1564 3593 6.
1592 3538 1760 3594 Marc.
1786 3539 1918 3611 H.).

339 3618 395 3674 Si
418 3634 545 3689 ergo
586 3621 787 3676 mundo
818 3623 900 3694 (ut
928 3638 1090 3695 supra
1120 3627 1374 3699 diximus)
1405 3629 1568 3685 corde
1596 3632 1923 3689 astiterimus

337 3719 462 3766 ante
490 3712 680 3779 Deum,
721 3716 878 3785 128
922 3724 979 3770 et
1016 3718 1167 3773 liberi
1209 3720 1277 3774 ab
1304 3722 1552 3778 omnibus
1583 3723 1663 3778 his
1704 3724 1843 3781 vitiis
1873 3735 1926 3782 et

339 3805 673 3873 passionibus
713 3823 832 3876 quae
876 3822 1036 3878 supra
1075 3813 1534 3879 memoravimus;
1586 3819 1880 3886 poterimus
1908 3859 1925 3886 ,

340 3896 649 3968 inquantum
674 3901 930 3968 possibile
956 3913 1062 3970 est,
1085 3905 1246 3960 etiam
1273 3908 1437 3963 Deum
1465 3910 1667 3975 videre,
1693 3921 1747 3967 et
1766 3928 1927 3967 oran-

343 3997 442 4055 tes,
481 3991 694 4046 oculum
740 3994 918 4049 cordis
955 3998 1119 4051 nostri
1152 3998 1207 4052 in
1256 4001 1429 4069 ipsum
1460 4000 1713 4073 dirigere,
1747 4014 1798 4059 et
1840 4006 1923 4059 vi-

343 4080 473 4136 dere
520 4072 846 4139 invisibilem
894 4100 1117 4154 mente,
1164 4105 1269 4145 non
1320 4108 1545 4163 corpore
1587 4114 1600 4150 :
1651 4098 1926 4153 intellectu

342 4173 604 4239 scientiae,
639 4190 743 4231 non
791 4179 970 4233 carnis
999 4193 1244 4249 aspectu.
1276 4183 1444 4240 Nemo
1489 4188 1632 4244 enim
1674 4204 1734 4244 se
1781 4199 1929 4261 putet

344 4278 502 4335 posse
540 4267 713 4337 ipsam
747 4269 918 4339 (sicut
962 4274 1073 4342 est)
1116 4274 1348 4330 divinam
1399 4280 1749 4334 substantiam
1799 4297 1929 4336 con-

342 4356 508 4424 tueri,
542 4358 614 4411 ita
652 4368 710 4414 ut
738 4362 974 4429 speciem
1001 4363 1102 4419 sibi
1134 4365 1364 4435 aliquam
1397 4379 1485 4421 aut
1511 4369 1796 4439 imaginem
1830 4373 1930 4424 tin-

340 4456 429 4516 gat
477 4451 531 4504 in
572 4450 738 4507 corde
784 4468 1062 4522 corporea:
1109 4457 1332 4526 alicujus
1380 4460 1626 4528 imaginis
1674 4463 1925 4518 similem.

344 4538 493 4595 Nulla
518 4543 534 4571 ¹
568 4542 736 4596 forma
770 4543 822 4597 in
858 4545 966 4600 Deo
988 4548 1270 4616 cogitetur,
1305 4550 1449 4604 nulla
1477 4552 1924 4623 circumscriptio,

342 4632 433 4687 sed
462 4645 676 4699 sensus,
708 4642 761 4688 et
806 4651 958 4693 mens
989 4654 1109 4708 quae
1151 4638 1338 4694 sentiri
1375 4641 1587 4711 quidem
1637 4648 1841 4714 possit,
1874 4658 1927 4702 et

344 4723 708 4794 perstringere
756 4730 957 4783 mentis
1006 4729 1276 4797 ali‘eetum,
1321 4747 1427 4787 non
1476 4743 1650 4789 tamen
1680 4751 1927 4807 compre-

345 4811 540 4881 hendi,
594 4824 687 4869 aut
734 4817 994 4886 describi,
1042 4829 1136 4874 aut
1190 4823 1428 4877 enarrari
1481 4825 1641 4881 valet.
1694 4829 1760 4881 Et
1806 4830 1926 4885 ideo

345 4902 580 4970 (Pallad.
615 4923 733 4977 cap.
785 4911 902 4981 45.)
929 4921 1141 4981 oportet
1187 4928 1307 4969 cum
1354 4917 1499 4970 omni
1545 4922 1842 4975 reverentia
1873 4931 1928 4979 et

343 5005 485 5051 metu
530 5000 793 5056 accedere
819 5002 886 5057 ad
933 5002 1239 5073 Dominum,
1272 5017 1326 5062 et
1371 5008 1440 5063 ita
1472 5010 1523 5062 in
1558 5026 1678 5065 eum
1726 5013 1923 5070 librare

344 5090 540 5146 mentis
562 5092 832 5155 intuitum,
863 5103 919 5148 ut
946 5109 1104 5151 omne
1126 5099 1377 5169 quidquid
1402 5111 1577 5170 potest
1598 5104 1922 5178 splendoris,

343 5186 622 5254 claritatis,
658 5188 903 5260 fulgoris,
938 5192 1233 5262 majestatis
1262 5212 1412 5252 mens
1463 5198 1692 5255 humana
1733 5205 1928 5259 conci-

347 5293 491 5347 pere,
523 5293 687 5350 super
718 5280 833 5337 haec
862 5285 1042 5338 omnia
1081 5301 1201 5342 esse
1227 5303 1348 5341 eum
1378 5291 1574 5344 sentiat
1601 5306 1851 5362 semper;
1876 5305 1929 5353 et

413 5442 429 5471 ¹
474 5440 674 5496 Sedqu
700 5449 851 5521 cavet
876 5440 1540 5521 Anthropomorpltitarnm
1572 5450 1708 5521 (sive
1738 5467 1921 5508 eorum

344 5512 432 5577 qui
465 5512 756 5566 humanam
788 5512 898 5566 Deo
929 5512 1153 5595 formant
1190 5512 1512 5595 tribuebant)
1544 5512 1807 5587 errorem,
1841 5527 1929 5595 qui

344 5596 437 5648 per
468 5583 520 5659 id
553 5597 747 5645 nempe
779 5585 1035 5659 temporis
1073 5584 1290 5659 Egypti
1326 5583 1643 5646 monaéteria
1677 5583 1931 5659 pervase-

342 5662 444 5709 rat.
469 5653 686 5715 Notum,
716 5668 847 5720 quas
867 5655 1049 5709 turbas
1070 5657 1121 5709 in
1147 5653 1502 5713 Alexandrina
1531 5653 1769 5717 Ecclesia
1788 5683 1933 5732 quae-

340 5725 443 5776 stio
480 5724 593 5787 illa,
645 5725 1183 5801 Deusne__corporeus
1230 5739 1392 5801 esset,
1427 5746 1495 5783 an
1542 5724 1929 5801 incorporeus,

341 5795 589 5850 excitarit
616 5810 629 5849 :
661 5810 824 5870 quam
855 5794 1212 5870 Theophilus,
1242 5800 1332 5865 qui
1378 5794 1523 5853 recte
1553 5794 1930 5870 incorporeum

341 5867 631 5925 sentiebat.
664 5865 731 5920 ab
758 5864 1023 5936 [Egyptiis
1064 5864 1343 5925 monachis
1380 5872 1637 5926 adversus
1669 5864 1791 5930 cum
1835 5891 1929 5930 co-

2033 3330 2285 3385 omnibus
2335 3348 2734 3404 consuescere,
2786 3341 3018 3396 animam
3068 3344 3196 3399 vitio
3236 3360 3441 3403 carere.
3494 3349 3619 3405 Ideo

2028 3420 2261 3493 denique
2292 3424 2550 3482 Dominus
2572 3427 2767 3486 docere
2795 3433 2981 3489 volens
3005 3435 3237 3491 animam
3263 3438 3542 3497 desideriis
3564 3455 3620 3498 et

2034 3514 2403 3585 voluptatibus
2431 3519 2543 3573 suis
2572 3522 2847 3590 resistere,
2882 3525 3131 3582 dicebat:
3159 3526 3360 3585 Intrate
3392 3549 3482 3602 per
3518 3551 3617 3590 an-

2030 3616 2231 3677 gustant
2260 3619 2480 3679 portam,
2511 3612 2632 3681 quia
2662 3614 2765 3669 lata
2793 3625 2864 3671 est
2885 3628 2929 3671 et
2953 3620 3181 3690 spatiosa
3208 3625 3315 3687 via,
3344 3641 3458 3695 qua:
3478 3627 3621 3681 ducit

2030 3699 2099 3751 ad
2151 3712 2363 3755 mortem
2401 3702 2618 3773 (Matth.
2654 3706 2768 3777 7.);
2802 3721 3023 3779 angusta
3059 3721 3239 3770 autem
3268 3724 3323 3771 et
3350 3726 3493 3773 arcta
3536 3721 3620 3774 via

2030 3802 2134 3858 εει,
2172 3808 2291 3861 qua:
2321 3794 2471 3849 ducit
2518 3797 2586 3851 ad
2625 3798 2813 3855 vitam.
2846 3801 2977 3858 Lata
3003 3814 3085 3858 est
3114 3819 3244 3877 ergo
3276 3808 3358 3861 via
3404 3811 3617 3877 animm,

2030 3896 2151 3936 eum
2175 3886 2553 3957 qualicumque
2578 3889 2849 3948 desiderio
2876 3909 2975 3950 suo
3005 3896 3327 3954 satisfecerit
3353 3919 3365 3954 :
3393 3913 3617 3972 angusta

2031 3988 2159 4027 vero
2206 3982 2310 4042 est,
2342 3992 2463 4031 cum
2496 3979 2856 4050 voluptatibus
2912 3987 3024 4040 suis
3062 4000 3340 4059 repugnat.
3392 3993 3615 4049 Multum

2034 4074 2212 4119 tamen
2245 4068 2466 4134 prodest
2497 4069 2563 4123 ad
2587 4070 2702 4126 hare
2729 4072 3017 4130 obtinenda
3049 4082 3310 4135 secretior
3338 4082 3620 4150 habitatio,

2030 4164 2085 4210 et
2114 4160 2454 4214 conversatio
2482 4161 2743 4229 solitaria,
2778 4165 2903 4232 quia
2940 4167 3208 4223 interdum
3258 4186 3351 4239 per
3379 4175 3623 4229 occasio--

2042 4263 2163 4302 nem
2196 4249 2597 4306 adventantium
2644 4254 2889 4323 fratrum,
2922 4266 2976 4313 et
3004 4261 3245 4315 euntium
3290 4277 3353 4317 ac
3383 4267 3619 4322 redeun-

2034 4339 2165 4394 tium
2208 4340 2586 4410 frequentiam,
2634 4347 2972 4404 abstinentiae
3001 4362 3065 4409 et
3086 4355 3425 4420 parsimoniae
3452 4359 3621 4417 frtena

2034 4432 2300 4501 laxantur,
2330 4444 2383 4488 et
2411 4449 2507 4503 per
2537 4436 2843 4505 huiusmodi
2884 4443 3194 4501 occasiones
3245 4448 3456 4505 venitur
3487 4466 3619 4521 pau—

2035 4522 2183 4577 latim
2215 4524 2269 4577 in
2301 4527 2743 4582 consuetudinem
2774 4538 2828 4584 et
2878 4546 3028 4587 usum
3077 4535 3411 4607 deliciarum,
3443 4550 3499 4596 et
3534 4543 3616 4600 sic

1957 4607 2013 4667 D
2035 4613 2301 4671 interdum
2333 4618 2492 4673 etiam
2526 4618 2746 4689 perfecti
2774 4623 2882 4695 jam
2912 4627 3009 4682 viri
3036 4631 3341 4699 capiuntur.
3379 4634 3503 4691 Ideo
3527 4637 3617 4692 de-

2038 4708 2197 4778 nique
2239 4718 2295 4765 et
2339 4709 2506 4767 David
2550 4714 2762 4771 dieebat
2806 4737 2819 4773 :
2861 4719 2995 4775 Ecce
3036 4724 3269 4794 elongavi
3310 4728 3542 4800 fugiens,
3575 4743 3622 4786 et

2035 4804 2202 4857 mansi
2232 4805 2283 4857 in
2305 4802 2599 4861 solitudine.
2628 4808 2999 4881 Exspectabam
3035 4831 3167 4883 eum,
3196 4820 3284 4888 qui
3308 4823 3506 4878 salvum
3543 4842 3624 4880 me

2037 4894 2225 4962 faceret
2248 4913 2273 4949 ε
2301 4899 2491 4965 pusillo
2516 4898 2536 4930 ί
2562 4900 2737 4957 animo
2768 4914 2815 4959 et
2844 4915 3139 4978 tempestate
3168 4911 3341 4984 (Psal.
3370 4914 3512 4987 54.).

2106 5014 2394 5086 Postquam
2433 5024 2613 5073 autem
2660 5019 2900 5092 (Pallad.
2946 5040 3062 5096 cap.
3107 5025 3226 5099 44.)
3265 5029 3431 5085 multa
3465 5032 3621 5088 nobis

2037 5130 2253 5176 sanctus
2280 5120 2515 5179 Joannes
2558 5122 2625 5178 de
2646 5123 2919 5195 jactantia:
2953 5129 3109 5195 vitio,
3153 5130 3380 5202 aliisque
3428 5150 3620 5204 quam-

2037 5214 2281 5283 pluritnis
2311 5216 2514 5272 utiliter
2533 5217 2805 5285 disseruit,
2833 5221 2897 5275 ad
2924 5223 3168 5279 ultiutum
3193 5225 3373 5280 intulit
3394 5226 3580 5282 dicens
3607 5246 3621 5281 :

2039 5306 2293 5363 lietexam
2332 5320 2512 5365 autem
2544 5312 2717 5379 vobis,
2753 5314 2877 5382 quid
2908 5316 3069 5369 etiam
3108 5332 3276 5386 imper
3314 5317 3524 5370 cuidam
3554 5334 3623 5375 ex

2036 5460 2308 5526 euntibus,
2341 5468 2396 5515 et
2421 5479 2582 5516 manu
2608 5462 2742 5517 facta
2778 5466 3167 5528 "tradentibus,
3197 5466 3248 5519 in
3279 5467 3399 5519 vita:
3431 5467 3623 5524 discrio

2038 5547 2159 5583 ttten
2192 5533 2356 5585 venit.
2396 5533 2527 5586 Vide
2557 5551 2672 5600 Quae
2708 5552 2802 5606 nos
2827 5537 2891 5587 ad
2931 5537 3045 5603 ejus
3077 5536 3423 5605 Synodicam,
3456 5548 3621 5606 atque

2036 5602 2161 5655 alibi
2192 5603 2727 5673 I’lierottytnianorutn
2755 5602 2986 5671 Operutn
3013 5602 3131 5657 ltll’l‘lv
3174 5606 3210 5659 Ι.
3244 5602 3620 5665 observamus.

2108 5675 2128 5702 ¹
2172 5675 2245 5726 Ita
2275 5685 2325 5727 et
2357 5673 2732 5744 Augustiniani
2763 5675 2885 5726 olim
2911 5675 3142 5736 codices,
3168 5686 3221 5729 et
3252 5692 3393 5731 nunc
3424 5680 3622 5735 Itonia-

2039 5760 2162 5795 mnn
2216 5760 2428 5812 quoque
2471 5744 2787 5795 Psalterium
2833 5744 3078 5811 prazlert;
3119 5745 3240 5813 alii,
3285 5764 3315 5800 a
3343 5751 3620 5819 pusillani-

2036 5824 2229 5865 ηιτιαιρ.
