4166 6348
575 396 679 450 599

1559 389 1786 450 RUFINI
1828 379 2304 452 AQUILI‘IIENSIS
2342 381 2778 445 PRESBYTER!

3741 396 3843 454 ΗΟ

576 510 831 564 fratribus
861 510 1057 565 nostris
1088 508 1360 573 acciderit,
1392 516 1450 561 ut
1497 508 1761 562 cautiores
1802 519 1898 560 vos
1944 519 2146 577 prtece-
2179 500 2221 558 A
2258 500 2405 569 fecit,
2458 505 2553 560 sed
2600 505 2895 574 desperans
2947 506 3293 577 semetipsum
3346 509 3508 580 (sicut
3553 509 3845 579 Apostolus

578 601 759 656 dentia
790 602 1034 671 exempla
1052 602 1414 657 constituam.

653 715 782 770 Erat
828 715 1040 785 quidam
1089 715 1227 785 apud
1258 728 1354 769 nos
1404 713 1695 768 monachus
1736 712 1793 768 in
1847 711 1948 768 bac
1977 712 2153 766 vicina

578 823 763 864 eremo
795 823 1166 873 conttnanens,
1196 809 1281 863 cui
1323 807 1686 863 habitaculum
1716 806 1968 877 spelunca
1997 818 2110 861 erat
2136 824 2151 860 :

562 904 658 957 Avir
685 917 909 957 summm
939 902 1296 968 abstinentia,
1324 902 1694 972 quotidianum
1726 902 1926 956 victum
1970 900 2155 956 labore

579 1010 830 1048 manuum
860 1009 1127 1064 quaerens,
1159 994 1212 1049 in
1244 994 1577 1053 orationibus
1601 995 1689 1050 diu
1722 1005 1990 1066 noctuque
2035 1009 2158 1065 per-

580 1086 799 1151 sistens,
832 1086 1146 1157 cunctisque
1172 1087 1337 1141 animi
1365 1086 1656 1142 virtutibus
1680 1086 1899 1142 florens.
1930 1084 2035 1143 Sed
2066 1084 2157 1142 hic

574 1180 709 1235 laetis
722 1182 1061 1235 successibus
1074 1180 1268 1242 elatus,
1286 1181 1558 1236 conlidere
1580 1181 1729 1250 quasi
1757 1180 1807 1233 in
1826 1179 2158 1249 profectibus

574 1273 682 1325 suis
704 1270 889 1340 cmpit,‘
929 1281 982 1327 et
1007 1286 1114 1326 non
1152 1272 1262 1327 Deo
1298 1282 1491 1339 tutum,
1515 1272 1608 1327 sed
1653 1270 1973 1341 sibimetipsi
2014 1269 2157 1341 quod

572 1362 916 1432 profecerat,
970 1364 1249 1433 deputare.
1300 1363 1448 1418 llauc
1492 1374 1667 1420 autem
1727 1364 1941 1420 intuens
1991 1362 2155 1418 animi

574 1454 1011 1520 praesumtinuem
1039 1464 1295 1523 tentator,
1319 1455 1575 1511 continuo
1601 1456 1827 1525 accedit,
1854 1464 1908 1511 et
1936 1455 2157 1528 laqueos

572 1554 741 1611 parat.
776 1544 1017 1611 Quadam
1050 1560 1278 1616 namque
1302 1545 1388 1601 die
1415 1546 1480 1601 ad
1520 1562 1823 1616 vesperam,
1858 1545 2007 1616 lingit
2034 1559 2159 1615 spe-

574 1639 705 1692 ciem
737 1637 949 1693 deeorm
991 1637 1229 1693 mulieris
1260 1638 1560 1693 oberrantis
1608 1654 1703 1708 per
1729 1652 1994 1706 eremum,
2037 1652 2157 1707 quae

574 1730 718 1784 velut
741 1730 881 1785 fessa
906 1742 1023 1800 post
1047 1730 1268 1783 nimium
1293 1730 1557 1795 laborem,
1581 1730 1846 1784 accedens
1868 1728 1933 1783 ad
1958 1728 2155 1783 ostium

574 1824 846 1892 speluncae
875 1822 1146 1890 monachi,
1178 1822 1556 1877 lassabundam
1585 1821 1843 1877 simulans
1872 1835 1936 1877 ac
1966 1820 2155 1891 fatiga-

574 1924 704 1979 tam,
758 1913 1083 1969 intrinsecus
1125 1914 1467 1983 semetipsum
1512 1913 1757 1985 proiecit.
1791 1922 1952 1984 atque
1992 1914 2158 1970 advo-

576 2005 687 2060 luta
732 2005 958 2076 genibus
1006 2005 1146 2069 viri,
1190 2014 1245 2059 ut
1291 2005 1375 2060 sui
1421 2007 1744 2060 misereatur
1782 2013 1993 2060 exorat.
2035 2002 2156 2059 Nox

576 2099 719 2153 enim
743 2112 830 2153 me
866 2096 1153 2163 infelicem,
1179 2096 1371 2167 inquit,
1407 2096 1459 2151 in
1481 2111 1665 2152 eremo
1692 2096 1985 2153 latitantem
2011 2111 2159 2151 com-

576 2190 896 2260 prehendit:
919 2190 1049 2258 jube
1098 2203 1182 2243 me
1230 2189 1568 2259 requiescere
1612 2189 1665 2244 in
1708 2189 1903 2258 angulo
1950 2188 2159 2245 cellula:

575 2294 702 2349 tuae,
732 2296 799 2337 ne
824 2281 959 2337 forte
982 2280 1184 2335 efficiar
1206 2282 1481 2335 nocturnis
1528 2281 1714 2335 bestiis
1740 2282 1943 2351 praeda.
1970 2281 2036 2335 At
2067 2280 2160 2365 ille

550 2379 746 2446 ‘primo
786 2374 1147 2431 miserationis
1185 2374 1430 2437 obtentu,
1454 2373 1656 2444 recepit
1696 2389 1817 2430 eam
1850 2375 1988 2428 intra
2033 2388 2159 2444 spe-

562 2471 807 2532 'luncam,
840 2467 1121 2536 requirens
1149 2481 1268 2536 qua:
1303 2466 1461 2535 13o
1488 2467 1537 2520 ei
1586 2480 1777 2520 caussa
1823 2464 2038 2521 errandi
2069 2481 2162 2534 per

550 2575 820 2616 veremum
852 2559 1049 2614 fuerit?
1078 2557 1175 2612 Illa
1205 2571 1451 2613 caussam
1476 2558 1625 2627 fingit
1652 2558 1782 2612 satis
1804 2567 2077 2625 accurate,
2106 2566 2157 2613 et

578 2651 1020 2707 ittterim‘venena
1052 2648 1562 2713 blandimentorum,
1594 2659 1752 2719 atque
1781 2647 2049 2704 illecebrm
2077 2648 2160 2701 vi-

577 2758 690 2810 rus,
722 2757 819 2813 per
846 2756 1062 2797 omnem
1091 2748 1295 2797 textum
1342 2740 1664 2795 narrationis
1694 2741 1985 2809 interserit,
2017 2754 2160 2797 nunc

562 2849 640 2891 se
699 2833 1099 2899 miserandam,
1151 2846 1293 2887 nunc
1347 2833 1506 2886 etiam
1574 2830 1887 2887 defensione
1944 2832 2160 2902 dignam

579 2926 869 2983 ostendens
896 2940 911 2981 :
936 2924 1198 2994 elegantia
1247 2932 1302 2979 et
1339 2924 1602 2979 suavitate
1633 2926 1895 2980 sermonis
1938 2924 2161 2979 inclinat

564 3020 818 3074 animum
832 3018 1085 3083 hominis,
1108 3024 1160 3072 et
1182 3016 1234 3071 iu
1260 3015 1507 3071 affectum
1535 3017 1618 3072 sui
1644 3017 1962 3073 illecebroso
1978 3031 2163 3072 amore

583 3110 835 3167 deflectit.
868 3109 1004 3166 Hinc
1043 3109 1154 3181 jam
1200 3110 1337 3165 inter
1374 3108 1648 3165 blandiore
1678 3110 1975 3181 colloquia,
2002 3111 2161 3179 joeus

582 3206 826 3276 risusque
855 3206 1168 3271 miscentur,
1192 3217 1383 3259 manus
1405 3204 1564 3260 etiam
1593 3220 1790 3275 procax
1820 3205 1886 3259 ad
1919 3213 2159 3260 mentum
2191 3238 2238 3300 ο

584 3300 928 3368 barbamque,
963 3298 1113 3368 quasi
1164 3297 1456 3353 venerandi
1500 3300 1679 3368 specie
1709 3297 2014 3368 protendit,
2049 3306 2161 3352 tum

581 3408 713 3449 vero
744 3392 962 3461 palpare
988 3391 1249 3446 cervicem
1286 3390 1519 3456 mollius,
1550 3390 1852 3461 collumque
1903 3390 2159 3459 levigare.

582 3484 720 3551 Quid
770 3482 981 3538 multa?
1010 3483 1091 3536 Ad
1138 3481 1388 3536 ultimum
1442 3483 1708 3552 captivunt
1760 3481 1909 3536 ducit
1939 3482 2161 3536 militem

583 3577 803 3633 Christi.
826 3576 1093 3631 Continuo
1116 3576 1261 3630 enim
1290 3574 1589 3642 perturbari
1624 3575 1764 3628 intra
1784 3574 2160 3643 semetipsum,

585 3668 639 3728 et
664 3650 903 3726 libidinis
948 3668 1197 3725 fluetibus
1227 3677 1456 3723 aestuare
1483 3670 1676 3737 coepit,
1711 3683 2050 3739 nequaquam
2082 3669 2166 3721 la-

560 3756 776 3819 ’borum
833 3762 1264 3831 prmteritorum,
1316 3776 1649 3831 nequaquam
1708 3761 2058 3830 professionis
2104 3776 2168 3817 ac

563 3856 847 3925 propositi
879 3855 959 3909 sui
991 3868 1217 3908 memor.
1252 3851 1543 3907 l’aciscitur
1570 3868 1690 3907 cum
1723 3852 1900 3907 cordis
1926 3854 2009 3908 sui
2038 3868 2168 3909 con-

562 3948 955 4018 cupiscentia,
996 3954 1053 4001 et
1094 3947 1231 4001 intra
1280 3960 1474 3999 arcana
1522 3944 1905 4014 cogitatiOuum
1950 3960 2166 4000 suarum

586 4040 761 4096 foedus
790 4055 909 4094 cum
940 4039 1070 4093 falsa
1105 4038 1372 4108 voluptate
1400 4038 1692 4104 componit.
1728 4035 1953 4091 Inclinat
1973 4037 2169 4093 stultus

590 4132 761 4186 latera
792 4146 885 4185 sua
906 4170 921 4195 ,
959 4140 1013 4185 et
1042 4129 1273 4184 efficitur
1324 4129 1455 4183 sicut
1486 4145 1641 4198 equus
1682 4139 1727 4183 et
1770 4128 1959 4197 mulus,
1992 4130 2172 4199 quibus

587 4238 690 4275 non
722 4229 794 4276 est
835 4220 1121 4276 intellectus
1160 4220 1330 4290 (Pral.
1363 4219 1498 4291 51.).
1538 4222 1712 4291 Atque
1758 4222 1843 4276 ubi
1888 4223 2172 4278 obscmnos
2258 4266 2261 4269 .

583 4316 691 4384 jam
719 4314 1015 4370 conabatur
1041 4312 1177 4368 inire
1202 4312 1537 4382 complexus,
1579 4313 1663 4366 illa
1706 4313 1961 4367 ululatum
2003 4322 2169 4369 teter-

584 4405 933 4461 rimum‘dirse
952 4404 1095 4460 vocis
1115 4405 1387 4467 emittens,
1414 4403 1597 4457 umbra
1629 4413 1684 4457 ut
1711 4412 1827 4458 erat
1856 4405 2050 4470 tenuis,
2077 4418 2175 4473 per
2276 4436 2453 4491 dulcia
2498 4450 2715 4506 semper
2757 4446 2812 4492 οι
2848 4447 3000 4507 grata
3046 4403 3266 4495 duxisti.

586 4510 781 4553 manus
809 4497 1187 4566 amplectentis
1218 4497 1471 4563 elabitur,
1505 4499 1677 4568 ipsum
1706 4513 1919 4569 quoque
1947 4499 2172 4555 dedeco-

589 4589 732 4643 rosis
772 4588 1007 4641 motibus
1055 4589 1241 4642 inanes
1278 4603 1437 4642 auras
1492 4601 1784 4645 scatentem
1814 4633 1829 4657 ,
1873 4591 2169 4647 fmdissima
2200 4621 2253 4681 Β
2280 4588 2777 4691 ξωάίωωήυίάεηι
2818 4634 2972 4677 suum
3015 4588 3337 4678 c'onve'ﬂens

584 4694 707 4734 cum
762 4677 1012 4732 irrisione
1066 4678 1324 4732 deeruit.
1367 4678 1520 4733 Tunc
1570 4691 1833 4749 praeterea
1883 4685 2171 4737 multitudo

587 4771 890 4825 daemonum
943 4771 995 4822 in
1025 4784 1150 4825 aere
1178 4770 1243 4821 ad
1276 4768 1377 4824 ltoc
1418 4770 1592 4837 ipsum
1636 4772 2000 4838 spectaculum
2032 4786 2173 4827 con-

580 4871 824 4933 gregata,
849 4863 1083 4917 clamore
1111 4863 1340 4933 ingenti,
1365 4877 1485 4917 cum
1516 4865 1782 4919 cachinno
1804 4866 2173 4934 exprobratio-

548 5032 553 5037 ν
584 4956 667 5010 nis
714 4953 864 5009 elato
886 4970 901 5007 :
923 4953 991 5018 Ο,
1022 4954 1308 5023 inquiunt,
1337 4957 1427 5024 qui
1461 4967 1513 5011 te
1544 4971 1713 5026 usque
1752 4958 1817 5012 ad
1848 4959 2038 5013 caelum
2078 4974 2173 5014 ex-

583 5043 836 5109 tollebas,
868 5045 1137 5114 quomodo
1165 5044 1444 5100 demersus
1473 5062 1533 5103 es
1564 5062 1733 5117 usque
1775 5049 1843 5104 ad
1872 5051 2175 5106 infernum?

596 5136 755 5191 Disce
782 5150 932 5204 ergo,
961 5135 1083 5203 quia
1116 5135 1206 5203 qui
1248 5150 1307 5189 se
1333 5137 1542 5191 extollit
1569 5180 1584 5204 ,
1615 5138 1983 5197 humiliabitur
2013 5142 2165 5211 (Luc.

591 5226 682 5282 M.
717 5236 767 5282 et
796 5226 934 5295 18.).
967 5225 1118 5281 Tunc
1144 5226 1236 5280 ille
1267 5227 1411 5282 velut
1438 5243 1624 5285 amens
1654 5230 1899 5297 effectus,
1931 5243 1986 5289 et
2014 5238 2174 5293 dece-

591 5319 790 5391 ptionis
821 5333 934 5374 suae
965 5319 1223 5389 pudorem
1268 5335 1373 5374 non
1416 5320 1621 5388 ferens,
1650 5326 1870 5394 gravius
1900 5341 1930 5381 a
1975 5338 2172 5383 semet-

591 5415 713 5483 ipso
742 5412 1028 5484 decipitur,
1057 5427 1219 5481 quam
1258 5413 1431 5468 fuerat
1473 5430 1503 5469 a
1532 5418 1867 5475 daemonibus
1893 5421 2167 5493 deceptus.

590 5507 724 5561 Cum
748 5506 891 5561 euitn
913 5504 1160 5560 debuerit
1182 5519 1428 5572 reparare
1456 5499 1898 5580 semetipsum,et
1914 5529 2172 5573 renovare

603 5617 901 5672 certamen,
925 5622 988 5661 ac
1014 5605 1385 5661 satisfactione
1413 5608 1516 5673 sui,
1549 5607 1800 5681 lacrymis
1819 5624 1870 5667 et
1893 5612 2170 5673 humilita-

596 5701 669 5755 tis
694 5700 972 5767 fructibus,
1000 5699 1192 5770 prioris
1214 5700 1459 5755 elationis
1477 5702 1687 5773 culpam
1713 5703 1916 5776 delere,
1943 5707 2043 5766 hoc
2065 5727 2171 5766 non

2258 592 2417 665 dixit)
2437 596 2649 649 tradidit
2670 612 2724 651 re
2752 598 2890 650 omni
2913 597 3246 669 impudicitia:
3266 609 3315 653 et
3332 600 3591 669 iniquitati
3618 598 3842 671 (Ephés.

2258 684 2363 756 4.).
2391 685 2691 756 Regressus
2721 696 2804 743 est
2833 687 2976 743 enim
3003 688 3068 743 ad
3100 690 3263 744 vitam
3306 690 3639 753 saecularem,
3668 692 3848 760 praeda

2262 773 2565 830 daemonum
2606 775 2799 831 factus.
2845 776 3058 847 Refugit
3100 794 3329 848 namque
3375 789 3696 849 conspectus
3722 796 3844 836 om-

2261 866 2405 920 nium
2461 874 2795 936 sanctorum,
2844 883 2912 925 ne
2962 869 3083 939 quis
3133 880 3311 939 posset
3364 885 3486 926 eum
3520 871 3842 927 salutaribus

2259 957 2477 1012 monitis
2506 958 2575 1014 de
2602 959 2902 1029 praecipitio
2931 975 3206 1016 revocare.
3243 962 3299 1017 Si
3322 966 3466 1017 enim
3500 962 3731 1017 reddere
3759 976 3843 1017 se-

2260 1051 2542 1121 metipsum
2576 1052 2739 1121 priori
2768 1052 2891 1107 vitae
2919 1054 3260 1111 absﬁneutire
3298 1056 3579 1123 voluisset,
3608 1070 3837 1128 recupe-

2262 1152 2440 1199 rasset
2468 1144 2586 1200 sine
2613 1145 2775 1200 dubio
2799 1155 2854 1201 et
2881 1147 3055 1202 locum
3086 1159 3137 1202 et
3168 1150 3390 1219 gratiam
3420 1163 3595 1203 suam.

2332 1239 2568 1311 Denique
2604 1241 2784 1298 audite
2816 1241 3051 1315 (Pallad.
3081 1262 3195 1313 cap.
3224 1244 3342 1317 45.)
3372 1247 3497 1317 quid
3536 1256 3591 1303 et
3631 1248 3698 1304 de
3738 1248 3847 1304 alio

2259 1330 2377 1384 viro
2417 1340 2627 1400 gestum
2673 1333 2766 1402 sit,
2800 1333 3047 1390 similiter
3090 1335 3307 1407 quidem
3348 1347 3568 1407 tentato,
3600 1340 3695 1395 sed
3739 1356 3843 1395 non

2258 1420 2420 1476 simili
2443 1423 2597 1477 exitu
2627 1425 2934 1487 tentatiouis
2962 1425 3151 1483 effuso.
3171 1426 3293 1483 Fuit
3319 1429 3534 1498 quidam
3560 1431 3643 1485 vir
3669 1432 3721 1487 in
3750 1433 3847 1488 hac

2265 1514 2510 1581 proxima
2542 1514 2791 1583 civitate,
2815 1519 2979 1571 vitam
3012 1518 3374 1590 turpissimam
3406 1536 3501 1592 per
3530 1539 3690 1579 omne
3721 1525 3847 1581 faci-

2259 1618 2360 1660 nus
2386 1603 2609 1672 ducens,
2642 1607 2795 1679 131
2827 1608 2897 1663 ita
2928 1617 2988 1663 ut
3011 1610 3413 1680 opinatissimus
3442 1613 3495 1668 in
3524 1613 3739 1685 flagitiis
3765 1617 3848 1671 ba-

2258 1696 2491 1752 beretur.
2527 1696 2623 1752 Hic
2650 1698 2938 1770 aliquando
2971 1700 3066 1756 Dei
3098 1702 3449 1760 miseratione
3492 1717 3849 1775 compunctus

2258 1786 2325 1841 ad
2369 1788 2740 1857 pmnitcntiam
2785 1795 3136 1861 convertitur,
3169 1804 3223 1849 et
3268 1796 3406 1850 intra
3446 1799 3749 1866 sepulcrum
3791 1812 3849 1855 se

2184 1866 2235 1930 Β
2260 1877 2526 1947 quoddam
2553 1880 2902 1950 concludens,
2955 1883 3193 1951 priorum
3226 1885 3492 1941 scelerum
3526 1887 3848 1957 pollutiones

2264 1968 2625 2041 lacrymarum
2658 1971 2895 2029 fontibus
2923 1973 3182 2046 diluebat,
3210 1976 3401 2033 diebus
3428 1993 3492 2034 ac
3521 1979 3769 2035 noctibus
3794 1981 3848 2036 in

2264 2061 2452 2117 faciem
2485 2072 2816 2132 prostratus,
2847 2074 2897 2121 et
2926 2081 2999 2121 ne
3025 2066 3260 2123 allevare
3287 2069 3502 2138 quidem
3530 2085 3694 2125 ausus
3722 2087 3851 2127 ocu-

2262 2156 2344 2210 los
2374 2156 2444 2211 ad
2474 2156 2690 2224 caelum,
2721 2173 2897 2230 neque
2924 2174 3112 2216 vocem
3149 2162 3418 2231 emittere,
3444 2171 3499 2218 et
3529 2180 3725 2219 nomen
3756 2165 3849 2220 Dei

2263 2250 2564 2319 nominare,
2588 2250 2685 2306 sed
2718 2252 2771 2307 in
2802 2252 2933 2308 solis
2958 2255 3245 2324 gemitibus
3272 2264 3327 2311 et
3352 2256 3563 2313 fletibus
3591 2260 3849 2328 perdura-

2265 2340 2375 2409 bat,
2397 2350 2452 2397 et
2479 2351 2731 2414 tanquam
2753 2344 2941 2401 vivens
2969 2345 3231 2416 sepultus,
3255 2347 3323 2404 de
3350 2347 3558 2404 inferno
3581 2351 3693 2420 jam
3721 2364 3851 2421 quo-

2262 2433 2552 2489 dammodo
2571 2436 2830 2504 mugitum
2856 2437 3033 2492 cordis
3061 2438 3452 2509 gemitumquer
3470 2440 3685 2496 edebat.
3702 2442 3854 2497 Cum

2261 2538 2366 2593 que
2396 2525 2447 2580 in
2479 2524 2563 2581 bis
2592 2527 2771 2595 posito
2801 2542 2866 2583 eo
2895 2530 3193 2598 septimana
3224 2544 3329 2586 una
3359 2518 3661 2598 transisset,
3692 2544 3851 2589 noctu

2265 2613 2489 2669 veniunt
2520 2614 2587 2670 ad
2618 2630 2739 2670 cum
2771 2615 3044 2673 daemones
3089 2618 3144 2673 in
3185 2620 3434 2690 sepulcro
3477 2621 3771 2677 clamantes
3800 2631 3853 2678 et

2262 2704 2505 2761 dicentes
2534 2723 2547 2759 :
2584 2705 2720 2773 Quid
2754 2716 2836 2762 est
2861 2708 3004 2778 quod
3034 2709 3169 2780 agis,
3200 2724 3234 2765 ο
3266 2711 3627 2781 impurissime
3666 2723 3725 2768 et
3766 2714 3854 2768 lla.

2262 2794 2647 2860 eitiosissime?
2696 2796 3052 2869 Posteaquam
3099 2801 3243 2855 omni
3293 2802 3568 2871 spurcitia,
3601 2805 3853 2871 omnique

2264 2885 2573 2955 impuritate
2618 2888 2843 2943 satiatus
2882 2903 2973 2955 es,
3004 2905 3145 2946 nunc
3173 2891 3252 2947 vis
3281 2900 3462 2949 castus
3491 2902 3547 2949 et
3574 2894 3853 2966 religiosus

2264 2977 2591 3046 procedere?
2622 2976 2688 3032 Et
2713 2988 3067 3050 posteaquam
3100 2985 3432 3040 consenuisti
3458 2985 3511 3040 in
3536 2987 3853 3053 sceleribus,

2264 3082 2361 3122 nec
2384 3068 2494 3137 jam
2522 3067 2798 3125 sufficiunt
2829 3072 2975 3128 vires
3015 3072 3081 3129 ad
3121 3073 3361 3131 facinora
3393 3077 3621 3133 delenda
3646 3080 3687 3146 ¹,
3716 3095 3855 3133 nunc

2265 3160 2597 3216 Christianus
2623 3161 2792 3218 videri
2818 3166 2919 3227 vis,
2944 3174 2999 3220 et
3024 3165 3269 3236 pudictts,
3293 3177 3348 3225 et
3376 3172 3681 3239 paenitens?
3704 3173 3855 3241 quasi

2268 3267 2397 3305 vero
2425 3252 2562 3307 alius
2599 3254 2691 3308 tibi
2714 3252 2831 3323 jam
2862 3256 3003 3311 ullus
3034 3258 3201 3327 possit
3228 3260 3345 3315 dari
3388 3261 3539 3317 locus
3581 3264 3774 3318 satiato
3802 3265 3853 3318 in

2268 3344 2453 3413 malis,
2487 3346 2590 3401 nisi
2623 3345 2746 3414 ille,
2779 3349 2870 3419 qui
2901 3349 2994 3405 tibi
3028 3351 3304 3407 nobiscum
3336 3353 3582 3410 debetur.
3615 3355 3763 3413 Unus
3791 3371 3855 3412 ex

2272 3436 2431 3491 nobis
2460 3451 2551 3505 es,
2583 3438 2720 3493 alius
2746 3438 2857 3507 jam
2887 3456 3009 3497 esse
3037 3456 3145 3497 non
3177 3444 3399 3514 poteris.
3430 3444 3562 3502 Redi
3594 3462 3721 3516 ergo
3749 3463 3856 3503 ma-

2266 3528 2371 3595 gis,
2402 3527 2518 3581 redi
2559 3527 2626 3582 ad
2670 3541 2768 3583 nos
2814 3545 2831 3583 :
2878 3537 2934 3585 et
2961 3532 3101 3601 quod
3144 3546 3387 3603 superest
3416 3535 3511 3590 tibi
3544 3545 3775 3607 tempus,
3805 3536 3855 3591 in

2268 3616 2589 3684 perfruenda
2622 3618 2895 3688 voluptate
2935 3636 3042 3699 non
3094 3622 3321 3691 perdas;
3367 3639 3732 3696 praeparemus
3771 3625 3853 3681 af-

2270 3705 2496 3762 fluentes
2526 3706 2778 3776 delicias,
2811 3725 3181 3778 prmparamus
3208 3723 3384 3768 scorta
3417 3716 3781 3784 nobilissima,
3807 3726 3858 3773 et

2270 3806 2460 3853 cuncta
2501 3798 2625 3852 talia
2655 3813 2775 3867 quae
2806 3799 2994 3857 florem
3026 3802 3123 3857 tibi
3154 3805 3361 3872 possint
3389 3820 3643 3873 reparare
3671 3807 3859 3877 gratis-

2271 3889 2425 3944 sima:
2446 3890 2764 3960 iuventutis.
2796 3890 2933 3958 Quid
2979 3894 3321 3963 temetipsum
3352 3895 3505 3950 vanis
3534 3905 3590 3951 et
3617 3897 3859 3952 inanibus

2272 3983 2493 4039 conficis
2533 3984 2901 4040 cruciatibus?
2931 3986 3067 4053 Quid
3110 3988 3447 4058 temetipsum
3482 3997 3609 4044 ante
3651 4003 3859 4060 tempus

2273 4076 2551 4145 suppliciis
2579 4077 2778 4132 tradis?
2801 4078 2940 4145 Quid
2970 4077 3112 4134 enim
3143 4080 3289 4135 aliud
3316 4093 3374 4135 es
3404 4094 3658 4150 passurus
3690 4082 3743 4136 in
3776 4082 3859 4136 in-

2278 4167 2455 4235 terno,
2484 4166 2587 4221 nisi
2619 4167 2720 4222 hoc
2749 4170 2889 4237 quod
2929 4183 3071 4225 nunc
3113 4170 3209 4226 tibi
3251 4170 3349 4240 ipsi
3387 4169 3697 4238 conquiris?
3725 4171 3780 4226 Si
3811 4181 3861 4227 te

2277 4271 2435 4327 paena
2463 4258 2727 4326 delectat,
2758 4268 3010 4328 exspecta
3040 4259 3329 4329 paululum,
3359 4268 3411 4314 et
3442 4259 3684 4315 invenies
3704 4274 3860 4329 para-

2279 4356 2384 4401 tam
2420 4363 2435 4401 :
2468 4361 2610 4402 nunc
2655 4347 2869 4402 interim
2912 4346 3093 4403 fruere
3136 4348 3445 4404 muneribus
3486 4351 3713 4419 nostris,
3744 4365 3862 4420 qua

3296 4438 3421 4494 Haec
3455 4451 3508 4493 et
3557 4438 3861 4509 bujusmodi

2278 4529 2429 4598 plura
2460 4528 2914 4597 exprobrantibus
2941 4531 3043 4597 eis,
3072 4532 3161 4586 ille
3186 4530 3397 4601 jacebat
3423 4531 3733 4598 immobilis,
3764 4546 3862 4587 nec

3370 4622 3437 4677 ad
3475 4637 3590 4691 eos,
3615 4638 3715 4679 nee
3755 4623 3863 4679 ullo

2280 4713 2487 4780 penitus
2514 4726 2762 4768 sermone
2794 4715 3146 4781 respondens.
3171 4714 3412 4785 Cumque
3444 4716 3518 4770 illi
3547 4718 3746 4785 stppius
3774 4731 3862 4771 ea-

2277 4804 2397 4858 dem
2424 4814 2751 4873 repeterent,
2778 4816 2831 4860 et
2859 4806 2960 4861 alia
2992 4807 3227 4871 dutiura,
3255 4823 3352 4863 nec
3381 4809 3470 4865 ille
3500 4810 3720 4864 omnino
3751 4826 3863 4866 mo-

2279 4905 2513 4960 veretur,
2544 4900 2595 4950 in
2630 4899 2864 4953 furorem
2897 4899 3129 4967 prolapsi
3160 4899 3458 4965 daemones,
3493 4901 3581 4954 ubi
3612 4900 3863 4957 viderunt

2278 4985 2437 5039 verba
2467 4989 2769 5052 contemni,
2800 4991 3117 5045 verberibus
3147 5006 3271 5046 eum
3313 4992 3579 5048 conficere
3622 4995 3863 5064 aggressi

2278 5086 2434 5142 sunt,
2474 5079 2764 5148 multisque
2809 5081 3085 5151 suppliciis
3127 5084 3487 5137 excruciatum
3537 5086 3861 5141 seminecem

2280 5170 2630 5241 reliquerunt.
2661 5172 2772 5227 Nec
2819 5182 2993 5228 tamen
3026 5173 3077 5227 in
3112 5182 3191 5228 tot
3221 5174 3486 5242 tantisque
3533 5177 3859 5234 cruciatibus

2279 5262 2481 5319 moveri
2522 5265 2712 5318 saltem
2757 5265 2931 5334 potuit
2973 5265 3112 5329 loco,
3145 5266 3196 5319 in
3238 5281 3344 5334 quo
3385 5265 3646 5323 orationis
3674 5284 3865 5326 caussa

2276 5354 2539 5425 jacuerat.
2588 5354 2811 5409 Postera
2857 5353 2946 5410 die
2990 5355 3205 5423 quidam
3254 5370 3476 5411 suorum
3526 5357 3864 5428 requirentes

2281 5462 2401 5503 eum
2425 5487 2441 5512 ,
2472 5445 2822 5499 humanitatis
2851 5444 3129 5500 dumtaxat
3162 5447 3320 5518 132
3348 5448 3548 5517 gratia,
3582 5444 3864 5506 inveniunt

2280 5540 2453 5609 poenis
2481 5526 2888 5592 incredibilibus
2909 5536 3179 5604 affectum,
3196 5546 3251 5592 et
3271 5553 3515 5593 caussam
3542 5550 3859 5610 percontan-

2281 5639 2384 5696 tes,
2409 5644 2529 5686 cum
2562 5627 2894 5692 didicissent,
2920 5629 3202 5698 rogabant,
3229 5639 3287 5684 ιιι
3313 5645 3458 5685 cura:
3484 5633 3651 5700 gratia
3680 5649 3867 5705 repor-

2282 5722 2381 5777 tari
2406 5737 2465 5779 se
2492 5719 2558 5775 ad
2588 5719 2801 5775 domum
2834 5721 3102 5790 propriam
3135 5730 3427 5790 pateretur.
3450 5722 3712 5793 Abnegat,
3732 5737 3787 5781 et
3812 5727 3865 5780 in

680 5862 693 5889 ³
732 5863 982 5917 fortasse
1027 5860 1208 5919 verius
1229 5865 1505 5940 explenda,
1540 5879 1628 5926 aut
1648 5878 1793 5927 certe
1843 5879 2130 5947 prmposito
2160 5882 2348 5950 inciso,
2380 5879 2692 5949 legendum,
2723 5878 2791 5932 ad
2808 5879 3041 5946 facinora
3063 5877 3307 5947 delenda,
3339 5895 3473 5934 nunc
3517 5878 3855 5939 Christianus.
