2083 3174
171 164 217 194 ιοι

775 158 935 189 HISTORIA
954 157 1199 191 MONAGIIORUM.

1754 159 1810 189 ιοι

171 224 266 252 eodem
287 227 430 259 permanet
449 223 520 251 loco.
536 221 612 250 'l'une
625 227 691 250 vero
704 224 732 248 et
745 207 868 254 sequenti
889 221 967 245 nocte
982 215 1004 244 A
1018 220 1235 248 convertebatur.
1252 220 1292 248 Ad
1307 227 1387 256 quem
1402 220 1500 248 divinat
1513 220 1593 248 etlam
1611 219 1808 252 revelationes,

171 274 324 304 repetentes
352 270 489 297 daemones
517 266 687 303 gravioribus
717 272 778 293 eum
805 262 964 291 verberibus

170 315 337 343 cruciabam.
352 315 405 343 Sed
420 322 470 342 nec
484 313 525 342 sic
537 313 645 349 quidem
660 311 761 340 moveri
776 310 860 338 voluit
880 309 939 337 loco
955 317 962 336 :

169 361 266 390 melius
280 368 343 389 esse
356 361 449 389 dicens
458 381 466 393 .
480 364 595 389 mortem
611 358 717 392 subire,
731 364 810 394 quam
823 356 895 384 ultra
909 355 964 382 dae-

169 407 295 436 monibus
305 406 428 435 obedire.
438 406 527 434 Nihilo
540 406 628 433 minus
640 405 719 433 tertia
731 409 810 432 nocte
821 402 963 431 multitudo

166 455 295 482 convenit
310 454 462 482 daemonum
473 474 482 487 ,
496 457 524 480 et
538 453 638 488 absque
663 452 717 479 ulla
739 451 911 479 miseratione
926 450 961 476 ir-

169 505 278 528 ruentes
293 499 321 527 in
336 507 408 532 eum,
421 499 545 526 onmibus
564 499 650 533 panis
665 498 883 530 cruciatibusque
896 503 957 522 θοι]⁴

169 548 272 576 licium.
285 547 406 583 Cumque
419 547 474 582 jam
490 554 588 581 corpus
603 546 747 573 defecisset
763 546 788 572 in
805 543 943 578 suppliciis
953 564 960 574 ,

169 598 306 622 extremus
320 598 410 620 tatnen
430 593 539 627 spiritus
558 592 706 619 obsis‘ebat
728 591 842 625 imperio
861 591 961 616 danno-

171 648 245 669 num.
262 640 339 675 Quod
355 640 398 668 ubi
414 640 487 674 impii
504 640 687 674 pervidcrunt,
701 640 882 666 exclamantes
897 644 961 663 vom

168 694 264 722 magna
282 695 289 713 :
306 686 415 719 Vicisti.
432 686 568 720 inquiunt,
585 686 689 717 vicisti;
704 690 730 712 et
746 692 807 712 mox
823 686 895 712 velut
909 685 961 712 vir-

169 737 225 760 tute
246 732 361 767 quadam
384 732 487 759 cmlitus
510 731 606 766 fugati,
628 732 779 765 praecipites
802 732 959 763 abscedunt,

168 786 218 806 nec
232 778 301 806 ultra
319 778 461 813 quidquam
478 778 501 804 ei
518 785 573 805 suae
595 778 661 805 artis
682 781 727 804 aut
744 777 853 804 Sceleris
874 777 960 804 inten-

167 825 244 852 dunt.
261 824 321 860 lp=e
344 832 409 852 vero
430 825 561 852 intantum
577 825 719 852 virtutibus
740 824 820 850 animi
837 823 958 858 prob-cit,

169 878 198 900 ct
210 873 244 899 ita
259 876 372 900 ornatus
387 872 508 899 moribus
523 871 634 898 cll'ectus
649 875 704 902 est,
719 878 750 898 ac
768 871 848 898 totius
863 870 959 896 divinze

167 919 258 953 gratia:
271 918 390 953 repletus
408 919 522 951 virtute,
536 922 564 945 ut
584 918 672 945 omnis
694 917 750 944 haec
766 917 839 952 regio
854 916 929 950 quasi
944 923 959 943 e

168 964 234 992 caelo
253 972 314 991 eum
330 964 433 999 lapsum
449 964 569 996 videret,
584 968 611 991 et
626 971 707 990 unum
726 970 785 990 esse
799 970 832 989 ex
848 969 959 988 numero

168 1011 290 1038 crederet
305 1010 481 1044 Angelorum,
498 1017 592 1037 omnes
611 1017 687 1044 paene
708 1009 785 1036 simul
806 1013 886 1042 atque
908 1015 959 1034 uno

169 1063 214 1083 ore
228 1056 348 1083 dicentes
362 1065 369 1082 :
386 1055 449 1083 ch
463 1062 499 1083 est
512 1057 620 1083 mutatio
633 1056 744 1082 dextera:
758 1054 861 1082 Excelst'
875 1054 956 1088 (Psal.

168 1100 345 1135 76.).Quanti
359 1102 482 1137 exemplo
495 1102 616 1137 ejus,qui
628 1102 682 1137 jam
697 1102 856 1135 semetipsos
869 1101 958 1135 despe-

168 1153 305 1182 raverant,
322 1156 416 1177 rursus
438 1149 470 1176 ad
494 1156 569 1183 spem
583 1149 677 1176 salutis
700 1148 818 1183 regressi
841 1152 916 1180 sunt,
933 1151 959 1174 et

167 1193 379 1222 emendationem
395 1194 451 1226 sui,
466 1202 545 1229 quam
560 1195 635 1228 prius
650 1194 874 1228 desperaverant,
889 1201 959 1226 prae-

167 1239 334 1266 sumserunt?
345 1238 444 1273 Quanti
458 1239 635 1266 admiratione
649 1239 719 1274 ejus,
732 1239 766 1267 de
781 1238 905 1273 ipsojam
920 1239 959 1265 in-

168 1284 242 1312 ferno
257 1289 430 1319 peccatorum
453 1285 563 1312 retracti
581 1290 660 1317 sunt,
673 1290 700 1312 et
715 1285 747 1312 ad
764 1286 869 1312 virtutis
885 1285 959 1311 inde-

168 1332 218 1360 lem
235 1333 371 1367 reparati?
387 1332 435 1359 illo
457 1339 571 1366 namque
595 1336 666 1359 tanta
691 1332 875 1359 immutatione
894 1339 958 1359 con-

168 1385 261 1412 verso,
274 1379 400 1407 omnibus
417 1378 506 1406 omnia
522 1378 578 1405 visa
594 1382 656 1405 sunt
672 1378 820 1413 possibilia.
835 1378 892 1405 Non
916 1385 959 1404 so-

168 1424 220 1452 lum
233 1426 303 1453 enim
317 1425 471 1453 emendatio
483 1432 587 1452 morum
604 1425 715 1451 florebat
730 1425 757 1451 in
771 1432 802 1451 eo
815 1429 841 1451 et
856 1431 958 1451 assum-

168 1471 206 1498 lio
219 1471 348 1498 virtutum
359 1492 365 1503 ,
381 1478 474 1498 verum
491 1474 517 1497 et
532 1470 616 1504 gratia
632 1470 678 1498 Dei
695 1470 809 1505 plurima
825 1470 848 1497 ei
863 1471 957 1497 collata

168 1522 218 1545 est.
234 1518 314 1553 Signa
337 1517 409 1544 enim
430 1521 457 1544 et
476 1517 595 1552 prodigia
606 1538 612 1549 ,
629 1525 688 1550 qum
704 1517 737 1544 ab
751 1524 783 1544 eo
799 1517 864 1543 facta
880 1521 958 1549 sunt,

168 1568 293 1598 quantum
309 1563 379 1597 apud
396 1562 536 1589 Dominum
552 1562 661 1589 haberet
676 1562 811 1594 meritum,
824 1562 958 1590 testaban-

167 1612 219 1636 tur.
234 1608 278 1636 Sic
302 1608 439 1636 humilitas
464 1613 492 1635 et
515 1608 655 1635 conversio
681 1607 810 1635 bonorum
836 1609 955 1635 omnium

167 1653 308 1681 materiam
325 1653 428 1688 prmbmt
448 1662 453 1680 :
472 1653 552 1681 elatio
566 1657 592 1680 et
608 1652 777 1687 desperatio,
793 1653 916 1679 intcritus
932 1659 958 1680 et

168 1699 263 1726 mortis
277 1703 317 1726 est
330 1706 433 1727 caussa.

204 1745 245 1772 Ad
261 1744 411 1781 effugienda
426 1753 491 1773 vero
507 1745 627 1779 (Pallad.
641 1754 697 1779 mp.
713 1745 770 1780 46.)
787 1745 904 1779 pericula
920 1745 958 1771 la—

168 1798 280 1825 psuum,
294 1797 319 1819 et
336 1792 546 1826 conquirendum
573 1793 617 1819 Ι)ρί
633 1792 746 1828 gratiam
758 1814 764 1822 ,
780 1797 859 1827 atque
875 1792 957 1827 ipsius

166 1837 312 1865 divinltatis
327 1838 519 1866 evidentiorem
537 1838 660 1866 notitiam
686 1840 858 1872 capiendam,
875 1839 956 1873 pluri—

166 1890 236 1910 mum
252 1884 362 1918 prodest
376 1884 504 1911 secretior
517 1885 697 1917 conversatio,
710 1890 736 1912 et
750 1885 832 1911 cr'mui
848 1885 956 1911 interio-

166 1929 202 1956 ris
217 1929 355 1957 habitatio.
371 1930 446 1963 Quod
461 1937 508 1957 vos
523 1938 575 1957 non
592 1935 644 1956 tam
663 1931 766 1958 \‘Cl‘ilis.
783 1938 860 1965 quam
878 1930 956 1957 rebus

165 1973 231 2008 ipsis
244 1979 271 2002 et
285 1974 418 2008 exemplis
434 1974 529 2001 melius
543 1975 642 2002 docere
659 1980 731 2008 pntn.

201 2018 261 2046 Fuit
275 2019 382 2053 quidam
400 2019 564 2051 monachus,
580 2020 623 2053 qui
641 2020 665 2045 in
689 2020 765 2054 133
781 2028 873 2046 etmno
889 2020 937 2046 hac
948 2042 954 2052 ,

165 2073 223 2100 qua:
246 2074 302 2101 pra:
326 2066 434 2093 caeteris
456 2066 568 2093 interior
592 2071 643 2097 est,
660 2067 805 2093 habitabat.
823 2066 870 2093 llic
892 2067 955 2093 dum

164 2111 253 2146 plures
267 2119 353 2139 annos
368 2112 394 2139 in
409 2111 570 2139 abstinentia
587 2112 766 2145 perdurasset,
776 2116 803 2138 et
815 2116 955 2146 provectus

164 2161 300 2192 tempore,
315 2165 400 2192 prope
421 2165 476 2192 jam
501 2157 534 2184 ad
557 2158 668 2184 senilem
693 2157 809 2195 veni~set
833 2163 953 2190 aetatem,

163 2203 234 2231 omni
248 2204 376 2231 virtutum
392 2203 458 2231 flore
473 2203 630 2237 adornatus,
645 2211 675 2230 ac
691 2204 772 2230 totitn
784 2205 954 2231 continentia:

162 2250 345 2285 magnitudine
359 2250 517 2278 sublimatus
532 2260 537 2276 :
553 2258 611 2277 cum
628 2251 793 2277 Orationibus
807 2254 833 2277 ct
848 2250 952 2284 hymnis

162 2295 252 2323 sedule
265 2295 319 2323 Deo
334 2295 457 2328 serviret,
469 2301 601 2330 tamquam
617 2296 730 2323 emerito
746 2296 822 2322 militi
839 2303 887 2322 suo
900 2296 949 2322 Do-

161 2341 248 2369 minus
264 2342 494 2369 remunerationes
508 2347 594 2377 parat,
610 2347 703 2377 utpote
725 2343 769 2376 qui
792 2343 816 2369 in
839 2350 950 2377 corpore

161 2387 247 2415 adhuc
260 2389 364 2423 positus
374 2409 380 2420 ,
397 2389 517 2416 adinstar
530 2389 692 2424 Angelorum
712 2389 875 2424 incorporete
890 2390 950 2416 vita:

160 2431 314 2468 fungeretur
329 2433 438 2467 ofﬁciis,
450 2438 477 2462 et
490 2434 598 2469 dignum
614 2435 737 2469 judicans
751 2443 883 2463 annonam
900 2444 950 2463 ('33-

160 2478 252 2507 lestem
269 2482 390 2514 prrebere
406 2480 432 2506 in
448 2480 555 2509 deserto
571 2481 613 2513 ei,
631 2482 673 2515 qui
691 2482 823 2509 caelestem
851 2483 947 2517 [iugem

159 2525 334 2560 pervigilibus
351 2527 554 2560 praestolabatur
568 2528 698 2554 excubiis.

193 2570 292 2599 Volens
307 2579 372 2606 ergo
387 2571 457 2599 Deus
471 2571 590 2605 (Pallad.
605 2581 662 2608 cap.
675 2573 731 2608 46.)
748 2575 826 2600 t'tinnt
849 2576 873 2601 in
900 2574 950 2602 hnc

158 2617 256 2644 osculo
272 2625 447 2645 remunerare
461 2618 520 2652 ejus
534 2618 611 2646 ﬁdele
626 2620 803 2654 propositum,
814 2620 846 2647 ad
863 2621 949 2655 provi-

159 2663 255 2691 dentis:
270 2671 327 2691 sum
342 2664 548 2692 sollicitudinem
566 2666 713 2700 quotidiani
728 2667 812 2694 victus
831 2667 888 2701 ejus
904 2675 948 2695 re-

158 2717 232 2740 vocat
244 2718 350 2739 enram.
365 2711 400 2738 Ut
415 2712 486 2739 enim
510 2713 533 2739 ei
555 2713 607 2740 cibi
626 2721 701 2741 usum
723 2715 887 2749 poposcisset
902 2722 948 2741 na-

157 2761 222 2785 tura:
236 2756 395 2790 necessitas,
409 2758 561 2793 ingrediens
571 2761 724 2795 speluncam
740 2770 815 2789 suam
831 2763 949 2790 invenie-

156 2801 199 2830 bat
222 2810 325 2830 mensae
348 2810 445 2837 panem
471 2805 680 2839 superpositum,
698 2807 771 2834 mira:
797 2808 945 2841 suavitatis,

156 2849 269 2884 mirique
284 2848 412 2875 candoris
425 2856 432 2875 :
446 2855 478 2876 ex
495 2857 548 2884 quo
563 2851 690 2885 refectus,
702 2856 730 2880 et
741 2853 840 2888 gratias
851 2853 948 2881 divina:

157 2894 320 2929 praestantia:
334 2893 453 2923 referens
463 2916 475 2930 ,.
486 2902 578 2924 rursus
591 2897 623 2924 ad
641 2898 798 2933 hymnoset
812 2899 950 2928 orationes

977 899 1000 929 Β

1017 266 1162 302 multaeque
1176 267 1210 295 de
1222 267 1316 295 futuris
1331 267 1413 295 rebus
1426 274 1441 294 ι
1456 267 1512 295 Deo
1527 265 1744 301 przentonitiones
1758 266 1808 292 lien

1016 312 1089 341 bant.
1099 313 1131 340 In
1152 314 1192 341 Itis
1213 321 1283 349 ergo-
1293 313 1390 342 talibus
1405 320 1437 341 ac
1451 313 1533 340 tantis
1546 311 1720 348 profectibus
1731 310 1811 346 posi-v

1016 361 1069 391 tus,
1084 360 1145 393 quia
1160 359 1272 395 gloriari
1281 360 1356 395 quasi
1371 359 1406 388 de
1421 358 1524 387 merit's
1538 358 1594 386 suis
1605 356 1695 393 capit,
1710 360 1738 383 et
1753 362 1807 383 (πως

1015 404 1091 433 lestis
1103 406 1225 435 beneﬁcii
1241 415 1338 436 munus
1351 408 1411 435 vita
1426 415 1482 435 suae
1496 406 1613 435 debitum
1629 403 1810 440 dixitzcouti-

1015 458 1069 477 nuo
1081 452 1214 480 subintrat
1226 460 1287 480 eum
1301 461 1384 488 parva
1398 454 1519 489 qumdam
1532 452 1634 481 desidia
1647 451 1740 483 animi,
1750 454 1803 478 tam

1014 503 1107 531 parva,
1122 504 1202 532 quam
1216 505 1267 526 nec
1283 504 1375 534 posset
1389 499 1540 527 advertere.
1556 499 1619 526 Post
1642 497 1700 526 haec
1720 496 1806 524 crevit

1014 541 1102 576 major
1116 543 1294 578 negligentia,
1311 545 1347 572 ita
1362 548 1391 571 ut
1405 544 1505 572 tardior
1517 544 1572 579 jam
1588 543 1661 571 ﬁeret
1676 542 1709 570 ad
1726 543 1805 577 hym-

1014 594 1077 620 nos,
1092 588 1140 616 sed
1156 594 1182 616 et
1197 590 1230 626 ad
1245 590 1393 618 orationem
1409 591 1509 626 pigrius
1523 593 1645 625 surgeret
1669 598 1676 616 :
1703 588 1803 617 Psalmi

1013 641 1119 670 quoque
1142 634 1192 670 ipsi
1206 643 1259 664 non
1273 643 1320 669 ea,
1334 644 1386 672 qua
1400 638 1474 672 prius
1486 637 1620 672 vigilantia
1636 636 1671 664 ab
1686 636 1743 671 ipso
1758 642 1804 662 ca-

1013 685 1154 716 nerentur,
1168 682 1215 710 sed
1231 682 1276 710 ubi
1298 690 1392 717 parum
1407 683 1470 718 quid
1485 683 1633 711 exhibitum
1651 682 1745 710 fuisset
1759 688 1805 708 so-

1013 727 1052 755 liti
1067 728 1224 761 ministerii,
1240 729 1329 757 anima
1351 729 1427 764 ejus,
1442 730 1519 764 quasi
1539 729 1622 757 nimio
1637 729 1728 757 labore
1742 728 1803 755 fati-

1011 778 1082 809 gata,
1094 775 1267 810 requiescere
1282 776 1443 805 festinabat:
1458 776 1519 811 quia
1534 782 1629 803 sensus
1642 774 1700 809 ejus
1715 780 1804 809 repro-

1012 820 1063 848 bus
1077 821 1201 854 elfectus,
1210 822 1244 850 de
1256 822 1458 851 sublimioribus
1470 822 1503 849 ad
1519 821 1645 850 inferiora
1659 820 1802 854 ceciderat,

1012 871 1039 895 et
1054 869 1233 904 cogitationes
1252 877 1308 898 suae
1330 877 1380 905 per
1393 870 1496 898 diversa
1516 877 1577 897 eum
1599 868 1746 903 praecipitia
1761 875 1804 894 ra-

1014 913 1131 948 piebant.
1148 915 1213 942 Erat
1234 915 1305 943 enim
1327 915 1382 950 jam
1406 915 1433 943 in
1457 914 1540 942 corde
1559 914 1618 949 ejus
1639 912 1802 941 clandestina

1012 960 1134 995 quaedam
1150 961 1234 996 turpis
1250 969 1281 989 ac
1295 961 1409 990 nefanda
1429 961 1568 996 cogitatio,
1582 959 1749 989 consuetudo
1764 964 1804 986 ta-

1012 1013 1074 1034 men
1096 1008 1185 1042 prior;
1200 1008 1274 1036 velut
1289 1008 1311 1035 si
1327 1008 1457 1036 decursus
1478 1014 1569 1042 aqum,
1586 1007 1666 1035 etiam
1680 1010 1804 1034 cessante

1012 1054 1135 1089 remigio,
1150 1054 1237 1083 adhuc
1251 1056 1341 1090 priore
1355 1056 1455 1090 impetu
1470 1054 1604 1089 navigium
1621 1053 1688 1081 ferat
1704 1060 1710 1079 :
1727 1053 1762 1079 ita
1777 1055 1804 1078 et

1014 1104 1092 1128 vetus
1107 1101 1240 1129 institutio
1260 1102 1293 1128 ad
1314 1105 1442 1129 consueta
1461 1101 1596 1128 hominem
1610 1099 1698 1128 ofﬁcia
1714 1098 1804 1126 trahe-

1012 1146 1066 1173 bat.
1080 1146 1121 1174 0b
1134 1154 1213 1182 quam
1229 1154 1352 1175 caussam
1373 1152 1400 1175 et
1423 1152 1498 1175 stare
1516 1146 1604 1175 adhuc
1623 1146 1650 1173 in
1668 1152 1718 1173 suo
1732 1148 1804 1172 statu

1013 1192 1161 1221 videbatur.
1177 1194 1225 1221 Hic
1240 1201 1304 1229 ergo
1317 1202 1378 1222 cum
1394 1198 1456 1230 post
1470 1194 1605 1221 orationes
1619 1192 1709 1221 cibum
1724 1190 1803 1219 solito

1012 1240 1170 1274 requisisset
1192 1241 1224 1268 ad
1248 1248 1401 1276 vesperam,
1419 1241 1555 1276 ingressus
1576 1241 1663 1268 locum
1686 1246 1759 1269 eum.
1776 1237 1804 1266 in

1012 1294 1065 1321 quo
1085 1287 1159 1315 refici
1183 1287 1263 1324 135.
1285 1293 1471 1321 consueverat,
1485 1287 1588 1326 invenit
1607 1286 1687 1314 solito
1708 1292 1803 1319 panem

1012 1341 1115 1362 mensae
1130 1335 1346 1369 superpositum,
1359 1342 1391 1362 ex
1407 1341 1460 1370 quo
1477 1334 1592 1362 refectus
1602 1354 1609 1367 ,
1626 1333 1690 1360 nihil
1706 1332 1740 1360 de
1754 1339 1804 1359 eo-

1012 1388 1071 1408 rum
1084 1388 1145 1416 que
1160 1381 1186 1408 in
1201 1381 1287 1409 corde
1298 1389 1347 1408 suo
1361 1381 1547 1413 versabantur.
1558 1378 1746 1408 emendatione
1757 1385 1803 1406 cu-

1012 1427 1092 1461 ravit,
1108 1435 1195 1462 neque
1210 1428 1407 1456 immutationis
1419 1435 1475 1455 sua:
1487 1427 1585 1455 damna
1600 1426 1744 1462 persensit,
1756 1424 1803 1453 sed

1011 1478 1183 1508 spernentem
1197 1480 1227 1501 se
1241 1474 1361 1507 minima,
1376 1473 1501 1508 paulatim
1519 1480 1643 1501 casurum
1657 1479 1710 1499 non
1727 1471 1805 1499 intel-

1013 1518 1087 1546 lexit.
1105 1518 1226 1552 Interea,
1238 1526 1298 1546 cum
1313 1520 1386 1554 gravi
1403 1518 1459 1553 jam
1480 1518 1599 1545 libidinis
1613 1516 1737 1545 incendio
1755 1517 1804 1545 sti+

1013 1564 1172 1598 mularetur,
1188 1568 1216 1593 et
1237 1565 1417 1592 inflammatus
1433 1564 1503 1599 turpi
1518 1563 1737 1599 concupiscentia
1760 1569 1803 1590 ra‘

1012 1614 1120 1646 peretur
1133 1618 1227 1638 rursus
1241 1610 1274 1638 ad
1289 1611 1427 1643 steculum,
1442 1610 1488 1637 illa
1504 1609 1612 1637 interim
1626 1609 1670 1636 die
1683 1607 1804 1636 cohibuit

1010 1664 1055 1690 se;
1064 1660 1092 1685 et
1105 1656 1182 1684 solita
1199 1656 1361 1691 hymnorum
1383 1661 1410 1684 et
1430 1655 1581 1683 orationum
1603 1653 1752 1682 ministeria
1766 1660 1802 1681 ex

1011 1709 1085 1730 more
1100 1701 1246 1737 persolvit,
1260 1706 1341 1737 atque
1356 1702 1508 1736 ingressus,
1523 1705 1554 1728 ut
1567 1700 1656 1728 cibum
1670 1703 1802 1733 sumeret;

1010 1754 1106 1783 pauem
1121 1747 1229 1782 quidem
1246 1747 1347 1775 invenit
1361 1754 1461 1776 mensae
1472 1746 1680 1782 superpositum,
1691 1744 1740 1773 sed
1752 1744 1800 1772 ali-

1010 1794 1141 1829 quantulo
1155 1793 1346 1824 sordidiorem.
1361 1793 1515 1822 Admiratus
1528 1797 1587 1827 est,
1598 1796 1626 1820 et
1640 1792 1723 1820 tristis
1736 1789 1800 1819 επε-

1010 1845 1069 1870 ctus
1091 1851 1098 1868 :
1121 1840 1261 1869 intellexit
1283 1841 1365 1875 enim,
1381 1840 1452 1876 quod
1475 1840 1561 1876 ipsum
1586 1839 1730 1874 respiceret
1751 1837 1801 1864 hoc

1009 1895 1093 1924 genus
1106 1887 1221 1916 monstri
1239 1897 1245 1915 :
1262 1892 1351 1915 tamen
1367 1887 1426 1915 cibo
1439 1890 1528 1915 sumta
1542 1886 1657 1914 refectus
1671 1887 1723 1913 est.
1738 1883 1800 1912 Post

1009 1934 1080 1963 diem
1095 1935 1203 1962 tertium
1218 1934 1358 1970 lriplicatis
1372 1934 1459 1969 urgeri
1474 1932 1590 1961 stimulis
1604 1931 1685 1966 coepit
1700 1940 1707 1958 :
1722 1937 1800 1958 occu-

1009 1983 1119 2013 paverat
1138 1979 1208 2008 enim
1232 1979 1410 2015 cogitationes
1429 1978 1487 2013 ejus
1502 1977 1577 2013 quasi
1590 1977 1645 2012 jam
1660 1974 1799 2010 praesentis

1008 2030 1034 2054 et
1049 2033 1140 2055 secum
1159 2026 1266 2060 positae,
1281 2032 1427 2059 secumque
1442 2022 1623 2052 accumbentis
1637 2022 1725 2056 imago
1738 2028 1803 2047 mu~

1009 2072 1094 2105 lieris,
1106 2079 1184 2106 quam
1199 2075 1227 2099 et
1239 2070 1381 2105 complecti
1395 2069 1444 2097 sibi
1458 2069 1607 2099 videbatur,
1619 2071 1646 2093 et
1659 2066 1693 2092 ad
1708 2070 1799 2099 turpes

1008 2126 1071 2146 usus
1087 2118 1187 2146 habere
1201 2117 1376 2145 substratam.
1387 2115 1621 2143 Processit-tamen
1635 2117 1663 2140 et
1675 2111 1798 2146 sequenti

1007 2164 1051 2192 die
1067 2163 1099 2192 ad
1117 2163 1196 2191 solita
1216 2162 1347 2197 psallendi
1368 2165 1395 2189 et
1416 2160 1509 2188 orandi
1530 2159 1628 2191 oflicia,
1643 2157 1691 2185 sed
1709 2157 1800 2184 stabat

1008 2217 1089 2246 vagus
1104 2209 1189 2237 oculis
1199 2230 1206 2242 ,
1221 2213 1249 2237 et
1268 2212 1359 2237 mente
1373 2206 1504 2242 captivus.
1520 2206 1639 2239 Cumque
1658 2203 1738 2232 solito
1758 2204 1798 2231 in-

1007 2263 1114 2291 gressus
1126 2254 1159 2282 ad
1173 2261 1314 2289 vesperam
1333 2253 1485 2288 requireret
1504 2251 1593 2279 cibum
1603 2271 1611 2284 ,
1626 2257 1722 2285 panem
1737 2249 1799 2284 qui-

1006 2302 1067 2328 dem
1092 2300 1196 2328 iuvenit
1214 2306 1296 2334 super
1317 2304 1449 2330 mensam,
1464 2296 1510 2325 sed
1532 2295 1745 2324 sordidissimum
1765 2302 1800 2322 ac

1005 2346 1199 2379 aridissimum,
1210 2349 1238 2373 et
1248 2344 1323 2380 quasi
1340 2351 1355 2371 a
1370 2343 1490 2371 muribus
1501 2342 1543 2370 vel
1555 2341 1667 2369 canibus
1680 2340 1797 2376 untdique

1005 2400 1156 2423 corrosum.
1167 2392 1243 2420 'l‘unc
1259 2391 1304 2419 ille
1320 2394 1349 2418 ut
1362 2390 1414 2417 hoc
1428 2389 1503 2423 vidit,
1515 2387 1655 2423 ingemuit,
1668 2390 1696 2415 et
1709 2386 1800 2422 lacry-

1005 2447 1062 2467 mas
1075 2438 1154 2472 fudit,
1165 2438 1213 2467 sed
1228 2445 1282 2466 non
1296 2436 1333 2465 ita
1348 2444 1381 2465 ex
1393 2436 1487 2469 corde,
1501 2442 1551 2463 nec
1565 2434 1601 2462 ita
1617 2434 1725 2468 uberes,
1735 2441 1801 2469 qua:

1005 2489 1114 2521 possent
1134 2484 1269 2512 ﬂammam
1292 2483 1359 2511 tanti
1381 2482 1449 2518 ignis
1468 2482 1634 2517 extinguere.
1653 2480 1801 2509 Verumta-

1004 2540 1065 2559 men
1080 2531 1161 2559 sumit
1175 2530 1264 2559 cibum
1276 2551 1283 2563 ,
1299 2529 1347 2558 sed
1363 2535 1450 2564 neque
1464 2533 1592 2564 quantum
1608 2527 1731 2560 volebat,
1749 2532 1799 2554 ne-

1002 2584 1055 2613 que
1068 2576 1174 2612 qualem
1189 2576 1293 2604 solebat
1308 2584 1315 2602 :
1331 2582 1392 2603 cum
1415 2574 1521 2602 interim
1542 2572 1717 2610 cogitationes
1733 2579 1765 2600 eu
1772 2580 1798 2600 m

1004 2628 1132 2658 tanquam
1144 2621 1244 2650 cohors
1258 2621 1396 2649 barbarica
1410 2619 1526 2654 undique
1536 2618 1750 2650 circumvallant,
1770 2622 1798 2643 et

1002 2669 1075 2697 omni
1096 2676 1129 2696 ex
1151 2672 1228 2704 parte
1249 2668 1276 2695 in
1297 2674 1358 2695 eum
1381 2666 1433 2694 tela
1449 2665 1612 2701 jaculantur,
1626 2670 1657 2691 ac
1671 2663 1795 2690 vinetum

1002 2715 1190 2748 captivumque
1204 2720 1266 2741 eum
1282 2713 1314 2739 ad
1330 2712 1458 2740 saeculum
1474 2710 1625 2739 retrahunt.
1639 2709 1797 2743 Exsurgens

1001 2768 1077 2796 ergo,
1088 2760 1171 2795 ctepit
1185 2760 1237 2788 iter
1249 2766 1330 2794 agere
1345 2762 1425 2786 noctu
1440 2764 1487 2791 per
1499 2762 1630 2787 eremum,
1640 2759 1669 2782 et
1679 2754 1793 2782 tendere

1000 2807 1034 2835 ad
1046 2806 1183 2835 civitatem
1201 2814 1208 2833 :
1224 2805 1272 2833 sed
1286 2805 1331 2832 ubi
1345 2804 1403 2832 dies
1417 2802 1487 2830 facta
1503 2805 1556 2834 est,
1569 2800 1665 2828 civitas
1678 2800 1789 2836 quidem

1000 2854 1079 2889 longe
1093 2852 1182 2881 adhuc
1194 2853 1297 2880 aberat.
1312 2849 1371 2884 Ipse
1383 2855 1448 2876 vero
1460 2854 1521 2875 cum
1534 2845 1707 2881 rapidissimo
1719 2850 1788 2874 testu

999 2901 1173 2936 coqueretur,
1182 2900 1211 2927 et
1224 2896 1380 2931 fatigaretur
1393 2893 1420 2922 in
1435 2899 1537 2928 eremo,
1550 2891 1668 2928 undique
1679 2899 1800 2929 versus,_
