4166 6348
538 303 645 358 405

1539 304 1765 359 RUFINI
1809 297 2290 370 AQUILEIENSIS
2334 300 2750 358 PRESBYTER]

3726 307 3829 364 404

536 414 885 471 considerare
910 414 1081 470 oculis
1104 414 1271 483 carpit
1301 422 1355 468 et
1386 414 1683 483 requirere,
1708 413 1875 468 sicubi
1903 415 2124 469 essetin
2157 414 2205 474 A
2228 411 2465 481 jusmoJi
2507 414 2751 481 exempla
2781 414 2969 470 dicens
2990 455 3003 479 ,
3053 425 3113 470 ut
3159 418 3429 474 cautiores
3479 422 3636 487 sitis,
3693 438 3761 479 ne
3794 441 3824 480 a

537 507 717 562 vicino
762 508 1151 563 monasterium
1189 524 1203 561 :
1236 515 1440 561 etcum
1486 506 1863 573 conSpexisset
1905 506 2127 560 fratrum

539 605 876 670 quorundam
908 600 1463 667 cellulamptendebat
1491 600 1638 663 illuc,
1666 609 1726 652 ut
1752 598 1891 669 apud
1921 613 2015 655 eos
2044 615 2133 654 re-

543 696 849 766 quiesceret
884 714 899 751 :
930 710 1089 767 quem
1137 695 1228 749 tibi
1268 694 1462 747 adesse
1502 701 1790 748 senserunt
1834 692 1976 747 servi
2019 692 2132 757 Dei,

541 787 804 842 continuo
856 795 1181 856 procurrunt
1223 784 1494 840 inobviam
1521 826 1538 851 ,
1580 792 1635 839 et
1680 784 1828 840 velut
1874 782 2134 853 Angelum

544 878 641 934 Dei
692 878 1317 951 cxcipientes,adorant,
1368 875 1535 945 pedes
1576 876 1774 941 lavant,
1818 874 1885 929 ad
1932 876 2135 929 oratio-

541 986 666 1026 nem
726 972 974 1038 invitant,
1013 985 1252 1025 mensam
1313 977 1553 1039 ponunt,
1600 979 1760 1037 atque
1816 966 1993 1021 omnia
2051 980 2138 1021 se-

545 1062 778 1116 cundum
852 1061 1092 1116 divinum
1172 1061 1482 1118 mandatum
1562 1058 1837 1129 complent
1899 1057 2136 1113 caritatis

545 1154 699 1225 135
747 1152 943 1209 ofﬁcia.
1000 1154 1191 1209 Verum
1221 1154 1308 1211 ubi
1352 1157 1585 1209 relectus
1613 1163 1718 1220 eSI,
1755 1161 1813 1207 et
1860 1149 2134 1221 paululum

543 1249 837 1320 requievit,
866 1267 935 1305 ex
978 1266 1131 1307 more
1170 1252 1324 1321 quasi
1371 1251 1438 1304 ab
1468 1248 1842 1305 eruditissimo
1867 1255 1922 1302 et
1949 1244 2138 1315 Opina-

544 1343 759 1398 tissimo
802 1354 954 1414 patre
1005 1356 1287 1414 creperum
1318 1344 1541 1398 verbum
1572 1341 1943 1397 acditicationis
1971 1353 2140 1407 espe-

538 1446 687 1505 tere,
728 1452 791 1493 ac
839 1438 1040 1493 monita
1073 1437 1266 1491 salutis
1318 1436 1614 1505 inquirere.
1670 1436 2139 1502 lnterrogaverunt

540 1546 754 1599 quoque
779 1547 941 1597 eum,
993 1530 1265 1600 quomodo
1294 1530 1415 1597 quis
1452 1528 1650 1584 diaboli
1704 1528 1923 1597 laqueos
1974 1523 2141 1593 possit

542 1622 817 1691 effugeie,
851 1633 946 1677 aut
982 1625 1029 1677 si
1063 1622 1280 1692 quando
1310 1632 1493 1690 turpes
1516 1620 1762 1689 injecerit
1791 1618 1969 1672 animo
1997 1614 2140 1684 cogi-

546 1717 805 1783 tationes,
831 1716 1105 1786 quomodo
1131 1716 1327 1785 depelli
1351 1714 1561 1785 possint
1587 1722 1643 1769 et
1663 1712 1838 1782 abjici.
1864 1709 1998 1765 Tum
2027 1709 2137 1775 ille,

2236 506 2570 561 daemonibus
2611 506 2667 560 in
2697 505 3082 577 cogitationum
3132 510 3428 567 subtilitate
3469 513 3823 571 seducamini.

2238 597 2533 667 Propterea
2563 598 2707 653 enim
2740 608 2795 654 et
2824 599 2993 653 forma
3027 600 3331 671 hujusmodi
3365 605 3504 659 inter
3525 608 3821 663 monachos

2236 689 2580 757 observatur,
2614 698 2672 745 ut
2706 691 2752 745 si
2778 694 2899 762 quis
2929 694 2994 750 ad
3029 708 3124 749 eos
3154 699 3333 752 veniat
3360 697 3473 753 sive
3504 699 3585 753 vir
3609 701 3700 756 ille
3729 716 3822 757 seu

2237 783 2432 839 mulier
2459 786 2553 851 sit,
2586 784 2701 841 sive
2730 801 2895 841 senex
2923 788 3037 842 sive
3056 789 3299 857 juvenis,
3331 792 3445 847 sive
3467 793 3682 862 ignotus
3711 796 3825 851 sive

2239 883 2418 941 notus,
2452 885 2575 932 ante
2618 877 2801 932 omnia
2841 888 2898 933 ut
2926 882 3098 935 oratio
3129 881 3253 950 fiat,
3297 896 3354 939 ut
3386 899 3584 942 nomen
3615 888 3825 944 Domini

2239 966 2517 1023 invocetur
2546 987 2560 1021 :
2591 970 2712 1038 quia
2743 971 2788 1025 si
2814 970 2963 1025 fuerit
2994 973 3168 1042 aliqua
3202 976 3601 1034 transformatio
3629 980 3829 1036 daemo-

2240 1061 2349 1125 nis,
2381 1061 2637 1116 continuo
2667 1064 2910 1118 oratione
2940 1063 3095 1129 facta,
3122 1064 3386 1137 ditiugiet.
3416 1068 3476 1125 Si
3502 1086 3630 1128 vero
3660 1088 3713 1128 in
3737 1090 3825 1128 co-

2238 1153 2496 1223 gitatione
2526 1164 2703 1209 vestra
2740 1156 3108 1226 suggesserim
3152 1159 3252 1228 ipsi
3279 1161 3555 1219 daemones
3585 1164 3786 1234 aliquid
3807 1208 3819 1232 ,

2240 1247 2381 1302 unde
2409 1248 2615 1304 laudari
2637 1248 2879 1305 debeatis
2901 1259 2956 1305 et
2978 1252 3189 1319 extolli,
3209 1269 3313 1308 non
3332 1258 3697 1325 acquiescatis
3721 1263 3819 1327 eis,

2240 1343 2333 1395 sed
2360 1350 2484 1396 tunc
2524 1344 2691 1412 magis
2717 1345 3076 1413 vosmetipsos
3122 1346 3401 1405 humiliate
3442 1351 3492 1405 in
3533 1367 3822 1422 conspectu

2242 1434 2476 1500 Domini,
2509 1443 2564 1489 et
2594 1449 2692 1504 pro
2718 1435 2885 1489 nihilo
2914 1436 3094 1491 ducite
3114 1480 3129 1501 ,
3160 1453 3281 1494 cum
3323 1442 3474 1497 vobis
3513 1444 3590 1499 illi
3623 1446 3820 1516 aliquid

2240 1527 2307 1583 de
2332 1528 2586 1583 sectanda
2620 1529 2775 1584 laude
2819 1532 3203 1600 suggesserim.
3242 1534 3482 1605 Denique
3531 1538 3695 1594 etiam
3728 1558 3813 1596 me

2242 1617 2555 1690 frequenter
2593 1621 2871 1677 dzemoues
2902 1624 3151 1678 noctibus
3180 1626 3538 1697 seduxerunt,
3570 1640 3627 1686 et
3658 1650 3827 1701 neque

2242 1727 2440 1782 orare,
2486 1729 2658 1785 neque
2705 1715 3046 1785 requiescere
3096 1720 3485 1785 permiserunt,
3520 1723 3828 1791 pliantasias

548 1816 608 1862 ut
637 1809 952 1877 compulsus
999 1819 1079 1863 cst
1126 1809 1325 1862 monita
1376 1806 1628 1860 fratribus
1676 1804 1835 1869 dare,
1879 1811 1932 1857 et
1953 1799 2139 1856 salutis
2170 1799 2215 1858 Β
2244 1807 2501 1874 quasdam
2534 1822 2629 1876 per
2660 1817 2873 1863 noctem
2906 1817 3069 1863 totam
3121 1811 3376 1866 sensibus
3408 1816 3539 1869 meis
3587 1828 3644 1871 et
3684 1821 3825 1887 cogi-

542 1915 638 1954 eos
680 1902 821 1955 viam
866 1900 1092 1964 docere,
1138 1915 1200 1954 ac
1240 1900 1308 1954 de
1354 1898 1563 1954 insidiis
1619 1898 1925 1952 daemonum
1983 1893 2137 1964 (quas

542 1992 715 2046 servis
748 1992 843 2047 Dei
874 1991 1183 2060 intendunt)
1210 1990 1384 2045 facere
1406 2002 1710 2045 sermonem
1730 2027 1744 2052 ,
1776 1987 1897 2041 illos
1924 1983 2135 2053 quidem

543 2081 699 2149 plene
722 2092 776 2138 et
798 2082 1130 2138 sulficienter
1162 2082 1413 2147 edocuit,
1464 2080 1562 2135 sibi
1593 2094 1720 2134 vero
1759 2076 1860 2147 ipsi
1891 2074 2138 2131 stimulos

542 2174 973 2243 eompunctionis
1003 2173 1275 2238 incendit,
1308 2180 1365 2229 et
1398 2172 1451 2228 in
1482 2172 1827 2241 semetipsum
1861 2180 2139 2237 regressus

542 2270 654 2324 ait:
688 2268 969 2336 Quomodo
999 2282 1099 2340 ego
1147 2266 1283 2322 alios
1314 2280 1545 2332 moneo,
1596 2273 1649 2320 et
1696 2264 1816 2333 ipse
1857 2259 2137 2329 decipior?

522 2374 634 2418 ,ant
674 2364 947 2432 quomodo
969 2363 1103 2419 alios
1132 2363 1368 2432 corrigo,
1399 2362 1488 2431 qui
1524 2363 1786 2431 meipsum
1814 2375 1921 2414 non
1953 2372 2137 2414 emen-

542 2458 654 2511 do?
685 2457 797 2527 Age
824 2472 984 2527 ergo,
1036 2456 1231 2520 miser,
1267 2455 1428 2509 facito
1463 2456 1579 2523 ipse
1605 2454 1770 2520 prior,
1806 2466 1928 2521 qua:
1958 2450 2138 2505 facere

543 2549 682 2604 alios
712 2550 896 2604 doces.
932 2548 1173 2625 Cumque
1203 2545 1509 2616 hujusmodi
1542 2544 2001 2615 increpationibus
2025 2552 2139 2597 ute-

544 2649 695 2696 retur
718 2640 982 2695 adversus
1010 2640 1393 2708 semetipsum,
1428 2648 1481 2693 et
1510 2637 1867 2693 intellexisset
1896 2650 1955 2690 se
1979 2636 2137 2691 mise-

544 2731 791 2787 rabiliter
820 2732 1260 2801 supplantatum,
1293 2731 1599 2786 valedicens
1645 2730 1928 2796 fratribUS,
1960 2728 2134 2782 conti-

545 2840 655 2880 nuo
698 2840 759 2880 se
800 2826 1139 2895 rapidissimo
1188 2840 1349 2881 cursu
1396 2827 1448 2879 in
1492 2840 1732 2881 eremum
1764 2823 1943 2879 dedit.
1992 2835 2045 2879 et
2070 2824 2135 2878 ad

544 2916 855 2984 speluncam
887 2918 955 2972 de
979 2933 1083 2985 qua
1105 2918 1430 2973 discesserat
1470 2916 1660 2972 rediit:
1700 2926 2050 2985 prosternens
2078 2929 2137 2969 se

546 3007 773 3063 Domino
818 3010 869 3063 iu
897 3012 1163 3074 oratiotie,
1195 3011 1379 3065 dicens
1413 3029 1424 3063 :
1472 3009 1591 3063 Nisi
1628 3008 1878 3063 Dominus
1906 3010 2137 3081 adjuvis-

545 3111 619 3155 set
668 3118 765 3169 me,
797 3102 1127 3173 paulominus
1168 3104 1441 3156 habitasset
1491 3103 1543 3156 in
1572 3102 1779 3171 inferno
1807 3102 1981 3155 anima
2023 3117 2136 3154 mea

2245 1899 2475 1953 lationes
2500 1908 2872 1968 suggerentes.
2908 1901 3063 1957 Mane
3115 1918 3243 1957 vero
3274 1904 3417 1959 velut
3443 1922 3568 1961 cum
3597 1911 3824 1978 quadam

2242 1990 2521 2056 illusione,
2558 1992 2970 2058 prosternebant
3011 2007 3070 2047 se
3111 2004 3237 2049 ante
3283 2012 3369 2051 me
3411 1997 3497 2053 dic
3535 2008 3693 2055 ntes:
3743 1999 3824 2053 lu-

2242 2081 2399 2150 dulge
2424 2082 2609 2148 nobis,
2638 2082 2949 2152 Abba,quia
2970 2082 3207 2139 laborem
3242 2086 3335 2142 tibi
3367 2088 3689 2147 incussimus
3716 2102 3821 2147 tota

2244 2178 2421 2221 nocte.
2474 2168 2584 2236 Ego
2632 2184 2765 2223 vero
2794 2170 3049 2239 respondi
3080 2172 3144 2224 ad
3176 2187 3306 2227 eos:
3361 2174 3623 2231 Discedite
3668 2196 3700 2232 a
3748 2196 3825 2234 me

2241 2275 2413 2314 omnes
2439 2262 2527 2329 qui
2564 2262 2849 2332 aperamini
2900 2265 3221 2333 iniquitatem
3252 2268 3420 2337 (Psal.
3456 2269 3575 2342 6.),
3625 2283 3682 2328 et
3721 2291 3825 2332 non

2242 2354 2455 2407 tentetis
2476 2368 2686 2408 servum
2718 2355 2952 2411 Domini.
2982 2358 3047 2411 Et
3068 2373 3162 2412 vos
3185 2375 3313 2430 ergo
3333 2402 3346 2425 ,
3383 2362 3553 2430 filioli,
3584 2369 3820 2432 quietem

2241 2447 2619 2516 silentiumque
2642 2448 2869 2517 diligite,
2893 2458 2949 2503 et
2970 2450 3211 2506 scientia:
3238 2467 3458 2522 Operam
3489 2455 3634 2514 date.
3664 2470 3823 2527 atque

2240 2548 2489 2595 exercete
2519 2540 2905 2609 vosmetipsos,
2942 2552 2997 2597 ut
3031 2540 3294 2611 frequenti
3341 2546 3627 2603 collatione
3674 2567 3824 2605 men-

2244 2641 2347 2684 tem
2380 2640 2610 2685 vestram
2663 2646 2854 2700 puram
2906 2632 3202 2689 exliiheatis
3236 2638 3379 2703 Deo,
3436 2655 3504 2693 ne
3552 2644 3822 2698 orationes

2242 2732 2435 2778 vestra:
2486 2723 2846 2793 impediantur
2874 2726 3013 2794 apud
3067 2726 3256 2780 Deum.
3303 2730 3557 2794 Quamvis
3602 2735 3745 2787 enim
3776 2744 3826 2791 et

2243 2818 2318 2872 illi
2346 2818 2543 2873 bonum
2577 2833 2711 2887 opus
2740 2826 2920 2888 agant,
2957 2828 3011 2872 et
3041 2820 3110 2872 sit
3141 2820 3192 2873 iu
3227 2822 3333 2875 illis
3368 2825 3660 2891 probabilis
3699 2843 3827 2883 eou-

2242 2909 2499 2976 scientia,
2535 2909 2627 2978 qui
2677 2910 2819 2963 inter
2864 2908 3152 2964 saecularcs
3204 2910 3358 2979 positi
3402 2925 3723 2971 exercentur
3772 2917 3827 2971 in

2241 3000 2494 3070 operibus
2520 3001 2705 3066 bonis,
2738 3008 3075 3069 etoceupant
3100 3003 3422 3072 semetipsos
3466 3006 3675 3062 actibus
3704 3009 3827 3063 reli-

2240 3094 2407 3165 giosis
2438 3104 2492 3149 et
2530 3094 2749 3155 sanctis,
2783 3094 2867 3148 vel
2913 3094 3326 3163 hOSpitalitatem
3381 3105 3681 3164 sectantes,
3741 3100 3821 3155 vel

546 3193 722 3258 (Psat.
754 3194 971 3265 95.).Et
994 3195 1185 3251 iterum
1216 3213 1226 3247 :
1264 3194 1609 3250 Paulominus
1628 3195 1770 3249 fuiin
1794 3195 1935 3248 omni
1960 3195 2129 3250 malo:
2164 3190 2209 3250 C
2240 3188 2481 3243 caritatis
2506 3188 2815 3243 ministeriis
2843 3188 3213 3259 obsequendo,
3241 3191 3319 3244 vel
3345 3191 3742 3247 misericordias
3764 3205 3827 3249 ac

546 3298 601 3340 et
616 3287 943 3354 pantomimis
966 3296 1443 3341 consummaverunt
1466 3303 1545 3340 me
1564 3289 1614 3339 in
1633 3295 1767 3341 terra
1782 3285 1985 3357 (Psal.l
2001 3284 2136 3356 18.).

544 3378 600 3433 lo
649 3381 751 3434 hoc
799 3394 931 3433 vero
977 3380 1308 3449 completum
1363 3388 1478 3444 est,
1530 3368 1673 3448 quod
1716 3379 1791 3434 ait
1823 3379 2132 3448 Scriptura:

546 3469 734 3523 Frater
765 3477 975 3540 fratrem
990 3474 1245 3543 adjuvans
1279 3473 1619 3536 excitabitur,
1649 3482 1703 3526 ut
1730 3473 1905 3527 civitas
1941 3474 2141 3527 munita

544 3574 591 3615 et
621 3566 794 3631 fortis.
829 3567 842 3595 ¹
874 3562 1063 3618 Frater
1107 3567 1195 3635 qui
1230 3565 1443 3635 adjuvat
1491 3567 1735 3636 fratrem,
1781 3566 1929 3635 quasi
1959 3567 2139 3619 civitas

546 3654 717 3723 ﬁrma,
741 3664 786 3708 et
808 3656 1014 3725 judicia
1034 3656 1180 3725 quasi
1220 3666 1379 3711 vectes
1411 3656 1612 3711 urbium
1632 3657 1815 3730 (Prov.
1851 3659 1986 3730 i8.).
2014 3658 2139 3713 Post

555 3746 673 3800 haec
706 3761 833 3816 ergo
858 3749 1152 3816 permansit
1181 3748 1327 3803 omni
1353 3747 1457 3802 vita
1485 3763 1579 3804 sua
1611 3750 1666 3805 in
1698 3750 1842 3805 luctu
1873 3760 1930 3805 et
1960 3751 2135 3820 lacry-

546 3837 672 3902 mis,
707 3838 895 3894 videns
922 3838 1180 3895 divinitus
1206 3838 1306 3894 sibi
1339 3854 1654 3896 concessum
1676 3841 1911 3897 caelestis
1938 3856 2138 3897 mensae

545 3920 866 3986 beneﬁcium
902 3932 1199 4002 perdidisse
1225 3950 1239 3987 :
1270 3934 1435 4005 cmpit
1459 3936 1602 3990 enim
1630 3936 1680 3989 in
1723 3935 1910 3991 labore
1954 3948 2138 3989 rursus

546 4036 602 4082 et
642 4027 837 4082 sudore
868 4027 1046 4081 vultus
1074 4029 1155 4081 sui
1187 4028 1511 4084 manducare
1556 4044 1746 4097 panem
1788 4044 1964 4083 suum.
1996 4027 2139 4083 Con-

550 4119 601 4173 cl
642 4119 910 4175 sitautem
953 4135 1011 4173 se
1054 4120 1192 4173 intra
1234 4120 1580 4188 speluncam,
1614 4121 1851 4189 atquein
1884 4119 2059 4174 cilicio
2084 4126 2141 4173 et

554 4211 738 4265 cinere
763 4210 967 4279 iacens,
1012 4210 1194 4265 tandiu
1247 4211 1437 4282 lugens
1480 4210 1725 4279 flensque
1762 4211 2133 4281 permansitiu

546 4302 876 4356 orationibus
896 4344 910 4369 ,
944 4301 1120 4357 donec
1148 4301 1407 4357 assistens
1432 4302 1481 4357 ei
1520 4302 1757 4372 Angelus
1788 4302 2029 4369 Domini,
2057 4300 2140 4355 di-

546 4404 696 4450 ceret
717 4398 800 4449 ei:
844 4396 1093 4465 Suscepit
1139 4396 1398 4450 Dominus
1435 4394 1805 4463 paenitentiam
1857 4404 2002 4447 tuam
2032 4432 2048 4458 ,
2085 4401 2140 4447 et

546 4488 931 4558 repropitiatus
960 4497 1043 4542 est
1073 4487 1165 4542 tibi
1193 4504 1208 4541 :
1244 4488 1334 4543 sed
1372 4504 1507 4542 cave
1553 4503 1619 4543 ne
1652 4487 1791 4542 ultra
1837 4485 2012 4547 elatus
2041 4484 2136 4539 de-

2244 3281 2598 3347 visitationes,
2629 3283 2841 3352 aliaque
2889 3282 3194 3351 huiusmodi
3240 3300 3402 3355 opera
3434 3286 3701 3355 explendo
3724 3329 3739 3354 ,
3774 3289 3825 3344 in

2241 3375 2439 3443 quibus
2482 3375 2575 3427 alii
2604 3374 2819 3444 quidem
2863 3374 2988 3428 boni
3021 3389 3232 3442 semper
3274 3377 3475 3445 aliquid
3507 3380 3783 3433 conferant
3811 3398 3826 3445 ;

2240 3466 2559 3533 semetipsos
2590 3475 2768 3522 tamen
2796 3474 2977 3521 castos
3007 3477 3244 3522 servant.
3277 3468 3415 3523 Sunt
3440 3485 3568 3540 ergo
3600 3472 3684 3526 isti
3711 3487 3826 3541 pro-

2240 3557 2467 3623 babiles,
2493 3565 2548 3613 et
2572 3558 2730 3613 valde
2752 3559 3082 3629 probabiles,
3109 3559 3199 3626 qui
3226 3559 3277 3613 in
3303 3554 3458 3615 bonis
3485 3562 3693 3617 actibus
3716 3564 3827 3633 pla-

2240 3660 2363 3704 cent
2396 3650 2527 3718 Deo,
2569 3660 2623 3704 et
2666 3657 2791 3705 sunt
2836 3650 3070 3719 eperarii
3097 3650 3506 3709 inconfusibiles
3548 3656 3827 3711 mandato-

2239 3764 2354 3803 rum
2412 3748 2506 3803 Dei
2548 3748 2625 3819 (2.
2661 3748 2795 3804 Tim.
2826 3748 2927 3819 2.).
2963 3749 3068 3805 Sed
3113 3758 3291 3805 tamen
3318 3750 3432 3805 haec
3466 3752 3617 3823 137
3650 3756 3825 3809 omnia

2240 3850 2485 3896 terrenos
2535 3842 2736 3897 habent
2783 3850 2967 3909 actus,
2996 3853 3052 3899 et
3083 3859 3209 3915 erga
3258 3848 3513 3901 materias
3562 3849 3827 3917 corrupti-

2240 3935 2373 3990 biles
2404 3944 2717 4006 arguuntur.
2767 3935 2867 4003 Qui
2899 3951 3029 3992 vero
3068 3936 3122 3991 in
3152 3938 3411 3993 exercitio
3438 3938 3637 3994 mentis
3662 3940 3828 3995 desu-

2240 4027 2352 4091 dat,
2380 4036 2433 4081 et
2475 4027 2745 4097 spiritales
2784 4026 2923 4082 intra
2969 4029 3315 4097 semetipsum
3355 4030 3552 4084 excolit
3595 4046 3827 4099 sensus,

2244 4120 2401 4188 longe
2430 4118 2537 4173 illis
2565 4119 2812 4187 superior
2848 4118 3171 4188 iudicandus
3208 4129 3310 4173 est.
3345 4120 3545 4174 Locum
3601 4136 3829 4190 namque

2242 4210 2378 4265 intra
2402 4212 2750 4280 semetipsum
2782 4217 3070 4280 praeparat,
3099 4211 3187 4264 ubi
3218 4211 3448 4279 Spiritus
3474 4211 3706 4266 Sanctus
3734 4213 3826 4268 lia-

2246 4308 2401 4373 bitet,
2436 4316 2491 4361 et
2537 4306 2867 4361 oblivionem
2901 4305 3298 4377 quodammodo
3338 4311 3555 4376 capiens
3586 4316 3829 4364 terreno-

2244 4416 2381 4467 rum,
2417 4398 2837 4455 sollicitudinem
2887 4398 3024 4468 gerit
3052 4400 3119 4454 de
3151 4398 3454 4454 caelestibus
3484 4406 3538 4454 et
3585 4399 3824 4455 mternis.

2244 4491 2536 4547 Constituit
2563 4492 2705 4546 enim
2731 4492 3077 4561 semetipsum
3101 4505 3313 4560 semper
3333 4501 3459 4545 ante
3479 4502 3827 4561 conspectum

546 4580 783 4648 cipiaris.
808 4578 1041 4633 V'enient
1079 4590 1255 4634 autem
1291 4580 1358 4633 ail
1404 4590 1455 4635 te
1496 4581 1722 4646 fratres,
1772 4592 1906 4648 quos
1939 4588 1991 4631 tu
2022 4576 2136 4645 ipse

2246 4586 2359 4651 Dei,
2392 4598 2447 4643 et
2484 4602 2675 4641 omnes
2705 4586 3052 4655 przesentium
3089 4599 3266 4637 rerum
3299 4584 3683 4639 sollicitudines
3713 4595 3830 4655 post

548 4671 801 4737 docuisti,
837 4671 1143 4727 deterentes
1187 4672 1283 4725 tibi
1322 4672 1755 4737 benedictiones,
1806 4686 1938 4741 quas
1968 4670 2140 4725 susci-

546 4780 677 4835 pere
708 4782 772 4820 ne
822 4780 1077 4831 recuses,
1122 4776 1175 4821 et
1208 4780 1429 4819 sumens
1472 4779 1593 4819 cum
1643 4763 1722 4819 eis
1772 4763 1951 4819 cibum
1978 4806 1993 4832 ,
2042 4777 2140 4834 age

548 4860 749 4929 gratias
774 4857 885 4913 Deo
922 4869 1033 4913 tuo.

621 4972 748 5029 llaac
776 4982 951 5027 autem
982 4973 1192 5028 locutus
1236 4990 1353 5027 sum
1387 4974 1537 5027 vobis
1561 5013 1574 5036 ,
1617 4971 1768 5025 filioli
1806 4970 1963 5040 136
2010 4968 2137 5035 mei,

549 5075 607 5122 ut
639 5064 874 5132 sciretis,
904 5073 959 5119 et
989 5075 1183 5136 quanta
1218 5065 1287 5117 sit
1311 5066 1362 5118 in
1396 5064 1694 5117 humilitate
1728 5063 1977 5124 firmitas,
2007 5069 2061 5114 et
2084 5059 2136 5113 in

545 5160 782 5215 elatione
812 5160 965 5214 ruina
998 5172 1158 5226 quam
1203 5155 1455 5209 maxima.
1496 5154 1622 5207 ltleo
1664 5151 1899 5219 denique
1938 5159 1991 5204 et
2021 5149 2139 5203 Sal-

544 5260 705 5304 vator
728 5261 912 5305 noster
939 5250 1165 5319 primam
1195 5244 1578 5301 beatitudinem
1605 5243 1672 5298 de
1716 5241 2017 5295 humilitate
2041 5254 2137 5295 nos

546 5340 765 5408 docuit,
794 5341 1015 5395 dicens:
1065 5336 1214 5389 Beati
1259 5349 1505 5403 pauperes
1532 5333 1717 5400 spiritu
1744 5372 1757 5395 ,
1793 5332 2029 5397 quoniam
2058 5332 2137 5399 ip-

546 5450 723 5489 sorum
751 5442 821 5489 est
849 5447 1063 5504 regnum
1095 5424 1573 5493 cmlorum(1llattlt.
1605 5426 1706 5493 5.).
1748 5424 1914 5479 Simul
1946 5433 1997 5478 et
2041 5424 2139 5478 hu—

623 5571 639 5601 ¹
687 5569 907 5623 Videtur
944 5565 1025 5619 bis
1070 5564 1212 5617 idem
1261 5558 1724 5627 vcrsieulusjuxta
1759 5558 2025 5625 duplicem
2060 5561 2139 5615 in-

551 5633 1241 5708 terpretitionetnlundari.
1276 5633 1433 5685 Certe
1457 5633 1505 5708 i_n
1535 5630 1847 5708 archetypis
1879 5631 2134 5697 llebrazu,

555 5723 609 5764 et
636 5702 828 5765 Graeco
851 5706 1019 5759 semel
1055 5706 1326 5770 dumtaxat
1361 5702 1656 5768 profertur:
1697 5702 1911 5767 Vulgata
1929 5718 2137 5770 quoque

551 5782 666 5851 ipsa
702 5786 905 5832 tantum
960 5775 1147 5839 habet,
1206 5769 1394 5826 Frater
1438 5774 1522 5825 aui
1574 5773 1855 5843 adiuvatur
1884 5788 1914 5825 τι
1941 5769 2134 5845 fratre,

2227 4693 2451 4762 tergum
2470 4681 2701 4751 jaeiens,
2733 4681 2850 4734 solo
2876 4676 3040 4734 divini
3072 4677 3323 4732 desiderii
3353 4678 3533 4733 calore
3556 4682 3828 4735 constrin-

2244 4776 2414 4845 gitur,
2447 4783 2499 4827 et
2530 4774 2580 4827 in
2610 4772 2851 4827 laudibus
2884 4772 2980 4827 Dei
3012 4770 3235 4840 positus,
3270 4779 3321 4825 et
3352 4770 3566 4841 hymnis
3594 4782 3650 4828 et
3676 4772 3830 4829 Psal-

2246 4867 2346 4921 mis
2378 4864 2465 4920 die
2496 4879 2559 4919 ac
2599 4874 2754 4920 nocte
2786 4879 2891 4919 non
2919 4872 3091 4934 potest
3116 4863 3321 4917 satiari.

2320 4960 2444 5013 llmc
2474 4968 2526 5014 et
2569 4959 2734 5013 multa
2763 4959 2866 5013 alia
2900 4958 2983 5013 his
3026 4957 3217 5011 similia
3246 4956 3487 5027 (Pallad.
3512 5000 3526 5025 ,
3560 4976 3678 5031 cap.
3711 4961 3827 5030 4G.)

2246 5052 2431 5106 beatus
2474 5051 2709 5105 Joannes
2740 5066 2837 5120 per
2867 5051 3101 5105 triduum
3142 5050 3459 5103 continuum
3508 5049 3735 5121 loquens
3763 5054 3827 5107 ad
3874 5099 3882 5109 .

2246 5159 2373 5205 nos,
2408 5146 2616 5198 animas
2644 5153 2851 5199 nostras
2893 5142 3079 5198 refecit
3110 5150 3162 5195 et
3212 5143 3506 5197 innovavit.
3549 5143 3619 5197 Ut
3648 5155 3824 5200 autem

2242 5235 2506 5305 cmpimus
2532 5235 2674 5291 velle
2698 5236 2764 5289 ab
2790 5251 2854 5291 eo
2877 5234 3163 5301 proficisci,
3208 5234 3347 5287 datis
3389 5234 3541 5288 nobis
3572 5236 3827 5291 benedic-

2184 5338 2190 5343 '
2243 5331 2494 5397 tionibus,
2538 5330 2783 5400 Pergite,
2826 5328 3017 5399 inquit,
3055 5329 3109 5381 in
3142 5341 3293 5395 pace,
3326 5341 3360 5381 ο
3386 5327 3571 5382 ﬁlioli:
3617 5330 3717 5383 hoc
3751 5340 3829 5383 ta-

2243 5428 2384 5479 men'
2411 5425 2551 5479 scire
2601 5438 2699 5479 vos
2729 5423 2852 5479 volo
2872 5465 2886 5488 ,
2937 5422 3080 5493 quod
3110 5420 3371 5476 hodierna
3401 5421 3489 5476 die
3521 5431 3547 5459 ι
3589 5425 3826 5479 victoriae

2240 5565 2385 5633 quasi
2436 5564 2611 5615 cii-itas
2661 5562 2839 5629 firma,
2871 5570 2917 5614 et
2936 5558 3138 5631 judicia
3186 5557 3333 5625 quasi
3384 5565 3545 5611 vectes
3601 5558 3824 5613 urbium.

2244 5641 2413 5688 Anien
2438 5642 2555 5688 erat
2579 5634 2694 5686 lieIc
2716 5641 2892 5685 vestes.

2314 5716 2336 5741 εί
2385 5706 2632 5760 Victorize
2677 5703 2909 5770 religiosi
2946 5700 3200 5768 principis
3231 5697 3571 5770 Theodosii.)
3611 5699 3686 5755 De
3730 5698 3831 5752 hoc

2240 5777 2442 5835 Joanne
2489 5778 2697 5850 ejusnue
2730 5769 2995 5847 prolilictia
3052 5770 3277 5841 Prosper
3305 5770 3359 5824 in
3402 5769 3661 5826 Chronico
3693 5786 3826 5826 anno
