4166 6348
343 302 449 364 405

1565 296 1883 354 HISTORIA
1923 296 2416 357 MONACHORUM.

3527 298 3633 356 406

345 421 582 495 religiosi
626 418 892 488 Principis
938 414 1232 472 Theodosii
1279 412 1629 470 Alexandria:
1686 414 1944 467 nuntiatae
1972 414 2023 470 A
2051 414 2151 469 ties
2180 411 2297 467 hre
2345 414 2654 483 poposceris
2684 427 2713 465 a
2750 412 2880 465 Deo.
2936 411 3056 465 lla~c
3090 426 3210 466 cum
3256 412 3520 467 audisset.
3562 413 3628 467 ad

346 524 469 574 sunt
483 514 551 570 de
573 510 813 583 Eugenio
837 509 1111 580 Tyranno.
1141 506 1381 563 Necesse
1406 511 1667 574 estergo,
1690 513 1747 559 et
1768 505 1939 572 ipsum

347 605 708 666 Theodosium
741 618 849 659 non
888 600 1060 657 multo
1082 607 1207 670 post
1235 597 1457 669 propria
1487 604 1666 652 morte
1696 597 1855 651 vitam
1882 595 1942 648 ll-

352 703 487 759 nire.
517 699 764 768 Cumque
787 693 1013 766 proiecti
1035 692 1105 747 ab
1125 706 1191 747 eo
1212 692 1522 773 fuissemus,
1547 688 1665 744 haec
1694 688 1767 743 ita
1788 697 1936 756 gesta

348 795 411 851 ad
428 790 684 863 esse(sic)
699 791 855 848 [idem
872 786 1319 858 eomperimus,nt
1332 785 1449 855 ipse
1461 782 1940 854 przedixerat.Post

347 887 461 942 dies
486 893 663 940 autem
697 894 897 952 paucos
924 877 1157 934 insecuti
1186 884 1311 932 sunt
1338 890 1438 931 nos
1465 874 1687 945 quidam
1718 869 1938 933 fratres,

349 976 727 1033 annuntiantes
774 972 960 1037 nobis,
993 969 1139 1039 quod
1170 968 1289 1038 ipse
1335 976 1556 1023 sanctus
1606 963 1844 1020 Joannes
1890 963 1941 1015 in

350 1084 479 1140 pace
521 1065 869 1137 requieverit.
902 1063 1090 1119 Obitus
1132 1070 1316 1117 autem
1366 1058 1509 1114 illius
1560 1056 1690 1112 talis
1723 1054 1941 1123 quidem

352 1164 543 1218 luerat.
600 1159 709 1215 Per
764 1156 1020 1223 triduum,
1080 1154 1369 1224 inquiunt,
1429 1150 1634 1206 nullum
1669 1148 1738 1203 ad
1776 1163 1834 1202 se
1865 1149 1943 1201 in—

359 1254 526 1311 troire
568 1251 842 1323 permisit,
875 1260 929 1305 et
972 1248 1167 1320 positis
1200 1247 1425 1319 genibus
1454 1246 1507 1301 in
1538 1243 1783 1300 oratione
1822 1240 1945 1297 red-

353 1347 486 1403 didit
512 1345 762 1416 spiritum
786 1387 799 1410 ,
833 1352 993 1412 atque
1024 1343 1097 1397 ita
1135 1339 1376 1411 perrexit
1407 1337 1473 1393 ad
1510 1336 1791 1392 Dominum
1821 1376 1835 1400 ,
1858 1335 1939 1390 cui

352 1446 435 1495 est
459 1435 626 1508 gloria
653 1436 707 1490 in
738 1434 933 1491 saecula
965 1432 1314 1497 saeculorum,
1343 1431 1536 1485 Amen.

990 1546 1227 1625 CAPU'l:
1260 1545 1321 1599 ιι.

1020 1680 1085 1717 DE
1118 1672 1142 1699 ⁸
1174 1677 1300 1717 “0R.

2049 504 2308 560 viciniora
2341 506 2455 559 loca
2502 504 2745 567 accedit,
2779 514 2835 558 et
2868 503 3039 568 trimo
3061 504 3209 558 solus
3232 503 3331 558 sub
3356 518 3519 573 parvo
3547 515 3630 558 tti-

2046 599 2222 668 gurio,
2252 598 2394 668 quod
2427 598 2527 652 sibi
2581 598 2694 666 ipse
2723 606 3121 660 construxerat,
3155 595 3399 650 habitare
3426 598 3584 665 cmpit
3613 637 3628 661 ,

2046 690 2281 743 oleribus
2332 689 2649 759 compositis
2706 702 2926 743 vescens
2955 690 3119 753 sols,
3154 686 3420 743 interdum
3470 687 3630 741 etiam

2046 790 2169 849 post
2213 783 2518 835 continuata
2558 780 2782 849 jejunia.
2841 779 3048 834 Literas
3101 778 3275 848 primo
3323 769 3631 849 ignoravit:

2046 887 2166 926 eum
2196 882 2374 927 autem
2404 873 2472 926 de
2496 888 2680 927 eremo
2704 872 2771 926 ad
2795 872 2910 927 haec
2938 887 3059 943 qua:
3083 886 3242 943 supra
3267 871 3518 933 diximus,
3552 871 3632 925 vi-

2046 964 2249 1019 ciniora
2282 963 2601 1019 habitaculis
2638 965 2795 1036 139
2849 965 2964 1020 loca
2995 965 3352 1031 accessisset,
3396 962 3519 1018 data
3550 972 3635 1019 est

2046 1054 2095 1110 ei
2142 1054 2403 1109 divinitus
2450 1054 2640 1123 gratia.
2676 1055 2743 1108 Et
2785 1070 2906 1110 eum
2948 1070 2978 1108 a
3010 1055 3267 1110 fratribus
3320 1054 3533 1111 oblatus
3584 1057 3633 1107 ei

2047 1147 2236 1203 luisset
2260 1146 2459 1211 codex,
2483 1147 2635 1216 quasi
2666 1146 2795 1200 olim
2821 1146 2931 1216 jam
2958 1148 3135 1204 sciens
3167 1148 3405 1211 litteras,
3451 1146 3633 1215 legere

2048 1241 2232 1311 coepit.
2257 1239 2464 1295 Collata
2488 1250 2572 1294 est
2603 1241 2649 1294 ei
2682 1239 2938 1295 adversus
2962 1241 3232 1296 dmmones
3259 1242 3417 1295 etiam
3440 1238 3629 1306 virtus,

2049 1334 2117 1388 ita
2151 1342 2209 1387 nt
2237 1332 2387 1387 multi
2417 1347 2484 1387 ex
2516 1332 2630 1398 his,
2664 1347 2799 1401 quos
2827 1333 3087 1401 urgebant
3130 1333 3439 1397 daemones,
3471 1332 3632 1387 etiam

2049 1428 2199 1483 inviti
2228 1426 2293 1482 ad
2322 1442 2442 1482 eum
2474 1435 2824 1496 raperentur,
2858 1435 3219 1496 protestantes
3260 1442 3470 1481 summo
3510 1440 3631 1482 cum

2049 1521 2283 1576 clamore
2321 1519 2388 1574 de
2420 1520 2625 1574 meritis
2652 1518 2789 1589 ejus.
2823 1518 2929 1575 Sed
2960 1527 3013 1572 et
3045 1518 3174 1573 alias
3206 1520 3628 1588 quamplurimas

2049 1613 2304 1667 sanitates
2332 1611 2674 1679 operabatur.

2119 1703 2598 1773 Congregabantur
2627 1704 2840 1759 intertm
2870 1704 2936 1758 ad
2967 1718 3088 1758 cum
3124 1703 3366 1773 plurima:
3400 1702 3635 1759 tunltitu-

426 1778 668 1834 Vidimus
695 1786 751 1833 εί
793 1776 978 1868 alium,
999 1774 1157 1868 ΡΙ)υά
1206 1773 1535 1868 Thebaide!“
1583 1772 1943 1868 ῖθρθτέδίιέξη
1977 1792 2027 1851 Β
2053 1798 2207 1853 dines
2246 1772 2640 1853 monachorum
2662 1839 2677 1863 ,
2733 1797 2871 1853 inter
2900 1813 3035 1868 quos
3060 1772 3182 1854 cum
3217 1798 3378 1853 etiam
3413 1812 3512 1853 nos
3537 1799 3637 1852 ad-

357 1872 548 1940 virum,
575 1870 688 1925 Hor
716 1870 938 1925 nomine
961 1867 1203 1939 (Pallad.
1235 1882 1354 1938 cap.
1382 1866 1437 1922 9.
1462 1867 1535 1923 Or
1556 1864 1824 1936 dicitur.):
1856 1864 1943 1921 hic

356 1964 642 2018 multorum
689 1968 804 2017 erat
854 1960 1307 2015 monasteriorum
1341 1967 1525 2029 pater,
1559 1958 1649 2028 qui
1681 1956 1708 1996 ιι
1760 1956 1943 2011 habitu

358 2056 494 2126 ipso,
527 2053 750 2108 honoris
803 2052 1083 2107 videbatur
1145 2050 1303 2122 138
1350 2050 1599 2120 angelici,
1656 2049 1939 2117 nonaginta

357 2144 460 2213 jam
493 2158 661 2215 agens
689 2142 865 2199 aetatis
894 2157 1085 2208 annos,
1121 2141 1287 2197 barba
1329 2141 1567 2211 prolixa,
1600 2150 1655 2196 et
1683 2140 1944 2196 claritatis

358 2235 550 2289 canitie
573 2233 880 2303 splendida,
912 2233 1062 2288 vultu
1091 2241 1146 2287 et
1175 2242 1401 2301 aspectu
1420 2232 1493 2286 ita
1523 2232 1707 2298 laetus,
1735 2239 1794 2286 ut
1824 2231 1943 2300 plus

358 2324 555 2395 aliquid
587 2324 786 2380 habere
834 2338 992 2391 quam
1039 2324 1093 2378 in
1140 2322 1377 2378 hominis
1410 2332 1600 2377 natura
1632 2330 1754 2384 est,
1808 2321 1946 2375 visio

359 2417 469 2486 ipsa
499 2416 792 2472 videretur.
843 2415 943 2470 llic
986 2415 1135 2484 prius
1164 2415 1217 2471 in
1250 2415 1437 2471 ultima
1470 2429 1653 2470 eremo
1700 2413 1945 2484 plurimis

359 2507 695 2563 abstinentiae
744 2506 1017 2562 laboribus
1068 2506 1427 2575 exercitatus,
1484 2516 1753 2576 postremo
1784 2506 1836 2560 in
1869 2506 1946 2560 vi-

359 2598 476 2653 cino
500 2597 648 2653 urbis
676 2600 1065 2653 monasterium
1086 2597 1337 2652 instituit.

431 2692 486 2746 In
523 2691 897 2761 adiacentibus
943 2702 1121 2746 autem
1175 2691 1518 2746 habitationis
1548 2708 1658 2745 suae
1705 2693 1834 2745 locis
1865 2691 1944 2745 di-

361 2786 493 2840 versi
534 2786 747 2856 generis
798 2786 1050 2840 arborum
1102 2786 1263 2841 silvas
1305 2785 1421 2855 ipse
1454 2800 1549 2853 per
1579 2801 1643 2841 se
1687 2786 1945 2856 plantaria

360 2877 607 2947 ponendo
632 2878 937 2944 conseruit,
974 2878 1024 2933 in
1076 2878 1266 2947 quibus
1288 2920 1300 2944 ,
1356 2888 1412 2932 ut
1443 2879 1598 2933 nobis
1631 2898 1657 2930 ιι
1706 2881 1948 2947 plurimis

361 2971 559 3027 sanctis
606 2971 847 3040 patribus
877 2971 1199 3025 afﬁrmatum
1231 2980 1349 3039 est,
1396 2982 1521 3026 ante
1552 2972 1694 3026 illius
1743 2972 1947 3026 adven-

360 3072 468 3116 tum
516 3062 718 3116 nullum
752 3064 973 3116 omnino
1005 3061 1297 3133 virgultum
1348 3063 1463 3117 luit.
1510 3062 1591 3117 Ob
1640 3064 1741 3118 hue
1771 3070 1946 3118 autem

362 3156 627 3224 plantavit
657 3156 796 3209 hanc
818 3156 1029 3222 silvam,
1076 3166 1133 3209 ut
1161 3156 1231 3211 ibi
1264 3154 1480 3221 fratres,
1511 3171 1644 3226 qu0s
1673 3157 1799 3210 inibi
1823 3172 1949 3211 con-

363 3261 584 3317 gregare
613 3245 897 3315 cupiebat,
935 3260 1041 3301 non
1072 3245 1335 3302 haberent
1366 3249 1744 3302 necessitatem
1772 3290 1785 3313 ,
1823 3248 1950 3318 ligni

366 3338 532 3405 gratia
584 3337 789 3407 longius
840 3339 1119 3409 evagandi,
1178 3338 1382 3395 habens
1435 3354 1619 3395 curam
1667 3353 1722 3395 et
1766 3340 1816 3395 in
1872 3342 1950 3396 his

371 3442 488 3497 quae
520 3428 813 3484 ministerio
854 3431 1110 3500 corporis
1129 3432 1435 3486 necessaria
1480 3441 1644 3500 sunt,
1680 3433 1774 3488 sed
1819 3449 1955 3503 prae-

367 3519 523 3588 cipue
547 3520 730 3574 salutis
759 3535 945 3575 eorum
975 3535 1039 3576 ac
1069 3522 1211 3578 ﬁdei.
1232 3520 1352 3591 Ipse
1384 3532 1559 3577 tamen
1590 3536 1708 3577 cum
1734 3533 1876 3579 esset
1902 3524 1953 3578 in

368 3628 573 3678 eremo,
617 3614 798 3670 herbis
827 3615 1147 3685 pascebatur
1168 3658 1182 3682 ,
1217 3624 1270 3672 et
1292 3616 1563 3674 radicibus
1596 3617 1917 3687 quibusdam
1938 3657 1955 3683 ,

369 3715 423 3761 et
454 3706 568 3760 haec
594 3707 641 3760 ei
687 3707 859 3761 dulcia
888 3707 1226 3762 videbantur.
1260 3709 1469 3778 Aquam
1517 3723 1646 3765 vero
1673 3710 1717 3764 si
1741 3709 1957 3779 quando

370 3800 686 3867 invenisset,
716 3800 966 3866 bibebat,
993 3801 1327 3858 orationibus
1362 3796 1421 3859 et
1447 3804 1664 3875 hymnis
1691 3819 1958 3874 occupans

372 3905 530 3945 omne
558 3890 663 3945 diei
701 3898 913 3949 tempus
946 3905 1011 3947 ac
1049 3894 1246 3949 noctis.
1280 3892 1351 3949 Ut
1387 3903 1565 3950 autem
1598 3894 1664 3949 ad
1695 3904 1959 3951 maturam

375 3992 689 4050 pervenerat
740 3992 976 4051 aetatem,
1005 3986 1253 4054 apparuit
1303 3988 1352 4042 ei
1394 3987 1635 4059 Angelus
1664 3989 1875 4045 Domini
1908 3991 1958 4045 in

373 4089 555 4130 eremo
585 4089 682 4145 per
710 4078 879 4129 visum
900 4115 915 4141 ,
947 4077 1133 4133 dicens
1161 4096 1174 4131 :
1212 4078 1334 4134 Eris
1363 4080 1415 4134 in
1437 4090 1656 4151 gentem
1688 4097 1958 4152 magnam,

375 4177 427 4225 et
458 4170 656 4225 multus
684 4170 775 4225 tibi
807 4170 1035 4240 populus
1067 4171 1336 4238 credetur,
1368 4182 1422 4227 et
1452 4182 1611 4228 erunt
1638 4188 1734 4242 per
1764 4181 1817 4228 te
1844 4190 1962 4244 quae

374 4263 630 4318 salvanda
654 4274 778 4319 sunt
798 4264 967 4318 multa
994 4263 1159 4319 millia
1185 4263 1486 4319 hominum.
1508 4264 1964 4335 Quantoseunque

377 4367 552 4412 autem
596 4358 649 4411 in
693 4357 793 4412 hac
840 4358 951 4412 vita
999 4357 1205 4427 positus
1233 4358 1566 4414 converteris
1598 4358 1663 4413 ad
1694 4359 1921 4415 salutem
1947 4401 1962 4427 ,

379 4465 538 4520 super
561 4461 740 4506 tantos
770 4450 1127 4521 principatum
1160 4450 1399 4520 accipies
1424 4452 1475 4505 in
1508 4451 1724 4518 futuro;
1752 4462 1805 4508 et
1829 4452 1963 4508 nihil

2052 1894 2407 1955 venissemus,
2440 1890 2569 1945 visis
2596 1890 2749 1945 nobis
2770 1930 2784 1955 ,
2829 1890 3135 1946 laetissimus
3166 1890 3426 1946 redditur.
3471 1889 3637 1945 Cum-

2047 1996 2151 2051 que
2180 1982 2421 2037 salutans
2473 1995 2605 2046 nos,
2659 1994 2869 2037 orasset
2913 1996 3064 2038 more
3117 1982 3218 2037 sibi
3248 1982 3438 2043 sohto.
3476 1983 3640 2051 pedes

2049 2076 2317 2145 hospitum
2350 2075 2577 2144 propriis
2606 2074 2853 2129 manibus
2905 2075 3068 2141 lavat,
3101 2089 3154 2130 et
3202 2075 3400 2129 docere
3446 2089 3543 2130 nos
3571 2089 3634 2129 ex

2050 2166 2363 2236 Scripturis,
2394 2181 2512 2235 qua:
2538 2167 2605 2220 ad
2634 2166 3045 2223 aediﬁcationem
3088 2178 3209 2221 vum
3230 2181 3293 2222 ac
3326 2167 3447 2221 ﬁdei
3480 2169 3639 2237 penis

2052 2268 2198 2327 nent,
2217 2260 2398 2327 euenit.
2438 2259 2564 2313 Erat
2580 2259 2723 2314 enim
2750 2260 2796 2315 ei
2822 2259 3047 2315 docendi
3070 2259 3236 2329 gratia
3255 2275 3278 2313 a
3299 2260 3407 2315 lli-0
3429 2262 3638 2315 collata.

2048 2352 2182 2406 Cum
2213 2352 2394 2420 itaque
2426 2351 2651 2421 plurima
2677 2350 2831 2406 nobis
2862 2351 3262 2420 Scripturarum
3292 2352 3520 2420 capitula
3553 2367 3638 2406 sa-

2052 2444 2259 2513 pienter
2283 2442 2658 2508 disseruisset,
2703 2457 2889 2498 rursus
2918 2444 2982 2496 ad
3013 2444 3312 2500 orationem
3359 2454 3639 2499 Converte-

2053 2537 2226 2591 batur.
2253 2535 2600 2590 Consuetudo
2627 2543 2805 2588 autem
2834 2544 2952 2589 erat
2983 2534 3031 2588 ei
3064 2550 3169 2589 non
3211 2536 3357 2604 prius
3388 2548 3642 2603 corpora-

2052 2627 2156 2681 lem
2180 2627 2360 2682 cibum
2384 2640 2619 2694 sumere,
2654 2640 2813 2695 quam
2848 2626 3144 2695 spiritalem
3167 2625 3363 2681 Christi
3394 2625 3642 2681 Commu-

2053 2736 2265 2775 monent
2290 2721 2578 2790 acciperet.
2613 2720 2731 2788 Qun
2762 2732 2982 2790 accepto
3003 2763 3016 2782 ,
3062 2731 3182 2790 post
3213 2720 3503 2791 gratiarum
3550 2733 3643 2775 ac-

2056 2814 2251 2868 tionem
2295 2813 2571 2867 adhortari
2605 2827 2703 2868 nos
2743 2812 2905 2868 etiam
2960 2812 3028 2867 ad
3080 2810 3429 2868 reﬁciendum
3459 2813 3643 2883 coepit.

2056 2918 2171 2973 Ipse
2206 2914 2382 2958 tanien
2414 2905 2610 2960 sedens
2638 2905 2937 2969 nobiscum,
2966 2920 3236 2975 nunquam
3269 2905 3519 2962 cessabat
3545 2905 3645 2959 ali-

2054 2997 2176 3065 quid
2226 2998 2289 3053 de
2339 2997 2534 3052 studiis
2587 2998 2921 3067 spiritalibus
2963 3013 3329 3054 cmnmonere.
3386 2998 3647 3054 Narrabat

2055 3104 2181 3157 ergo
2234 3089 2387 3143 nobis
2432 3089 2534 3143 tale
2576 3089 2773 3159 aliquid
2830 3106 2841 3141 :
2894 3089 3019 3144 Scio
3072 3089 3381 3155 hominem,
3433 3090 3644 3160 inquit,

1978 3175 2021 3234 C
2058 3179 2339 3250 quemdam
2370 3179 2419 3231 in
2449 3193 2652 3243 eremo,
2685 3194 2777 3247 per
2802 3190 2908 3233 tres
2932 3179 3217 3234 continuos
3242 3194 3410 3233 annos
3437 3180 3642 3234 nullum

2058 3271 2315 3324 sumsisse
2354 3279 2624 3323 terrenum
2649 3270 2826 3324 cibum
2860 3286 2873 3323 :
2910 3269 3143 3340 Angelus
3180 3271 3320 3325 enim
3371 3269 3460 3326 Dei
3489 3270 3645 3326 tertia

2059 3379 2267 3434 (ιιτθιμιυ
2310 3363 2394 3421 die
2431 3376 2608 3417 escam
2643 3362 2917 3418 deferebat
2946 3362 2995 3416 ei
3039 3362 3333 3429 caelestem,
3368 3372 3420 3417 et
3453 3363 3568 3419 haec
3597 3364 3647 3419 ei

2059 3456 2210 3510 cibus
2240 3464 2354 3508 erat
2386 3464 2438 3509 et
2461 3465 2637 3525 potus.
2670 3454 2732 3509 Et
2761 3454 2949 3509 iterum
2983 3454 3094 3507 scio
3127 3453 3433 3523 huiusmodi
3474 3453 3645 3508 homi-

2064 3565 2207 3611 nem,
2244 3549 2367 3616 quia
2396 3554 2662 3602 vencrunt
2701 3545 2765 3599 ad
2808 3560 2928 3600 eum
2957 3545 3228 3600 daemones
3259 3546 3308 3599 iu
3334 3546 3513 3614 specie
3540 3559 3648 3600 cm~

2061 3639 2213 3693 lestis
2264 3635 2467 3691 militiae.
2487 3678 2500 3704 ,
2530 3645 2585 3693 et
2616 3636 2798 3691 lnbitu
2834 3634 3159 3707 Angelorum
3186 3678 3199 3701 ,
3249 3651 3437 3691 currus
3466 3637 3648 3705 igneos

2063 3743 2316 3803 agentes,
2366 3732 2596 3802 plurimo
2640 3739 2932 3802 apparatu,
2968 3740 3236 3801 tamquam
3274 3745 3521 3800 magnum
3553 3728 3650 3783 ali.

2065 3842 2222 3897 quem
2256 3840 2437 3896 regem
2467 3824 2814 3888 deducentes,
2844 3823 2994 3894 isque
3022 3824 3111 3894 qui
3141 3825 3337 3879 ceteris
3357 3834 3414 3878 ut
3439 3838 3528 3878 rex
3557 3823 3652 3877 ha-

2069 3920 2183 3976 beri
2228 3919 2528 3983 Vidcbnllll‘,
2559 3918 2774 3973 diccbat
2818 3916 2881 3972 ad
2910 3931 3031 3971 eum
3062 3933 3073 3971 :
3108 3917 3345 3986 lmplcsti
3378 3915 3586 3979 omnia,
3617 3928 3653 3968 o

2068 4012 2264 4076 homo,
2294 4017 2541 4079 superest
2569 4018 2623 4064 ut
2667 4008 2857 4063 adores
2888 4023 2993 4073 me,
3027 4018 3080 4062 et
3112 4006 3432 4061 transferam
3466 4018 3518 4059 te
3549 4005 3652 4059 sic-

2070 4109 2128 4155 ut
2156 4102 2347 4156 Eliam.
2382 4100 2488 4155 Sed
2542 4099 2840 4154 monachus
2884 4099 3107 4152 audiens
3137 4097 3348 4151 dicebat
3397 4096 3449 4148 in
3494 4094 3659 4150 corde

2070 4207 2202 4258 suo,
2232 4192 2370 4259 Quid
2404 4201 2487 4245 est
2532 4192 2674 4245 hoc?
2724 4190 2972 4258 Quotidie
3014 4204 3110 4259 ego
3159 4188 3523 4251 Salvatorem,
3568 4188 3661 4256 qui

2070 4292 2152 4339 est
2179 4283 2292 4338 Rex
2322 4296 2494 4349 meus,
2520 4281 2688 4336 adoro
2721 4297 2733 4333 :
2769 4281 2857 4334 hie
2902 4282 2945 4336 si
2988 4288 3133 4335 esset
3164 4278 3284 4342 ille,
3333 4276 3601 4357 quomodo
3633 4290 3664 4328 a

2078 4392 2166 4432 me
2196 4379 2649 4443 hoc‘cxposceret,
2672 4372 2813 4443 quod
2838 4370 3205 4426 indesinenter
3230 4382 3321 4421 me
3352 4366 3534 4420 facere
3562 4365 3670 4419 sci-

2070 4469 2187 4526 ret?
2222 4469 2287 4523 Et
2332 4478 2454 4537 post
2493 4469 2607 4522 haec
2646 4465 2927 4534 respondit
2975 4464 3039 4519 ad
3090 4464 3269 4533 ipsum
3301 4478 3312 4512 :
3347 4460 3460 4529 Ego
3504 4456 3677 4511 habeo

380 4542 654 4597 verearis:
694 4557 981 4612 numquam
1033 4542 1175 4597 enim
1206 4542 1403 4611 aliquid
1445 4542 1541 4597 tibi
1570 4542 1742 4598 deerit
1772 4560 1958 4600 eorum
1991 4560 2044 4619 ι)
2073 4575 2249 4615 meum
2282 4560 2518 4629 Regem,
2559 4559 2718 4630 1&0
2742 4573 2899 4628 quem
2950 4557 3197 4628 quotidie
3239 4554 3357 4610 sine
3398 4550 3675 4608 imermis-

380 4634 658 4704 stipendiis
685 4675 699 4700 ,
731 4649 851 4704 qua:
878 4634 945 4688 ad
973 4647 1127 4689 usum
1155 4633 1401 4704 corporis
1428 4635 1791 4703 requiruntur,
1826 4652 1961 4708 quo-

380 4788 569 4842 Christi
600 4786 725 4843 395.
762 4789 779 4821 ί
806 4786 1085 4841 Theodosii
1118 4789 1204 4843 16.
1237 4790 1459 4842 Arcadio
1498 4789 1620 4844 III.
1646 4802 1692 4846 et
1718 4792 1964 4849 Honorio

385 4858 467 4912 11.
511 4857 655 4913 Cosa.
687 4859 923 4913 Joannes
967 4856 1255 4914 Monachus
1305 4860 1628 4916 anachoreta
1661 4863 1838 4920 clarus
1867 4866 1964 4920 ha-

385 4931 537 4984 betur
564 4970 579 4994 ,
630 4931 720 4996 qui
762 4940 986 5001 ornatus
1029 4931 1323 5000 prophetia:
1352 4932 1557 5001 gratia,
1600 4932 1964 4991 Theodosium

385 5001 751 5076 consulentem
778 5000 845 5056 de
865 5011 1058 5076 eventu
1082 5001 1205 5055 belli
1227 5004 1646 5076 quodadvensus
1671 5006 1961 5076 Eugenium

387 5071 662 5138 tnovebat,
692 5073 949 5128 victorem
983 5072 1217 5127 futurum
1251 5073 1511 5139 praedixit.
1538 5071 1886 5133 Roswsfous.

455 5152 481 5180 ι
524 5142 677 5214 Hor.]
712 5142 877 5196 Nulla
919 5144 1073 5215 hujus
1106 5144 1354 5196 memoria
1382 5145 1434 5197 in
1467 5148 1655 5200 tabulis
1706 5149 1960 5202 Ecclesia-

384 5213 1220 5294 sticis,_prmterquamin‘AMena’is
1327 5215 1580 5294 dugusti:
1608 5219 1663 5294 οξ
1696 5219 1837 5294 ὅσιος
1866 5219 1963 5294 ίὨρ

385 5286 431 5337 ἐν
455 5289 620 5362 εἰρήνῃ
658 5285 1216 5362 τελειεῦιιςᾳιιξει-ιιοιιιβ
1240 5286 1316 5339 0r
1339 5285 1545 5362 inpaee
1578 5291 1822 5362 quiescit.
1858 5285 1958 5345 vel

387 5354 543 5427 currit
585 5354 633 5410 et
676 5357 730 5409 in
780 5354 1012 5410 Palladii
1042 5354 1297 5427 Lausiaca
1349 5354 1563 5412 historia
1596 5354 1716 5427 cap.
1750 5359 1802 5414 9.
1858 5364 1964 5417 Sed

392 5426 737 5501 Qrigenistam
785 5427 945 5501 fuisse
990 5437 1157 5480 monet
1202 5426 1268 5501 DA.
1328 5427 1671 5499 Hieronymus
1699 5434 1846 5501 epist.
1895 5436 1962 5488 ad

345 5489 794 5574 'Ctes'iphontem.
825 5497 1023 5574 Qbiisse
1044 5506 1212 5551 tamen
1240 5489 1641 5574 inea/tamen}
1679 5489 1966 5574 n'constat,

394 5573 613 5623 maxime
638 5585 754 5622 cum
794 5571 903 5639 ejus
931 5571 1342 5639 commemoratio
1364 5571 1454 5635 ﬁat
1484 5572 1535 5623 in
1568 5570 1625 5623 Μ
1631 5575 1801 5627 enwis.
1842 5570 1972 5629 Vide

390 5656 523 5707 resp.
562 5641 617 5715 2.
651 5638 1099 5715 adurgumeutum
1131 5638 1441 5715 Protagora.
1474 5642 1559 5695 15.
1592 5645 1677 5696 ubi
1706 5646 1876 5715 agitur
1907 5649 1969 5699 de

390 5714 694 5764 auctoritate
720 5709 906 5764 horum
931 5709 1198 5762 librorum.
1236 5709 1461 5763 Meminit
1477 5716 1589 5771 eius
1617 5709 1771 5767 etiam
1803 5716 1965 5771 Soza-

392 5797 565 5836 menus
598 5784 633 5837 l.
686 5779 778 5835 Vl.
797 5795 909 5847 cap.
942 5780 1033 5835 28.
1064 5780 1277 5849 Niceph.
1302 5780 1389 5835 lib.
1422 5779 1524 5835 IX.
1552 5799 1665 5853 cap.
1694 5786 1782 5841 54.
1812 5798 1858 5841 et
1889 5806 1962 5842 re.

2071 4649 2223 4702 sione
2256 4646 2424 4701 adoro
2453 4664 2465 4701 :
2494 4654 2551 4701 tu
2579 4655 2757 4701 autem
2782 4662 2888 4702 non
2914 4660 2973 4701 es
2996 4660 3090 4701 rex
3115 4658 3292 4701 meus.
3325 4643 3389 4699 Et
3419 4639 3679 4696 continuo

2072 4804 2319 4878 cautiores
2363 4803 2573 4878 quidam
2608 4803 2713 4878 suis
2742 4804 2968 4878 iitsevere
2999 4797 3392 4878 illartyrol‘og-iis
3424 4797 3509 4878 iii.
3546 4795 3664 4878 Α’οτ

2072 4874 2285 4926 vembris
2330 4884 2381 4926 ut
2426 4872 2699 4927 Carthasia
2746 4871 3040 4926 Colonieus.
3096 4872 3147 4924 in
3199 4871 3551 4924 additionibus
3599 4872 3666 4924 ad

2078 4942 2373 4997 Usuardum
2398 4986 2411 5009 ,
2450 4943 2805 5014 Mamolycus.
2856 4942 2985 4996 Vide
3018 4940 3285 5014 Nolanum
3326 4959 3442 5010 cap.
3484 4942 3568 4997 15.
3605 4944 3666 4994 de

2078 5014 2414 5084 Martyroloy.
2665 5013 2672 5014 ί
3137 5013 3490 5068 Ιίοευνεγυιις.

2150 5087 2193 5159 δν
2218 5074 2409 5140 ΪΙειιιιινιι
2444 5088 2557 5154 ipso
2581 5085 2799 5159 honoris
2826 5084 3099 5159 videbatur
3121 5084 3391 5155 angelicn]
3416 5084 3530 5159 ΙΙρο
3554 5101 3655 5137 non

2075 5158 2226 5227 facile
2254 5161 2366 5226 quis
2398 5160 2674 5228 intelliget,
2702 5156 2806 5228 nisi
2832 5156 2944 5226 quis
2970 5155 3264 5228 (Irwcoruut
3290 5155 3657 5228 monachorum

2078 5223 2305 5282 habitant
2354 5245 2460 5299 prie
2508 5223 2669 5281 oculis
2720 5223 2925 5299 habent.
2960 5226 3165 5295 Duplex
3209 5223 3401 5278 Graecis
3453 5224 3658 5299 habitu:

2076 5310 2204 5367 erat,
2236 5294 2557 5365 noritiorum,
2598 5300 2687 5369 qui
2714 5298 2980 5352 dicebatur
3005 5294 3185 5369 μικροῦ
3208 5299 3513 5369 σχήματοίῖ
3534 5294 3663 5347 alter

2076 5364 2546 5437 probatissimorum
2604 5364 2863 5436 uirorum,
2913 5364 3013 5437 qui
3031 5364 3311 5437 dicebatur;
3343 5364 3564 5433 μεγάλου
3603 5374 3658 5418 et

2076 5432 2342 5515 ityn/almo?»
2369 5446 2667 5512 σχήματος.
2710 5432 3241 5515 γὲάεῈέιεΙιοιιζρίιιηι
3271 5432 3498 5486 Gru’cor.
3540 5449 3656 5500 cap.

2079 5506 2166 5568 79'.
2406 5506 2447 5512 ’⁷
2484 5506 2493 5512 ’
3086 5506 3441 5559 Roswtzvous.

2150 5586 2164 5615 ⁸
2211 5584 2320 5639 lmo
2353 5585 2476 5639 597.
2524 5582 2671 5651 juxta
2705 5593 2835 5648 quas
2884 5575 3318 5651 iniit__y.ationes,
3352 5571 3542 5651 quibus
3584 5585 3661 5651 taA-l

2078 5671 2197 5711 men
2245 5658 2460 5725 prOprie
2501 5642 2628 5707 illi.
2661 5642 2964 5706 tle-notatur.
2997 5644 3127 5700 V‘ide
3173 5658 3303 5710 nos,
3351 5653 3401 5697 et
3437 5642 3662 5701 llelandi

2079 5726 2284 5782 li‘astos.
