  <div class='ocr_page' id='page_1' title='image "/cluster/home/n/w/nwhite01/storage/ocr_20150623/21/hvd.32044015471360/209.png"; bbox 0 0 4166 6348; ppageno 0'>
   <div class='ocr_carea' id='block_1_1' title="bbox 558 293 662 349">
    <p class='ocr_par' dir='ltr' id='par_1_1' title="bbox 558 293 662 349">
     <span class='ocr_line' id='line_1_1' title="bbox 558 293 662 349; baseline -0.01 -1"><span class='ocrx_word' id='word_1_1' title='bbox 558 293 662 349; x_wconf 75' lang='grc'><strong>407</strong></span> 
     </span>
    </p>
   </div>
   <div class='ocr_carea' id='block_1_2' title="bbox 1558 291 2789 363">
    <p class='ocr_par' dir='ltr' id='par_1_2' title="bbox 1558 291 2789 363">
     <span class='ocr_line' id='line_1_2' title="bbox 1558 291 2789 363; baseline 0.006 -12"><span class='ocrx_word' id='word_1_2' title='bbox 1558 294 1786 351; x_wconf 71' lang='lat' dir='ltr'><strong>RUFINI</strong></span> <span class='ocrx_word' id='word_1_3' title='bbox 1830 291 2311 363; x_wconf 81' lang='lat' dir='ltr'><strong>AQUILEIENSIS</strong></span> <span class='ocrx_word' id='word_1_4' title='bbox 2351 297 2789 361; x_wconf 79' lang='lat' dir='ltr'><strong>PRESBYTERI</strong></span> 
     </span>
    </p>
   </div>
   <div class='ocr_carea' id='block_1_3' title="bbox 3734 325 3839 386">
    <p class='ocr_par' dir='ltr' id='par_1_3' title="bbox 3734 325 3839 386">
     <span class='ocr_line' id='line_1_3' title="bbox 3734 325 3839 386; baseline 0 -5"><span class='ocrx_word' id='word_1_5' title='bbox 3734 325 3839 386; x_wconf 74' lang='grc'><strong>408</strong></span> 
     </span>
    </p>
   </div>
   <div class='ocr_carea' id='block_1_4' title="bbox 557 408 3842 511">
    <p class='ocr_par' dir='ltr' id='par_1_4' title="bbox 557 408 3842 511">
     <span class='ocr_line' id='line_1_4' title="bbox 557 408 3842 511; baseline 0.025 -90"><span class='ocrx_word' id='word_1_6' title='bbox 557 408 809 511; x_wconf 46' lang='grc' dir='ltr'><strong>ίηίωἰξειε</strong></span> <span class='ocrx_word' id='word_1_7' title='bbox 830 408 895 464; x_wconf 62' lang='lat' dir='ltr'><strong>ad</strong></span> <span class='ocrx_word' id='word_1_8' title='bbox 923 408 1040 511; x_wconf 48' lang='lat' dir='ltr'><strong>me?</strong></span> <span class='ocrx_word' id='word_1_9' title='bbox 1090 408 1259 511; x_wconf 42' lang='lat' dir='ltr'><strong>Virga</strong></span> <span class='ocrx_word' id='word_1_10' title='bbox 1283 421 1542 511; x_wconf 59' lang='lat' dir='ltr'><strong>nusquam</strong></span> <span class='ocrx_word' id='word_1_11' title='bbox 1590 408 1914 477; x_wconf 77' lang='lat' dir='ltr'><strong>comparuit.</strong></span> <span class='ocrx_word' id='word_1_12' title='bbox 1952 409 2147 511; x_wconf 80' lang='lat' dir='ltr'><strong>Verum</strong></span> <span class='ocrx_word' id='word_1_13' title='bbox 2176 412 2225 468; x_wconf 78' lang='grc' dir='ltr'><strong>Δ</strong></span> <span class='ocrx_word' id='word_1_14' title='bbox 2256 413 2348 478; x_wconf 87' lang='lat' dir='ltr'><strong>tia,</strong></span> <span class='ocrx_word' id='word_1_15' title='bbox 2377 416 2519 471; x_wconf 92' lang='lat' dir='ltr'><strong>utab</strong></span> <span class='ocrx_word' id='word_1_16' title='bbox 2542 418 2651 473; x_wconf 92' lang='lat' dir='ltr'><strong>alio</strong></span> <span class='ocrx_word' id='word_1_17' title='bbox 2674 419 3007 490; x_wconf 83' lang='lat' dir='ltr'><strong>deprehendi</strong></span> <span class='ocrx_word' id='word_1_18' title='bbox 3034 440 3139 483; x_wconf 94' lang='lat' dir='ltr'><strong>non</strong></span> <span class='ocrx_word' id='word_1_19' title='bbox 3164 431 3351 499; x_wconf 94' lang='lat' dir='ltr'><strong>possit.</strong></span> <span class='ocrx_word' id='word_1_20' title='bbox 3383 433 3589 494; x_wconf 86' lang='lat' dir='ltr'><strong>Sedent</strong></span> <span class='ocrx_word' id='word_1_21' title='bbox 3616 453 3750 511; x_wconf 80' lang='lat' dir='ltr'><strong>ergo</strong></span> <span class='ocrx_word' id='word_1_22' title='bbox 3775 448 3842 502; x_wconf 90' lang='lat' dir='ltr'><strong>ad</strong></span> 
     </span>
    </p>
   </div>
   <div class='ocr_carea' id='block_1_5' title="bbox 557 498 2142 569">
    <p class='ocr_par' dir='ltr' id='par_1_5' title="bbox 557 498 2142 569">
     <span class='ocr_line' id='line_1_5' title="bbox 557 498 2142 569; baseline 0.001 -15"><span class='ocrx_word' id='word_1_23' title='bbox 557 502 674 554; x_wconf 66' lang='lat' dir='ltr'><strong>hate</strong></span> <span class='ocrx_word' id='word_1_24' title='bbox 705 499 797 555; x_wconf 89' lang='lat' dir='ltr'><strong>ille</strong></span> <span class='ocrx_word' id='word_1_25' title='bbox 823 502 973 569; x_wconf 86' lang='lat' dir='ltr'><strong>quasi</strong></span> <span class='ocrx_word' id='word_1_26' title='bbox 1004 498 1072 553; x_wconf 90' lang='lat' dir='ltr'><strong>de</strong></span> <span class='ocrx_word' id='word_1_27' title='bbox 1104 498 1209 554; x_wconf 92' lang='lat' dir='ltr'><strong>alio</strong></span> <span class='ocrx_word' id='word_1_28' title='bbox 1238 499 1392 555; x_wconf 90' lang='lat' dir='ltr'><strong>nobis</strong></span> <span class='ocrx_word' id='word_1_29' title='bbox 1432 513 1659 553; x_wconf 88' lang='lat' dir='ltr'><strong>narrans</strong></span> <span class='ocrx_word' id='word_1_30' title='bbox 1688 512 1781 554; x_wconf 91' lang='lat' dir='ltr'><strong>sua</strong></span> <span class='ocrx_word' id='word_1_31' title='bbox 1811 508 1992 569; x_wconf 84' lang='lat' dir='ltr'><strong>gesta,</strong></span> <span class='ocrx_word' id='word_1_32' title='bbox 2040 501 2142 556; x_wconf 88' lang='lat' dir='ltr'><strong>sub</strong></span> 
     </span>
    </p>
   </div>
   <div class='ocr_carea' id='block_1_6' title="bbox 555 588 2146 661">
    <p class='ocr_par' dir='ltr' id='par_1_6' title="bbox 555 588 2146 661">
     <span class='ocr_line' id='line_1_6' title="bbox 555 588 2146 661; baseline 0.003 -19"><span class='ocrx_word' id='word_1_33' title='bbox 555 590 776 645; x_wconf 73' lang='lat' dir='ltr'><strong>alterius</strong></span> <span class='ocrx_word' id='word_1_34' title='bbox 804 603 1033 660; x_wconf 82' lang='lat' dir='ltr'><strong>persona</strong></span> <span class='ocrx_word' id='word_1_35' title='bbox 1065 588 1418 644; x_wconf 75' lang='lat' dir='ltr'><strong>memorabat.</strong></span> <span class='ocrx_word' id='word_1_36' title='bbox 1454 588 1641 643; x_wconf 87' lang='lat' dir='ltr'><strong>Patres</strong></span> <span class='ocrx_word' id='word_1_37' title='bbox 1669 598 1843 645; x_wconf 91' lang='lat' dir='ltr'><strong>tamen</strong></span> <span class='ocrx_word' id='word_1_38' title='bbox 1886 591 1977 661; x_wconf 89' lang='lat' dir='ltr'><strong>qui</strong></span> <span class='ocrx_word' id='word_1_39' title='bbox 2019 592 2146 647; x_wconf 87' lang='lat' dir='ltr'><strong>ade-</strong></span> 
     </span>
    </p>
   </div>
   <div class='ocr_carea' id='block_1_7' title="bbox 554 681 2144 755">
    <p class='ocr_par' dir='ltr' id='par_1_7' title="bbox 554 681 2144 755">
     <span class='ocr_line' id='line_1_7' title="bbox 554 681 2144 755; baseline -0.001 -16"><span class='ocrx_word' id='word_1_40' title='bbox 554 692 713 750; x_wconf 89' lang='lat' dir='ltr'><strong>rant,</strong></span> <span class='ocrx_word' id='word_1_41' title='bbox 755 683 855 754; x_wconf 88' lang='lat' dir='ltr'><strong>ipsi</strong></span> <span class='ocrx_word' id='word_1_42' title='bbox 887 683 1043 737; x_wconf 92' lang='lat' dir='ltr'><strong>nobis</strong></span> <span class='ocrx_word' id='word_1_43' title='bbox 1092 681 1469 748; x_wconf 91' lang='lat' dir='ltr'><strong>affirmabant,</strong></span> <span class='ocrx_word' id='word_1_44' title='bbox 1500 681 1642 751; x_wconf 89' lang='lat' dir='ltr'><strong>quod</strong></span> <span class='ocrx_word' id='word_1_45' title='bbox 1673 681 1789 752; x_wconf 89' lang='lat' dir='ltr'><strong>ipse</strong></span> <span class='ocrx_word' id='word_1_46' title='bbox 1816 691 2002 753; x_wconf 91' lang='lat' dir='ltr'><strong>esset,</strong></span> <span class='ocrx_word' id='word_1_47' title='bbox 2047 685 2144 755; x_wconf 91' lang='lat' dir='ltr'><strong>qui</strong></span> 
     </span>
    </p>
   </div>
   <div class='ocr_carea' id='block_1_8' title="bbox 556 772 1334 830">
    <p class='ocr_par' dir='ltr' id='par_1_8' title="bbox 556 772 1334 830">
     <span class='ocr_line' id='line_1_8' title="bbox 556 772 1334 830; baseline -0.003 -1"><span class='ocrx_word' id='word_1_48' title='bbox 556 775 672 830; x_wconf 60' lang='lat' dir='ltr'><strong>haec</strong></span> <span class='ocrx_word' id='word_1_49' title='bbox 697 773 919 830; x_wconf 86' lang='lat' dir='ltr'><strong>vidisset</strong></span> <span class='ocrx_word' id='word_1_50' title='bbox 946 786 1001 829; x_wconf 92' lang='lat' dir='ltr'><strong>et</strong></span> <span class='ocrx_word' id='word_1_51' title='bbox 1026 772 1334 829; x_wconf 84' lang='lat' dir='ltr'><strong>audivisset.</strong></span> 
     </span>
    </p>
   </div>
   <div class='ocr_carea' id='block_1_9' title="bbox 629 863 2144 936">
    <p class='ocr_par' dir='ltr' id='par_1_9' title="bbox 629 863 2144 936">
     <span class='ocr_line' id='line_1_9' title="bbox 629 863 2144 936; baseline 0.003 -17"><span class='ocrx_word' id='word_1_52' title='bbox 629 865 757 920; x_wconf 81' lang='lat' dir='ltr'><strong>Erat</strong></span> <span class='ocrx_word' id='word_1_53' title='bbox 799 880 928 935; x_wconf 88' lang='lat' dir='ltr'><strong>ergo</strong></span> <span class='ocrx_word' id='word_1_54' title='bbox 978 866 1062 919; x_wconf 88' lang='lat' dir='ltr'><strong>hic</strong></span> <span class='ocrx_word' id='word_1_55' title='bbox 1104 863 1421 933; x_wconf 86' lang='lat' dir='ltr'><strong>magnificus</strong></span> <span class='ocrx_word' id='word_1_56' title='bbox 1444 871 1626 934; x_wconf 88' lang='lat' dir='ltr'><strong>pater,</strong></span> <span class='ocrx_word' id='word_1_57' title='bbox 1656 866 1746 936; x_wconf 93' lang='lat' dir='ltr'><strong>qui</strong></span> <span class='ocrx_word' id='word_1_58' title='bbox 1781 866 1923 923; x_wconf 89' lang='lat' dir='ltr'><strong>inter</strong></span> <span class='ocrx_word' id='word_1_59' title='bbox 1950 877 2144 924; x_wconf 63' lang='lat' dir='ltr'><strong>cetera</strong></span> 
     </span>
    </p>
   </div>
   <div class='ocr_carea' id='block_1_10' title="bbox 556 955 2143 1027">
    <p class='ocr_par' dir='ltr' id='par_1_10' title="bbox 556 955 2143 1027">
     <span class='ocr_line' id='line_1_10' title="bbox 556 955 2143 1027; baseline 0.002 -15"><span class='ocrx_word' id='word_1_60' title='bbox 556 960 696 1013; x_wconf 80' lang='lat' dir='ltr'><strong>bona</strong></span> <span class='ocrx_word' id='word_1_61' title='bbox 728 958 890 1014; x_wconf 92' lang='lat' dir='ltr'><strong>etiam</strong></span> <span class='ocrx_word' id='word_1_62' title='bbox 923 956 1027 1012; x_wconf 90' lang='lat' dir='ltr'><strong>hoc</strong></span> <span class='ocrx_word' id='word_1_63' title='bbox 1082 955 1373 1026; x_wconf 66' lang='lat' dir='ltr'><strong>praestabat</strong></span> <span class='ocrx_word' id='word_1_64' title='bbox 1413 956 1825 1013; x_wconf 79' lang='lat' dir='ltr'><strong>advenientibus</strong></span> <span class='ocrx_word' id='word_1_65' title='bbox 1867 958 2143 1027; x_wconf 82' lang='lat' dir='ltr'><strong>fratribus,</strong></span> 
     </span>
    </p>
   </div>
   <div class='ocr_carea' id='block_1_11' title="bbox 552 1046 2143 1117">
    <p class='ocr_par' dir='ltr' id='par_1_11' title="bbox 552 1046 2143 1117">
     <span class='ocr_line' id='line_1_11' title="bbox 552 1046 2143 1117; baseline 0.002 -16"><span class='ocrx_word' id='word_1_66' title='bbox 552 1060 605 1101; x_wconf 90' lang='lat' dir='ltr'><strong>et</strong></span> <span class='ocrx_word' id='word_1_67' title='bbox 645 1063 766 1103; x_wconf 89' lang='lat' dir='ltr'><strong>cum</strong></span> <span class='ocrx_word' id='word_1_68' title='bbox 799 1049 915 1117; x_wconf 90' lang='lat' dir='ltr'><strong>ipso</strong></span> <span class='ocrx_word' id='word_1_69' title='bbox 944 1047 1186 1103; x_wconf 80' lang='lat' dir='ltr'><strong>habitare</strong></span> <span class='ocrx_word' id='word_1_70' title='bbox 1218 1046 1546 1103; x_wconf 86' lang='lat' dir='ltr'><strong>volentibus.</strong></span> <span class='ocrx_word' id='word_1_71' title='bbox 1578 1048 1831 1105; x_wconf 78' lang='lat' dir='ltr'><strong>Faciebat</strong></span> <span class='ocrx_word' id='word_1_72' title='bbox 1859 1051 2143 1106; x_wconf 88' lang='lat' dir='ltr'><strong>convocari</strong></span> 
     </span>
    </p>
   </div>
   <div class='ocr_carea' id='block_1_12' title="bbox 553 1137 2145 1208">
    <p class='ocr_par' dir='ltr' id='par_1_12' title="bbox 553 1137 2145 1208">
     <span class='ocr_line' id='line_1_12' title="bbox 553 1137 2145 1208; baseline 0.003 -17"><span class='ocrx_word' id='word_1_73' title='bbox 553 1137 745 1192; x_wconf 76' lang='lat' dir='ltr'><strong>fratres</strong></span> <span class='ocrx_word' id='word_1_74' title='bbox 765 1138 853 1208; x_wconf 86' lang='lat' dir='ltr'><strong>qui</strong></span> <span class='ocrx_word' id='word_1_75' title='bbox 886 1150 1070 1193; x_wconf 85' lang='lat' dir='ltr'><strong>secum</strong></span> <span class='ocrx_word' id='word_1_76' title='bbox 1102 1146 1275 1203; x_wconf 90' lang='lat' dir='ltr'><strong>erant,</strong></span> <span class='ocrx_word' id='word_1_77' title='bbox 1300 1148 1353 1194; x_wconf 89' lang='lat' dir='ltr'><strong>et</strong></span> <span class='ocrx_word' id='word_1_78' title='bbox 1383 1138 1436 1193; x_wconf 94' lang='lat' dir='ltr'><strong>in</strong></span> <span class='ocrx_word' id='word_1_79' title='bbox 1464 1153 1566 1193; x_wconf 89' lang='lat' dir='ltr'><strong>una</strong></span> <span class='ocrx_word' id='word_1_80' title='bbox 1592 1139 1681 1196; x_wconf 92' lang='lat' dir='ltr'><strong>die</strong></span> <span class='ocrx_word' id='word_1_81' title='bbox 1708 1140 2011 1197; x_wconf 82' lang='lat' dir='ltr'><strong>advenienti</strong></span> <span class='ocrx_word' id='word_1_82' title='bbox 2043 1143 2145 1197; x_wconf 87' lang='lat' dir='ltr'><strong>fra-</strong></span> 
     </span>
    </p>
   </div>
   <div class='ocr_carea' id='block_1_13' title="bbox 554 1229 2143 1305">
    <p class='ocr_par' dir='ltr' id='par_1_13' title="bbox 554 1229 2143 1305">
     <span class='ocr_line' id='line_1_13' title="bbox 554 1229 2143 1305; baseline 0.004 -24"><span class='ocrx_word' id='word_1_83' title='bbox 554 1231 621 1284; x_wconf 85' lang='lat' dir='ltr'><strong>tri</strong></span> <span class='ocrx_word' id='word_1_84' title='bbox 673 1229 921 1286; x_wconf 91' lang='lat' dir='ltr'><strong>cellulam</strong></span> <span class='ocrx_word' id='word_1_85' title='bbox 977 1229 1300 1286; x_wconf 64' lang='lat' dir='ltr'><strong>aedificabat.</strong></span> <span class='ocrx_word' id='word_1_86' title='bbox 1337 1230 1469 1285; x_wconf 82' lang='lat' dir='ltr'><strong>Erat</strong></span> <span class='ocrx_word' id='word_1_87' title='bbox 1506 1231 1559 1286; x_wconf 92' lang='lat' dir='ltr'><strong>in</strong></span> <span class='ocrx_word' id='word_1_88' title='bbox 1615 1230 1717 1288; x_wconf 90' lang='lat' dir='ltr'><strong>hoc</strong></span> <span class='ocrx_word' id='word_1_89' title='bbox 1750 1247 1916 1303; x_wconf 90' lang='lat' dir='ltr'><strong>opere</strong></span> <span class='ocrx_word' id='word_1_90' title='bbox 1955 1248 2143 1305; x_wconf 79' lang='lat' dir='ltr'><strong>magna</strong></span> 
     </span>
    </p>
   </div>
   <div class='ocr_carea' id='block_1_14' title="bbox 552 1323 2146 1397">
    <p class='ocr_par' dir='ltr' id='par_1_14' title="bbox 552 1323 2146 1397">
     <span class='ocr_line' id='line_1_14' title="bbox 552 1323 2146 1397; baseline 0.003 -19"><span class='ocrx_word' id='word_1_91' title='bbox 552 1324 807 1380; x_wconf 83' lang='lat' dir='ltr'><strong>alacritas</strong></span> <span class='ocrx_word' id='word_1_92' title='bbox 837 1323 1093 1392; x_wconf 87' lang='lat' dir='ltr'><strong>fratrum,</strong></span> <span class='ocrx_word' id='word_1_93' title='bbox 1119 1339 1442 1397; x_wconf 91' lang='lat' dir='ltr'><strong>unoquoque</strong></span> <span class='ocrx_word' id='word_1_94' title='bbox 1469 1340 1655 1382; x_wconf 89' lang='lat' dir='ltr'><strong>eorum</strong></span> <span class='ocrx_word' id='word_1_95' title='bbox 1698 1326 1986 1382; x_wconf 86' lang='lat' dir='ltr'><strong>festinante</strong></span> <span class='ocrx_word' id='word_1_96' title='bbox 2013 1326 2146 1383; x_wconf 89' lang='lat' dir='ltr'><strong>late-</strong></span> 
     </span>
    </p>
   </div>
   <div class='ocr_carea' id='block_1_15' title="bbox 548 1416 2142 1488">
    <p class='ocr_par' dir='ltr' id='par_1_15' title="bbox 548 1416 2142 1488">
     <span class='ocr_line' id='line_1_15' title="bbox 548 1416 2142 1488; baseline 0.003 -19"><span class='ocrx_word' id='word_1_97' title='bbox 548 1430 640 1471; x_wconf 90' lang='lat' dir='ltr'><strong>res</strong></span> <span class='ocrx_word' id='word_1_98' title='bbox 668 1416 997 1481; x_wconf 88' lang='lat' dir='ltr'><strong>convebere,</strong></span> <span class='ocrx_word' id='word_1_99' title='bbox 1026 1425 1119 1471; x_wconf 86' lang='lat' dir='ltr'><strong>aut</strong></span> <span class='ocrx_word' id='word_1_100' title='bbox 1150 1417 1317 1471; x_wconf 89' lang='lat' dir='ltr'><strong>lutum</strong></span> <span class='ocrx_word' id='word_1_101' title='bbox 1360 1416 1659 1487; x_wconf 73' lang='lat' dir='ltr'><strong>porrigere,</strong></span> <span class='ocrx_word' id='word_1_102' title='bbox 1700 1425 1795 1472; x_wconf 90' lang='lat' dir='ltr'><strong>aut</strong></span> <span class='ocrx_word' id='word_1_103' title='bbox 1828 1433 2022 1488; x_wconf 87' lang='lat' dir='ltr'><strong>aquam</strong></span> <span class='ocrx_word' id='word_1_104' title='bbox 2060 1418 2142 1474; x_wconf 92' lang='lat' dir='ltr'><strong>iu-</strong></span> 
     </span>
    </p>
   </div>
   <div class='ocr_carea' id='block_1_16' title="bbox 549 1507 2140 1580">
    <p class='ocr_par' dir='ltr' id='par_1_16' title="bbox 549 1507 2140 1580">
     <span class='ocr_line' id='line_1_16' title="bbox 549 1507 2140 1580; baseline 0.001 -19"><span class='ocrx_word' id='word_1_105' title='bbox 549 1508 797 1576; x_wconf 89' lang='lat' dir='ltr'><strong>fundere,</strong></span> <span class='ocrx_word' id='word_1_106' title='bbox 829 1517 924 1563; x_wconf 91' lang='lat' dir='ltr'><strong>aut</strong></span> <span class='ocrx_word' id='word_1_107' title='bbox 953 1508 1095 1578; x_wconf 89' lang='lat' dir='ltr'><strong>ligna</strong></span> <span class='ocrx_word' id='word_1_108' title='bbox 1121 1507 1359 1564; x_wconf 87' lang='lat' dir='ltr'><strong>deferre.</strong></span> <span class='ocrx_word' id='word_1_109' title='bbox 1386 1507 1490 1565; x_wconf 89' lang='lat' dir='ltr'><strong>Ubi</strong></span> <span class='ocrx_word' id='word_1_110' title='bbox 1520 1524 1645 1565; x_wconf 87' lang='lat' dir='ltr'><strong>vero</strong></span> <span class='ocrx_word' id='word_1_111' title='bbox 1669 1510 1904 1580; x_wconf 90' lang='lat' dir='ltr'><strong>perfecta</strong></span> <span class='ocrx_word' id='word_1_112' title='bbox 1934 1510 2140 1579; x_wconf 88' lang='lat' dir='ltr'><strong>fuisset,</strong></span> 
     </span>
    </p>
   </div>
   <div class='ocr_carea' id='block_1_17' title="bbox 548 1602 2143 1671">
    <p class='ocr_par' dir='ltr' id='par_1_17' title="bbox 548 1602 2143 1671">
     <span class='ocr_line' id='line_1_17' title="bbox 548 1602 2143 1671; baseline 0.004 -16"><span class='ocrx_word' id='word_1_113' title='bbox 548 1604 664 1671; x_wconf 88' lang='lat' dir='ltr'><strong>ipse</strong></span> <span class='ocrx_word' id='word_1_114' title='bbox 694 1616 811 1657; x_wconf 89' lang='lat' dir='ltr'><strong>eam</strong></span> <span class='ocrx_word' id='word_1_115' title='bbox 835 1602 1083 1657; x_wconf 89' lang='lat' dir='ltr'><strong>omnibus</strong></span> <span class='ocrx_word' id='word_1_116' title='bbox 1106 1602 1423 1658; x_wconf 86' lang='lat' dir='ltr'><strong>utensilibus</strong></span> <span class='ocrx_word' id='word_1_117' title='bbox 1450 1602 1535 1658; x_wconf 91' lang='lat' dir='ltr'><strong>vel</strong></span> <span class='ocrx_word' id='word_1_118' title='bbox 1563 1604 1887 1660; x_wconf 83' lang='lat' dir='ltr'><strong>necessariis</strong></span> <span class='ocrx_word' id='word_1_119' title='bbox 1913 1606 2143 1661; x_wconf 86' lang='lat' dir='ltr'><strong>instruc-</strong></span> 
     </span>
    </p>
   </div>
   <div class='ocr_carea' id='block_1_18' title="bbox 550 1694 1133 1750">
    <p class='ocr_par' dir='ltr' id='par_1_18' title="bbox 550 1694 1133 1750">
     <span class='ocr_line' id='line_1_18' title="bbox 550 1694 1133 1750; baseline 0 0"><span class='ocrx_word' id='word_1_120' title='bbox 550 1703 659 1750; x_wconf 85' lang='lat' dir='ltr'><strong>tam</strong></span> <span class='ocrx_word' id='word_1_121' title='bbox 687 1694 933 1749; x_wconf 86' lang='lat' dir='ltr'><strong>tradebat</strong></span> <span class='ocrx_word' id='word_1_122' title='bbox 963 1694 1133 1750; x_wconf 85' lang='lat' dir='ltr'><strong>fratri.</strong></span> 
     </span>
    </p>
   </div>
   <div class='ocr_carea' id='block_1_19' title="bbox 2250 511 3838 602">
    <p class='ocr_par' dir='ltr' id='par_1_19' title="bbox 2250 511 3838 602">
     <span class='ocr_line' id='line_1_19' title="bbox 2250 511 3838 602; baseline 0.021 -44"><span class='ocrx_word' id='word_1_123' title='bbox 2250 520 2492 562; x_wconf 83' lang='lat' dir='ltr'><strong>mensam</strong></span> <span class='ocrx_word' id='word_1_124' title='bbox 2521 511 2897 581; x_wconf 75' lang='lat' dir='ltr'><strong>contingentes</strong></span> <span class='ocrx_word' id='word_1_125' title='bbox 2922 516 3094 587; x_wconf 83' lang='lat' dir='ltr'><strong>magis</strong></span> <span class='ocrx_word' id='word_1_126' title='bbox 3132 533 3295 588; x_wconf 87' lang='lat' dir='ltr'><strong>quam</strong></span> <span class='ocrx_word' id='word_1_127' title='bbox 3338 536 3616 584; x_wconf 76' lang='lat' dir='ltr'><strong>sumentes</strong></span> <span class='ocrx_word' id='word_1_128' title='bbox 3665 531 3838 602; x_wconf 86' lang='lat' dir='ltr'><strong>cibos,</strong></span> 
     </span>
    </p>
   </div>
   <div class='ocr_carea' id='block_1_20' title="bbox 2250 598 3840 684">
    <p class='ocr_par' dir='ltr' id='par_1_20' title="bbox 2250 598 3840 684">
     <span class='ocr_line' id='line_1_20' title="bbox 2250 598 3840 684; baseline 0.021 -35"><span class='ocrx_word' id='word_1_129' title='bbox 2250 604 2308 650; x_wconf 93' lang='lat' dir='ltr'><strong>ut</strong></span> <span class='ocrx_word' id='word_1_130' title='bbox 2337 612 2435 653; x_wconf 88' lang='lat' dir='ltr'><strong>nec</strong></span> <span class='ocrx_word' id='word_1_131' title='bbox 2464 598 2703 657; x_wconf 87' lang='lat' dir='ltr'><strong>defuisse</strong></span> <span class='ocrx_word' id='word_1_132' title='bbox 2733 604 2957 672; x_wconf 87' lang='lat' dir='ltr'><strong>mensis,</strong></span> <span class='ocrx_word' id='word_1_133' title='bbox 2978 622 3080 664; x_wconf 92' lang='lat' dir='ltr'><strong>nec</strong></span> <span class='ocrx_word' id='word_1_134' title='bbox 3110 618 3289 667; x_wconf 87' lang='lat' dir='ltr'><strong>tamen</strong></span> <span class='ocrx_word' id='word_1_135' title='bbox 3310 616 3483 672; x_wconf 82' lang='lat' dir='ltr'><strong>ventri</strong></span> <span class='ocrx_word' id='word_1_136' title='bbox 3511 598 3840 684; x_wconf 79' lang='lat' dir='ltr'><strong>satisfecisse</strong></span> 
     </span>
    </p>
   </div>
   <div class='ocr_carea' id='block_1_21' title="bbox 2249 688 3841 782">
    <p class='ocr_par' dir='ltr' id='par_1_21' title="bbox 2249 688 3841 782">
     <span class='ocr_line' id='line_1_21' title="bbox 2249 688 3841 782; baseline 0.02 -41"><span class='ocrx_word' id='word_1_137' title='bbox 2249 688 2548 746; x_wconf 88' lang='lat' dir='ltr'><strong>videantur.</strong></span> <span class='ocrx_word' id='word_1_138' title='bbox 2574 692 2743 763; x_wconf 74' lang='lat' dir='ltr'><strong>Major</strong></span> <span class='ocrx_word' id='word_1_139' title='bbox 2770 696 2969 768; x_wconf 84' lang='lat' dir='ltr'><strong>quippe</strong></span> <span class='ocrx_word' id='word_1_140' title='bbox 3011 709 3100 757; x_wconf 90' lang='lat' dir='ltr'><strong>est</strong></span> <span class='ocrx_word' id='word_1_141' title='bbox 3120 704 3469 763; x_wconf 65' lang='lat' dir='ltr'><strong>continentia</strong></span> <span class='ocrx_word' id='word_1_142' title='bbox 3496 711 3672 769; x_wconf 85' lang='lat' dir='ltr'><strong>virtus</strong></span> <span class='ocrx_word' id='word_1_143' title='bbox 3692 755 3711 782; x_wconf 93' lang='lat'><strong>,</strong></span> <span class='ocrx_word' id='word_1_144' title='bbox 3756 715 3841 773; x_wconf 89' lang='lat' dir='ltr'><strong>his</strong></span> 
     </span>
    </p>
   </div>
   <div class='ocr_carea' id='block_1_22' title="bbox 2248 782 3709 863">
    <p class='ocr_par' dir='ltr' id='par_1_22' title="bbox 2248 782 3709 863">
     <span class='ocr_line' id='line_1_22' title="bbox 2248 782 3709 863; baseline 0.016 -26"><span class='ocrx_word' id='word_1_145' title='bbox 2248 782 2520 845; x_wconf 87' lang='lat' dir='ltr'><strong>abstinere</strong></span> <span class='ocrx_word' id='word_1_146' title='bbox 2544 799 2667 857; x_wconf 64' lang='lat' dir='ltr'><strong>quae</strong></span> <span class='ocrx_word' id='word_1_147' title='bbox 2693 786 2748 842; x_wconf 93' lang='lat' dir='ltr'><strong>in</strong></span> <span class='ocrx_word' id='word_1_148' title='bbox 2774 790 2949 845; x_wconf 88' lang='lat' dir='ltr'><strong>oculis</strong></span> <span class='ocrx_word' id='word_1_149' title='bbox 2977 790 3243 853; x_wconf 88' lang='lat' dir='ltr'><strong>habentur</strong></span> <span class='ocrx_word' id='word_1_150' title='bbox 3270 806 3328 854; x_wconf 90' lang='lat' dir='ltr'><strong>et</strong></span> <span class='ocrx_word' id='word_1_151' title='bbox 3352 799 3408 856; x_wconf 90' lang='lat' dir='ltr'><strong>in</strong></span> <span class='ocrx_word' id='word_1_152' title='bbox 3436 804 3709 863; x_wconf 85' lang='lat' dir='ltr'><strong>manibus.</strong></span> 
     </span>
    </p>
   </div>
   <div class='ocr_carea' id='block_1_23' title="bbox 2856 904 3226 968">
    <p class='ocr_par' dir='ltr' id='par_1_23' title="bbox 2856 904 3226 968">
     <span class='ocr_line' id='line_1_23' title="bbox 2856 904 3226 968; baseline 0.014 -5"><span class='ocrx_word' id='word_1_153' title='bbox 2856 904 3088 967; x_wconf 84' lang='lat' dir='ltr'><strong>CAPUT</strong></span> <span class='ocrx_word' id='word_1_154' title='bbox 3136 910 3226 968; x_wconf 81' lang='lat' dir='ltr'><strong>IV.</strong></span> 
     </span>
    </p>
   </div>
   <div class='ocr_carea' id='block_1_24' title="bbox 2864 1034 3221 1085">
    <p class='ocr_par' dir='ltr' id='par_1_24' title="bbox 2864 1034 3221 1085">
     <span class='ocr_line' id='line_1_24' title="bbox 2864 1034 3221 1085; baseline 0.022 -7"><span class='ocrx_word' id='word_1_155' title='bbox 2864 1037 2933 1079; x_wconf 77' lang='lat' dir='ltr'><strong>DE</strong></span> <span class='ocrx_word' id='word_1_156' title='bbox 2989 1034 3013 1064; x_wconf 72' lang='lat'><strong><em>°</em></strong></span> <span class='ocrx_word' id='word_1_157' title='bbox 3064 1042 3221 1085; x_wconf 73' lang='lat' dir='ltr'><strong>BENO.</strong></span> 
     </span>
    </p>
   </div>
   <div class='ocr_carea' id='block_1_25' title="bbox 2322 1131 3837 1224">
    <p class='ocr_par' dir='ltr' id='par_1_25' title="bbox 2322 1131 3837 1224">
     <span class='ocr_line' id='line_1_25' title="bbox 2322 1131 3837 1224; baseline 0.018 -38"><span class='ocrx_word' id='word_1_158' title='bbox 2322 1131 2564 1189; x_wconf 81' lang='lat' dir='ltr'><strong>Vidimus</strong></span> <span class='ocrx_word' id='word_1_159' title='bbox 2587 1144 2643 1193; x_wconf 91' lang='lat' dir='ltr'><strong>et</strong></span> <span class='ocrx_word' id='word_1_160' title='bbox 2668 1136 2835 1193; x_wconf 90' lang='lat' dir='ltr'><strong>alium</strong></span> <span class='ocrx_word' id='word_1_161' title='bbox 2863 1153 3048 1198; x_wconf 89' lang='lat' dir='ltr'><strong>senem</strong></span> <span class='ocrx_word' id='word_1_162' title='bbox 3080 1143 3355 1214; x_wconf 85' lang='lat' dir='ltr'><strong>(Pallad.,</strong></span> <span class='ocrx_word' id='word_1_163' title='bbox 3380 1163 3498 1220; x_wconf 84' lang='lat' dir='ltr'><strong>cap.</strong></span> <span class='ocrx_word' id='word_1_164' title='bbox 3522 1149 3615 1207; x_wconf 66' lang='lat'><strong>49.</strong></span> <span class='ocrx_word' id='word_1_165' title='bbox 3640 1150 3662 1224; x_wconf 92' lang='lat'><strong>)</strong></span> <span class='ocrx_word' id='word_1_166' title='bbox 3690 1168 3837 1213; x_wconf 80' lang='lat' dir='ltr'><strong>man-</strong></span> 
     </span>
    </p>
   </div>
   <div class='ocr_carea' id='block_1_26' title="bbox 2247 1226 3835 1311">
    <p class='ocr_par' dir='ltr' id='par_1_26' title="bbox 2247 1226 3835 1311">
     <span class='ocr_line' id='line_1_26' title="bbox 2247 1226 3835 1311; baseline 0.017 -32"><span class='ocrx_word' id='word_1_167' title='bbox 2247 1226 2527 1283; x_wconf 88' lang='lat' dir='ltr'><strong>suetudine</strong></span> <span class='ocrx_word' id='word_1_168' title='bbox 2555 1244 2741 1287; x_wconf 92' lang='lat' dir='ltr'><strong>omnes</strong></span> <span class='ocrx_word' id='word_1_169' title='bbox 2764 1230 3014 1292; x_wconf 88' lang='lat' dir='ltr'><strong>homines</strong></span> <span class='ocrx_word' id='word_1_170' title='bbox 3036 1238 3431 1306; x_wconf 64' lang='lat' dir='ltr'><strong>praecellentem</strong></span> <span class='ocrx_word' id='word_1_171' title='bbox 3453 1283 3471 1311; x_wconf 91' lang='lat'><strong>,</strong></span> <span class='ocrx_word' id='word_1_172' title='bbox 3502 1244 3708 1303; x_wconf 88' lang='lat' dir='ltr'><strong>Benum</strong></span> <span class='ocrx_word' id='word_1_173' title='bbox 3737 1263 3835 1306; x_wconf 92' lang='lat' dir='ltr'><strong>no-</strong></span> 
     </span>
    </p>
   </div>
   <div class='ocr_carea' id='block_1_27' title="bbox 2248 1318 3834 1411">
    <p class='ocr_par' dir='ltr' id='par_1_27' title="bbox 2248 1318 3834 1411">
     <span class='ocr_line' id='line_1_27' title="bbox 2248 1318 3834 1411; baseline 0.016 -40"><span class='ocrx_word' id='word_1_174' title='bbox 2248 1319 2412 1383; x_wconf 88' lang='lat' dir='ltr'><strong>mine,</strong></span> <span class='ocrx_word' id='word_1_175' title='bbox 2435 1318 2505 1375; x_wconf 93' lang='lat' dir='ltr'><strong>de</strong></span> <span class='ocrx_word' id='word_1_176' title='bbox 2533 1336 2639 1390; x_wconf 89' lang='lat' dir='ltr'><strong>quo</strong></span> <span class='ocrx_word' id='word_1_177' title='bbox 2682 1326 3001 1382; x_wconf 82' lang='lat' dir='ltr'><strong>asserebant</strong></span> <span class='ocrx_word' id='word_1_178' title='bbox 3025 1328 3221 1386; x_wconf 87' lang='lat' dir='ltr'><strong>fratres</strong></span> <span class='ocrx_word' id='word_1_179' title='bbox 3246 1332 3483 1402; x_wconf 90' lang='lat' dir='ltr'><strong>quicum</strong></span> <span class='ocrx_word' id='word_1_180' title='bbox 3512 1334 3632 1405; x_wconf 88' lang='lat' dir='ltr'><strong>ipso</strong></span> <span class='ocrx_word' id='word_1_181' title='bbox 3661 1350 3834 1411; x_wconf 89' lang='lat' dir='ltr'><strong>erant,</strong></span> 
     </span>
    </p>
   </div>
   <div class='ocr_carea' id='block_1_28' title="bbox 2246 1413 3832 1499">
    <p class='ocr_par' dir='ltr' id='par_1_28' title="bbox 2246 1413 3832 1499">
     <span class='ocr_line' id='line_1_28' title="bbox 2246 1413 3832 1499; baseline 0.015 -33"><span class='ocrx_word' id='word_1_182' title='bbox 2246 1413 2387 1481; x_wconf 91' lang='lat' dir='ltr'><strong>quod</strong></span> <span class='ocrx_word' id='word_1_183' title='bbox 2412 1429 2585 1483; x_wconf 91' lang='lat' dir='ltr'><strong>neque</strong></span> <span class='ocrx_word' id='word_1_184' title='bbox 2606 1415 2971 1487; x_wconf 87' lang='lat' dir='ltr'><strong>juramentum</strong></span> <span class='ocrx_word' id='word_1_185' title='bbox 2993 1437 3270 1494; x_wconf 90' lang='lat' dir='ltr'><strong>umquam,</strong></span> <span class='ocrx_word' id='word_1_186' title='bbox 3298 1441 3475 1499; x_wconf 90' lang='lat' dir='ltr'><strong>neque</strong></span> <span class='ocrx_word' id='word_1_187' title='bbox 3496 1430 3832 1489; x_wconf 84' lang='lat' dir='ltr'><strong>mendacium</strong></span> 
     </span>
    </p>
   </div>
   <div class='ocr_carea' id='block_1_29' title="bbox 2247 1503 3828 1584">
    <p class='ocr_par' dir='ltr' id='par_1_29' title="bbox 2247 1503 3828 1584">
     <span class='ocr_line' id='line_1_29' title="bbox 2247 1503 3828 1584; baseline 0.015 -27"><span class='ocrx_word' id='word_1_188' title='bbox 2247 1503 2314 1559; x_wconf 94' lang='lat' dir='ltr'><strong>de</strong></span> <span class='ocrx_word' id='word_1_189' title='bbox 2340 1519 2435 1561; x_wconf 86' lang='lat' dir='ltr'><strong>ore</strong></span> <span class='ocrx_word' id='word_1_190' title='bbox 2461 1506 2578 1575; x_wconf 90' lang='lat' dir='ltr'><strong>ejus</strong></span> <span class='ocrx_word' id='word_1_191' title='bbox 2601 1512 2947 1581; x_wconf 89' lang='lat' dir='ltr'><strong>processerit,</strong></span> <span class='ocrx_word' id='word_1_192' title='bbox 2971 1528 3145 1584; x_wconf 90' lang='lat' dir='ltr'><strong>neque</strong></span> <span class='ocrx_word' id='word_1_193' title='bbox 3165 1515 3306 1571; x_wconf 91' lang='lat' dir='ltr'><strong>ullus</strong></span> <span class='ocrx_word' id='word_1_194' title='bbox 3328 1515 3607 1576; x_wconf 81' lang='lat' dir='ltr'><strong>hominum</strong></span> <span class='ocrx_word' id='word_1_195' title='bbox 3637 1522 3828 1580; x_wconf 88' lang='lat' dir='ltr'><strong>iratum</strong></span> 
     </span>
    </p>
   </div>
   <div class='ocr_carea' id='block_1_30' title="bbox 2247 1596 3832 1681">
    <p class='ocr_par' dir='ltr' id='par_1_30' title="bbox 2247 1596 3832 1681">
     <span class='ocr_line' id='line_1_30' title="bbox 2247 1596 3832 1681; baseline 0.013 -33"><span class='ocrx_word' id='word_1_196' title='bbox 2247 1596 2441 1651; x_wconf 89' lang='lat' dir='ltr'><strong>viderit</strong></span> <span class='ocrx_word' id='word_1_197' title='bbox 2470 1612 2591 1653; x_wconf 91' lang='lat' dir='ltr'><strong>eum</strong></span> <span class='ocrx_word' id='word_1_198' title='bbox 2637 1600 2962 1671; x_wconf 80' lang='lat' dir='ltr'><strong>aliquando;</strong></span> <span class='ocrx_word' id='word_1_199' title='bbox 3009 1615 3101 1661; x_wconf 91' lang='lat' dir='ltr'><strong>aut</strong></span> <span class='ocrx_word' id='word_1_200' title='bbox 3147 1620 3455 1665; x_wconf 84' lang='lat' dir='ltr'><strong>sermonem</strong></span> <span class='ocrx_word' id='word_1_201' title='bbox 3504 1612 3832 1681; x_wconf 89' lang='lat' dir='ltr'><strong>superlluum</strong></span> 
     </span>
    </p>
   </div>
   <div class='ocr_carea' id='block_1_31' title="bbox 2250 1693 3835 1771">
    <p class='ocr_par' dir='ltr' id='par_1_31' title="bbox 2250 1693 3835 1771">
     <span class='ocr_line' id='line_1_31' title="bbox 2250 1693 3835 1771; baseline 0.01 -27"><span class='ocrx_word' id='word_1_202' title='bbox 2250 1701 2588 1759; x_wconf 82' lang='lat' dir='ltr'><strong>otiosumque</strong></span> <span class='ocrx_word' id='word_1_203' title='bbox 2620 1693 2978 1762; x_wconf 82' lang='lat' dir='ltr'><strong>prolerentem</strong></span> <span class='ocrx_word' id='word_1_204' title='bbox 3001 1738 3016 1762; x_wconf 91' lang='lat'><strong>,</strong></span> <span class='ocrx_word' id='word_1_205' title='bbox 3047 1696 3142 1752; x_wconf 85' lang='lat' dir='ltr'><strong>sed</strong></span> <span class='ocrx_word' id='word_1_206' title='bbox 3174 1706 3295 1753; x_wconf 90' lang='lat' dir='ltr'><strong>erat</strong></span> <span class='ocrx_word' id='word_1_207' title='bbox 3325 1700 3430 1755; x_wconf 85' lang='lat' dir='ltr'><strong>vita</strong></span> <span class='ocrx_word' id='word_1_208' title='bbox 3458 1701 3579 1771; x_wconf 86' lang='lat' dir='ltr'><strong>ejus</strong></span> <span class='ocrx_word' id='word_1_209' title='bbox 3610 1703 3662 1758; x_wconf 93' lang='lat' dir='ltr'><strong>in</strong></span> <span class='ocrx_word' id='word_1_210' title='bbox 3692 1719 3835 1760; x_wconf 87' lang='lat' dir='ltr'><strong>sum-</strong></span> 
     </span>
    </p>
   </div>
   <div class='ocr_carea' id='block_1_32' title="bbox 621 1780 2134 1867">
    <p class='ocr_par' dir='ltr' id='par_1_32' title="bbox 621 1786 2134 1859">
     <span class='ocr_line' id='line_1_32' title="bbox 621 1786 2134 1859; baseline 0.004 -18"><span class='ocrx_word' id='word_1_211' title='bbox 621 1786 719 1841; x_wconf 85' lang='lat' dir='ltr'><strong>Hic</strong></span> <span class='ocrx_word' id='word_1_212' title='bbox 744 1786 1031 1857; x_wconf 88' lang='lat' dir='ltr'><strong>aliquando</strong></span> <span class='ocrx_word' id='word_1_213' title='bbox 1069 1800 1191 1842; x_wconf 90' lang='lat' dir='ltr'><strong>cum</strong></span> <span class='ocrx_word' id='word_1_214' title='bbox 1223 1787 1390 1844; x_wconf 80' lang='lat' dir='ltr'><strong>falsus</strong></span> <span class='ocrx_word' id='word_1_215' title='bbox 1416 1789 1632 1859; x_wconf 90' lang='lat' dir='ltr'><strong>quidam</strong></span> <span class='ocrx_word' id='word_1_216' title='bbox 1667 1788 1833 1846; x_wconf 87' lang='lat' dir='ltr'><strong>frater</strong></span> <span class='ocrx_word' id='word_1_217' title='bbox 1861 1790 1930 1846; x_wconf 90' lang='lat' dir='ltr'><strong>ad</strong></span> <span class='ocrx_word' id='word_1_218' title='bbox 1960 1806 2020 1846; x_wconf 90' lang='lat' dir='ltr'><strong>se</strong></span> <span class='ocrx_word' id='word_1_219' title='bbox 2045 1807 2134 1848; x_wconf 90' lang='lat' dir='ltr'><strong>ve-</strong></span> 
     </span>
    </p>
   </div>
   <div class='ocr_carea' id='block_1_33' title="bbox 2236 1780 3834 1867">
    <p class='ocr_par' dir='ltr' id='par_1_33' title="bbox 2249 1780 3834 1867">
     <span class='ocr_line' id='line_1_33' title="bbox 2249 1780 3834 1867; baseline 0.013 -34"><span class='ocrx_word' id='word_1_220' title='bbox 2249 1794 2338 1834; x_wconf 93' lang='lat' dir='ltr'><strong>mo</strong></span> <span class='ocrx_word' id='word_1_221' title='bbox 2360 1780 2602 1851; x_wconf 90' lang='lat' dir='ltr'><strong>silentio,</strong></span> <span class='ocrx_word' id='word_1_222' title='bbox 2622 1798 2911 1855; x_wconf 88' lang='lat' dir='ltr'><strong>moresque</strong></span> <span class='ocrx_word' id='word_1_223' title='bbox 2941 1788 3235 1858; x_wconf 86' lang='lat' dir='ltr'><strong>tranquilli,</strong></span> <span class='ocrx_word' id='word_1_224' title='bbox 3262 1798 3318 1846; x_wconf 92' lang='lat' dir='ltr'><strong>et</strong></span> <span class='ocrx_word' id='word_1_225' title='bbox 3345 1805 3442 1861; x_wconf 89' lang='lat' dir='ltr'><strong>per</strong></span> <span class='ocrx_word' id='word_1_226' title='bbox 3469 1794 3653 1849; x_wconf 85' lang='lat' dir='ltr'><strong>omnia</strong></span> <span class='ocrx_word' id='word_1_227' title='bbox 3680 1800 3834 1867; x_wconf 91' lang='lat' dir='ltr'><strong>quasi</strong></span> 
     </span>
    </p>
   </div>
   <div class='ocr_carea' id='block_1_34' title="bbox 549 1877 2141 1949">
    <p class='ocr_par' dir='ltr' id='par_1_34' title="bbox 549 1877 2141 1949">
     <span class='ocr_line' id='line_1_34' title="bbox 549 1877 2141 1949; baseline 0.004 -17"><span class='ocrx_word' id='word_1_228' title='bbox 549 1880 737 1944; x_wconf 89' lang='lat' dir='ltr'><strong>uisset,</strong></span> <span class='ocrx_word' id='word_1_229' title='bbox 768 1886 823 1933; x_wconf 91' lang='lat' dir='ltr'><strong>et</strong></span> <span class='ocrx_word' id='word_1_230' title='bbox 850 1887 909 1932; x_wconf 90' lang='lat' dir='ltr'><strong>ut</strong></span> <span class='ocrx_word' id='word_1_231' title='bbox 932 1877 1204 1934; x_wconf 90' lang='lat' dir='ltr'><strong>videretur</strong></span> <span class='ocrx_word' id='word_1_232' title='bbox 1230 1879 1424 1949; x_wconf 90' lang='lat' dir='ltr'><strong>nudus,</strong></span> <span class='ocrx_word' id='word_1_233' title='bbox 1450 1883 1777 1938; x_wconf 86' lang='lat' dir='ltr'><strong>vestimenta</strong></span> <span class='ocrx_word' id='word_1_234' title='bbox 1830 1899 1928 1938; x_wconf 90' lang='lat' dir='ltr'><strong>sua</strong></span> <span class='ocrx_word' id='word_1_235' title='bbox 1959 1886 2141 1940; x_wconf 87' lang='lat' dir='ltr'><strong>occul-</strong></span> 
     </span>
    </p>
   </div>
   <div class='ocr_carea' id='block_1_35' title="bbox 549 1972 2140 2044">
    <p class='ocr_par' dir='ltr' id='par_1_35' title="bbox 549 1972 2140 2044">
     <span class='ocr_line' id='line_1_35' title="bbox 549 1972 2140 2044; baseline 0.006 -22"><span class='ocrx_word' id='word_1_236' title='bbox 549 1979 735 2038; x_wconf 87' lang='lat' dir='ltr'><strong>tasset,</strong></span> <span class='ocrx_word' id='word_1_237' title='bbox 766 1972 937 2041; x_wconf 80' lang='lat' dir='ltr'><strong>arguit</strong></span> <span class='ocrx_word' id='word_1_238' title='bbox 958 1985 1079 2027; x_wconf 89' lang='lat' dir='ltr'><strong>eum</strong></span> <span class='ocrx_word' id='word_1_239' title='bbox 1106 1986 1286 2026; x_wconf 85' lang='lat' dir='ltr'><strong>coram</strong></span> <span class='ocrx_word' id='word_1_240' title='bbox 1311 1973 1579 2038; x_wconf 90' lang='lat' dir='ltr'><strong>omnibus,</strong></span> <span class='ocrx_word' id='word_1_241' title='bbox 1605 1974 1733 2028; x_wconf 89' lang='lat' dir='ltr'><strong>etin</strong></span> <span class='ocrx_word' id='word_1_242' title='bbox 1758 1973 1993 2031; x_wconf 90' lang='lat' dir='ltr'><strong>medium</strong></span> <span class='ocrx_word' id='word_1_243' title='bbox 2021 1990 2140 2044; x_wconf 66' lang='lat' dir='ltr'><strong>quae</strong></span> 
     </span>
    </p>
   </div>
   <div class='ocr_carea' id='block_1_36' title="bbox 546 2061 2138 2133">
    <p class='ocr_par' dir='ltr' id='par_1_36' title="bbox 546 2061 2138 2133">
     <span class='ocr_line' id='line_1_36' title="bbox 546 2061 2138 2133; baseline 0.004 -16"><span class='ocrx_word' id='word_1_244' title='bbox 546 2061 913 2117; x_wconf 87' lang='lat' dir='ltr'><strong>occultaverat</strong></span> <span class='ocrx_word' id='word_1_245' title='bbox 934 2062 1153 2132; x_wconf 88' lang='lat' dir='ltr'><strong>protulit</strong></span> <span class='ocrx_word' id='word_1_246' title='bbox 1180 2080 1194 2115; x_wconf 91' lang='lat'><strong>:</strong></span> <span class='ocrx_word' id='word_1_247' title='bbox 1217 2073 1271 2118; x_wconf 91' lang='lat' dir='ltr'><strong>et</strong></span> <span class='ocrx_word' id='word_1_248' title='bbox 1304 2063 1377 2117; x_wconf 88' lang='lat' dir='ltr'><strong>ita</strong></span> <span class='ocrx_word' id='word_1_249' title='bbox 1406 2064 1733 2133; x_wconf 88' lang='lat' dir='ltr'><strong>pertimuere</strong></span> <span class='ocrx_word' id='word_1_250' title='bbox 1753 2081 1966 2133; x_wconf 88' lang='lat' dir='ltr'><strong>omnes,</strong></span> <span class='ocrx_word' id='word_1_251' title='bbox 1992 2076 2049 2122; x_wconf 93' lang='lat' dir='ltr'><strong>ut</strong></span> <span class='ocrx_word' id='word_1_252' title='bbox 2070 2069 2138 2123; x_wconf 91' lang='lat' dir='ltr'><strong>de</strong></span> 
     </span>
    </p>
   </div>
   <div class='ocr_carea' id='block_1_37' title="bbox 544 2154 2140 2227">
    <p class='ocr_par' dir='ltr' id='par_1_37' title="bbox 544 2154 2140 2227">
     <span class='ocr_line' id='line_1_37' title="bbox 544 2154 2140 2227; baseline 0.003 -19"><span class='ocrx_word' id='word_1_253' title='bbox 544 2156 753 2224; x_wconf 90' lang='lat' dir='ltr'><strong>reliquo</strong></span> <span class='ocrx_word' id='word_1_254' title='bbox 784 2169 944 2209; x_wconf 89' lang='lat' dir='ltr'><strong>nemo</strong></span> <span class='ocrx_word' id='word_1_255' title='bbox 970 2154 1197 2211; x_wconf 89' lang='lat' dir='ltr'><strong>auderet</strong></span> <span class='ocrx_word' id='word_1_256' title='bbox 1223 2170 1403 2211; x_wconf 91' lang='lat' dir='ltr'><strong>coram</strong></span> <span class='ocrx_word' id='word_1_257' title='bbox 1447 2158 1562 2227; x_wconf 91' lang='lat' dir='ltr'><strong>ipso</strong></span> <span class='ocrx_word' id='word_1_258' title='bbox 1590 2158 1800 2214; x_wconf 91' lang='lat' dir='ltr'><strong>fallere.</strong></span> <span class='ocrx_word' id='word_1_259' title='bbox 1824 2158 1995 2214; x_wconf 85' lang='lat' dir='ltr'><strong>Tanta</strong></span> <span class='ocrx_word' id='word_1_260' title='bbox 2023 2168 2140 2213; x_wconf 91' lang='lat' dir='ltr'><strong>erat</strong></span> 
     </span>
    </p>
   </div>
   <div class='ocr_carea' id='block_1_38' title="bbox 544 2246 2139 2321">
    <p class='ocr_par' dir='ltr' id='par_1_38' title="bbox 544 2246 2139 2321">
     <span class='ocr_line' id='line_1_38' title="bbox 544 2246 2139 2321; baseline 0.004 -22"><span class='ocrx_word' id='word_1_261' title='bbox 544 2246 599 2299; x_wconf 92' lang='lat' dir='ltr'><strong>in</strong></span> <span class='ocrx_word' id='word_1_262' title='bbox 628 2262 693 2302; x_wconf 91' lang='lat' dir='ltr'><strong>eo</strong></span> <span class='ocrx_word' id='word_1_263' title='bbox 727 2248 899 2301; x_wconf 86' lang='lat' dir='ltr'><strong>virtus</strong></span> <span class='ocrx_word' id='word_1_264' title='bbox 944 2246 1150 2313; x_wconf 91' lang='lat' dir='ltr'><strong>animi,</strong></span> <span class='ocrx_word' id='word_1_265' title='bbox 1200 2256 1255 2302; x_wconf 86' lang='lat' dir='ltr'><strong>et</strong></span> <span class='ocrx_word' id='word_1_266' title='bbox 1294 2257 1437 2303; x_wconf 88' lang='lat' dir='ltr'><strong>tanta</strong></span> <span class='ocrx_word' id='word_1_267' title='bbox 1485 2249 1681 2303; x_wconf 78' lang='lat' dir='ltr'><strong>divina:</strong></span> <span class='ocrx_word' id='word_1_268' title='bbox 1711 2249 1897 2319; x_wconf 65' lang='lat' dir='ltr'><strong>gratiae</strong></span> <span class='ocrx_word' id='word_1_269' title='bbox 1928 2250 2139 2321; x_wconf 85' lang='lat' dir='ltr'><strong>magni-</strong></span> 
     </span>
    </p>
   </div>
   <div class='ocr_carea' id='block_1_39' title="bbox 543 2338 2136 2413">
    <p class='ocr_par' dir='ltr' id='par_1_39' title="bbox 543 2338 2136 2413">
     <span class='ocr_line' id='line_1_39' title="bbox 543 2338 2136 2413; baseline 0.006 -23"><span class='ocrx_word' id='word_1_270' title='bbox 543 2339 693 2403; x_wconf 86' lang='lat' dir='ltr'><strong>tudo,</strong></span> <span class='ocrx_word' id='word_1_271' title='bbox 724 2354 881 2407; x_wconf 88' lang='lat' dir='ltr'><strong>quam</strong></span> <span class='ocrx_word' id='word_1_272' title='bbox 908 2338 1247 2395; x_wconf 65' lang='lat' dir='ltr'><strong>abstinentia:</strong></span> <span class='ocrx_word' id='word_1_273' title='bbox 1272 2340 1457 2397; x_wconf 90' lang='lat' dir='ltr'><strong>labore</strong></span> <span class='ocrx_word' id='word_1_274' title='bbox 1488 2351 1541 2397; x_wconf 91' lang='lat' dir='ltr'><strong>et</strong></span> <span class='ocrx_word' id='word_1_275' title='bbox 1570 2340 1695 2398; x_wconf 81' lang='lat' dir='ltr'><strong>ﬁdei</strong></span> <span class='ocrx_word' id='word_1_276' title='bbox 1728 2343 1960 2412; x_wconf 87' lang='lat' dir='ltr'><strong>puritate</strong></span> <span class='ocrx_word' id='word_1_277' title='bbox 1986 2358 2136 2413; x_wconf 67' lang='lat' dir='ltr'><strong>qum-</strong></span> 
     </span>
    </p>
   </div>
   <div class='ocr_carea' id='block_1_40' title="bbox 542 2432 2134 2507">
    <p class='ocr_par' dir='ltr' id='par_1_40' title="bbox 542 2432 2134 2507">
     <span class='ocr_line' id='line_1_40' title="bbox 542 2432 2134 2507; baseline 0.004 -20"><span class='ocrx_word' id='word_1_278' title='bbox 542 2435 730 2489; x_wconf 84' lang='lat' dir='ltr'><strong>sierat.</strong></span> <span class='ocrx_word' id='word_1_279' title='bbox 766 2432 1139 2488; x_wconf 83' lang='lat' dir='ltr'><strong>Multitudiues</strong></span> <span class='ocrx_word' id='word_1_280' title='bbox 1167 2444 1345 2490; x_wconf 89' lang='lat' dir='ltr'><strong>autem</strong></span> <span class='ocrx_word' id='word_1_281' title='bbox 1377 2435 1603 2491; x_wconf 88' lang='lat' dir='ltr'><strong>fratrum</strong></span> <span class='ocrx_word' id='word_1_282' title='bbox 1629 2452 1750 2492; x_wconf 90' lang='lat' dir='ltr'><strong>cum</strong></span> <span class='ocrx_word' id='word_1_283' title='bbox 1778 2439 1897 2506; x_wconf 88' lang='lat' dir='ltr'><strong>ipso</strong></span> <span class='ocrx_word' id='word_1_284' title='bbox 1918 2438 2134 2507; x_wconf 67' lang='lat' dir='ltr'><strong>positae,</strong></span> 
     </span>
    </p>
   </div>
   <div class='ocr_carea' id='block_1_41' title="bbox 544 2524 2135 2595">
    <p class='ocr_par' dir='ltr' id='par_1_41' title="bbox 544 2524 2135 2595">
     <span class='ocr_line' id='line_1_41' title="bbox 544 2524 2135 2595; baseline 0.003 -16"><span class='ocrx_word' id='word_1_285' title='bbox 544 2535 689 2579; x_wconf 84' lang='lat' dir='ltr'><strong>tanta</strong></span> <span class='ocrx_word' id='word_1_286' title='bbox 734 2524 900 2593; x_wconf 78' lang='lat' dir='ltr'><strong>gratia</strong></span> <span class='ocrx_word' id='word_1_287' title='bbox 933 2533 1089 2579; x_wconf 90' lang='lat' dir='ltr'><strong>erant</strong></span> <span class='ocrx_word' id='word_1_288' title='bbox 1133 2526 1392 2595; x_wconf 67' lang='lat' dir='ltr'><strong>repletae,</strong></span> <span class='ocrx_word' id='word_1_289' title='bbox 1445 2536 1503 2581; x_wconf 91' lang='lat' dir='ltr'><strong>ut</strong></span> <span class='ocrx_word' id='word_1_290' title='bbox 1552 2544 1675 2583; x_wconf 91' lang='lat' dir='ltr'><strong>cum</strong></span> <span class='ocrx_word' id='word_1_291' title='bbox 1728 2528 1796 2583; x_wconf 90' lang='lat' dir='ltr'><strong>ad</strong></span> <span class='ocrx_word' id='word_1_292' title='bbox 1850 2529 2135 2585; x_wconf 86' lang='lat' dir='ltr'><strong>ecclesiam</strong></span> 
     </span>
    </p>
   </div>
   <div class='ocr_carea' id='block_1_42' title="bbox 542 2615 2138 2688">
    <p class='ocr_par' dir='ltr' id='par_1_42' title="bbox 542 2615 2138 2688">
     <span class='ocr_line' id='line_1_42' title="bbox 542 2615 2138 2688; baseline 0.004 -18"><span class='ocrx_word' id='word_1_293' title='bbox 542 2615 926 2677; x_wconf 85' lang='lat' dir='ltr'><strong>convenirent,</strong></span> <span class='ocrx_word' id='word_1_294' title='bbox 974 2615 1125 2671; x_wconf 90' lang='lat' dir='ltr'><strong>chori</strong></span> <span class='ocrx_word' id='word_1_295' title='bbox 1157 2616 1481 2688; x_wconf 81' lang='lat' dir='ltr'><strong>Angelorum</strong></span> <span class='ocrx_word' id='word_1_296' title='bbox 1518 2619 1757 2675; x_wconf 88' lang='lat' dir='ltr'><strong>vestibus</strong></span> <span class='ocrx_word' id='word_1_297' title='bbox 1778 2634 1843 2675; x_wconf 92' lang='lat' dir='ltr'><strong>ac</strong></span> <span class='ocrx_word' id='word_1_298' title='bbox 1868 2621 2138 2677; x_wconf 87' lang='lat' dir='ltr'><strong>mentibus</strong></span> 
     </span>
    </p>
   </div>
   <div class='ocr_carea' id='block_1_43' title="bbox 541 2709 2134 2786">
    <p class='ocr_par' dir='ltr' id='par_1_43' title="bbox 541 2709 2134 2786">
     <span class='ocr_line' id='line_1_43' title="bbox 541 2709 2134 2786; baseline 0.008 -25"><span class='ocrx_word' id='word_1_299' title='bbox 541 2709 948 2778; x_wconf 87' lang='lat' dir='ltr'><strong>resplendentes</strong></span> <span class='ocrx_word' id='word_1_300' title='bbox 966 2748 985 2778; x_wconf 88' lang='lat'><strong>,</strong></span> <span class='ocrx_word' id='word_1_301' title='bbox 1013 2709 1080 2765; x_wconf 90' lang='lat' dir='ltr'><strong>ad</strong></span> <span class='ocrx_word' id='word_1_302' title='bbox 1114 2710 1469 2769; x_wconf 89' lang='lat' dir='ltr'><strong>imitationem</strong></span> <span class='ocrx_word' id='word_1_303' title='bbox 1501 2712 1773 2769; x_wconf 78' lang='lat' dir='ltr'><strong>Virtutum</strong></span> <span class='ocrx_word' id='word_1_304' title='bbox 1801 2716 2100 2773; x_wconf 73' lang='lat' dir='ltr'><strong>caelestium</strong></span> <span class='ocrx_word' id='word_1_305' title='bbox 2118 2760 2134 2786; x_wconf 98' lang='lat'><strong>,</strong></span> 
     </span>
    </p>
   </div>
   <div class='ocr_carea' id='block_1_44' title="bbox 542 2801 1990 2877">
    <p class='ocr_par' dir='ltr' id='par_1_44' title="bbox 542 2801 1990 2877">
     <span class='ocr_line' id='line_1_44' title="bbox 542 2801 1990 2877; baseline 0.008 -22"><span class='ocrx_word' id='word_1_306' title='bbox 542 2801 595 2856; x_wconf 88' lang='lat' dir='ltr'><strong>in</strong></span> <span class='ocrx_word' id='word_1_307' title='bbox 621 2801 834 2873; x_wconf 78' lang='lat' dir='ltr'><strong>hymnis</strong></span> <span class='ocrx_word' id='word_1_308' title='bbox 855 2811 909 2859; x_wconf 92' lang='lat' dir='ltr'><strong>et</strong></span> <span class='ocrx_word' id='word_1_309' title='bbox 938 2802 1187 2860; x_wconf 87' lang='lat' dir='ltr'><strong>laudibus</strong></span> <span class='ocrx_word' id='word_1_310' title='bbox 1216 2804 1307 2859; x_wconf 89' lang='lat' dir='ltr'><strong>Dei</strong></span> <span class='ocrx_word' id='word_1_311' title='bbox 1339 2805 1626 2877; x_wconf 72' lang='lat' dir='ltr'><strong>pervigiles</strong></span> <span class='ocrx_word' id='word_1_312' title='bbox 1656 2806 1990 2867; x_wconf 86' lang='lat' dir='ltr'><strong>viderentur.</strong></span> 
     </span>
    </p>
   </div>
   <div class='ocr_carea' id='block_1_45' title="bbox 1156 2916 1510 2974">
    <p class='ocr_par' dir='ltr' id='par_1_45' title="bbox 1156 2916 1510 2974">
     <span class='ocr_line' id='line_1_45' title="bbox 1156 2916 1510 2974; baseline 0 -1"><span class='ocrx_word' id='word_1_313' title='bbox 1156 2916 1384 2974; x_wconf 82' lang='lat' dir='ltr'><strong>CAPUT</strong></span> <span class='ocrx_word' id='word_1_314' title='bbox 1423 2917 1510 2974; x_wconf 90' lang='lat' dir='ltr'><strong>Ill.</strong></span> 
     </span>
    </p>
   </div>
   <div class='ocr_carea' id='block_1_46' title="bbox 1128 3043 1548 3090">
    <p class='ocr_par' dir='ltr' id='par_1_46' title="bbox 1128 3043 1548 3090">
     <span class='ocr_line' id='line_1_46' title="bbox 1128 3043 1548 3090; baseline 0 -1"><span class='ocrx_word' id='word_1_315' title='bbox 1128 3050 1195 3089; x_wconf 78' lang='lat' dir='ltr'><strong>DE</strong></span> <span class='ocrx_word' id='word_1_316' title='bbox 1238 3043 1265 3072; x_wconf 77' lang='grc'>⁸</span> <span class='ocrx_word' id='word_1_317' title='bbox 1311 3048 1548 3090; x_wconf 66' lang='grc' dir='ltr'><strong>ΔΠΜΟΝΕ.</strong></span> 
     </span>
    </p>
   </div>
   <div class='ocr_carea' id='block_1_47' title="bbox 614 3143 2208 3237">
    <p class='ocr_par' dir='ltr' id='par_1_47' title="bbox 614 3143 2208 3237">
     <span class='ocr_line' id='line_1_47' title="bbox 614 3143 2208 3237; baseline 0.002 -39"><span class='ocrx_word' id='word_1_318' title='bbox 614 3145 854 3201; x_wconf 78' lang='lat' dir='ltr'><strong>Vidimus</strong></span> <span class='ocrx_word' id='word_1_319' title='bbox 891 3154 1068 3201; x_wconf 89' lang='lat' dir='ltr'><strong>autem</strong></span> <span class='ocrx_word' id='word_1_320' title='bbox 1114 3145 1168 3199; x_wconf 92' lang='lat' dir='ltr'><strong>in</strong></span> <span class='ocrx_word' id='word_1_321' title='bbox 1212 3144 1486 3201; x_wconf 84' lang='lat' dir='ltr'><strong>Thebaide</strong></span> <span class='ocrx_word' id='word_1_322' title='bbox 1538 3143 1820 3217; x_wconf 81' lang='lat' dir='ltr'><strong>(Pallad.,</strong></span> <span class='ocrx_word' id='word_1_323' title='bbox 1852 3162 1970 3218; x_wconf 86' lang='lat' dir='ltr'><strong>cap.</strong></span> <span class='ocrx_word' id='word_1_324' title='bbox 1996 3146 2128 3217; x_wconf 67' lang='lat'><strong>48.)</strong></span> <span class='ocrx_word' id='word_1_325' title='bbox 2161 3174 2208 3237; x_wconf 66' lang='grc' dir='ltr'><strong>ρ</strong></span> 
     </span>
    </p>
   </div>
   <div class='ocr_carea' id='block_1_48' title="bbox 540 3237 2130 3306">
    <p class='ocr_par' dir='ltr' id='par_1_48' title="bbox 540 3237 2130 3306">
     <span class='ocr_line' id='line_1_48' title="bbox 540 3237 2130 3306; baseline 0.001 -13"><span class='ocrx_word' id='word_1_326' title='bbox 540 3239 699 3293; x_wconf 80' lang='lat' dir='ltr'><strong>etiam</strong></span> <span class='ocrx_word' id='word_1_327' title='bbox 721 3238 883 3294; x_wconf 87' lang='lat' dir='ltr'><strong>alium</strong></span> <span class='ocrx_word' id='word_1_328' title='bbox 906 3237 1103 3303; x_wconf 90' lang='lat' dir='ltr'><strong>virum,</strong></span> <span class='ocrx_word' id='word_1_329' title='bbox 1128 3238 1344 3293; x_wconf 89' lang='lat' dir='ltr'><strong>nomine</strong></span> <span class='ocrx_word' id='word_1_330' title='bbox 1366 3237 1710 3306; x_wconf 81' lang='lat' dir='ltr'><strong>Ammonem,</strong></span> <span class='ocrx_word' id='word_1_331' title='bbox 1737 3246 1943 3306; x_wconf 91' lang='lat' dir='ltr'><strong>patrem</strong></span> <span class='ocrx_word' id='word_1_332' title='bbox 1973 3241 2130 3294; x_wconf 90' lang='lat' dir='ltr'><strong>trium</strong></span> 
     </span>
    </p>
   </div>
   <div class='ocr_carea' id='block_1_49' title="bbox 540 3331 2133 3403">
    <p class='ocr_par' dir='ltr' id='par_1_49' title="bbox 540 3331 2133 3403">
     <span class='ocr_line' id='line_1_49' title="bbox 540 3331 2133 3403; baseline 0.002 -18"><span class='ocrx_word' id='word_1_333' title='bbox 540 3331 766 3386; x_wconf 90' lang='lat' dir='ltr'><strong>millium</strong></span> <span class='ocrx_word' id='word_1_334' title='bbox 812 3332 1029 3388; x_wconf 89' lang='lat' dir='ltr'><strong>circiter</strong></span> <span class='ocrx_word' id='word_1_335' title='bbox 1056 3332 1445 3387; x_wconf 85' lang='lat' dir='ltr'><strong>monachorum</strong></span> <span class='ocrx_word' id='word_1_336' title='bbox 1465 3372 1480 3397; x_wconf 92' lang='lat'><strong>,</strong></span> <span class='ocrx_word' id='word_1_337' title='bbox 1530 3331 1619 3401; x_wconf 86' lang='lat' dir='ltr'><strong>qui</strong></span> <span class='ocrx_word' id='word_1_338' title='bbox 1650 3331 2012 3389; x_wconf 86' lang='lat' dir='ltr'><strong>Tabennensii</strong></span> <span class='ocrx_word' id='word_1_339' title='bbox 2043 3350 2133 3403; x_wconf 79' lang='lat' dir='ltr'><strong>ap-</strong></span> 
     </span>
    </p>
   </div>
   <div class='ocr_carea' id='block_1_50' title="bbox 541 3421 2133 3494">
    <p class='ocr_par' dir='ltr' id='par_1_50' title="bbox 541 3421 2133 3494">
     <span class='ocr_line' id='line_1_50' title="bbox 541 3421 2133 3494; baseline 0.003 -18"><span class='ocrx_word' id='word_1_340' title='bbox 541 3423 829 3489; x_wconf 86' lang='lat' dir='ltr'><strong>pellantur,</strong></span> <span class='ocrx_word' id='word_1_341' title='bbox 857 3425 1087 3493; x_wconf 86' lang='lat' dir='ltr'><strong>ingentis</strong></span> <span class='ocrx_word' id='word_1_342' title='bbox 1116 3424 1459 3480; x_wconf 69' lang='lat' dir='ltr'><strong>abstineutia:</strong></span> <span class='ocrx_word' id='word_1_343' title='bbox 1481 3421 1649 3491; x_wconf 85' lang='lat' dir='ltr'><strong>viros,</strong></span> <span class='ocrx_word' id='word_1_344' title='bbox 1680 3425 1872 3494; x_wconf 92' lang='lat' dir='ltr'><strong>quibus</strong></span> <span class='ocrx_word' id='word_1_345' title='bbox 1899 3441 2030 3481; x_wconf 89' lang='lat' dir='ltr'><strong>usus</strong></span> <span class='ocrx_word' id='word_1_346' title='bbox 2052 3436 2133 3482; x_wconf 89' lang='lat' dir='ltr'><strong>est</strong></span> 
     </span>
    </p>
   </div>
   <div class='ocr_carea' id='block_1_51' title="bbox 540 3515 2131 3587">
    <p class='ocr_par' dir='ltr' id='par_1_51' title="bbox 540 3515 2131 3587">
     <span class='ocr_line' id='line_1_51' title="bbox 540 3515 2131 3587; baseline 0.001 -18"><span class='ocrx_word' id='word_1_347' title='bbox 540 3516 687 3570; x_wconf 90' lang='lat' dir='ltr'><strong>indui</strong></span> <span class='ocrx_word' id='word_1_348' title='bbox 717 3515 746 3554; x_wconf 72' lang='grc' dir='ltr'><strong>ι)</strong></span> <span class='ocrx_word' id='word_1_349' title='bbox 776 3516 999 3572; x_wconf 89' lang='lat' dir='ltr'><strong>colobiis</strong></span> <span class='ocrx_word' id='word_1_350' title='bbox 1029 3516 1182 3587; x_wconf 90' lang='lat' dir='ltr'><strong>quasi</strong></span> <span class='ocrx_word' id='word_1_351' title='bbox 1204 3518 1374 3572; x_wconf 83' lang='lat' dir='ltr'><strong>saccis</strong></span> <span class='ocrx_word' id='word_1_352' title='bbox 1407 3517 1565 3572; x_wconf 90' lang='lat' dir='ltr'><strong>lineis</strong></span> <span class='ocrx_word' id='word_1_353' title='bbox 1587 3559 1601 3582; x_wconf 92' lang='lat'><strong>,</strong></span> <span class='ocrx_word' id='word_1_354' title='bbox 1632 3524 1687 3571; x_wconf 86' lang='lat' dir='ltr'><strong>et</strong></span> <span class='ocrx_word' id='word_1_355' title='bbox 1718 3517 1856 3585; x_wconf 90' lang='lat' dir='ltr'><strong>pelle</strong></span> <span class='ocrx_word' id='word_1_356' title='bbox 1884 3517 2131 3572; x_wconf 87' lang='lat' dir='ltr'><strong>confecta</strong></span> 
     </span>
    </p>
   </div>
   <div class='ocr_carea' id='block_1_52' title="bbox 541 3607 2130 3680">
    <p class='ocr_par' dir='ltr' id='par_1_52' title="bbox 541 3607 2130 3680">
     <span class='ocr_line' id='line_1_52' title="bbox 541 3607 2130 3680; baseline 0.005 -23"><span class='ocrx_word' id='word_1_357' title='bbox 541 3626 567 3659; x_wconf 87' lang='lat' dir='ltr'><strong>:I</strong></span> <span class='ocrx_word' id='word_1_358' title='bbox 600 3607 740 3662; x_wconf 91' lang='lat' dir='ltr'><strong>collo</strong></span> <span class='ocrx_word' id='word_1_359' title='bbox 788 3618 910 3678; x_wconf 90' lang='lat' dir='ltr'><strong>post</strong></span> <span class='ocrx_word' id='word_1_360' title='bbox 957 3617 1162 3678; x_wconf 83' lang='lat' dir='ltr'><strong>tergum</strong></span> <span class='ocrx_word' id='word_1_361' title='bbox 1197 3619 1248 3663; x_wconf 89' lang='lat' dir='ltr'><strong>et</strong></span> <span class='ocrx_word' id='word_1_362' title='bbox 1280 3610 1417 3663; x_wconf 88' lang='lat' dir='ltr'><strong>latus</strong></span> <span class='ocrx_word' id='word_1_363' title='bbox 1459 3608 1823 3664; x_wconf 86' lang='lat' dir='ltr'><strong>descendente</strong></span> <span class='ocrx_word' id='word_1_364' title='bbox 1880 3611 2130 3680; x_wconf 85' lang='lat' dir='ltr'><strong>contegi;</strong></span> 
     </span>
    </p>
   </div>
   <div class='ocr_carea' id='block_1_53' title="bbox 541 3697 2130 3769">
    <p class='ocr_par' dir='ltr' id='par_1_53' title="bbox 541 3697 2130 3769">
     <span class='ocr_line' id='line_1_53' title="bbox 541 3697 2130 3769; baseline 0.005 -22"><span class='ocrx_word' id='word_1_365' title='bbox 541 3697 767 3751; x_wconf 79' lang='lat' dir='ltr'><strong>cucullis</strong></span> <span class='ocrx_word' id='word_1_366' title='bbox 792 3697 953 3753; x_wconf 89' lang='lat' dir='ltr'><strong>etiam</strong></span> <span class='ocrx_word' id='word_1_367' title='bbox 994 3713 1154 3769; x_wconf 89' lang='lat' dir='ltr'><strong>caput</strong></span> <span class='ocrx_word' id='word_1_368' title='bbox 1177 3698 1413 3768; x_wconf 90' lang='lat' dir='ltr'><strong>operiri,</strong></span> <span class='ocrx_word' id='word_1_369' title='bbox 1444 3700 1679 3754; x_wconf 81' lang='lat' dir='ltr'><strong>maxime</strong></span> <span class='ocrx_word' id='word_1_370' title='bbox 1701 3715 1822 3754; x_wconf 92' lang='lat' dir='ltr'><strong>cum</strong></span> <span class='ocrx_word' id='word_1_371' title='bbox 1855 3699 1922 3754; x_wconf 92' lang='lat' dir='ltr'><strong>ad</strong></span> <span class='ocrx_word' id='word_1_372' title='bbox 1954 3699 2130 3756; x_wconf 89' lang='lat' dir='ltr'><strong>cibum</strong></span> 
     </span>
    </p>
   </div>
   <div class='ocr_carea' id='block_1_54' title="bbox 542 3787 2132 3861">
    <p class='ocr_par' dir='ltr' id='par_1_54' title="bbox 542 3787 2132 3861">
     <span class='ocr_line' id='line_1_54' title="bbox 542 3787 2132 3861; baseline 0.006 -24"><span class='ocrx_word' id='word_1_373' title='bbox 542 3797 757 3844; x_wconf 75' lang='lat' dir='ltr'><strong>ventum</strong></span> <span class='ocrx_word' id='word_1_374' title='bbox 781 3787 939 3845; x_wconf 89' lang='lat' dir='ltr'><strong>fuerit</strong></span> <span class='ocrx_word' id='word_1_375' title='bbox 962 3831 977 3854; x_wconf 89' lang='lat'><strong>,</strong></span> <span class='ocrx_word' id='word_1_376' title='bbox 1006 3791 1191 3861; x_wconf 90' lang='lat' dir='ltr'><strong>eisque</strong></span> <span class='ocrx_word' id='word_1_377' title='bbox 1223 3791 1384 3846; x_wconf 89' lang='lat' dir='ltr'><strong>etiam</strong></span> <span class='ocrx_word' id='word_1_378' title='bbox 1410 3791 1603 3847; x_wconf 88' lang='lat' dir='ltr'><strong>faciem</strong></span> <span class='ocrx_word' id='word_1_379' title='bbox 1643 3791 1863 3858; x_wconf 87' lang='lat' dir='ltr'><strong>velant,</strong></span> <span class='ocrx_word' id='word_1_380' title='bbox 1898 3807 1967 3847; x_wconf 93' lang='lat' dir='ltr'><strong>ne</strong></span> <span class='ocrx_word' id='word_1_381' title='bbox 1994 3792 2132 3847; x_wconf 90' lang='lat' dir='ltr'><strong>alius</strong></span> 
     </span>
    </p>
   </div>
   <div class='ocr_carea' id='block_1_55' title="bbox 541 3883 2128 3958">
    <p class='ocr_par' dir='ltr' id='par_1_55' title="bbox 541 3883 2128 3958">
     <span class='ocr_line' id='line_1_55' title="bbox 541 3883 2128 3958; baseline 0.006 -25"><span class='ocrx_word' id='word_1_382' title='bbox 541 3883 705 3937; x_wconf 79' lang='lat' dir='ltr'><strong>alium</strong></span> <span class='ocrx_word' id='word_1_383' title='bbox 747 3883 959 3953; x_wconf 91' lang='lat' dir='ltr'><strong>parcius</strong></span> <span class='ocrx_word' id='word_1_384' title='bbox 997 3884 1179 3939; x_wconf 90' lang='lat' dir='ltr'><strong>cibum</strong></span> <span class='ocrx_word' id='word_1_385' title='bbox 1202 3893 1505 3941; x_wconf 89' lang='lat' dir='ltr'><strong>sumentem</strong></span> <span class='ocrx_word' id='word_1_386' title='bbox 1547 3885 1937 3954; x_wconf 89' lang='lat' dir='ltr'><strong>deprehendat.</strong></span> <span class='ocrx_word' id='word_1_387' title='bbox 1976 3885 2128 3958; x_wconf 63' lang='lat'><strong>151</strong></span> 
     </span>
    </p>
   </div>
   <div class='ocr_carea' id='block_1_56' title="bbox 543 3973 2132 4047">
    <p class='ocr_par' dir='ltr' id='par_1_56' title="bbox 543 3973 2132 4047">
     <span class='ocr_line' id='line_1_56' title="bbox 543 3973 2132 4047; baseline 0.004 -20"><span class='ocrx_word' id='word_1_388' title='bbox 543 3975 639 4029; x_wconf 67' lang='lat' dir='ltr'><strong>list</strong></span> <span class='ocrx_word' id='word_1_389' title='bbox 684 3980 861 4029; x_wconf 88' lang='lat' dir='ltr'><strong>autem</strong></span> <span class='ocrx_word' id='word_1_390' title='bbox 890 3973 967 4030; x_wconf 90' lang='lat' dir='ltr'><strong>eis</strong></span> <span class='ocrx_word' id='word_1_391' title='bbox 1004 3985 1059 4030; x_wconf 91' lang='lat' dir='ltr'><strong>et</strong></span> <span class='ocrx_word' id='word_1_392' title='bbox 1102 3977 1153 4030; x_wconf 91' lang='lat' dir='ltr'><strong>in</strong></span> <span class='ocrx_word' id='word_1_393' title='bbox 1186 3975 1446 4047; x_wconf 87' lang='lat' dir='ltr'><strong>capiendo</strong></span> <span class='ocrx_word' id='word_1_394' title='bbox 1485 3976 1607 4031; x_wconf 91' lang='lat' dir='ltr'><strong>cibo</strong></span> <span class='ocrx_word' id='word_1_395' title='bbox 1650 3991 1919 4031; x_wconf 89' lang='lat' dir='ltr'><strong>summum</strong></span> <span class='ocrx_word' id='word_1_396' title='bbox 1969 3979 2132 4033; x_wconf 89' lang='lat' dir='ltr'><strong>silen-</strong></span> 
     </span>
    </p>
   </div>
   <div class='ocr_carea' id='block_1_57' title="bbox 545 4066 2132 4139">
    <p class='ocr_par' dir='ltr' id='par_1_57' title="bbox 545 4066 2132 4139">
     <span class='ocr_line' id='line_1_57' title="bbox 545 4066 2132 4139; baseline 0.005 -22"><span class='ocrx_word' id='word_1_397' title='bbox 545 4068 673 4120; x_wconf 89' lang='lat' dir='ltr'><strong>tium</strong></span> <span class='ocrx_word' id='word_1_398' title='bbox 698 4110 712 4135; x_wconf 92' lang='lat'><strong>,</strong></span> <span class='ocrx_word' id='word_1_399' title='bbox 746 4066 816 4121; x_wconf 90' lang='lat' dir='ltr'><strong>ita</strong></span> <span class='ocrx_word' id='word_1_400' title='bbox 848 4074 908 4121; x_wconf 89' lang='lat' dir='ltr'><strong>ut</strong></span> <span class='ocrx_word' id='word_1_401' title='bbox 936 4082 1037 4122; x_wconf 90' lang='lat' dir='ltr'><strong>nec</strong></span> <span class='ocrx_word' id='word_1_402' title='bbox 1067 4077 1282 4137; x_wconf 87' lang='lat' dir='ltr'><strong>putetur</strong></span> <span class='ocrx_word' id='word_1_403' title='bbox 1312 4070 1363 4123; x_wconf 92' lang='lat' dir='ltr'><strong>in</strong></span> <span class='ocrx_word' id='word_1_404' title='bbox 1395 4083 1461 4124; x_wconf 91' lang='lat' dir='ltr'><strong>eo</strong></span> <span class='ocrx_word' id='word_1_405' title='bbox 1486 4068 1608 4123; x_wconf 90' lang='lat' dir='ltr'><strong>loco</strong></span> <span class='ocrx_word' id='word_1_406' title='bbox 1635 4084 1759 4123; x_wconf 91' lang='lat' dir='ltr'><strong>esse</strong></span> <span class='ocrx_word' id='word_1_407' title='bbox 1786 4069 1982 4139; x_wconf 83' lang='lat' dir='ltr'><strong>aliquis</strong></span> <span class='ocrx_word' id='word_1_408' title='bbox 2035 4068 2132 4125; x_wconf 84' lang='lat' dir='ltr'><strong>ho-</strong></span> 
     </span>
    </p>
   </div>
   <div class='ocr_carea' id='block_1_58' title="bbox 541 4159 2126 4228">
    <p class='ocr_par' dir='ltr' id='par_1_58' title="bbox 541 4159 2126 4228">
     <span class='ocr_line' id='line_1_58' title="bbox 541 4159 2126 4228; baseline 0.003 -17"><span class='ocrx_word' id='word_1_409' title='bbox 541 4159 767 4227; x_wconf 74' lang='lat' dir='ltr'><strong>ininum,</strong></span> <span class='ocrx_word' id='word_1_410' title='bbox 817 4159 907 4214; x_wconf 91' lang='lat' dir='ltr'><strong>ubi</strong></span> <span class='ocrx_word' id='word_1_411' title='bbox 952 4159 1171 4225; x_wconf 82' lang='lat' dir='ltr'><strong>sedetur</strong></span> <span class='ocrx_word' id='word_1_412' title='bbox 1217 4160 1285 4215; x_wconf 89' lang='lat' dir='ltr'><strong>ad</strong></span> <span class='ocrx_word' id='word_1_413' title='bbox 1316 4162 1561 4228; x_wconf 68' lang='lat' dir='ltr'><strong>mensas},</strong></span> <span class='ocrx_word' id='word_1_414' title='bbox 1614 4169 1669 4215; x_wconf 92' lang='lat' dir='ltr'><strong>et</strong></span> <span class='ocrx_word' id='word_1_415' title='bbox 1711 4160 1889 4215; x_wconf 90' lang='lat' dir='ltr'><strong>omnis</strong></span> <span class='ocrx_word' id='word_1_416' title='bbox 1935 4174 2126 4217; x_wconf 89' lang='lat' dir='ltr'><strong>eorum</strong></span> 
     </span>
    </p>
   </div>
   <div class='ocr_carea' id='block_1_59' title="bbox 539 4251 2131 4322">
    <p class='ocr_par' dir='ltr' id='par_1_59' title="bbox 539 4251 2131 4322">
     <span class='ocr_line' id='line_1_59' title="bbox 539 4251 2131 4322; baseline 0.004 -22"><span class='ocrx_word' id='word_1_417' title='bbox 539 4252 878 4305; x_wconf 73' lang='lat' dir='ltr'><strong>conversatio</strong></span> <span class='ocrx_word' id='word_1_418' title='bbox 910 4251 982 4305; x_wconf 90' lang='lat' dir='ltr'><strong>ita</strong></span> <span class='ocrx_word' id='word_1_419' title='bbox 1008 4262 1089 4307; x_wconf 90' lang='lat' dir='ltr'><strong>est</strong></span> <span class='ocrx_word' id='word_1_420' title='bbox 1122 4252 1175 4307; x_wconf 92' lang='lat' dir='ltr'><strong>in</strong></span> <span class='ocrx_word' id='word_1_421' title='bbox 1205 4252 1545 4307; x_wconf 89' lang='lat' dir='ltr'><strong>multitudine</strong></span> <span class='ocrx_word' id='word_1_422' title='bbox 1579 4252 1776 4321; x_wconf 88' lang='lat' dir='ltr'><strong>posita,</strong></span> <span class='ocrx_word' id='word_1_423' title='bbox 1806 4252 1959 4322; x_wconf 91' lang='lat' dir='ltr'><strong>quasi</strong></span> <span class='ocrx_word' id='word_1_424' title='bbox 1985 4263 2131 4307; x_wconf 90' lang='lat' dir='ltr'><strong>esset</strong></span> 
     </span>
    </p>
   </div>
   <div class='ocr_carea' id='block_1_60' title="bbox 538 4341 2130 4416">
    <p class='ocr_par' dir='ltr' id='par_1_60' title="bbox 538 4341 2130 4416">
     <span class='ocr_line' id='line_1_60' title="bbox 538 4341 2130 4416; baseline 0.003 -20"><span class='ocrx_word' id='word_1_425' title='bbox 538 4345 594 4396; x_wconf 84' lang='lat' dir='ltr'><strong>in</strong></span> <span class='ocrx_word' id='word_1_426' title='bbox 624 4341 913 4398; x_wconf 87' lang='lat' dir='ltr'><strong>solitudine</strong></span> <span class='ocrx_word' id='word_1_427' title='bbox 937 4384 952 4409; x_wconf 93' lang='lat'><strong>,</strong></span> <span class='ocrx_word' id='word_1_428' title='bbox 987 4343 1111 4397; x_wconf 90' lang='lat' dir='ltr'><strong>dum</strong></span> <span class='ocrx_word' id='word_1_429' title='bbox 1142 4344 1215 4398; x_wconf 86' lang='lat' dir='ltr'><strong>ita</strong></span> <span class='ocrx_word' id='word_1_430' title='bbox 1249 4344 1379 4399; x_wconf 79' lang='lat' dir='ltr'><strong>latet</strong></span> <span class='ocrx_word' id='word_1_431' title='bbox 1407 4344 1824 4416; x_wconf 88' lang='lat' dir='ltr'><strong>uniuscujusque</strong></span> <span class='ocrx_word' id='word_1_432' title='bbox 1856 4346 2130 4401; x_wconf 85' lang='lat' dir='ltr'><strong>abstinen-</strong></span> 
     </span>
    </p>
   </div>
   <div class='ocr_carea' id='block_1_61' title="bbox 613 4499 2123 4569">
    <p class='ocr_par' dir='ltr' id='par_1_61' title="bbox 613 4499 2123 4569">
     <span class='ocr_line' id='line_1_61' title="bbox 613 4499 2123 4569; baseline 0.003 -17"><span class='ocrx_word' id='word_1_433' title='bbox 613 4510 636 4535; x_wconf 76' lang='grc' dir='ltr'>α</span> <span class='ocrx_word' id='word_1_434' title='bbox 659 4499 968 4568; x_wconf 58' lang='lat' dir='ltr'><strong>Ammone]</strong></span> <span class='ocrx_word' id='word_1_435' title='bbox 993 4503 1255 4555; x_wconf 84' lang='lat' dir='ltr'><strong>Ammona</strong></span> <span class='ocrx_word' id='word_1_436' title='bbox 1286 4502 1367 4555; x_wconf 76' lang='lat' dir='ltr'><strong>hic</strong></span> <span class='ocrx_word' id='word_1_437' title='bbox 1391 4501 1582 4556; x_wconf 86' lang='lat' dir='ltr'><strong>dicitur</strong></span> <span class='ocrx_word' id='word_1_438' title='bbox 1614 4502 1861 4561; x_wconf 80' lang='lat' dir='ltr'><strong>Palladio</strong></span> <span class='ocrx_word' id='word_1_439' title='bbox 1890 4519 2007 4569; x_wconf 88' lang='lat' dir='ltr'><strong>cap.</strong></span> <span class='ocrx_word' id='word_1_440' title='bbox 2034 4500 2123 4556; x_wconf 68' lang='lat'><strong>48.</strong></span> 
     </span>
    </p>
   </div>
   <div class='ocr_carea' id='block_1_62' title="bbox 543 4546 2208 4635">
    <p class='ocr_par' dir='ltr' id='par_1_62' title="bbox 543 4546 2208 4635">
     <span class='ocr_line' id='line_1_62' title="bbox 543 4546 2208 4635; baseline 0.004 -16"><span class='ocrx_word' id='word_1_441' title='bbox 543 4566 619 4622; x_wconf 85' lang='lat' dir='ltr'><strong>De</strong></span> <span class='ocrx_word' id='word_1_442' title='bbox 649 4571 762 4633; x_wconf 82' lang='lat' dir='ltr'><strong>hoc,</strong></span> <span class='ocrx_word' id='word_1_443' title='bbox 786 4579 843 4622; x_wconf 86' lang='lat' dir='ltr'><strong>ut</strong></span> <span class='ocrx_word' id='word_1_444' title='bbox 872 4546 1124 4635; x_wconf 67' lang='lat' dir='ltr'><strong>existimo,</strong></span> <span class='ocrx_word' id='word_1_445' title='bbox 1152 4571 1350 4625; x_wconf 64' lang='lat' dir='ltr'><strong>Meneta</strong></span> <span class='ocrx_word' id='word_1_446' title='bbox 1372 4546 1671 4627; x_wconf 61' lang='lat' dir='ltr'><strong>Graecorum</strong></span> <span class='ocrx_word' id='word_1_447' title='bbox 1691 4574 1781 4629; x_wconf 70' lang='lat'><strong>26.</strong></span> <span class='ocrx_word' id='word_1_448' title='bbox 1804 4572 1928 4627; x_wconf 78' lang='lat' dir='ltr'><strong>Jan.</strong></span> <span class='ocrx_word' id='word_1_449' title='bbox 1951 4546 2129 4634; x_wconf 53' lang='lat' dir='ltr'><strong>:Oa’toc</strong></span> <span class='ocrx_word' id='word_1_450' title='bbox 2155 4546 2208 4607; x_wconf 78' lang='lat' dir='ltr'><strong>D</strong></span> 
     </span>
    </p>
   </div>
   <div class='ocr_carea' id='block_1_63' title="bbox 541 4638 2129 4715">
    <p class='ocr_par' dir='ltr' id='par_1_63' title="bbox 541 4638 2129 4715">
     <span class='ocr_line' id='line_1_63' title="bbox 541 4638 2129 4715; baseline 0.004 -24"><span class='ocrx_word' id='word_1_451' title='bbox 541 4638 766 4705; x_wconf 79' lang='grc' dir='ltr'><strong>’Λμωνάς</strong></span> <span class='ocrx_word' id='word_1_452' title='bbox 809 4643 861 4694; x_wconf 69' lang='grc' dir='ltr'><strong>ἓν</strong></span> <span class='ocrx_word' id='word_1_453' title='bbox 904 4643 1073 4715; x_wconf 75' lang='grc' dir='ltr'><strong>εἰρήνῃ</strong></span> <span class='ocrx_word' id='word_1_454' title='bbox 1124 4642 1428 4715; x_wconf 56' lang='grc' dir='ltr'><strong>τελειοὶξςται.</strong></span> <span class='ocrx_word' id='word_1_455' title='bbox 1495 4643 1578 4715; x_wconf 77' lang='lat' dir='ltr'><strong>S._</strong></span> <span class='ocrx_word' id='word_1_456' title='bbox 1615 4648 1851 4715; x_wconf 59' lang='lat' dir='ltr'><strong>Amonas</strong></span> <span class='ocrx_word' id='word_1_457' title='bbox 1898 4643 1971 4715; x_wconf 61' lang='lat' dir='ltr'><strong>ini</strong></span> <span class='ocrx_word' id='word_1_458' title='bbox 1997 4659 2129 4715; x_wconf 72' lang='lat' dir='ltr'><strong>pace</strong></span> 
     </span>
    </p>
   </div>
   <div class='ocr_carea' id='block_1_64' title="bbox 540 4711 2127 4783">
    <p class='ocr_par' dir='ltr' id='par_1_64' title="bbox 540 4711 2127 4783">
     <span class='ocr_line' id='line_1_64' title="bbox 540 4711 2127 4783; baseline 0.006 -26"><span class='ocrx_word' id='word_1_459' title='bbox 540 4713 1006 4783; x_wconf 71' lang='lat' dir='ltr'><strong>consum_tita_t._l)e</strong></span> <span class='ocrx_word' id='word_1_460' title='bbox 1035 4711 1092 4763; x_wconf 76' lang='lat' dir='ltr'><strong>eo</strong></span> <span class='ocrx_word' id='word_1_461' title='bbox 1121 4712 1275 4783; x_wconf 65' lang='lat' dir='ltr'><strong>etiam</strong></span> <span class='ocrx_word' id='word_1_462' title='bbox 1291 4711 1499 4764; x_wconf 79' lang='lat' dir='ltr'><strong>Sozam.</strong></span> <span class='ocrx_word' id='word_1_463' title='bbox 1520 4712 1611 4765; x_wconf 87' lang='lat' dir='ltr'><strong>lib.</strong></span> <span class='ocrx_word' id='word_1_464' title='bbox 1638 4714 1737 4781; x_wconf 84' lang='lat' dir='ltr'><strong>Vl,</strong></span> <span class='ocrx_word' id='word_1_465' title='bbox 1765 4730 1878 4783; x_wconf 87' lang='lat' dir='ltr'><strong>cap.</strong></span> <span class='ocrx_word' id='word_1_466' title='bbox 1898 4711 2127 4769; x_wconf 42' lang='lat' dir='ltr'><strong>ais—[Ni-</strong></span> 
     </span>
    </p>
   </div>
   <div class='ocr_carea' id='block_1_65' title="bbox 544 4778 1603 4847">
    <p class='ocr_par' dir='ltr' id='par_1_65' title="bbox 544 4778 1603 4847">
     <span class='ocr_line' id='line_1_65' title="bbox 544 4778 1603 4847; baseline 0.008 -18"><span class='ocrx_word' id='word_1_467' title='bbox 544 4778 688 4845; x_wconf 77' lang='lat' dir='ltr'><strong>reph.</strong></span> <span class='ocrx_word' id='word_1_468' title='bbox 715 4780 803 4847; x_wconf 74' lang='lat' dir='ltr'><strong>lib.</strong></span> <span class='ocrx_word' id='word_1_469' title='bbox 838 4779 942 4833; x_wconf 84' lang='grc' dir='ltr'><strong>ΙΧ.</strong></span> <span class='ocrx_word' id='word_1_470' title='bbox 976 4796 1094 4846; x_wconf 87' lang='lat' dir='ltr'><strong>cap.</strong></span> <span class='ocrx_word' id='word_1_471' title='bbox 1122 4779 1213 4834; x_wconf 71' lang='grc'><strong>54.</strong></span> <span class='ocrx_word' id='word_1_472' title='bbox 1246 4779 1603 4837; x_wconf 70' lang='lat' dir='ltr'><strong>Roswsvnus.</strong></span> 
     </span>
    </p>
   </div>
   <div class='ocr_carea' id='block_1_66' title="bbox 614 4848 2125 4920">
    <p class='ocr_par' dir='ltr' id='par_1_66' title="bbox 614 4848 2125 4920">
     <span class='ocr_line' id='line_1_66' title="bbox 614 4848 2125 4920; baseline 0.005 -19"><span class='ocrx_word' id='word_1_473' title='bbox 614 4849 639 4886; x_wconf 70' lang='grc' dir='ltr'>δ</span> <span class='ocrx_word' id='word_1_474' title='bbox 670 4848 970 4920; x_wconf 57' lang='lat' dir='ltr'><strong>Cololiiis.]</strong></span> <span class='ocrx_word' id='word_1_475' title='bbox 1001 4850 1179 4904; x_wconf 68' lang='grc' dir='ltr'><strong>(ἔπειτα</strong></span> <span class='ocrx_word' id='word_1_476' title='bbox 1203 4866 1302 4920; x_wconf 71' lang='lat' dir='ltr'><strong>uox</strong></span> <span class='ocrx_word' id='word_1_477' title='bbox 1324 4852 1580 4919; x_wconf 79' lang='grc' dir='ltr'><strong>κολόϐιον,</strong></span> <span class='ocrx_word' id='word_1_478' title='bbox 1623 4855 1712 4908; x_wconf 79' lang='lat' dir='ltr'><strong>sed</strong></span> <span class='ocrx_word' id='word_1_479' title='bbox 1740 4852 1943 4908; x_wconf 79' lang='lat' dir='ltr'><strong>Latinis</strong></span> <span class='ocrx_word' id='word_1_480' title='bbox 1974 4871 2125 4909; x_wconf 88' lang='lat' dir='ltr'><strong>usur-</strong></span> 
     </span>
    </p>
   </div>
   <div class='ocr_carea' id='block_1_67' title="bbox 542 4917 2122 4994">
    <p class='ocr_par' dir='ltr' id='par_1_67' title="bbox 542 4917 2122 4994">
     <span class='ocr_line' id='line_1_67' title="bbox 542 4917 2122 4994; baseline 0.008 -27"><span class='ocrx_word' id='word_1_481' title='bbox 542 4919 785 4994; x_wconf 28' lang='lat' dir='ltr'><strong>pato‘,_uti</strong></span> <span class='ocrx_word' id='word_1_482' title='bbox 807 4917 1053 4994; x_wconf 63' lang='lat' dir='ltr'><strong>Cassiano</strong></span> <span class='ocrx_word' id='word_1_483' title='bbox 1076 4919 1165 4972; x_wconf 85' lang='lat' dir='ltr'><strong>lib.</strong></span> <span class='ocrx_word' id='word_1_484' title='bbox 1191 4919 1214 4972; x_wconf 92' lang='lat' dir='ltr'><strong><em>I</em></strong></span> <span class='ocrx_word' id='word_1_485' title='bbox 1243 4917 1419 4994; x_wconf 77' lang='lat' dir='ltr'><strong>Instit.</strong></span> <span class='ocrx_word' id='word_1_486' title='bbox 1438 4917 1630 4994; x_wconf 35' lang='lat' dir='ltr'><strong>cap.&#39;5.</strong></span> <span class='ocrx_word' id='word_1_487' title='bbox 1657 4924 1867 4979; x_wconf 82' lang='lat' dir='ltr'><strong>Servius</strong></span> <span class='ocrx_word' id='word_1_488' title='bbox 1890 4924 2122 4982; x_wconf 83' lang='lat' dir='ltr'><strong>/En.IX</strong></span> 
     </span>
    </p>
   </div>
   <div class='ocr_carea' id='block_1_68' title="bbox 540 4988 2121 5064">
    <p class='ocr_par' dir='ltr' id='par_1_68' title="bbox 540 4988 2121 5064">
     <span class='ocr_line' id='line_1_68' title="bbox 540 4988 2121 5064; baseline 0.006 -24"><span class='ocrx_word' id='word_1_489' title='bbox 540 4989 611 5040; x_wconf 82' lang='lat' dir='ltr'><strong>ad</strong></span> <span class='ocrx_word' id='word_1_490' title='bbox 637 4988 772 5064; x_wconf 69' lang='lat' dir='ltr'><strong>illud</strong></span> <span class='ocrx_word' id='word_1_491' title='bbox 794 5004 811 5041; x_wconf 91' lang='lat'><em>:</em></span> <span class='ocrx_word' id='word_1_492' title='bbox 832 4989 913 5064; x_wconf 86' lang='lat' dir='ltr'><strong>_F.t</strong></span> <span class='ocrx_word' id='word_1_493' title='bbox 945 4991 1138 5064; x_wconf 81' lang='lat' dir='ltr'><strong>tunicae</strong></span> <span class='ocrx_word' id='word_1_494' title='bbox 1191 4991 1460 5064; x_wconf 82' lang='lat' dir='ltr'><strong>manicas,</strong></span> <span class='ocrx_word' id='word_1_495' title='bbox 1500 4988 1608 5049; x_wconf 59' lang='lat' dir='ltr'><strong>&#39;etc.</strong></span> <span class='ocrx_word' id='word_1_496' title='bbox 1637 4995 1855 5049; x_wconf 68' lang='lat' dir='ltr'><strong>Tunica:</strong></span> <span class='ocrx_word' id='word_1_497' title='bbox 1877 5037 1892 5059; x_wconf 95' lang='lat'><strong>,</strong></span> <span class='ocrx_word' id='word_1_498' title='bbox 1935 4997 2121 5064; x_wconf 81' lang='lat' dir='ltr'><strong>inquit,</strong></span> 
     </span>
    </p>
   </div>
   <div class='ocr_carea' id='block_1_69' title="bbox 542 5060 2117 5134">
    <p class='ocr_par' dir='ltr' id='par_1_69' title="bbox 542 5060 2117 5134">
     <span class='ocr_line' id='line_1_69' title="bbox 542 5060 2117 5134; baseline 0.008 -26"><span class='ocrx_word' id='word_1_499' title='bbox 542 5068 735 5134; x_wconf 66' lang='lat' dir='ltr'><strong>vestrm.</strong></span> <span class='ocrx_word' id='word_1_500' title='bbox 762 5060 955 5134; x_wconf 58' lang='lat' dir='ltr'><strong>habent</strong></span> <span class='ocrx_word' id='word_1_501' title='bbox 987 5061 1250 5134; x_wconf 71' lang='lat' dir='ltr'><strong>manicas,</strong></span> <span class='ocrx_word' id='word_1_502' title='bbox 1273 5061 1415 5134; x_wconf 79' lang='lat' dir='ltr'><strong>quod</strong></span> <span class='ocrx_word' id='word_1_503' title='bbox 1447 5065 1605 5118; x_wconf 90' lang='lat' dir='ltr'><strong>etiam</strong></span> <span class='ocrx_word' id='word_1_504' title='bbox 1639 5065 1809 5119; x_wconf 86' lang='lat' dir='ltr'><strong>Varro</strong></span> <span class='ocrx_word' id='word_1_505' title='bbox 1832 5060 2117 5134; x_wconf 74' lang='lat' dir='ltr'><strong>vituperat,</strong></span> 
     </span>
    </p>
   </div>
   <div class='ocr_carea' id='block_1_70' title="bbox 542 5129 2120 5193">
    <p class='ocr_par' dir='ltr' id='par_1_70' title="bbox 542 5129 2120 5193">
     <span class='ocr_line' id='line_1_70' title="bbox 542 5129 2120 5193; baseline 0.008 -12"><span class='ocrx_word' id='word_1_506' title='bbox 542 5130 725 5184; x_wconf 89' lang='lat' dir='ltr'><strong>dicens</strong></span> <span class='ocrx_word' id='word_1_507' title='bbox 755 5146 767 5181; x_wconf 89' lang='lat'>:</span> <span class='ocrx_word' id='word_1_508' title='bbox 794 5129 1067 5185; x_wconf 82' lang='lat' dir='ltr'><strong>Manicatis</strong></span> <span class='ocrx_word' id='word_1_509' title='bbox 1098 5140 1153 5184; x_wconf 92' lang='lat' dir='ltr'><strong>et</strong></span> <span class='ocrx_word' id='word_1_510' title='bbox 1181 5130 1441 5186; x_wconf 86' lang='lat' dir='ltr'><strong>talaribus</strong></span> <span class='ocrx_word' id='word_1_511' title='bbox 1472 5136 1685 5190; x_wconf 89' lang='lat' dir='ltr'><strong>tunicis.</strong></span> <span class='ocrx_word' id='word_1_512' title='bbox 1733 5135 1865 5189; x_wconf 84' lang='lat' dir='ltr'><strong>Nam</strong></span> <span class='ocrx_word' id='word_1_513' title='bbox 1896 5129 2120 5193; x_wconf 81' lang='lat' dir='ltr'><strong>colobiis</strong></span> 
     </span>
    </p>
   </div>
   <div class='ocr_carea' id='block_1_71' title="bbox 540 5201 2116 5276">
    <p class='ocr_par' dir='ltr' id='par_1_71' title="bbox 540 5201 2116 5276">
     <span class='ocr_line' id='line_1_71' title="bbox 540 5201 2116 5276; baseline 0.003 -23"><span class='ocrx_word' id='word_1_514' title='bbox 540 5201 829 5276; x_wconf 70' lang='lat' dir='ltr'><strong>utebantur</strong></span> <span class='ocrx_word' id='word_1_515' title='bbox 855 5201 1058 5276; x_wconf 68' lang='lat' dir='ltr'><strong>antiqui</strong></span> <span class='ocrx_word' id='word_1_516' title='bbox 1078 5218 1107 5276; x_wconf 83' lang='lat'><strong>_:</strong></span> <span class='ocrx_word' id='word_1_517' title='bbox 1136 5216 1252 5276; x_wconf 72' lang='lat' dir='ltr'><strong>qua:</strong></span> <span class='ocrx_word' id='word_1_518' title='bbox 1300 5202 1640 5276; x_wconf 53' lang='lat' dir='ltr'><strong>totidemjere</strong></span> <span class='ocrx_word' id='word_1_519' title='bbox 1672 5206 1832 5260; x_wconf 82' lang='lat' dir='ltr'><strong>verbis</strong></span> <span class='ocrx_word' id='word_1_520' title='bbox 1864 5208 2019 5276; x_wconf 77' lang='lat' dir='ltr'><strong>refert</strong></span> <span class='ocrx_word' id='word_1_521' title='bbox 2052 5207 2116 5259; x_wconf 79' lang='grc' dir='ltr'><strong>ι).</strong></span> 
     </span>
    </p>
   </div>
   <div class='ocr_carea' id='block_1_72' title="bbox 542 5270 2116 5339">
    <p class='ocr_par' dir='ltr' id='par_1_72' title="bbox 542 5270 2116 5339">
     <span class='ocr_line' id='line_1_72' title="bbox 542 5270 2116 5339; baseline 0.006 -16"><span class='ocrx_word' id='word_1_522' title='bbox 542 5270 891 5339; x_wconf 68' lang='lat' dir='ltr'><strong>Hieronymus</strong></span> <span class='ocrx_word' id='word_1_523' title='bbox 912 5272 965 5323; x_wconf 89' lang='lat' dir='ltr'><strong>in</strong></span> <span class='ocrx_word' id='word_1_524' title='bbox 987 5270 1145 5324; x_wconf 82' lang='lat' dir='ltr'><strong>Hebr.</strong></span> <span class='ocrx_word' id='word_1_525' title='bbox 1165 5270 1359 5336; x_wconf 65' lang='lat' dir='ltr'><strong>Quaest.</strong></span> <span class='ocrx_word' id='word_1_526' title='bbox 1378 5272 1507 5329; x_wconf 78' lang='lat' dir='ltr'><strong>Cod.</strong></span> <span class='ocrx_word' id='word_1_527' title='bbox 1522 5270 1721 5331; x_wconf 88' lang='lat' dir='ltr'><strong>Tlteod.</strong></span> <span class='ocrx_word' id='word_1_528' title='bbox 1742 5276 1804 5329; x_wconf 88' lang='lat' dir='ltr'><strong>L.</strong></span> <span class='ocrx_word' id='word_1_529' title='bbox 1824 5270 2009 5331; x_wconf 40' lang='lat' dir='ltr'><strong>“Clit.</strong></span> <span class='ocrx_word' id='word_1_530' title='bbox 2031 5279 2116 5333; x_wconf 82' lang='grc'><strong>10.</strong></span> 
     </span>
    </p>
   </div>
   <div class='ocr_carea' id='block_1_73' title="bbox 537 5342 2115 5415">
    <p class='ocr_par' dir='ltr' id='par_1_73' title="bbox 537 5342 2115 5415">
     <span class='ocr_line' id='line_1_73' title="bbox 537 5342 2115 5415; baseline 0.003 -18"><span class='ocrx_word' id='word_1_531' title='bbox 537 5343 739 5415; x_wconf 77' lang='lat' dir='ltr'><strong>Nullus</strong></span> <span class='ocrx_word' id='word_1_532' title='bbox 772 5350 1079 5415; x_wconf 76' lang='lat' dir='ltr'><strong>senatorum</strong></span> <span class='ocrx_word' id='word_1_533' title='bbox 1109 5342 1345 5415; x_wconf 85' lang='lat' dir='ltr'><strong>habitum</strong></span> <span class='ocrx_word' id='word_1_534' title='bbox 1385 5344 1485 5415; x_wconf 88' lang='lat' dir='ltr'><strong>sibi</strong></span> <span class='ocrx_word' id='word_1_535' title='bbox 1518 5348 1761 5401; x_wconf 86' lang='lat' dir='ltr'><strong>vendicet</strong></span> <span class='ocrx_word' id='word_1_536' title='bbox 1802 5348 2115 5415; x_wconf 88' lang='lat' dir='ltr'><strong>militarem,</strong></span> 
     </span>
    </p>
   </div>
   <div class='ocr_carea' id='block_1_74' title="bbox 539 5412 2114 5483">
    <p class='ocr_par' dir='ltr' id='par_1_74' title="bbox 539 5412 2114 5483">
     <span class='ocr_line' id='line_1_74' title="bbox 539 5412 2114 5483; baseline 0.005 -17"><span class='ocrx_word' id='word_1_537' title='bbox 539 5413 631 5467; x_wconf 83' lang='lat' dir='ltr'><strong>sed</strong></span> <span class='ocrx_word' id='word_1_538' title='bbox 659 5412 963 5481; x_wconf 81' lang='lat' dir='ltr'><strong>chlamydis</strong></span> <span class='ocrx_word' id='word_1_539' title='bbox 988 5421 1209 5483; x_wconf 80' lang='lat' dir='ltr'><strong>terrore</strong></span> <span class='ocrx_word' id='word_1_540' title='bbox 1251 5413 1528 5480; x_wconf 89' lang='lat' dir='ltr'><strong>deposito,</strong></span> <span class='ocrx_word' id='word_1_541' title='bbox 1567 5418 1743 5483; x_wconf 89' lang='lat' dir='ltr'><strong>quieta</strong></span> <span class='ocrx_word' id='word_1_542' title='bbox 1784 5412 2114 5474; x_wconf 76' lang='lat' dir='ltr'><strong>colohioruni</strong></span> 
     </span>
    </p>
   </div>
   <div class='ocr_carea' id='block_1_75' title="bbox 537 5482 2115 5559">
    <p class='ocr_par' dir='ltr' id='par_1_75' title="bbox 537 5482 2115 5559">
     <span class='ocr_line' id='line_1_75' title="bbox 537 5482 2115 5559; baseline 0.006 -23"><span class='ocrx_word' id='word_1_543' title='bbox 537 5492 592 5537; x_wconf 87' lang='lat' dir='ltr'><strong>et</strong></span> <span class='ocrx_word' id='word_1_544' title='bbox 633 5484 946 5559; x_wconf 78' lang='lat' dir='ltr'><strong>penularum</strong></span> <span class='ocrx_word' id='word_1_545' title='bbox 986 5482 1171 5538; x_wconf 87' lang='lat' dir='ltr'><strong>induat</strong></span> <span class='ocrx_word' id='word_1_546' title='bbox 1200 5483 1538 5559; x_wconf 74' lang='lat' dir='ltr'><strong>vestimenta.</strong></span> <span class='ocrx_word' id='word_1_547' title='bbox 1578 5482 1709 5541; x_wconf 82' lang='lat' dir='ltr'><strong>Vide</strong></span> <span class='ocrx_word' id='word_1_548' title='bbox 1736 5489 1875 5559; x_wconf 85' lang='lat' dir='ltr'><strong>apud</strong></span> <span class='ocrx_word' id='word_1_549' title='bbox 1909 5488 2115 5544; x_wconf 84' lang='lat' dir='ltr'><strong>Cassia-</strong></span> 
     </span>
    </p>
   </div>
   <div class='ocr_carea' id='block_1_76' title="bbox 537 5555 1803 5625">
    <p class='ocr_par' dir='ltr' id='par_1_76' title="bbox 537 5555 1803 5625">
     <span class='ocr_line' id='line_1_76' title="bbox 537 5555 1803 5625; baseline 0.004 -19"><span class='ocrx_word' id='word_1_550' title='bbox 537 5571 660 5606; x_wconf 89' lang='lat' dir='ltr'><strong>num</strong></span> <span class='ocrx_word' id='word_1_551' title='bbox 683 5555 1109 5625; x_wconf 70' lang='lat' dir='ltr'><strong>significationem</strong></span> <span class='ocrx_word' id='word_1_552' title='bbox 1137 5556 1422 5625; x_wconf 82' lang='lat' dir='ltr'><strong>mysticam.</strong></span> <span class='ocrx_word' id='word_1_553' title='bbox 1455 5555 1803 5613; x_wconf 68' lang='lat' dir='ltr'><strong>ltoswsvous.</strong></span> 
     </span>
    </p>
   </div>
   <div class='ocr_carea' id='block_1_77' title="bbox 612 5623 2114 5696">
    <p class='ocr_par' dir='ltr' id='par_1_77' title="bbox 612 5623 2114 5696">
     <span class='ocr_line' id='line_1_77' title="bbox 612 5623 2114 5696; baseline 0.007 -20"><span class='ocrx_word' id='word_1_554' title='bbox 612 5636 634 5660; x_wconf 71' lang='grc' dir='ltr'>α</span> <span class='ocrx_word' id='word_1_555' title='bbox 665 5623 857 5694; x_wconf 85' lang='lat' dir='ltr'><strong>Beno.]</strong></span> <span class='ocrx_word' id='word_1_556' title='bbox 874 5623 1115 5680; x_wconf 75' lang='lat' dir='ltr'><strong>Palladio</strong></span> <span class='ocrx_word' id='word_1_557' title='bbox 1146 5623 1262 5696; x_wconf 78' lang='lat' dir='ltr'><strong>cap.</strong></span> <span class='ocrx_word' id='word_1_558' title='bbox 1290 5626 1378 5681; x_wconf 74' lang='grc'><strong>44.</strong></span> <span class='ocrx_word' id='word_1_559' title='bbox 1414 5628 1602 5682; x_wconf 86' lang='lat' dir='ltr'><strong>dicitur</strong></span> <span class='ocrx_word' id='word_1_560' title='bbox 1641 5630 1732 5683; x_wconf 89' lang='lat' dir='ltr'><strong>Be.</strong></span> <span class='ocrx_word' id='word_1_561' title='bbox 1765 5628 1984 5684; x_wconf 85' lang='lat' dir='ltr'><strong>Nullam</strong></span> <span class='ocrx_word' id='word_1_562' title='bbox 2019 5634 2114 5687; x_wconf 84' lang='lat' dir='ltr'><strong>hu-</strong></span> 
     </span>
    </p>
   </div>
   <div class='ocr_carea' id='block_1_78' title="bbox 538 5696 2111 5757">
    <p class='ocr_par' dir='ltr' id='par_1_78' title="bbox 538 5696 2111 5757">
     <span class='ocr_line' id='line_1_78' title="bbox 538 5696 2111 5757; baseline 0.008 -13"><span class='ocrx_word' id='word_1_563' title='bbox 538 5710 619 5744; x_wconf 77' lang='lat' dir='ltr'><strong>ius</strong></span> <span class='ocrx_word' id='word_1_564' title='bbox 674 5696 967 5749; x_wconf 84' lang='lat' dir='ltr'><strong>memoriam</strong></span> <span class='ocrx_word' id='word_1_565' title='bbox 994 5697 1193 5751; x_wconf 84' lang='lat' dir='ltr'><strong>invenio</strong></span> <span class='ocrx_word' id='word_1_566' title='bbox 1221 5700 1274 5749; x_wconf 88' lang='lat' dir='ltr'><strong>in</strong></span> <span class='ocrx_word' id='word_1_567' title='bbox 1301 5696 1676 5754; x_wconf 73' lang='lat' dir='ltr'><strong>Ecclesiasticis</strong></span> <span class='ocrx_word' id='word_1_568' title='bbox 1702 5700 1907 5755; x_wconf 84' lang='lat' dir='ltr'><strong>tabulis.</strong></span> <span class='ocrx_word' id='word_1_569' title='bbox 1945 5704 2021 5756; x_wconf 87' lang='lat' dir='ltr'><strong>De</strong></span> <span class='ocrx_word' id='word_1_570' title='bbox 2054 5721 2111 5757; x_wconf 88' lang='lat' dir='ltr'><strong>eo</strong></span> 
     </span>
    </p>
   </div>
   <div class='ocr_carea' id='block_1_79' title="bbox 547 5762 2110 5845">
    <p class='ocr_par' dir='ltr' id='par_1_79' title="bbox 547 5762 2110 5845">
     <span class='ocr_line' id='line_1_79' title="bbox 547 5762 2110 5845; baseline 0.008 -28"><span class='ocrx_word' id='word_1_571' title='bbox 547 5762 853 5821; x_wconf 77' lang='lat' dir='ltr'><strong>Sozomenus</strong></span> <span class='ocrx_word' id='word_1_572' title='bbox 883 5765 971 5825; x_wconf 86' lang='lat' dir='ltr'><strong>lib.</strong></span> <span class='ocrx_word' id='word_1_573' title='bbox 1010 5765 1107 5837; x_wconf 83' lang='lat' dir='ltr'><strong>Vl,</strong></span> <span class='ocrx_word' id='word_1_574' title='bbox 1132 5784 1244 5840; x_wconf 75' lang='lat' dir='ltr'><strong>cap.</strong></span> <span class='ocrx_word' id='word_1_575' title='bbox 1268 5766 1338 5823; x_wconf 69' lang='grc'><strong>28</strong></span> <span class='ocrx_word' id='word_1_576' title='bbox 1363 5772 1374 5801; x_wconf 88' lang='grc'>¹</span> <span class='ocrx_word' id='word_1_577' title='bbox 1403 5772 1485 5827; x_wconf 85' lang='lat' dir='ltr'><strong>hic</strong></span> <span class='ocrx_word' id='word_1_578' title='bbox 1518 5771 1746 5839; x_wconf 83' lang='lat' dir='ltr'><strong>paucula</strong></span> <span class='ocrx_word' id='word_1_579' title='bbox 1766 5774 2110 5845; x_wconf 77' lang='lat' dir='ltr'><strong>superioribus</strong></span> 
     </span>
    </p>
   </div>
   <div class='ocr_carea' id='block_1_80' title="bbox 2245 1874 3833 1958">
    <p class='ocr_par' dir='ltr' id='par_1_80' title="bbox 2245 1874 3833 1958">
     <span class='ocr_line' id='line_1_80' title="bbox 2245 1874 3833 1958; baseline 0.009 -29"><span class='ocrx_word' id='word_1_580' title='bbox 2245 1874 2468 1945; x_wconf 88' lang='lat' dir='ltr'><strong>angelici</strong></span> <span class='ocrx_word' id='word_1_581' title='bbox 2497 1877 2699 1933; x_wconf 90' lang='lat' dir='ltr'><strong>ordinis</strong></span> <span class='ocrx_word' id='word_1_582' title='bbox 2720 1878 2841 1934; x_wconf 92' lang='lat' dir='ltr'><strong>vir:</strong></span> <span class='ocrx_word' id='word_1_583' title='bbox 2873 1879 3151 1938; x_wconf 83' lang='lat' dir='ltr'><strong>humilitas</strong></span> <span class='ocrx_word' id='word_1_584' title='bbox 3195 1898 3409 1955; x_wconf 89' lang='lat' dir='ltr'><strong>quoque</strong></span> <span class='ocrx_word' id='word_1_585' title='bbox 3436 1884 3696 1944; x_wconf 89' lang='lat' dir='ltr'><strong>immensa</strong></span> <span class='ocrx_word' id='word_1_586' title='bbox 3725 1934 3739 1958; x_wconf 95' lang='lat'><strong>,</strong></span> <span class='ocrx_word' id='word_1_587' title='bbox 3783 1899 3833 1946; x_wconf 89' lang='lat' dir='ltr'><strong>et</strong></span> 
     </span>
    </p>
   </div>
   <div class='ocr_carea' id='block_1_81' title="bbox 2244 1965 3832 2051">
    <p class='ocr_par' dir='ltr' id='par_1_81' title="bbox 2244 1965 3832 2051">
     <span class='ocr_line' id='line_1_81' title="bbox 2244 1965 3832 2051; baseline 0.011 -31"><span class='ocrx_word' id='word_1_588' title='bbox 2244 1965 2298 2021; x_wconf 92' lang='lat' dir='ltr'><strong>in</strong></span> <span class='ocrx_word' id='word_1_589' title='bbox 2330 1967 2582 2023; x_wconf 89' lang='lat' dir='ltr'><strong>omnibus</strong></span> <span class='ocrx_word' id='word_1_590' title='bbox 2623 1985 2721 2037; x_wconf 91' lang='lat' dir='ltr'><strong>pro</strong></span> <span class='ocrx_word' id='word_1_591' title='bbox 2750 1970 2920 2027; x_wconf 91' lang='lat' dir='ltr'><strong>nihilo</strong></span> <span class='ocrx_word' id='word_1_592' title='bbox 2958 1973 3312 2044; x_wconf 90' lang='lat' dir='ltr'><strong>semetipsum</strong></span> <span class='ocrx_word' id='word_1_593' title='bbox 3338 1975 3560 2035; x_wconf 89' lang='lat' dir='ltr'><strong>ducens.</strong></span> <span class='ocrx_word' id='word_1_594' title='bbox 3591 1979 3832 2051; x_wconf 91' lang='lat' dir='ltr'><strong>Denique</strong></span> 
     </span>
    </p>
   </div>
   <div class='ocr_carea' id='block_1_82' title="bbox 2245 2059 3833 2136">
    <p class='ocr_par' dir='ltr' id='par_1_82' title="bbox 2245 2059 3833 2136">
     <span class='ocr_line' id='line_1_82' title="bbox 2245 2059 3833 2136; baseline 0.011 -24"><span class='ocrx_word' id='word_1_595' title='bbox 2245 2059 2403 2114; x_wconf 90' lang='lat' dir='ltr'><strong>nobis</strong></span> <span class='ocrx_word' id='word_1_596' title='bbox 2433 2060 2660 2116; x_wconf 90' lang='lat' dir='ltr'><strong>multum</strong></span> <span class='ocrx_word' id='word_1_597' title='bbox 2704 2062 3015 2133; x_wconf 86' lang='lat' dir='ltr'><strong>rogantibus</strong></span> <span class='ocrx_word' id='word_1_598' title='bbox 3039 2102 3055 2129; x_wconf 89' lang='lat'><strong>,</strong></span> <span class='ocrx_word' id='word_1_599' title='bbox 3086 2074 3143 2119; x_wconf 91' lang='lat' dir='ltr'><strong>ut</strong></span> <span class='ocrx_word' id='word_1_600' title='bbox 3170 2065 3400 2136; x_wconf 91' lang='lat' dir='ltr'><strong>aliquem</strong></span> <span class='ocrx_word' id='word_1_601' title='bbox 3430 2082 3736 2128; x_wconf 88' lang='lat' dir='ltr'><strong>sermonem</strong></span> <span class='ocrx_word' id='word_1_602' title='bbox 3766 2073 3833 2129; x_wconf 89' lang='lat' dir='ltr'><strong>ab</strong></span> 
     </span>
    </p>
   </div>
   <div class='ocr_carea' id='block_1_83' title="bbox 2242 2150 3829 2231">
    <p class='ocr_par' dir='ltr' id='par_1_83' title="bbox 2242 2150 3829 2231">
     <span class='ocr_line' id='line_1_83' title="bbox 2242 2150 3829 2231; baseline 0.008 -27"><span class='ocrx_word' id='word_1_603' title='bbox 2242 2165 2309 2205; x_wconf 90' lang='lat' dir='ltr'><strong>eo</strong></span> <span class='ocrx_word' id='word_1_604' title='bbox 2337 2150 2706 2209; x_wconf 80' lang='lat' dir='ltr'><strong>:ediflcationis</strong></span> <span class='ocrx_word' id='word_1_605' title='bbox 2736 2154 3068 2223; x_wconf 90' lang='lat' dir='ltr'><strong>audiremus,</strong></span> <span class='ocrx_word' id='word_1_606' title='bbox 3095 2156 3185 2212; x_wconf 89' lang='lat' dir='ltr'><strong>vix</strong></span> <span class='ocrx_word' id='word_1_607' title='bbox 3212 2158 3508 2228; x_wconf 90' lang='lat' dir='ltr'><strong>impetrare</strong></span> <span class='ocrx_word' id='word_1_608' title='bbox 3535 2163 3829 2231; x_wconf 89' lang='lat' dir='ltr'><strong>potuimus,</strong></span> 
     </span>
    </p>
   </div>
   <div class='ocr_carea' id='block_1_84' title="bbox 2241 2244 3573 2319">
    <p class='ocr_par' dir='ltr' id='par_1_84' title="bbox 2241 2244 3573 2319">
     <span class='ocr_line' id='line_1_84' title="bbox 2241 2244 3573 2319; baseline 0.008 -23"><span class='ocrx_word' id='word_1_609' title='bbox 2241 2250 2299 2296; x_wconf 93' lang='lat' dir='ltr'><strong>ut</strong></span> <span class='ocrx_word' id='word_1_610' title='bbox 2330 2256 2496 2310; x_wconf 87' lang='lat' dir='ltr'><strong>pauca</strong></span> <span class='ocrx_word' id='word_1_611' title='bbox 2528 2244 2685 2300; x_wconf 92' lang='lat' dir='ltr'><strong>nobis</strong></span> <span class='ocrx_word' id='word_1_612' title='bbox 2707 2244 2775 2301; x_wconf 92' lang='lat' dir='ltr'><strong>de</strong></span> <span class='ocrx_word' id='word_1_613' title='bbox 2802 2247 3215 2304; x_wconf 88' lang='lat' dir='ltr'><strong>mansuetudine</strong></span> <span class='ocrx_word' id='word_1_614' title='bbox 3240 2249 3573 2319; x_wconf 90' lang='lat' dir='ltr'><strong>loqueretur.</strong></span> 
     </span>
    </p>
   </div>
   <div class='ocr_carea' id='block_1_85' title="bbox 2317 2335 3829 2417">
    <p class='ocr_par' dir='ltr' id='par_1_85' title="bbox 2317 2335 3829 2417">
     <span class='ocr_line' id='line_1_85' title="bbox 2317 2335 3829 2417; baseline 0.008 -28"><span class='ocrx_word' id='word_1_615' title='bbox 2317 2335 2416 2390; x_wconf 83' lang='lat' dir='ltr'><strong>Hic</strong></span> <span class='ocrx_word' id='word_1_616' title='bbox 2440 2336 2747 2405; x_wconf 76' lang='lat' dir='ltr'><strong>aliquando,</strong></span> <span class='ocrx_word' id='word_1_617' title='bbox 2778 2352 2899 2394; x_wconf 89' lang='lat' dir='ltr'><strong>cum</strong></span> <span class='ocrx_word' id='word_1_618' title='bbox 2932 2339 3098 2394; x_wconf 88' lang='lat' dir='ltr'><strong>bestia</strong></span> <span class='ocrx_word' id='word_1_619' title='bbox 3128 2341 3393 2412; x_wconf 57' lang='lat' dir='ltr'><strong>quaedam,</strong></span> <span class='ocrx_word' id='word_1_620' title='bbox 3423 2358 3543 2415; x_wconf 66' lang='lat' dir='ltr'><strong>quae</strong></span> <span class='ocrx_word' id='word_1_621' title='bbox 3566 2344 3829 2417; x_wconf 83' lang='lat' dir='ltr'><strong>hippopo-</strong></span> 
     </span>
    </p>
   </div>
   <div class='ocr_carea' id='block_1_86' title="bbox 2244 2428 3829 2506">
    <p class='ocr_par' dir='ltr' id='par_1_86' title="bbox 2244 2428 3829 2506">
     <span class='ocr_line' id='line_1_86' title="bbox 2244 2428 3829 2506; baseline 0.01 -25"><span class='ocrx_word' id='word_1_622' title='bbox 2244 2435 2417 2483; x_wconf 62' lang='lat' dir='ltr'><strong>ulmus</strong></span> <span class='ocrx_word' id='word_1_623' title='bbox 2461 2428 2779 2500; x_wconf 88' lang='lat' dir='ltr'><strong>appellatur,</strong></span> <span class='ocrx_word' id='word_1_624' title='bbox 2828 2431 3105 2501; x_wconf 90' lang='lat' dir='ltr'><strong>regionem</strong></span> <span class='ocrx_word' id='word_1_625' title='bbox 3135 2432 3210 2489; x_wconf 90' lang='lat' dir='ltr'><strong>illi</strong></span> <span class='ocrx_word' id='word_1_626' title='bbox 3239 2436 3542 2506; x_wconf 78' lang='lat' dir='ltr'><strong>proximam</strong></span> <span class='ocrx_word' id='word_1_627' title='bbox 3572 2439 3829 2496; x_wconf 85' lang='lat' dir='ltr'><strong>vicinam-</strong></span> 
     </span>
    </p>
   </div>
   <div class='ocr_carea' id='block_1_87' title="bbox 2239 2523 3824 2596">
    <p class='ocr_par' dir='ltr' id='par_1_87' title="bbox 2239 2523 3824 2596">
     <span class='ocr_line' id='line_1_87' title="bbox 2239 2523 3824 2596; baseline 0.009 -24"><span class='ocrx_word' id='word_1_628' title='bbox 2239 2534 2346 2589; x_wconf 88' lang='lat' dir='ltr'><strong>que</strong></span> <span class='ocrx_word' id='word_1_629' title='bbox 2374 2528 2641 2591; x_wconf 85' lang='lat' dir='ltr'><strong>vastaret,</strong></span> <span class='ocrx_word' id='word_1_630' title='bbox 2693 2529 2915 2593; x_wconf 90' lang='lat' dir='ltr'><strong>rogatus</strong></span> <span class='ocrx_word' id='word_1_631' title='bbox 2959 2523 3028 2579; x_wconf 90' lang='lat' dir='ltr'><strong>ab</strong></span> <span class='ocrx_word' id='word_1_632' title='bbox 3058 2526 3312 2596; x_wconf 89' lang='lat' dir='ltr'><strong>agricolis</strong></span> <span class='ocrx_word' id='word_1_633' title='bbox 3340 2529 3488 2585; x_wconf 93' lang='lat' dir='ltr'><strong>venit</strong></span> <span class='ocrx_word' id='word_1_634' title='bbox 3508 2530 3575 2586; x_wconf 87' lang='lat' dir='ltr'><strong>ad</strong></span> <span class='ocrx_word' id='word_1_635' title='bbox 3604 2531 3779 2588; x_wconf 91' lang='lat' dir='ltr'><strong>locum</strong></span> <span class='ocrx_word' id='word_1_636' title='bbox 3808 2548 3824 2586; x_wconf 91' lang='lat'><strong>:</strong></span> 
     </span>
    </p>
   </div>
   <div class='ocr_carea' id='block_1_88' title="bbox 2237 2613 3826 2688">
    <p class='ocr_par' dir='ltr' id='par_1_88' title="bbox 2237 2613 3826 2688">
     <span class='ocr_line' id='line_1_88' title="bbox 2237 2613 3826 2688; baseline 0.008 -22"><span class='ocrx_word' id='word_1_637' title='bbox 2237 2620 2433 2667; x_wconf 90' lang='lat' dir='ltr'><strong>etcum</strong></span> <span class='ocrx_word' id='word_1_638' title='bbox 2480 2613 2768 2671; x_wconf 87' lang='lat' dir='ltr'><strong>immanem</strong></span> <span class='ocrx_word' id='word_1_639' title='bbox 2816 2614 3045 2671; x_wconf 87' lang='lat' dir='ltr'><strong>belluam</strong></span> <span class='ocrx_word' id='word_1_640' title='bbox 3073 2619 3420 2688; x_wconf 85' lang='lat' dir='ltr'><strong>pervidisset,</strong></span> <span class='ocrx_word' id='word_1_641' title='bbox 3450 2623 3525 2679; x_wconf 87' lang='lat' dir='ltr'><strong>ait</strong></span> <span class='ocrx_word' id='word_1_642' title='bbox 3566 2625 3633 2680; x_wconf 92' lang='lat' dir='ltr'><strong>ad</strong></span> <span class='ocrx_word' id='word_1_643' title='bbox 3661 2640 3779 2681; x_wconf 89' lang='lat' dir='ltr'><strong>eam</strong></span> <span class='ocrx_word' id='word_1_644' title='bbox 3812 2642 3826 2678; x_wconf 89' lang='lat'><strong>:</strong></span> 
     </span>
    </p>
   </div>
   <div class='ocr_carea' id='block_1_89' title="bbox 2238 2706 3823 2781">
    <p class='ocr_par' dir='ltr' id='par_1_89' title="bbox 2238 2706 3823 2781">
     <span class='ocr_line' id='line_1_89' title="bbox 2238 2706 3823 2781; baseline 0.007 -19"><span class='ocrx_word' id='word_1_645' title='bbox 2238 2706 2500 2777; x_wconf 63' lang='lat' dir='ltr'><strong>Praecipio</strong></span> <span class='ocrx_word' id='word_1_646' title='bbox 2517 2708 2615 2763; x_wconf 85' lang='lat' dir='ltr'><strong>tibi</strong></span> <span class='ocrx_word' id='word_1_647' title='bbox 2646 2710 2699 2765; x_wconf 92' lang='lat' dir='ltr'><strong>in</strong></span> <span class='ocrx_word' id='word_1_648' title='bbox 2732 2708 2949 2767; x_wconf 90' lang='lat' dir='ltr'><strong>nomine</strong></span> <span class='ocrx_word' id='word_1_649' title='bbox 2970 2709 3099 2768; x_wconf 87' lang='lat' dir='ltr'><strong>.lesu</strong></span> <span class='ocrx_word' id='word_1_650' title='bbox 3128 2711 3353 2781; x_wconf 87' lang='lat' dir='ltr'><strong>Christi,</strong></span> <span class='ocrx_word' id='word_1_651' title='bbox 3385 2730 3455 2772; x_wconf 91' lang='lat' dir='ltr'><strong>ne</strong></span> <span class='ocrx_word' id='word_1_652' title='bbox 3478 2717 3622 2771; x_wconf 91' lang='lat' dir='ltr'><strong>ultra</strong></span> <span class='ocrx_word' id='word_1_653' title='bbox 3646 2726 3823 2772; x_wconf 89' lang='lat' dir='ltr'><strong>vastes</strong></span> 
     </span>
    </p>
   </div>
   <div class='ocr_carea' id='block_1_90' title="bbox 2238 2790 3825 2878">
    <p class='ocr_par' dir='ltr' id='par_1_90' title="bbox 2238 2790 3825 2878">
     <span class='ocr_line' id='line_1_90' title="bbox 2238 2790 3825 2878; baseline 0.003 -21"><span class='ocrx_word' id='word_1_654' title='bbox 2238 2801 2377 2859; x_wconf 88' lang='lat' dir='ltr'><strong>hanc</strong></span> <span class='ocrx_word' id='word_1_655' title='bbox 2408 2810 2628 2859; x_wconf 90' lang='lat' dir='ltr'><strong>terram.</strong></span> <span class='ocrx_word' id='word_1_656' title='bbox 2674 2803 2811 2859; x_wconf 84' lang='lat' dir='ltr'><strong>Tum</strong></span> <span class='ocrx_word' id='word_1_657' title='bbox 2839 2803 2931 2860; x_wconf 92' lang='lat' dir='ltr'><strong>illa</strong></span> <span class='ocrx_word' id='word_1_658' title='bbox 2959 2844 2973 2868; x_wconf 89' lang='lat'><strong>,</strong></span> <span class='ocrx_word' id='word_1_659' title='bbox 3022 2806 3177 2877; x_wconf 88' lang='lat' dir='ltr'><strong>quasi</strong></span> <span class='ocrx_word' id='word_1_660' title='bbox 3206 2790 3417 2878; x_wconf 53' lang='lat' dir='ltr'><strong>Angela</strong></span> <span class='ocrx_word' id='word_1_661' title='bbox 3446 2815 3825 2876; x_wconf 87' lang='lat' dir='ltr'><strong>persequente,</strong></span> 
     </span>
    </p>
   </div>
   <div class='ocr_carea' id='block_1_91' title="bbox 2239 2893 3832 2971">
    <p class='ocr_par' dir='ltr' id='par_1_91' title="bbox 2239 2893 3832 2971">
     <span class='ocr_line' id='line_1_91' title="bbox 2239 2893 3832 2971; baseline 0.005 -20"><span class='ocrx_word' id='word_1_662' title='bbox 2239 2893 2498 2964; x_wconf 69' lang='lat' dir='ltr'><strong>effugata,</strong></span> <span class='ocrx_word' id='word_1_663' title='bbox 2530 2910 2795 2967; x_wconf 89' lang='lat' dir='ltr'><strong>nusquam</strong></span> <span class='ocrx_word' id='word_1_664' title='bbox 2840 2897 3061 2953; x_wconf 92' lang='lat' dir='ltr'><strong>omnino</strong></span> <span class='ocrx_word' id='word_1_665' title='bbox 3090 2898 3413 2971; x_wconf 90' lang='lat' dir='ltr'><strong>comparuit.</strong></span> <span class='ocrx_word' id='word_1_666' title='bbox 3463 2900 3638 2959; x_wconf 86' lang='lat' dir='ltr'><strong>Simili</strong></span> <span class='ocrx_word' id='word_1_667' title='bbox 3669 2902 3832 2959; x_wconf 91' lang='lat' dir='ltr'><strong>modo</strong></span> 
     </span>
    </p>
   </div>
   <div class='ocr_carea' id='block_1_92' title="bbox 2243 2987 3828 3065">
    <p class='ocr_par' dir='ltr' id='par_1_92' title="bbox 2243 2987 3828 3065">
     <span class='ocr_line' id='line_1_92' title="bbox 2243 2987 3828 3065; baseline 0.004 -22"><span class='ocrx_word' id='word_1_668' title='bbox 2243 2987 2398 3043; x_wconf 77' lang='lat' dir='ltr'><strong>etiam</strong></span> <span class='ocrx_word' id='word_1_669' title='bbox 2420 2988 2766 3060; x_wconf 84' lang='lat' dir='ltr'><strong>crocodylum</strong></span> <span class='ocrx_word' id='word_1_670' title='bbox 2788 2989 2858 3044; x_wconf 89' lang='lat' dir='ltr'><strong>ab</strong></span> <span class='ocrx_word' id='word_1_671' title='bbox 2879 3003 2945 3046; x_wconf 92' lang='lat' dir='ltr'><strong>eo</strong></span> <span class='ocrx_word' id='word_1_672' title='bbox 2964 2990 3075 3047; x_wconf 87' lang='lat' dir='ltr'><strong>alio</strong></span> <span class='ocrx_word' id='word_1_673' title='bbox 3097 3000 3342 3064; x_wconf 90' lang='lat' dir='ltr'><strong>tempore</strong></span> <span class='ocrx_word' id='word_1_674' title='bbox 3370 2991 3613 3064; x_wconf 85' lang='lat' dir='ltr'><strong>fugatum</strong></span> <span class='ocrx_word' id='word_1_675' title='bbox 3649 2994 3828 3065; x_wconf 88' lang='lat' dir='ltr'><strong>perhi-</strong></span> 
     </span>
    </p>
   </div>
   <div class='ocr_carea' id='block_1_93' title="bbox 2238 3078 2459 3137">
    <p class='ocr_par' dir='ltr' id='par_1_93' title="bbox 2238 3078 2459 3137">
     <span class='ocr_line' id='line_1_93' title="bbox 2238 3078 2459 3137; baseline 0 0"><span class='ocrx_word' id='word_1_676' title='bbox 2238 3078 2459 3137; x_wconf 75' lang='lat' dir='ltr'><strong>hebant.</strong></span> 
     </span>
    </p>
   </div>
   <div class='ocr_carea' id='block_1_94' title="bbox 2861 3172 3199 3231">
    <p class='ocr_par' dir='ltr' id='par_1_94' title="bbox 2861 3172 3199 3231">
     <span class='ocr_line' id='line_1_94' title="bbox 2861 3172 3199 3231; baseline 0 -2"><span class='ocrx_word' id='word_1_677' title='bbox 2861 3172 3089 3231; x_wconf 85' lang='lat' dir='ltr'><strong>CAPUT</strong></span> <span class='ocrx_word' id='word_1_678' title='bbox 3139 3174 3199 3231; x_wconf 84' lang='lat' dir='ltr'><strong>V.</strong></span> 
     </span>
    </p>
   </div>
   <div class='ocr_carea' id='block_1_95' title="bbox 2635 3282 3432 3343">
    <p class='ocr_par' dir='ltr' id='par_1_95' title="bbox 2635 3282 3432 3343">
     <span class='ocr_line' id='line_1_95' title="bbox 2635 3282 3432 3343; baseline -0.001 -4"><span class='ocrx_word' id='word_1_679' title='bbox 2635 3300 2702 3339; x_wconf 79' lang='lat' dir='ltr'><strong>ne</strong></span> <span class='ocrx_word' id='word_1_680' title='bbox 2731 3282 2758 3322; x_wconf 71' lang='grc' dir='ltr'>ἀ</span> <span class='ocrx_word' id='word_1_681' title='bbox 2788 3298 3103 3341; x_wconf 78' lang='lat' dir='ltr'><strong>oxvnrscno</strong></span> <span class='ocrx_word' id='word_1_682' title='bbox 3152 3301 3432 3343; x_wconf 69' lang='lat' dir='ltr'><strong>cum-ara.</strong></span> 
     </span>
    </p>
   </div>
   <div class='ocr_carea' id='block_1_96' title="bbox 2556 3396 3487 3471">
    <p class='ocr_par' dir='ltr' id='par_1_96' title="bbox 2556 3396 3487 3471">
     <span class='ocr_line' id='line_1_96' title="bbox 2556 3396 3487 3471; baseline 0.004 -21"><span class='ocrx_word' id='word_1_683' title='bbox 2556 3396 2576 3467; x_wconf 92' lang='lat'>(</span> <span class='ocrx_word' id='word_1_684' title='bbox 2606 3396 2755 3451; x_wconf 79' lang='lat' dir='ltr'><strong>Deest</strong></span> <span class='ocrx_word' id='word_1_685' title='bbox 2788 3398 2881 3452; x_wconf 81' lang='lat' dir='ltr'><strong>hoc</strong></span> <span class='ocrx_word' id='word_1_686' title='bbox 2909 3406 3073 3470; x_wconf 77' lang='lat' dir='ltr'><strong>caput</strong></span> <span class='ocrx_word' id='word_1_687' title='bbox 3091 3398 3146 3453; x_wconf 88' lang='lat' dir='ltr'><strong>in</strong></span> <span class='ocrx_word' id='word_1_688' title='bbox 3171 3398 3417 3453; x_wconf 84' lang='lat' dir='ltr'><strong>Palladio</strong></span> <span class='ocrx_word' id='word_1_689' title='bbox 3443 3400 3487 3471; x_wconf 87' lang='lat'><strong>).</strong></span> 
     </span>
    </p>
   </div>
   <div class='ocr_carea' id='block_1_97' title="bbox 2309 3485 3818 3580">
    <p class='ocr_par' dir='ltr' id='par_1_97' title="bbox 2309 3485 3818 3580">
     <span class='ocr_line' id='line_1_97' title="bbox 2309 3485 3818 3580; baseline 0.005 -19"><span class='ocrx_word' id='word_1_690' title='bbox 2309 3507 2564 3562; x_wconf 89' lang='lat' dir='ltr'><strong>Venimus</strong></span> <span class='ocrx_word' id='word_1_691' title='bbox 2593 3485 2846 3564; x_wconf 36' lang='lat' dir='ltr'><strong>autem‘et</strong></span> <span class='ocrx_word' id='word_1_692' title='bbox 2874 3509 2939 3565; x_wconf 89' lang='lat' dir='ltr'><strong>ad</strong></span> <span class='ocrx_word' id='word_1_693' title='bbox 2970 3511 3243 3567; x_wconf 90' lang='lat' dir='ltr'><strong>civitatem</strong></span> <span class='ocrx_word' id='word_1_694' title='bbox 3270 3509 3555 3580; x_wconf 88' lang='lat' dir='ltr'><strong>quamdam</strong></span> <span class='ocrx_word' id='word_1_695' title='bbox 3586 3511 3818 3569; x_wconf 83' lang='lat' dir='ltr'><strong>Thebai-</strong></span> 
     </span>
    </p>
   </div>
   <div class='ocr_carea' id='block_1_98' title="bbox 2235 3599 3822 3675">
    <p class='ocr_par' dir='ltr' id='par_1_98' title="bbox 2235 3599 3822 3675">
     <span class='ocr_line' id='line_1_98' title="bbox 2235 3599 3822 3675; baseline 0.004 -22"><span class='ocrx_word' id='word_1_696' title='bbox 2235 3600 2350 3666; x_wconf 87' lang='lat' dir='ltr'><strong>dis,</strong></span> <span class='ocrx_word' id='word_1_697' title='bbox 2392 3600 2611 3655; x_wconf 91' lang='lat' dir='ltr'><strong>nomine</strong></span> <span class='ocrx_word' id='word_1_698' title='bbox 2652 3599 3066 3674; x_wconf 71' lang='lat' dir='ltr'><strong>Oxyrynchum,</strong></span> <span class='ocrx_word' id='word_1_699' title='bbox 3097 3603 3150 3658; x_wconf 91' lang='lat' dir='ltr'><strong>in</strong></span> <span class='ocrx_word' id='word_1_700' title='bbox 3202 3616 3305 3673; x_wconf 90' lang='lat' dir='ltr'><strong>qua</strong></span> <span class='ocrx_word' id='word_1_701' title='bbox 3363 3611 3511 3659; x_wconf 87' lang='lat' dir='ltr'><strong>tanta</strong></span> <span class='ocrx_word' id='word_1_702' title='bbox 3546 3602 3822 3675; x_wconf 86' lang='lat' dir='ltr'><strong>religionis</strong></span> 
     </span>
    </p>
   </div>
   <div class='ocr_carea' id='block_1_99' title="bbox 2241 3689 3821 3764">
    <p class='ocr_par' dir='ltr' id='par_1_99' title="bbox 2241 3689 3821 3764">
     <span class='ocr_line' id='line_1_99' title="bbox 2241 3689 3821 3764; baseline 0.001 -19"><span class='ocrx_word' id='word_1_703' title='bbox 2241 3689 2397 3761; x_wconf 61' lang='lat'><strong>15.2</strong></span> <span class='ocrx_word' id='word_1_704' title='bbox 2417 3690 2872 3760; x_wconf 86' lang='lat' dir='ltr'><strong>deprehendimus</strong></span> <span class='ocrx_word' id='word_1_705' title='bbox 2907 3694 3077 3760; x_wconf 91' lang='lat' dir='ltr'><strong>bona,</strong></span> <span class='ocrx_word' id='word_1_706' title='bbox 3111 3702 3167 3749; x_wconf 90' lang='lat' dir='ltr'><strong>ut</strong></span> <span class='ocrx_word' id='word_1_707' title='bbox 3190 3709 3252 3750; x_wconf 82' lang='lat' dir='ltr'><strong>ea</strong></span> <span class='ocrx_word' id='word_1_708' title='bbox 3285 3708 3443 3748; x_wconf 91' lang='lat' dir='ltr'><strong>nemo</strong></span> <span class='ocrx_word' id='word_1_709' title='bbox 3466 3693 3627 3764; x_wconf 89' lang='lat' dir='ltr'><strong>digne</strong></span> <span class='ocrx_word' id='word_1_710' title='bbox 3648 3696 3821 3750; x_wconf 81' lang='lat' dir='ltr'><strong>valent</strong></span> 
     </span>
    </p>
   </div>
   <div class='ocr_carea' id='block_1_100' title="bbox 2234 3782 3818 3855">
    <p class='ocr_par' dir='ltr' id='par_1_100' title="bbox 2234 3782 3818 3855">
     <span class='ocr_line' id='line_1_100' title="bbox 2234 3782 3818 3855; baseline 0.004 -19"><span class='ocrx_word' id='word_1_711' title='bbox 2234 3796 2509 3836; x_wconf 88' lang='lat' dir='ltr'><strong>enarrare.</strong></span> <span class='ocrx_word' id='word_1_712' title='bbox 2537 3782 2815 3851; x_wconf 84' lang='lat' dir='ltr'><strong>Repletam</strong></span> <span class='ocrx_word' id='word_1_713' title='bbox 2852 3800 3083 3855; x_wconf 89' lang='lat' dir='ltr'><strong>namque</strong></span> <span class='ocrx_word' id='word_1_714' title='bbox 3110 3800 3226 3839; x_wconf 90' lang='lat' dir='ltr'><strong>eam</strong></span> <span class='ocrx_word' id='word_1_715' title='bbox 3258 3786 3536 3840; x_wconf 86' lang='lat' dir='ltr'><strong>monachis</strong></span> <span class='ocrx_word' id='word_1_716' title='bbox 3563 3786 3818 3842; x_wconf 89' lang='lat' dir='ltr'><strong>intrinse-</strong></span> 
     </span>
    </p>
   </div>
   <div class='ocr_carea' id='block_1_101' title="bbox 2233 3873 3815 3947">
    <p class='ocr_par' dir='ltr' id='par_1_101' title="bbox 2233 3873 3815 3947">
     <span class='ocr_line' id='line_1_101' title="bbox 2233 3873 3815 3947; baseline 0.002 -18"><span class='ocrx_word' id='word_1_717' title='bbox 2233 3888 2329 3929; x_wconf 91' lang='lat' dir='ltr'><strong>cus</strong></span> <span class='ocrx_word' id='word_1_718' title='bbox 2357 3873 2607 3943; x_wconf 89' lang='lat' dir='ltr'><strong>vidimus,</strong></span> <span class='ocrx_word' id='word_1_719' title='bbox 2639 3882 2695 3931; x_wconf 91' lang='lat' dir='ltr'><strong>et</strong></span> <span class='ocrx_word' id='word_1_720' title='bbox 2721 3876 3061 3932; x_wconf 83' lang='lat' dir='ltr'><strong>extrinsecus</strong></span> <span class='ocrx_word' id='word_1_721' title='bbox 3111 3877 3257 3931; x_wconf 90' lang='lat' dir='ltr'><strong>omni</strong></span> <span class='ocrx_word' id='word_1_722' title='bbox 3288 3892 3355 3932; x_wconf 89' lang='lat' dir='ltr'><strong>ex</strong></span> <span class='ocrx_word' id='word_1_723' title='bbox 3402 3886 3556 3947; x_wconf 87' lang='lat' dir='ltr'><strong>parte</strong></span> <span class='ocrx_word' id='word_1_724' title='bbox 3587 3878 3815 3933; x_wconf 84' lang='lat' dir='ltr'><strong>cireum-</strong></span> 
     </span>
    </p>
   </div>
   <div class='ocr_carea' id='block_1_102' title="bbox 2233 3968 3819 4041">
    <p class='ocr_par' dir='ltr' id='par_1_102' title="bbox 2233 3968 3819 4041">
     <span class='ocr_line' id='line_1_102' title="bbox 2233 3968 3819 4041; baseline 0 -19"><span class='ocrx_word' id='word_1_725' title='bbox 2233 3969 2433 4023; x_wconf 88' lang='lat' dir='ltr'><strong>datam.</strong></span> <span class='ocrx_word' id='word_1_726' title='bbox 2484 3968 2651 4023; x_wconf 66' lang='lat' dir='ltr'><strong>Edes</strong></span> <span class='ocrx_word' id='word_1_727' title='bbox 2700 3968 2926 4037; x_wconf 61' lang='lat' dir='ltr'><strong>publica;</strong></span> <span class='ocrx_word' id='word_1_728' title='bbox 2980 3969 3071 4041; x_wconf 91' lang='lat' dir='ltr'><strong>(si</strong></span> <span class='ocrx_word' id='word_1_729' title='bbox 3117 3984 3221 4039; x_wconf 90' lang='lat' dir='ltr'><strong>qua</strong></span> <span class='ocrx_word' id='word_1_730' title='bbox 3271 3972 3323 4023; x_wconf 90' lang='lat' dir='ltr'><strong>in</strong></span> <span class='ocrx_word' id='word_1_731' title='bbox 3363 3984 3425 4025; x_wconf 90' lang='lat' dir='ltr'><strong>ea</strong></span> <span class='ocrx_word' id='word_1_732' title='bbox 3457 3968 3711 4039; x_wconf 86' lang='lat' dir='ltr'><strong>fuerant)</strong></span> <span class='ocrx_word' id='word_1_733' title='bbox 3767 3978 3819 4022; x_wconf 79' lang='lat' dir='ltr'><strong>et</strong></span> 
     </span>
    </p>
   </div>
   <div class='ocr_carea' id='block_1_103' title="bbox 2233 4060 3813 4130">
    <p class='ocr_par' dir='ltr' id='par_1_103' title="bbox 2233 4060 3813 4130">
     <span class='ocr_line' id='line_1_103' title="bbox 2233 4060 3813 4130; baseline -0.003 -14"><span class='ocrx_word' id='word_1_734' title='bbox 2233 4062 2429 4129; x_wconf 90' lang='lat' dir='ltr'><strong>temp‘a</strong></span> <span class='ocrx_word' id='word_1_735' title='bbox 2478 4060 2874 4130; x_wconf 90' lang='lat' dir='ltr'><strong>superstitionis</strong></span> <span class='ocrx_word' id='word_1_736' title='bbox 2928 4060 3203 4129; x_wconf 66' lang='lat' dir='ltr'><strong>antiquae,</strong></span> <span class='ocrx_word' id='word_1_737' title='bbox 3258 4060 3616 4115; x_wconf 87' lang='lat' dir='ltr'><strong>habitationes</strong></span> <span class='ocrx_word' id='word_1_738' title='bbox 3672 4075 3813 4115; x_wconf 90' lang='lat' dir='ltr'><strong>nunc</strong></span> 
     </span>
    </p>
   </div>
   <div class='ocr_carea' id='block_1_104' title="bbox 2232 4154 3813 4225">
    <p class='ocr_par' dir='ltr' id='par_1_104' title="bbox 2232 4154 3813 4225">
     <span class='ocr_line' id='line_1_104' title="bbox 2232 4154 3813 4225; baseline -0.002 -13"><span class='ocrx_word' id='word_1_739' title='bbox 2232 4166 2387 4212; x_wconf 88' lang='lat' dir='ltr'><strong>erant</strong></span> <span class='ocrx_word' id='word_1_740' title='bbox 2428 4156 2848 4224; x_wconf 87' lang='lat' dir='ltr'><strong>monachorum,</strong></span> <span class='ocrx_word' id='word_1_741' title='bbox 2903 4163 2958 4209; x_wconf 90' lang='lat' dir='ltr'><strong>et</strong></span> <span class='ocrx_word' id='word_1_742' title='bbox 3005 4170 3101 4225; x_wconf 90' lang='lat' dir='ltr'><strong>per</strong></span> <span class='ocrx_word' id='word_1_743' title='bbox 3134 4164 3299 4210; x_wconf 89' lang='lat' dir='ltr'><strong>totam</strong></span> <span class='ocrx_word' id='word_1_744' title='bbox 3340 4154 3610 4211; x_wconf 87' lang='lat' dir='ltr'><strong>civitatem</strong></span> <span class='ocrx_word' id='word_1_745' title='bbox 3644 4155 3813 4209; x_wconf 88' lang='lat' dir='ltr'><strong>multo</strong></span> 
     </span>
    </p>
   </div>
   <div class='ocr_carea' id='block_1_105' title="bbox 2234 4248 3817 4321">
    <p class='ocr_par' dir='ltr' id='par_1_105' title="bbox 2234 4248 3817 4321">
     <span class='ocr_line' id='line_1_105' title="bbox 2234 4248 3817 4321; baseline -0.002 -16"><span class='ocrx_word' id='word_1_746' title='bbox 2234 4251 2387 4321; x_wconf 89' lang='lat' dir='ltr'><strong>plura</strong></span> <span class='ocrx_word' id='word_1_747' title='bbox 2410 4249 2733 4306; x_wconf 88' lang='lat' dir='ltr'><strong>monasteria</strong></span> <span class='ocrx_word' id='word_1_748' title='bbox 2782 4264 2941 4319; x_wconf 85' lang='lat' dir='ltr'><strong>quam</strong></span> <span class='ocrx_word' id='word_1_749' title='bbox 2968 4248 3162 4305; x_wconf 91' lang='lat' dir='ltr'><strong>domus</strong></span> <span class='ocrx_word' id='word_1_750' title='bbox 3182 4248 3525 4304; x_wconf 88' lang='lat' dir='ltr'><strong>videbantur.</strong></span> <span class='ocrx_word' id='word_1_751' title='bbox 3558 4248 3697 4304; x_wconf 90' lang='lat' dir='ltr'><strong>Sunt</strong></span> <span class='ocrx_word' id='word_1_752' title='bbox 3725 4264 3817 4302; x_wconf 90' lang='lat' dir='ltr'><strong>au-</strong></span> 
     </span>
    </p>
   </div>
   <div class='ocr_carea' id='block_1_106' title="bbox 2236 4340 3812 4411">
    <p class='ocr_par' dir='ltr' id='par_1_106' title="bbox 2236 4340 3812 4411">
     <span class='ocr_line' id='line_1_106' title="bbox 2236 4340 3812 4411; baseline -0.001 -15"><span class='ocrx_word' id='word_1_753' title='bbox 2236 4350 2342 4398; x_wconf 91' lang='lat' dir='ltr'><strong>tem</strong></span> <span class='ocrx_word' id='word_1_754' title='bbox 2374 4342 2427 4395; x_wconf 91' lang='lat' dir='ltr'><strong>in</strong></span> <span class='ocrx_word' id='word_1_755' title='bbox 2457 4342 2569 4410; x_wconf 89' lang='lat' dir='ltr'><strong>ipsa</strong></span> <span class='ocrx_word' id='word_1_756' title='bbox 2602 4340 2752 4405; x_wconf 85' lang='lat' dir='ltr'><strong>urbe,</strong></span> <span class='ocrx_word' id='word_1_757' title='bbox 2784 4341 2907 4410; x_wconf 86' lang='lat' dir='ltr'><strong>quia</strong></span> <span class='ocrx_word' id='word_1_758' title='bbox 2938 4349 3021 4394; x_wconf 87' lang='lat' dir='ltr'><strong>est</strong></span> <span class='ocrx_word' id='word_1_759' title='bbox 3046 4340 3223 4410; x_wconf 84' lang='lat' dir='ltr'><strong>ampla</strong></span> <span class='ocrx_word' id='word_1_760' title='bbox 3263 4340 3416 4396; x_wconf 89' lang='lat' dir='ltr'><strong>valde</strong></span> <span class='ocrx_word' id='word_1_761' title='bbox 3444 4349 3498 4396; x_wconf 90' lang='lat' dir='ltr'><strong>et</strong></span> <span class='ocrx_word' id='word_1_762' title='bbox 3531 4342 3812 4411; x_wconf 75' lang='lat' dir='ltr'><strong>populosa,</strong></span> 
     </span>
    </p>
   </div>
   <div class='ocr_carea' id='block_1_107' title="bbox 2233 4496 3813 4573">
    <p class='ocr_par' dir='ltr' id='par_1_107' title="bbox 2233 4496 3813 4573">
     <span class='ocr_line' id='line_1_107' title="bbox 2233 4496 3813 4573; baseline 0 -20"><span class='ocrx_word' id='word_1_763' title='bbox 2233 4503 2293 4569; x_wconf 82' lang='lat' dir='ltr'><strong>af</strong></span> <span class='ocrx_word' id='word_1_764' title='bbox 2292 4498 2413 4567; x_wconf 78' lang='lat' dir='ltr'><strong>ﬁnia</strong></span> <span class='ocrx_word' id='word_1_765' title='bbox 2433 4507 2622 4573; x_wconf 20' lang='lat' dir='ltr'><strong>:‘Bfwoa</strong></span> <span class='ocrx_word' id='word_1_766' title='bbox 2641 4496 2699 4573; x_wconf 52' lang='lat' dir='ltr'><strong>di</strong></span> <span class='ocrx_word' id='word_1_767' title='bbox 2721 4497 3063 4573; x_wconf 65' lang='lat' dir='ltr'><strong>nap&#39;_ob3ev3c</strong></span> <span class='ocrx_word' id='word_1_768' title='bbox 3080 4499 3306 4573; x_wconf 62' lang='grc' dir='ltr'><strong>θεαθῆναι</strong></span> <span class='ocrx_word' id='word_1_769' title='bbox 3323 4498 3656 4573; x_wconf 71' lang='grc' dir='ltr'><strong>ὀργιζᾷμενον,</strong></span> <span class='ocrx_word' id='word_1_770' title='bbox 3680 4496 3710 4556; x_wconf 77' lang='grc' dir='ltr'>ἦ</span> <span class='ocrx_word' id='word_1_771' title='bbox 3729 4500 3813 4573; x_wconf 72' lang='grc' dir='ltr'><strong>ρμ·</strong></span> 
     </span>
    </p>
   </div>
   <div class='ocr_carea' id='block_1_108' title="bbox 2231 4568 3811 4647">
    <p class='ocr_par' dir='ltr' id='par_1_108' title="bbox 2231 4568 3811 4647">
     <span class='ocr_line' id='line_1_108' title="bbox 2231 4568 3811 4647; baseline -0.003 -22"><span class='ocrx_word' id='word_1_772' title='bbox 2231 4574 2435 4636; x_wconf 82' lang='grc' dir='ltr'><strong>νύοντα,</strong></span> <span class='ocrx_word' id='word_1_773' title='bbox 2450 4570 2480 4629; x_wconf 80' lang='grc' dir='ltr'>ἦ</span> <span class='ocrx_word' id='word_1_774' title='bbox 2497 4568 2821 4647; x_wconf 54' lang='grc' dir='ltr'><strong>ιιδευδόμενοπλὲ⁹</strong></span> <span class='ocrx_word' id='word_1_775' title='bbox 2838 4568 2868 4629; x_wconf 74' lang='grc' dir='ltr'><em>ἦ</em></span> <span class='ocrx_word' id='word_1_776' title='bbox 2882 4569 3138 4647; x_wconf 48' lang='lat' dir='ltr'><strong>simiam};</strong></span> <span class='ocrx_word' id='word_1_777' title='bbox 3154 4568 3369 4647; x_wconf 59' lang='lat' dir='ltr'><strong>Operam)»,</strong></span> <span class='ocrx_word' id='word_1_778' title='bbox 3386 4568 3416 4629; x_wconf 71' lang='grc' dir='ltr'><strong>ἦ</strong></span> <span class='ocrx_word' id='word_1_779' title='bbox 3441 4570 3811 4647; x_wconf 68' lang='grc' dir='ltr'><strong>ὠλιγωρημένοι</strong></span> 
     </span>
    </p>
   </div>
   <div class='ocr_carea' id='block_1_109' title="bbox 2233 4627 3811 4711">
    <p class='ocr_par' dir='ltr' id='par_1_109' title="bbox 2233 4627 3811 4711">
     <span class='ocr_line' id='line_1_109' title="bbox 2233 4627 3811 4711; baseline -0.005 -14"><span class='ocrx_word' id='word_1_780' title='bbox 2233 4627 2438 4698; x_wconf 76' lang='grc' dir='ltr'><strong>εἰπόντά</strong></span> <span class='ocrx_word' id='word_1_781' title='bbox 2459 4627 2603 4711; x_wconf 55' lang='lat' dir='ltr'><strong>Myos</strong></span> <span class='ocrx_word' id='word_1_782' title='bbox 2618 4656 2633 4694; x_wconf 89' lang='lat'>:</span> <span class='ocrx_word' id='word_1_783' title='bbox 2650 4627 3043 4711; x_wconf 17' lang='lat' dir='ltr'><strong>Benut&#39;u‘autem</strong></span> <span class='ocrx_word' id='word_1_784' title='bbox 3063 4627 3111 4693; x_wconf 78' lang='lat' dir='ltr'><strong>ei</strong></span> <span class='ocrx_word' id='word_1_785' title='bbox 3126 4627 3626 4711; x_wconf 16' lang='lat' dir='ltr'><strong>&#39;m&#39;inime&#39;u‘mqu&#39;ani</strong></span> <span class='ocrx_word' id='word_1_786' title='bbox 3645 4627 3811 4711; x_wconf 74' lang='lat' dir='ltr'><strong>visum</strong></span> 
     </span>
    </p>
   </div>
   <div class='ocr_carea' id='block_1_110' title="bbox 2233 4708 3812 4778">
    <p class='ocr_par' dir='ltr' id='par_1_110' title="bbox 2233 4708 3812 4778">
     <span class='ocr_line' id='line_1_110' title="bbox 2233 4708 3812 4778; baseline -0.003 -11"><span class='ocrx_word' id='word_1_787' title='bbox 2233 4715 2318 4767; x_wconf 83' lang='lat' dir='ltr'><strong>vel</strong></span> <span class='ocrx_word' id='word_1_788' title='bbox 2363 4713 2441 4766; x_wconf 84' lang='lat' dir='ltr'><strong>ira</strong></span> <span class='ocrx_word' id='word_1_789' title='bbox 2472 4708 2694 4776; x_wconf 79' lang='lat' dir='ltr'><strong>arsisse,</strong></span> <span class='ocrx_word' id='word_1_790' title='bbox 2729 4710 2811 4765; x_wconf 87' lang='lat' dir='ltr'><strong>vel</strong></span> <span class='ocrx_word' id='word_1_791' title='bbox 2833 4710 3063 4778; x_wconf 90' lang='lat' dir='ltr'><strong>jurasse,</strong></span> <span class='ocrx_word' id='word_1_792' title='bbox 3098 4709 3181 4765; x_wconf 88' lang='lat' dir='ltr'><strong>vel</strong></span> <span class='ocrx_word' id='word_1_793' title='bbox 3230 4713 3512 4763; x_wconf 88' lang='lat' dir='ltr'><strong>mentitum</strong></span> <span class='ocrx_word' id='word_1_794' title='bbox 3545 4722 3687 4772; x_wconf 90' lang='lat' dir='ltr'><strong>esse,</strong></span> <span class='ocrx_word' id='word_1_795' title='bbox 3724 4708 3812 4762; x_wconf 85' lang='lat' dir='ltr'><strong>vel</strong></span> 
     </span>
    </p>
   </div>
   <div class='ocr_carea' id='block_1_111' title="bbox 2233 4778 3811 4849">
    <p class='ocr_par' dir='ltr' id='par_1_111' title="bbox 2233 4778 3811 4849">
     <span class='ocr_line' id='line_1_111' title="bbox 2233 4778 3811 4849; baseline -0.003 -13"><span class='ocrx_word' id='word_1_796' title='bbox 2233 4783 2598 4844; x_wconf 89' lang='lat' dir='ltr'><strong>temerarium,</strong></span> <span class='ocrx_word' id='word_1_797' title='bbox 2625 4784 2761 4846; x_wconf 88' lang='lat' dir='ltr'><strong>leve,</strong></span> <span class='ocrx_word' id='word_1_798' title='bbox 2780 4790 2872 4835; x_wconf 84' lang='lat' dir='ltr'><strong>aut</strong></span> <span class='ocrx_word' id='word_1_799' title='bbox 2890 4780 3155 4849; x_wconf 91' lang='lat' dir='ltr'><strong>abjectum</strong></span> <span class='ocrx_word' id='word_1_800' title='bbox 3181 4780 3404 4834; x_wconf 88' lang='lat' dir='ltr'><strong>verbum</strong></span> <span class='ocrx_word' id='word_1_801' title='bbox 3430 4780 3653 4834; x_wconf 86' lang='lat' dir='ltr'><strong>dixisse.</strong></span> <span class='ocrx_word' id='word_1_802' title='bbox 3672 4778 3811 4832; x_wconf 73' lang='lat' dir='ltr'><strong>Prw-</strong></span> 
     </span>
    </p>
   </div>
   <div class='ocr_carea' id='block_1_112' title="bbox 2231 4850 3810 4921">
    <p class='ocr_par' dir='ltr' id='par_1_112' title="bbox 2231 4850 3810 4921">
     <span class='ocr_line' id='line_1_112' title="bbox 2231 4850 3810 4921; baseline -0.003 -15"><span class='ocrx_word' id='word_1_803' title='bbox 2231 4854 2382 4906; x_wconf 88' lang='lat' dir='ltr'><strong>mittit</strong></span> <span class='ocrx_word' id='word_1_804' title='bbox 2410 4853 2473 4907; x_wconf 85' lang='lat' dir='ltr'><strong>de</strong></span> <span class='ocrx_word' id='word_1_805' title='bbox 2497 4853 2671 4905; x_wconf 86' lang='lat' dir='ltr'><strong>eodem</strong></span> <span class='ocrx_word' id='word_1_806' title='bbox 2698 4861 2745 4905; x_wconf 79' lang='lat' dir='ltr'><strong>et</strong></span> <span class='ocrx_word' id='word_1_807' title='bbox 2772 4851 2985 4905; x_wconf 81' lang='lat' dir='ltr'><strong>Theano</strong></span> <span class='ocrx_word' id='word_1_808' title='bbox 3016 4869 3028 4903; x_wconf 92' lang='lat'>:</span> <span class='ocrx_word' id='word_1_809' title='bbox 3060 4859 3208 4911; x_wconf 80' lang='grc' dir='ltr'><strong>Βῆνος</strong></span> <span class='ocrx_word' id='word_1_810' title='bbox 3251 4850 3304 4907; x_wconf 81' lang='grc' dir='ltr'><strong>δὲ</strong></span> <span class='ocrx_word' id='word_1_811' title='bbox 3352 4855 3438 4908; x_wconf 76' lang='grc' dir='ltr'><strong>καὶ</strong></span> <span class='ocrx_word' id='word_1_812' title='bbox 3462 4857 3688 4912; x_wconf 82' lang='grc' dir='ltr'><strong>Θεωνᾶς,</strong></span> <span class='ocrx_word' id='word_1_813' title='bbox 3717 4871 3810 4921; x_wconf 65' lang='lat' dir='ltr'><strong>po-</strong></span> 
     </span>
    </p>
   </div>
   <div class='ocr_carea' id='block_1_113' title="bbox 2226 4923 3812 4997">
    <p class='ocr_par' dir='ltr' id='par_1_113' title="bbox 2226 4923 3812 4997">
     <span class='ocr_line' id='line_1_113' title="bbox 2226 4923 3812 4997; baseline -0.003 -18"><span class='ocrx_word' id='word_1_814' title='bbox 2226 4932 2453 4997; x_wconf 80' lang='grc' dir='ltr'><strong>ναχικῶν</strong></span> <span class='ocrx_word' id='word_1_815' title='bbox 2508 4926 2716 4997; x_wconf 59' lang='grc' dir='ltr'><strong>ἠγοῦνςο</strong></span> <span class='ocrx_word' id='word_1_816' title='bbox 2754 4923 3076 4997; x_wconf 24' lang='grc' dir='ltr'><strong>Αταγμοέτων.</strong></span> <span class='ocrx_word' id='word_1_817' title='bbox 3137 4923 3428 4997; x_wconf 34' lang='grc' dir='ltr'><strong>καί-..θείας</strong></span> <span class='ocrx_word' id='word_1_818' title='bbox 3477 4924 3812 4995; x_wconf 73' lang='grc' dir='ltr'><strong>προγνῶσεως</strong></span> 
     </span>
    </p>
   </div>
   <div class='ocr_carea' id='block_1_114' title="bbox 2228 4990 3810 5069">
    <p class='ocr_par' dir='ltr' id='par_1_114' title="bbox 2228 4990 3810 5069">
     <span class='ocr_line' id='line_1_114' title="bbox 2228 4990 3810 5069; baseline -0.004 -20"><span class='ocrx_word' id='word_1_819' title='bbox 2228 4990 2622 5069; x_wconf 63' lang='grc' dir='ltr'><strong>καῖπροφητῖας</strong></span> <span class='ocrx_word' id='word_1_820' title='bbox 2641 4990 2858 5069; x_wconf 45' lang='lat' dir='ltr'><strong>{animi</strong></span> <span class='ocrx_word' id='word_1_821' title='bbox 2875 4990 2896 5043; x_wconf 58' lang='grc' dir='ltr'>ἐ</span> <span class='ocrx_word' id='word_1_822' title='bbox 2929 4994 3118 5069; x_wconf 59' lang='lat' dir='ltr'><strong>penus</strong></span> <span class='ocrx_word' id='word_1_823' title='bbox 3142 5000 3198 5047; x_wconf 91' lang='lat' dir='ltr'><strong>et</strong></span> <span class='ocrx_word' id='word_1_824' title='bbox 3226 4990 3476 5069; x_wconf 78' lang='lat' dir='ltr'><strong>Theonas</strong></span> <span class='ocrx_word' id='word_1_825' title='bbox 3519 4990 3810 5069; x_wconf 66' lang='lat' dir='ltr'><strong>conventus</strong></span> 
     </span>
    </p>
   </div>
   <div class='ocr_carea' id='block_1_115' title="bbox 2227 5062 3810 5131">
    <p class='ocr_par' dir='ltr' id='par_1_115' title="bbox 2227 5062 3810 5131">
     <span class='ocr_line' id='line_1_115' title="bbox 2227 5062 3810 5131; baseline -0.003 -11"><span class='ocrx_word' id='word_1_826' title='bbox 2227 5062 2417 5120; x_wconf 70' lang='lat' dir='ltr'><strong>rexer&#39;e</strong></span> <span class='ocrx_word' id='word_1_827' title='bbox 2448 5062 2867 5129; x_wconf 73' lang='lat' dir='ltr'><strong>monachorum,</strong></span> <span class='ocrx_word' id='word_1_828' title='bbox 2894 5064 2993 5119; x_wconf 87' lang='lat' dir='ltr'><strong>viri</strong></span> <span class='ocrx_word' id='word_1_829' title='bbox 3016 5063 3193 5117; x_wconf 89' lang='lat' dir='ltr'><strong>divina</strong></span> <span class='ocrx_word' id='word_1_830' title='bbox 3242 5063 3577 5131; x_wconf 67' lang='lat' dir='ltr'><strong>praescientia</strong></span> <span class='ocrx_word' id='word_1_831' title='bbox 3609 5073 3664 5117; x_wconf 88' lang='lat' dir='ltr'><strong>et</strong></span> <span class='ocrx_word' id='word_1_832' title='bbox 3691 5077 3810 5131; x_wconf 85' lang='lat' dir='ltr'><strong>pro-</strong></span> 
     </span>
    </p>
   </div>
   <div class='ocr_carea' id='block_1_116' title="bbox 2230 5132 3645 5206">
    <p class='ocr_par' dir='ltr' id='par_1_116' title="bbox 2230 5132 3645 5206">
     <span class='ocr_line' id='line_1_116' title="bbox 2230 5132 3645 5206; baseline 0 -17"><span class='ocrx_word' id='word_1_833' title='bbox 2230 5138 2405 5206; x_wconf 87' lang='lat' dir='ltr'><strong>phetia</strong></span> <span class='ocrx_word' id='word_1_834' title='bbox 2432 5135 2640 5204; x_wconf 76' lang='lat' dir='ltr'><strong>repleti.</strong></span> <span class='ocrx_word' id='word_1_835' title='bbox 2675 5134 2748 5188; x_wconf 84' lang='lat' dir='ltr'><strong>De</strong></span> <span class='ocrx_word' id='word_1_836' title='bbox 2770 5150 2828 5187; x_wconf 91' lang='lat' dir='ltr'><strong>eo</strong></span> <span class='ocrx_word' id='word_1_837' title='bbox 2849 5134 3005 5188; x_wconf 83' lang='lat' dir='ltr'><strong>etiam</strong></span> <span class='ocrx_word' id='word_1_838' title='bbox 3028 5132 3077 5187; x_wconf 87' lang='grc' dir='ltr'><em>Ν</em></span> <span class='ocrx_word' id='word_1_839' title='bbox 3085 5134 3250 5206; x_wconf 81' lang='lat' dir='ltr'><strong>icep_lt.</strong></span> <span class='ocrx_word' id='word_1_840' title='bbox 3280 5136 3319 5188; x_wconf 87' lang='grc' dir='ltr'><strong>ι.</strong></span> <span class='ocrx_word' id='word_1_841' title='bbox 3344 5133 3451 5198; x_wconf 85' lang='lat' dir='ltr'><strong>XI,</strong></span> <span class='ocrx_word' id='word_1_842' title='bbox 3474 5151 3522 5189; x_wconf 91' lang='lat' dir='ltr'><strong>c.</strong></span> <span class='ocrx_word' id='word_1_843' title='bbox 3555 5132 3645 5189; x_wconf 72' lang='grc'><strong>54.</strong></span> 
     </span>
    </p>
   </div>
   <div class='ocr_carea' id='block_1_117' title="bbox 3176 5202 3528 5260">
    <p class='ocr_par' dir='ltr' id='par_1_117' title="bbox 3176 5202 3528 5260">
     <span class='ocr_line' id='line_1_117' title="bbox 3176 5202 3528 5260; baseline 0.003 -3"><span class='ocrx_word' id='word_1_844' title='bbox 3176 5202 3528 5260; x_wconf 71' lang='lat' dir='ltr'><strong>Roswsvnus.</strong></span> 
     </span>
    </p>
   </div>
   <div class='ocr_carea' id='block_1_118' title="bbox 2298 5272 3807 5348">
    <p class='ocr_par' dir='ltr' id='par_1_118' title="bbox 2298 5272 3807 5348">
     <span class='ocr_line' id='line_1_118' title="bbox 2298 5272 3807 5348; baseline -0.004 -15"><span class='ocrx_word' id='word_1_845' title='bbox 2298 5277 2322 5317; x_wconf 73' lang='grc' dir='ltr'>ά</span> <span class='ocrx_word' id='word_1_846' title='bbox 2355 5275 2675 5348; x_wconf 80' lang='lat' dir='ltr'><strong>Oxyryncho</strong></span> <span class='ocrx_word' id='word_1_847' title='bbox 2696 5272 2965 5348; x_wconf 76' lang='lat' dir='ltr'><strong>civitttte.]</strong></span> <span class='ocrx_word' id='word_1_848' title='bbox 2997 5275 3071 5330; x_wconf 83' lang='lat' dir='ltr'><strong>De</strong></span> <span class='ocrx_word' id='word_1_849' title='bbox 3099 5275 3409 5346; x_wconf 77' lang='lat' dir='ltr'><strong>Oxyryncho</strong></span> <span class='ocrx_word' id='word_1_850' title='bbox 3424 5276 3725 5345; x_wconf 76' lang='lat' dir='ltr'><strong>Stephanus</strong></span> <span class='ocrx_word' id='word_1_851' title='bbox 3748 5275 3807 5348; x_wconf 77' lang='lat' dir='ltr'><strong>de</strong></span> 
     </span>
    </p>
   </div>
   <div class='ocr_carea' id='block_1_119' title="bbox 2228 5346 3808 5417">
    <p class='ocr_par' dir='ltr' id='par_1_119' title="bbox 2228 5346 3808 5417">
     <span class='ocr_line' id='line_1_119' title="bbox 2228 5346 3808 5417; baseline -0.004 -13"><span class='ocrx_word' id='word_1_852' title='bbox 2228 5346 2472 5413; x_wconf 73' lang='lat' dir='ltr'><strong>Urbibus,</strong></span> <span class='ocrx_word' id='word_1_853' title='bbox 2498 5348 2744 5415; x_wconf 79' lang='lat' dir='ltr'><strong>originem</strong></span> <span class='ocrx_word' id='word_1_854' title='bbox 2773 5346 3160 5417; x_wconf 78' lang='lat' dir='ltr'><strong>appellationis,</strong></span> <span class='ocrx_word' id='word_1_855' title='bbox 3184 5354 3231 5397; x_wconf 92' lang='lat' dir='ltr'><strong>et</strong></span> <span class='ocrx_word' id='word_1_856' title='bbox 3259 5358 3461 5416; x_wconf 80' lang='lat' dir='ltr'><strong>etymon</strong></span> <span class='ocrx_word' id='word_1_857' title='bbox 3490 5349 3627 5399; x_wconf 74' lang='lat' dir='ltr'><strong>cocis</strong></span> <span class='ocrx_word' id='word_1_858' title='bbox 3657 5346 3808 5399; x_wconf 85' lang='lat' dir='ltr'><strong>simul</strong></span> 
     </span>
    </p>
   </div>
   <div class='ocr_carea' id='block_1_120' title="bbox 2222 5418 3805 5492">
    <p class='ocr_par' dir='ltr' id='par_1_120' title="bbox 2222 5418 3805 5492">
     <span class='ocr_line' id='line_1_120' title="bbox 2222 5418 3805 5492; baseline -0.003 -19"><span class='ocrx_word' id='word_1_859' title='bbox 2222 5421 2489 5492; x_wconf 61' lang='lat' dir='ltr'><strong>insinuans</strong></span> <span class='ocrx_word' id='word_1_860' title='bbox 2509 5437 2530 5492; x_wconf 73' lang='lat'><strong>_:_</strong></span> <span class='ocrx_word' id='word_1_861' title='bbox 2562 5418 2883 5492; x_wconf 71' lang='grc' dir='ltr'><strong>Ὀξύρυγχος</strong></span> <span class='ocrx_word' id='word_1_862' title='bbox 2906 5457 2921 5483; x_wconf 88' lang='lat'><strong>,</strong></span> <span class='ocrx_word' id='word_1_863' title='bbox 2969 5419 3110 5492; x_wconf 59' lang='grc' dir='ltr'><strong>πόλις</strong></span> <span class='ocrx_word' id='word_1_864' title='bbox 3139 5420 3397 5492; x_wconf 60' lang='grc' dir='ltr'><strong>Δέξιύπτου</strong></span> <span class='ocrx_word' id='word_1_865' title='bbox 3417 5456 3459 5492; x_wconf 81' lang='lat'><strong>._</strong></span> <span class='ocrx_word' id='word_1_866' title='bbox 3488 5426 3696 5492; x_wconf 62' lang='grc' dir='ltr'><strong>τιμῶσα</strong></span> <span class='ocrx_word' id='word_1_867' title='bbox 3723 5423 3805 5471; x_wconf 73' lang='grc' dir='ltr'><strong>τὴι</strong></span> 
     </span>
    </p>
   </div>
   <div class='ocr_carea' id='block_1_121' title="bbox 2218 5487 3806 5563">
    <p class='ocr_par' dir='ltr' id='par_1_121' title="bbox 2218 5487 3806 5563">
     <span class='ocr_line' id='line_1_121' title="bbox 2218 5487 3806 5563; baseline -0.006 -17"><span class='ocrx_word' id='word_1_868' title='bbox 2218 5490 2486 5563; x_wconf 80' lang='grc' dir='ltr'><strong>ὁμώνυμον</strong></span> <span class='ocrx_word' id='word_1_869' title='bbox 2509 5487 3091 5563; x_wconf 23' lang='grc' dir='ltr'><strong>ἵχθυηξεμοιγνγηομιιε</strong></span> <span class='ocrx_word' id='word_1_870' title='bbox 3110 5530 3123 5553; x_wconf 86' lang='grc'><em>,</em></span> <span class='ocrx_word' id='word_1_871' title='bbox 3150 5487 3367 5563; x_wconf 63' lang='lat' dir='ltr'><strong>Egypti</strong></span> <span class='ocrx_word' id='word_1_872' title='bbox 3414 5488 3658 5563; x_wconf 45' lang='lat' dir='ltr'><strong>civitas;</strong></span> <span class='ocrx_word' id='word_1_873' title='bbox 3688 5503 3806 5563; x_wconf 51' lang='lat' dir='ltr'><strong>qua;</strong></span> 
     </span>
    </p>
   </div>
   <div class='ocr_carea' id='block_1_122' title="bbox 2221 5558 3802 5638">
    <p class='ocr_par' dir='ltr' id='par_1_122' title="bbox 2221 5558 3802 5638">
     <span class='ocr_line' id='line_1_122' title="bbox 2221 5558 3802 5638; baseline -0.006 -21"><span class='ocrx_word' id='word_1_874' title='bbox 2221 5558 2347 5638; x_wconf 80' lang='lat' dir='ltr'><strong>colit</strong></span> <span class='ocrx_word' id='word_1_875' title='bbox 2380 5558 2576 5629; x_wconf 69' lang='lat' dir='ltr'><strong>piscem</strong></span> <span class='ocrx_word' id='word_1_876' title='bbox 2624 5559 2725 5638; x_wconf 75' lang='lat' dir='ltr'><strong>sibi</strong></span> <span class='ocrx_word' id='word_1_877' title='bbox 2756 5560 3151 5638; x_wconf 71' lang='lat' dir='ltr'><strong>cognominem.</strong></span> <span class='ocrx_word' id='word_1_878' title='bbox 3189 5558 3552 5638; x_wconf 73' lang='lat' dir='ltr'><strong>ltdplerwque</strong></span> <span class='ocrx_word' id='word_1_879' title='bbox 3583 5558 3802 5638; x_wconf 63' lang='lat' dir='ltr'><strong>zEgupti</strong></span> 
     </span>
    </p>
   </div>
   <div class='ocr_carea' id='block_1_123' title="bbox 2219 5630 3784 5701">
    <p class='ocr_par' dir='ltr' id='par_1_123' title="bbox 2219 5630 3784 5701">
     <span class='ocr_line' id='line_1_123' title="bbox 2219 5630 3784 5701; baseline -0.004 -16"><span class='ocrx_word' id='word_1_880' title='bbox 2219 5632 2367 5687; x_wconf 80' lang='lat' dir='ltr'><strong>urbes</strong></span> <span class='ocrx_word' id='word_1_881' title='bbox 2402 5651 2432 5687; x_wconf 91' lang='lat' dir='ltr'><strong>a</strong></span> <span class='ocrx_word' id='word_1_882' title='bbox 2461 5632 2809 5701; x_wconf 78' lang='lat' dir='ltr'><strong>superstitioso</strong></span> <span class='ocrx_word' id='word_1_883' title='bbox 2860 5630 3159 5683; x_wconf 82' lang='lat' dir='ltr'><strong>animalium</strong></span> <span class='ocrx_word' id='word_1_884' title='bbox 3209 5631 3350 5683; x_wconf 85' lang='lat' dir='ltr'><strong>cultu</strong></span> <span class='ocrx_word' id='word_1_885' title='bbox 3381 5644 3564 5682; x_wconf 62' lang='grc' dir='ltr'><strong>»ωηιξη</strong></span> <span class='ocrx_word' id='word_1_886' title='bbox 3589 5632 3784 5681; x_wconf 76' lang='lat' dir='ltr'><strong>sortito:</strong></span> 
     </span>
    </p>
   </div>
   <div class='ocr_carea' id='block_1_124' title="bbox 3089 5703 3439 5755">
    <p class='ocr_par' dir='ltr' id='par_1_124' title="bbox 3089 5703 3439 5755">
     <span class='ocr_line' id='line_1_124' title="bbox 3089 5703 3439 5755; baseline -0.011 0"><span class='ocrx_word' id='word_1_887' title='bbox 3089 5703 3439 5755; x_wconf 69' lang='lat' dir='ltr'><strong>Roswcvnus.</strong></span> 
     </span>
    </p>
   </div>
   <div class='ocr_carea' id='block_1_125' title="bbox 2292 5770 3781 5841">
    <p class='ocr_par' dir='ltr' id='par_1_125' title="bbox 2292 5770 3781 5841">
     <span class='ocr_line' id='line_1_125' title="bbox 2292 5770 3781 5841; baseline -0.006 -11"><span class='ocrx_word' id='word_1_888' title='bbox 2292 5778 2304 5806; x_wconf 84' lang='grc'><strong>⁴</strong></span> <span class='ocrx_word' id='word_1_889' title='bbox 2341 5774 2627 5841; x_wconf 73' lang='lat' dir='ltr'><strong>Accepisse</strong></span> <span class='ocrx_word' id='word_1_890' title='bbox 2665 5778 2839 5827; x_wconf 81' lang='lat' dir='ltr'><strong>autem</strong></span> <span class='ocrx_word' id='word_1_891' title='bbox 2873 5785 2900 5827; x_wconf 81' lang='lat' dir='ltr'><strong>a</strong></span> <span class='ocrx_word' id='word_1_892' title='bbox 2934 5770 3123 5827; x_wconf 78' lang='lat' dir='ltr'><strong>Rufino</strong></span> <span class='ocrx_word' id='word_1_893' title='bbox 3144 5774 3500 5828; x_wconf 60' lang='lat' dir='ltr'><strong>Sozumeuuzn</strong></span> <span class='ocrx_word' id='word_1_894' title='bbox 3523 5814 3535 5834; x_wconf 84' lang='lat'><strong>,</strong></span> <span class='ocrx_word' id='word_1_895' title='bbox 3571 5777 3781 5825; x_wconf 72' lang='lat' dir='ltr'><strong>constat</strong></span> 
     </span>
    </p>
   </div>
  </div>
