2083 3174
153 161 205 190 409

759 153 921 183 HISTORIA
939 151 1187 182 MONACHORUH.

1744 162 1793 191 ΗΟ

152 217 294 247 duodecim
307 217 445 251 ecclesiae,
462 217 489 244 in
504 216 602 252 quibus
616 214 737 250 publicus
752 214 840 249 agitur
852 214 944 249 populi
959 214 985 245 Α
997 219 1074 249 sent,
1100 220 1129 243 et
1148 215 1271 244 viderent
1282 216 1315 244 ad
1326 216 1423 251 januas
1437 217 1496 253 ejus
1511 217 1630 245 latrones
1643 238 1650 251 ,
1665 217 1793 247 volebant

152 270 303 293 conventus
316 286 323 297 ,
339 263 463 298 exceptis
479 261 666 293 monasteriis,
680 261 707 287 in
722 260 819 295 quibus
832 267 880 295 per
892 260 948 287 sin-

152 311 214 346 gula
228 310 383 338 orationum
397 309 493 337 domus
515 311 588 335 sunt.
611 306 664 335 Sed
688 312 738 332 nec
762 310 847 340 portae
869 305 946 339 ipsze,

153 363 203 384 nec
217 360 307 382 turres
320 354 454 386 civitatis,
478 356 526 379 aut
549 351 621 379 ullus
633 349 743 378 omnino
754 349 869 384 angulus
888 349 948 383 ejus

152 400 347 429 monachorum
363 398 572 426 habitationibus
589 401 665 424 vacat
679 416 686 428 ,
702 395 803 430 quique
819 402 868 429 per
886 402 947 421 om-

152 455 212 475 nem
225 452 329 482 partem
344 445 475 478 civitatis,
493 444 538 471 die
548 451 580 471 ac
593 447 673 470 nocte
684 442 798 477 hymnos
809 448 840 469 ac
854 441 948 469 laudes

154 494 208 521 Deo
223 493 385 523 referentes,
399 492 493 519 urbem
511 495 603 523 tomm,
614 489 688 523 quasi
703 496 783 515 unam
800 488 846 516 Dei
861 488 947 515 eccle-

152 540 218 567 siarn
234 538 343 566 faciunt,
361 537 454 564 Nullus
475 536 546 563 enim
562 535 597 562 ibi
611 534 747 561 invenitur
771 538 816 559 aut
841 533 948 559 lucreti-

134 613 135 616 η
153 593 209 618 cus,
219 590 265 612 aut
278 592 408 620 paganus,
425 583 473 610 sed
485 590 579 609 omnes
592 582 664 608 cives
678 580 838 611 Christiani,
852 586 948 606 omnes

153 631 293 663 Catholici,
309 637 336 657 ut
350 630 416 657 nihil
437 629 547 656 omnino
562 627 682 659 dillcrat,
710 627 732 653 si
757 626 906 660 Episcopus
921 626 946 652 in

152 676 239 712 platea
255 675 417 706 orationem,
434 678 481 701 aut
497 674 522 700 in
538 673 654 701 ecclesia
668 672 757 699 iaciat.
774 672 825 706 Ipsi
841 678 946 706 quoque

152 722 323 756 magistratus
337 726 364 748 et
379 719 541 755 principales
556 718 672 745 civitatis
685 738 691 750 ,
714 722 741 744 et
765 717 859 750 reliqui
873 717 948 743 cives

152 768 272 795 studiose
288 775 336 801 per
350 767 470 802 singulas
482 771 574 800 portas
589 769 720 797 statuunt,
733 764 778 798 qui
792 764 947 795 observent,

153 817 180 840 ut
193 812 278 839 sicubi
294 812 449 846 apparuerit
461 811 620 846 peregrinus
631 815 677 836 aut
692 817 794 844 pauper
804 830 810 841 ,
823 809 946 836 certatim

153 858 184 885 ad
199 865 260 886 eutn
275 859 319 893 qui
345 856 574 892 prazoccupaverit
588 856 728 888 adductus,
752 862 812 889 qua:
828 859 890 882 sunt
902 862 948 881 ne-

152 907 270 935 cessaria
283 912 474 941 consequatur.

187 963 225 990 De
238 963 280 989 his
296 966 385 989 autem
404 962 450 996 qui
472 969 533 995 erga
550 968 609 993 nos,
623 962 657 988 ab
671 960 737 995 ipsis
753 959 858 993 populis
874 964 945 993 gesta

153 1015 223 1042 sunt,
239 1009 392 1037 videntibus
406 1009 522 1035 transire
544 1015 592 1034 nos
608 1015 655 1041 per
665 1007 802 1034 civitatem
818 1013 904 1038 suam,
921 1010 945 1032 et

153 1055 221 1082 velut
242 1054 353 1090 Angelis
365 1054 578 1086 occurrentibus,
592 1058 671 1087 atque
683 1053 811 1079 honorem
825 1052 948 1079 deferen-

154 1102 224 1129 tibus
235 1123 241 1132 ,
256 1100 391 1136 quomodo
403 1107 527 1128 enarrem
538 1100 550 1125 ?
563 1101 615 1126 Aut
631 1099 664 1126 de
686 1099 751 1130 ipsis
766 1098 906 1125 monachis
922 1102 948 1124 et

154 1148 316 1182 virginibus,
337 1154 452 1181 quorum
468 1146 617 1172 innumera:
633 1145 818 1172 mu'titudines
839 1144 847 1179 (
863 1148 890 1170 ut
901 1151 946 1170 su-

155 1201 201 1227 pra
222 1192 365 1226 diximus)
392 1192 418 1218 in
442 1190 487 1218 illa
509 1191 576 1217 urbe
594 1190 745 1217 habentur?
771 1189 948 1223 licqnirentes

153 1239 223 1267 enim
235 1247 250 1266 a
265 1243 360 1266 sancto
370 1238 502 1272 Episcopo
514 1237 565 1264 loci
580 1236 761 1270 illius,viginti
774 1235 855 1262 millia
869 1235 950 1269 virgi-

154 1292 227 1317 num,
244 1287 273 1311 et
288 1282 380 1310 decem
398 1281 478 1308 millia
490 1281 682 1308 monachorum
695 1280 757 1307 inibi
774 1280 864 1306 haberi
877 1287 949 1306 com-

155 1331 282 1365 perimus.
299 1329 418 1362 Quorum
433 1328 551 1355 omnium
568 1327 692 1354 allectum
709 1334 770 1361 erga
794 1333 842 1352 nos
857 1330 885 1352 et
900 1326 949 1351 ho-

157 1385 260 1409 norent,
275 1384 355 1411 quem
367 1375 540 1407 exhibebant,
552 1374 628 1401 vobis
642 1380 788 1407 exponere,
802 1379 850 1399 nec
862 1379 949 1398 sermo

155 1422 270 1456 sufﬁcit,
287 1429 337 1449 nec
351 1420 513 1448 verecundia
529 1419 676 1454 permittit,
692 1417 828 1453 quomodo
843 1417 949 1451 palliola

157 1473 246 1496 nostra
262 1467 461 1500 sciuderentur,
477 1473 638 1501 unoquoque
654 1473 702 1492 nos
717 1464 767 1491 sibi
780 1464 909 1498 rapiente,
924 1468 951 1490 et

155 1516 188 1544 ad
203 1523 232 1543 se
248 1515 382 1542 adducere
397 1514 531 1549 cupiente.

192 1561 271 1598 15,3
282 1561 404 1588 Vidimus
419 1567 524 1595 quoque
540 1559 573 1587 ibi
589 1558 718 1593 plurimos
733 1561 887 1584 sanctorum
904 1564 949 1591 pa-

153 1613 225 1637 trum
250 1608 373 1636 diversas
388 1607 435 1634 Dei
460 1607 560 1642 gratias
577 1606 706 1632 habentes
717 1625 723 1636 ,
741 1605 808 1631 alios
825 1604 849 1630 in
866 1604 948 1630 verbo

154 1656 213 1689 Dei,
229 1656 298 1682 alios
310 1655 337 1682 in
352 1654 511 1682 abstinentia
523 1675 529 1686 ,
545 1653 610 1680 alios
632 1652 658 1678 in
672 1652 754 1686 signis
766 1655 793 1678 et
806 1651 949 1678 virtutibus

154 1702 351 1729 ministrantes.

453 1746 567 1774 CAPUT
594 1745 637 1772 Vl.

448 1810 480 1829 DZ
504 1806 517 1820 ⁸
538 1809 656 1828 τιιιζομε.

189 1859 312 1887 Vidimus
325 1863 353 1886 et
370 1858 452 1885 altum
475 1859 484 1892 (
498 1856 617 1889 Pallad.,
634 1855 747 1891 cap.50.
761 1855 771 1890 )
793 1863 846 1882 tton
872 1854 951 1889 longe

154 1906 188 1933 ab
203 1906 270 1933 urbe
283 1904 317 1932 ad
331 1912 390 1932 eam
407 1907 521 1939 partem,
539 1911 599 1937 qua:
615 1902 695 1930 mittit
708 1902 740 1928 ad
753 1908 886 1933 eremum.
903 1908 951 1927 no-

155 1951 225 1979 mine
234 1951 386 1983 Tliennem,
396 1950 482 1977 virum
501 1954 635 1980 sanctum,
651 1949 721 1975 intra
735 1947 860 1975 cellulam
875 1954 949 1974 suam

155 1997 275 2024 clauSum
296 1996 446 2024 solitarium
457 2016 465 2028 ,
480 1996 525 2031 qtti
542 1995 733 2030 perhibebatur
749 1995 856 2029 triginta
872 1995 951 2021 annis

155 2042 254 2070 silentii
279 2042 406 2070 habuisse
430 2041 624 2069 continentiam
642 2050 648 2067 :
665 2041 763 2075 quique
778 2045 831 2067 tam
854 2039 952 2066 multas

155 2089 269 2116 virtutes
285 2088 400 2116 iaciebat
411 2108 419 2121 ,
440 2092 469 2114 ttt
483 2087 615 2121 Propheta
632 2085 701 2120 apud
718 2085 778 2113 illos
793 2084 950 2112 haberetur.

156 2134 337 2162 Conveniebat
352 2141 467 2168 namque
488 2132 521 2160 ad
537 2140 598 2159 eum
612 2139 660 2167 per
670 2131 729 2159 dies
744 2131 864 2166 singulos
879 2130 952 2158 inﬁr-

156 2188 260 2209 tuorttm
273 2181 386 2214 plurima
397 2179 552 2213 multitudo,
565 2178 598 2205 ad
610 2185 677 2213 quos
691 2177 737 2205 ille
749 2185 796 2212 per
807 2177 951 2207 fenestram

156 2234 264 2255 manum
280 2226 419 2260 proferens
430 2247 437 2258 ,
456 2230 483 2252 et
497 2224 705 2259 uniuscujusque
721 2222 803 2257 capiti
821 2229 952 2257 superpo-

999 267 1047 288 eos
1067 260 1120 295 igni
1136 261 1253 289 tradere.
1269 261 1303 289 At
1317 262 1362 289 ille
1385 270 1475 291 rerqu
1496 262 1657 291 necessitate
1671 264 1794 300 compul-

1000 312 1057 339 sus,
1067 314 1149 334 unum
1163 307 1202 335 eis
1213 308 1299 335 solum
1314 308 1420 337 locutus
1433 313 1475 337 est
1488 309 1601 337 verbum
1616 319 1623 337 :
1638 309 1735 345 Sinite,
1753 311 1793 338 in-

998 352 1074 386 quit,
1090 360 1138 380 eos
1153 354 1252 382 lllzesos
1264 355 1357 388 abire,
1384 355 1502 391 alioquin
1518 356 1603 391 gratia
1618 364 1634 384 a
1649 364 1693 384 me
1711 356 1793 392 fugiet

999 399 1153 427 sanitatum.
1170 400 1263 434 Populi
1277 408 1351 435 vero,
1369 406 1396 429 ut
1409 402 1552 430 audieruttt
1563 401 1637 436 hate,
1653 401 1793 430 contradi-

999 452 1062 473 cere
1078 453 1130 473 non
1145 446 1285 480 audentes,
1296 447 1455 476 dimiserunt
1468 456 1525 476 eos.
1538 448 1666 476 Latrones
1676 455 1742 477 vero
1754 447 1793 476 vis

999 490 1094 518 dentes
1107 491 1178 526 quod
1203 499 1294 520 secum
1309 497 1349 520 est
1361 498 1476 528 gestum,
1489 493 1591 528 abjecta
1603 493 1734 522 scelerum
1745 500 1794 521 vo-

999 536 1112 570 luntate,
1128 540 1156 564 et
1170 538 1366 572 praeteritorum
1381 539 1525 566 multorum
1543 538 1733 573 paenitudinem
1744 547 1793 575 ge-

999 586 1106 616 rentes,
1120 582 1153 609 ad
1168 584 1329 611 monasteria
1350 583 1437 611 vicina
1461 582 1633 620 conlu‘giunt,
1649 590 1731 620 atque
1754 585 1791 614 ibi

998 629 1190 657 emendatioris
1205 630 1266 658 vita:
1281 630 1394 658 formam
1406 631 1568 666 modumque
1583 632 1740 667 suscipiunt.

1035 676 1098 703 Erat
1122 680 1213 703 autem
1237 676 1406 711 supradictus
1431 676 1471 704 vir
1492 677 1613 704 eruditus
1628 685 1680 705 non
1705 677 1792 705 solum

999 721 1186 757 Egypliorum
1199 726 1227 749 et
1241 721 1395 750 Graecorum
1410 721 1498 756 lingua
1508 742 1516 755 ,
1530 721 1577 749 sed
1591 721 1671 750 etiam
1683 721 1793 750 [ιειίηο-

999 775 1069 799 rum,
1087 772 1118 795 ut
1132 771 1160 795 et
1170 767 1205 794 ab
1217 774 1249 795 eo
1264 768 1334 802 ipso,
1349 767 1422 794 etab
1438 767 1479 795 his
1494 767 1539 803 qui
1551 767 1576 796 ei
1588 768 1710 802 aderant,
1725 768 1794 796 didi-

999 814 1095 841 cimus.
1112 812 1166 840 Sed
1181 818 1209 840 et
1230 813 1287 847 ipse
1312 812 1434 841 revelare
1456 813 1586 848 cupiens,
1612 818 1641 841 et
1660 814 1793 842 consolari

1000 859 1223 894 peregrinationis
1238 864 1338 887 nostra;
1362 859 1481 886 laborem
1493 879 1501 892 ,
1516 859 1542 887 in
1563 859 1661 887 tabella
1674 859 1794 888 scribens

963 898 1032 934 Bad
1060 905 1139 942 144
1154 913 1202 933 nos
1226 906 1340 941 gratiam
1369 906 1572 941 doctrinamque
1595 906 1637 933 sui
1661 907 1805 943 sermonis

1000 952 1129 979 ostendit.
1144 951 1209 979 Erat
1228 955 1317 979 autem
1332 951 1390 986 ejus
1411 951 1485 979 cibus
1499 952 1600 986 absque
1616 952 1686 987 ignis
1699 959 1793 987 opere.

999 997 1130 1025 Dicebant
1144 1001 1235 1024 autem
1247 1018 1255 1031 ,
1271 997 1341 1032 quod
1362 1002 1389 1024 et
1409 997 1533 1024 noctibus
1547 997 1580 1024 ad
1598 1005 1721 1025 eremum
1735 1005 1795 1033 pro-

998 1043 1134 1079 grediens,
1144 1044 1274 1071 comitatu
1285 1047 1406 1071 uteretur
1416 1043 1530 1079 plurimo
1541 1044 1625 1072 eremi
1635 1044 1794 1072 bestiarum.

1000 1089 1008 1116 Ι
1013 1097 1061 1123 pse
1075 1096 1140 1117 vero
1155 1089 1284 1117 hauriens
1298 1097 1394 1124 aquam
1408 1089 1442 1117 de
1453 1093 1534 1125 puteo
1549 1097 1599 1117 suo
1608 1110 1617 1123 ,
1630 1094 1658 1118 et
1672 1090 1795 1125 praebens

999 1134 1040 1162 eis
1063 1135 1157 1169 pocula
1171 1155 1178 1169 ,
1195 1134 1316 1169 obsequii
1341 1142 1433 1163 earnm
1459 1135 1648 1164 retnunerabat
1661 1136 1792 1164 laborem.

1000 1179 1086 1215 Hujus
1100 1185 1189 1207 autem
1203 1179 1243 1207 rei
1258 1179 1428 1207 manifestum
1442 1180 1557 1208 dabatur
1571 1181 1709 1215 indicium,
1720 1182 1792 1217 quod

999 1226 1110 1261 vestigia
1123 1226 1293 1259 bnbalorum,
1300 1234 1495 1263 caprarumque
1506 1233 1533 1256 et
1543 1236 1715 1264 onagrorutn,
1722 1230 1795 1259 circa

1000 1271 1059 1307 ejus
1072 1271 1196 1300 cellulam
1213 1272 1325 1305 plurima
1341 1272 1620 1308 deprehendebantur.

1300 1330 1414 1360 CAPUT
1440 1331 1496 1360 VII.

1280 1397 1313 1416 DE
1327 1391 1341 1408 δ
1358 1396 1511 1417 Ανοιιοκιο.

1038 1445 1159 1473 Vidimus
1173 1449 1201 1473 et
1215 1445 1297 1473 alium
1308 1449 1430 1473 sanctum
1446 1445 1531 1472 virum
1556 1447 1665 1473 nomine
1688 1444 1796 1481 Apollo~

1003 1492 1075 1519 nium
1100 1491 1253 1526 (Pallad.,
1278 1499 1335 1527 cap.
1362 1491 1408 1518 52.
1433 1492 1527 1519 dicitur
1547 1492 1699 1528 Apollo).
1726 1493 1796 1528 apud

1004 1537 1168 1565 Thebaidam
1179 1558 1186 1570 ,
1211 1538 1238 1565 in
1264 1537 1362 1565 ﬁnibus
1376 1536 1561 1572 llermopolis,
1577 1537 1609 1565 ad
1624 1545 1703 1573 quam
1725 1539 1794 1566 civi-

965 1587 987 1618 C
1003 1587 1085 1610 tatem
1097 1582 1282 1616 Salvatorem,
1297 1590 1359 1610 cum
1385 1582 1467 1610 Maria
1484 1588 1512 1611 et
1532 1583 1630 1618 Ioseph
1653 1583 1687 1610 dc
1701 1583 1794 1612 Iudete

1001 1630 1099 1658 ﬁnibus
1126 1629 1252 1663 venisse,
1282 1630 1411 1662 tradunt.
1436 1630 1582 1657 secundum
1619 1630 1793 1665 Prophetiam

1001 1675 1087 1703 Esaia:
1098 1697 1106 1709 ,
1122 1674 1235 1702 dicentis
1253 1683 1259 1701 :
1277 1673 1342 1702 Ecce
1360 1674 1486 1701 Dominus
1511 1675 1580 1701 sedet
1599 1682 1676 1708 super
1702 1675 1796 1702 nubem

1001 1722 1096 1755 levem,
1115 1726 1139 1748 et
1157 1721 1238 1748 veniet
1251 1721 1278 1747 in
1292 1719 1450 1757 Egyptum,
1463 1724 1486 1748 et
1502 1720 1725 1747 commovebuntur
1738 1728 1796 1748 ma.

1001 1770 1107 1802 uufacta
1120 1766 1306 1802 {Egyptiorum
1316 1774 1332 1792 ιι
1344 1766 1410 1802 facie
1426 1767 1482 1802 ejus
1492 1786 1499 1798 ,
1515 1770 1539 1793 et
1554 1767 1645 1794 cadent
1661 1766 1688 1793 in
1701 1770 1796 1793 terram

1002 1813 1167 1849 (Esai.l9.).
1177 1813 1299 1840 Vidimus
1309 1820 1373 1848 ergo
1385 1812 1419 1840 ibi
1430 1812 1511 1840 etiam
1523 1817 1549 1840 et
1560 1812 1688 1848 templum
1700 1812 1797 1847 ipsum,

1002 1861 1028 1888 in
1043 1860 1114 1896 quod
1139 1861 1262 1895 ingresso
1290 1859 1445 1892 Salvatore,
1472 1858 1608 1886 corruisse
1621 1859 1712 1886 omnia
1727 1858 1798 1886 idola

1003 1907 1029 1934 in
1045 1911 1143 1933 terram
1155 1926 1162 1939 ,
1175 1910 1202 1933 et
1214 1905 1383 1933 comminuta
1398 1911 1474 1938 esse,
1491 1904 1687 1933 memorabant.

1040 1953 1160 1980 Vidimus
1180 1959 1245 1987 ergo
1267 1951 1449 1987 supradictum
1471 1951 1580 1985 virum,
1604 1956 1631 1979 et
1659 1951 1686 1978 in
1712 1951 1799 1979 vicina

1003 2007 1095 2027 eremo
1121 1998 1172 2026 sub
1194 2003 1287 2025 monte
1312 1997 1429 2032 quodam
1452 1997 1594 2025 trahentem
1614 1997 1798 2025 monasteria:

1003 2050 1061 2072 erat
1074 2044 1145 2071 enim
1161 2048 1237 2077 pater
1249 2043 1442 2070 monachorum
1456 2042 1568 2070 circiter
1581 2041 1799 2076 quingentorum,

1003 2094 1030 2116 et
1042 2088 1238 2116 famosissimas
1262 2088 1288 2115 in
1300 2087 1425 2114 omnibus
1440 2087 1584 2115 Thebaida;
1604 2086 1701 2114 ﬁnibus
1718 2086 1799 2115 habes

1004 2135 1093 2162 batur.
1107 2134 1194 2168 Opera
1210 2134 1281 2161 enim
1297 2140 1392 2168 magna
1407 2137 1486 2160 erant
1507 2133 1551 2165 ei',
1565 2137 1591 2160 et
1604 2133 1716 2160 virtutes
1731 2132 1800 2160 mul-

1004 2186 1044 2208 tas
1064 2181 1193 2216 signaque
1219 2179 1331 2213 plurima
1356 2183 1383 2206 et
1406 2178 1526 2213 prodigia
1539 2178 1653 2206 faciebat
1678 2177 1800 2212 per‘eum

1006 2225 1087 2253 Deus.
1104 2225 1126 2251 A
1139 2224 1254 2259 pueritia
1268 2231 1384 2258 namque
1398 2223 1424 2250 in
1439 2223 1600 2250 abstinentia
1614 2223 1742 2252 nutritus.
1756 2224 1800 2251 ubi

157 2281 239 2305 nen5.
255 2280 288 2301 ac
309 2272 474 2300 benedicens
490 2278 538 2299 eos
564 2277 646 2297 ειίιηο5
658 2269 692 2296 ab
707 2268 780 2295 omni
796 2268 951 2302 egritudine
968 2274 992 2304 D
1004 2271 1037 2300 ad
1056 2275 1187 2299 maturam
1211 2270 1332 2304 pervenit
1355 2273 1476 2302 aetatem,
1512 2269 1597 2304 gratia
1624 2269 1670 2297 Dei
1695 2277 1801 2306 semper

157 2318 321 2347 remittebat.
339 2318 386 2345 Hic
401 2318 481 2345 etiam
497 2318 555 2352 ipso
567 2316 624 2343 visu
636 2320 689 2342 tam
705 2313 871 2342 honorabilis
883 2318 952 2347 erat,

158 2369 315 2399 tantumque
330 2363 491 2391 reverentia!
503 2363 614 2399 gerebat
628 2362 655 2389 in
671 2361 760 2393 vultu,
778 2364 805 2387 ut
819 2360 888 2387 inter
904 2359 954 2387 ho-

160 2411 244 2439 mines
262 2410 382 2446 Angelus
401 2409 559 2438 videretur:
574 2410 609 2436 ita
621 2408 699 2436 laetus
710 2407 806 2440 oculis,
821 2411 848 2434 et
862 2406 955 2441 plenus

158 2458 242 2485 totius
255 2457 350 2493 gratite
364 2457 519 2491 apparebat.

194 2503 263 2531 Huic
275 2510 336 2530 cum
352 2510 464 2538 parvum
485 2506 548 2529 ante
563 2505 670 2536 tempus
683 2520 690 2532 .
711 2505 739 2527 ut
764 2498 955 2533 comperimus.

161 2554 240 2577 noctu
257 2549 377 2576 latrones
391 2548 630 2582 supervenissent,
653 2553 749 2574 aurum
764 2552 794 2573 se
814 2544 883 2579 apud
896 2552 958 2571 eum

160 2592 318 2621 inventuros
344 2593 504 2626 credentes,
519 2593 643 2620 oratione
656 2592 712 2619 sola
738 2591 773 2617 ita
787 2597 834 2618 eos
855 2589 958 2622 vinxit,

162 2646 189 2668 ut
201 2639 306 2667 foribus
321 2640 380 2674 ejus
390 2639 476 2672 afﬁxi,
491 2646 600 2666 movere
610 2645 640 2666 se
648 2638 758 2665 omnino
773 2644 825 2664 non
840 2641 959 2671 possent.

163 2686 238 2714 Mane
250 2694 315 2714 vero
329 2693 392 2714 cum
407 2685 441 2712 ad
453 2692 515 2712 eum
528 2684 613 2712 turbat
634 2691 709 2712 more
724 2683 804 2711 solito
817 2681 961 2710 convenis-

201 2769 213 2782 ἰ
225 2764 345 2792 Theano.

167 2799 224 2826 dor.
241 2800 286 2827 lib.
306 2795 392 2826 VIII.
408 2807 431 2825 c.
449 2800 475 2826 Ι.
489 2798 600 2827 Nieenh.
617 2795 664 2825 liE.
680 2797 734 2825 XI.
751 2806 774 2824 c.
791 2797 834 2824 56.

202 2834 216 2853 δ
228 2835 382 2870 Apollonio.
396 2833 406 2869 ⁷]
433 2834 521 2870 Hujus

381 2762 419 2790 De
433 2764 480 2791 hoc
495 2764 651 2791 Sozomemts
665 2762 692 2790 l.-
703 2762 753 2789 VI.
766 2770 789 2789 ε.
800 2762 846 2789 28.
859 2761 962 2789 Cassio-

567 2833 630 2859 itam
652 2839 771 2861 accurate
790 2833 891 2865 scripsit
918 2831 963 2858 Τί-

169 2868 283 2897 met/rtus
300 2870 490 2897 Alexandrinus
505 2868 647 2903 Epistmpus
657 2889 664 2900 ,
681 2874 708 2895 ut
723 2874 830 2896 testatur
841 2868 962 2903 Sozam:-

170 2913 217 2933 nus
239 2905 286 2933 tib.
309 2904 357 2933 VI.
380 2912 437 2940 cap.
454 2904 498 2932 9.9.
526 2901 687 2938 Niccpltorus
704 2905 748 2932 lib.
774 2903 822 2930 VI.
845 2912 902 2937 mp.
918 2901 963 2929 55.

1008 2325 1069 2345 cum
1082 2318 1139 2351 ipso
1152 2316 1246 2344 erevit.
1263 2316 1326 2343 Erat
1341 2315 1413 2343 enim
1436 2323 1566 2343 annorum
1579 2315 1635 2343 fere
1657 2316 1792 2350 octoginta

1008 2371 1070 2391 cum
1084 2370 1145 2391 cum
1169 2362 1332 2390 vidissemus
1357 2362 1383 2389 in
1409 2362 1633 2389 monasteriorum
1655 2369 1803 2398 congrega-

1010 2410 1083 2437 tione
1103 2408 1244 2436 ﬁorcntem
1266 2417 1273 2434 :
1295 2407 1343 2435 sed
1368 2413 1395 2435 et
1422 2407 1472 2442 ipsi
1493 2408 1539 2442 qui
1563 2407 1722 2436 videbantur
1746 2409 1804 2444 ejus

1009 2462 1071 2483 esse
1086 2454 1227 2489 discipuli,
1254 2453 1290 2481 ita
1314 2452 1425 2488 perfecti
1444 2457 1538 2487 erant,
1563 2457 1591 2480 et
1613 2453 1765 2489 magniﬁci,
1779 2458 1806 2482 nt

1010 2509 1106 2530 omnes
1127 2509 1203 2536 pene
1227 2506 1338 2536 possent
1361 2501 1436 2536 signa
1459 2501 1556 2530 facere.
1572 2501 1730 2539 Quindecim
1742 2509 1806 2537 ergo

1011 2557 1143 2577 armorum
1159 2548 1304 2576 secessisse
1316 2555 1377 2577 eum
1391 2548 1424 2575 ad
1435 2555 1568 2581 eremum,
1580 2546 1712 2581 ferebant,
1727 2552 1807 2583 atque

1013 2595 1048 2622 ibi
1065 2602 1125 2622 cum
1140 2594 1314 2629 quadraginta
1334 2593 1411 2621 annis
1426 2593 1521 2621 fuisset
1534 2593 1561 2621 in
1574 2593 1711 2621 exercitiis
1725 2594 1805 2627 spiri-

1013 2640 1129 2667 tualibus
1145 2643 1331 2671 cunvcrsatus,
1346 2638 1454 2666 aiebant
1468 2645 1562 2666 vocem
1574 2638 1619 2665 Dei
1635 2637 1668 2664 ad
1683 2637 1808 2677 eum'de-

1015 2686 1096 2714 latam
1108 2686 1208 2713 dixisse
1225 2694 1231 2711 :
1249 2684 1390 2720 Apolloni,
1405 2691 1454 2720 per
1471 2689 1497 2712 te
1516 2683 1626 2719 perdam
1646 2681 1808 2716 sapientiam

1020 2763 1086 2791 Fors
1101 2763 1189 2790 eadem
1202 2770 1260 2789 cum
1275 2762 1333 2789 hac.
1356 2760 1418 2787 Vide
1435 2759 1637 2796 Pralegomenou
1649 2756 1678 2796 ιτ
1694 2756 1720 2791 §.
1736 2757 1763 2784 Ι.
1778 2758 1810 2786 1η

1018 2799 1160 2827 Sozomeno
1171 2798 1258 2825 (ἐι-ατε
1273 2802 1308 2824 est
1322 2796 1445 2824 Ἀπολλώς
1458 2815 1465 2827 ,
1481 2791 1549 2828 quod
1564 2793 1609 2819 alii
1622 2791 1712 2828 Latine
1728 2798 1809 2828 uerte-

1020 2826 1088 2866 rent,
1110 2833 1230 2867 Apollos.
1260 2832 1330 2858 Nam
1342 2831 1376 2867 de
1390 2830 1460 2862 alio,
1476 2826 1520 2863 qui
1543 2826 1700 2863 Apollonius
1724 2827 1811 2855 dictus

1020 2871 1077 2905 fuit,
1093 2865 1185 2897 ibidem
1200 2867 1322 2902 sequitur.
1341 2865 1515 2893 Roswsruus.
