4166 6348
600 291 701 350 ιη

1600 285 1831 344 RUFINI
1871 238 2346 345 AOUlltlSlENSIS
2386 281 2817 342 PRESBYTERI

3770 299 3873 354 412

599 406 927 479 sapientium
954 407 1006 461 in
1028 404 1283 477 Egypto,
1306 412 1360 461 et
1381 403 1710 460 intellectum
1733 401 2074 471 prudentium
2100 416 2185 455 re-
2212 402 2265 461 Α
2289 414 2419 456 nere
2439 403 2796 457 constantiam
2818 444 2834 468 ,
2864 410 3027 473 atque
3053 404 3388 462 imminentia
3430 416 3783 465 contemnere
3814 424 3875 465 ac

600 499 858 572 probabo.
892 498 1047 571 145
1071 499 1268 554 Perdes
1296 506 1472 552 autem
1518 494 1647 549 mihi
1694 503 1750 547 et
1787 508 1881 550 eos
1912 493 2000 561 qui
2047 493 2185 547 inter

603 594 750 664 ipsos
772 601 896 647 sunt
931 592 1202 661 sapientes
1234 589 1549 660 Babylonis,
1580 596 1635 641 et
1664 601 1877 641 omnem
1919 586 2181 640 culturam

603 685 906 739 daemonum
937 683 1181 739 subrues.
1213 682 1407 751 Perges
1435 694 1564 749 ergo
1596 693 1737 733 nunc
1763 678 1829 731 ad
1879 678 1994 732 loca
2036 675 2182 730 habi-

602 776 788 831 tahilia
823 794 834 828 :
866 773 1145 845 generabis
1190 773 1330 827 enim
1376 772 1503 825 mihi
1557 770 1812 841 pupulum
1855 767 2185 822 substantia-

601 866 729 931 lem,
755 872 809 921 et
838 864 1131 935 perfectum
1156 862 1519 917 aemulatorem
1553 862 1773 931 operum
1800 859 2083 914 bonorum.
2117 861 2185 911 At

602 959 691 1013 ille
730 957 1058 1027 respondens
1101 956 1175 1009 ait
1203 974 1214 1007 :
1246 954 1411 1010 Aufer
1437 968 1466 1008 a
1496 968 1581 1008 me
1602 996 1615 1018 ,
1649 953 1870 1008 Domine
1897 994 1911 1019 ,
1970 952 2183 1021 jactan-

601 1048 728 1103 tiam
748 1089 763 1115 ,
793 1062 859 1103 ne
906 1047 1043 1101 forte
1072 1046 1243 1101 elatus
1274 1060 1431 1115 super
1457 1044 1651 1101 fratres
1684 1060 1833 1100 meos
1856 1087 1871 1113 ,
1903 1046 2090 1101 cadam
2120 1045 2185 1099 ab

602 1140 848 1195 omnibus
879 1138 1032 1193 bonis
1054 1139 1182 1194 tuis.
1212 1138 1508 1208 Respondit
1544 1138 1610 1192 ad
1641 1154 1761 1192 eum
1793 1154 1977 1193 rursus
2005 1138 2184 1192 divina

598 1245 700 1286 vox
735 1248 748 1283 :
780 1229 926 1284 Mitte
954 1246 1167 1284 manum
1220 1240 1361 1285 tuam
1393 1230 1459 1284 ad
1490 1232 1727 1285 cervices
1758 1241 1872 1285 tuas
1900 1271 1916 1297 ,
1962 1240 2016 1286 et
2042 1232 2183 1300 quod

596 1319 1076 1389 comprehenderis
1102 1323 1438 1392 constringe,
1471 1331 1523 1375 et
1547 1321 1645 1376 sub
1688 1337 1849 1376 arena
1894 1323 2085 1376 obrue.
2118 1323 2185 1377 At

595 1413 686 1469 ille
713 1414 829 1467 sine
860 1429 1005 1469 mora
1036 1413 1228 1482 injecta
1254 1430 1412 1468 mam:
1446 1414 1510 1468 ad
1552 1414 1787 1468 cervices
1811 1430 1954 1479 suas,
1987 1429 2182 1483 apprc-

597 1505 785 1562 hendit
814 1506 966 1576 quasi
1008 1507 1284 1577 parvulum
1310 1508 1592 1577 quemdam
1617 1507 1948 1577 Etltinpent,
1978 1516 2029 1560 et
2057 1524 2183 1561 con-

596 1594 748 1650 tinuo
776 1596 1067 1651 submersit
1094 1611 1214 1651 eum
1247 1597 1346 1651 sub
1387 1612 1550 1651 arena
1581 1598 1897 1650 clamantem
1924 1605 1976 1649 et
1999 1596 2183 1651 dicen-

595 1697 705 1743 tem
738 1706 751 1741 :
787 1689 895 1759 Ego
925 1705 1043 1743 sum
1087 1690 1353 1760 superbia:
1400 1693 1631 1744 dremou.
1665 1691 1789 1746 Post
1836 1691 1949 1745 hme
1983 1707 2083 1745 vox
2115 1692 2180 1746 ad

2290 493 2538 550 deridere
2560 496 2793 564 pericula
2822 514 2833 550 :
2859 497 3092 567 Tempus
3122 499 3400 568 enim,ait,
3419 501 3665 557 certandi
3697 502 3867 571 adest,

2288 583 2341 637 in
2368 598 2474 654 quo
2505 584 2737 639 ﬁdelium
2765 595 2974 642 mentes
3016 591 3398 646 tentationibus
3424 593 3716 661 probanda:
3748 605 3873 648 sunt

2290 682 2345 729 ct
2395 674 2701 733 noscendzn.
2750 676 2994 749 Cumque
3040 680 3123 735 his
3154 690 3208 736 et
3238 682 3357 736 aliis
3386 682 3565 737 verbis
3595 683 3817 738 roborar
3854 693 3872 737 t

2288 766 2497 821 animos
2522 766 2900 833 adolescentis,
2924 773 3233 840 supervenit
3256 774 3520 837 centurio,
3548 783 3601 829 et
3633 774 3873 844 indigna-

2291 864 2374 909 tus
2402 862 2514 923 est,
2548 872 2646 911 cur
2692 858 2913 915 introire
2957 875 3120 915 ausus
3149 862 3219 916 sit
3253 880 3266 915 ε
3302 864 3481 918 claves
3527 866 3871 920 extrinsecus

2287 946 2523 1001 carceris
2550 946 2827 1016 imposuit,
2862 950 3142 1022 ipsumque
3164 962 3219 1008 et
3244 968 3432 1008 omnes
3460 954 3764 1024 quicunque
3786 970 3871 1009 ve-

2289 1044 2481 1090 nerant
2501 1038 2699 1105 pariter
2729 1039 3020 1109 conclusit,
3046 1057 3152 1111 quo
3183 1044 3387 1099 scilicet
3408 1044 3568 1100 etiam
3598 1044 3699 1114 ipsi
3724 1045 3872 1101 simi-

2286 1125 2410 1182 liter
2438 1127 2505 1181 ad
2535 1128 2736 1184 militia:
2779 1131 3152 1189 detinerentur
3194 1137 3428 1191 ofﬁcium
3462 1153 3476 1190 :
3504 1138 3870 1191 constituens-

2286 1234 2390 1289 que
2427 1222 2677 1278 custodes
2702 1225 3148 1294 quamplurimas,
3179 1227 3461 1283 abscessit.
3494 1228 3667 1284 Medio
3689 1237 3866 1284 autem

2256 1311 2459 1367 ‘uoctis
2487 1323 2662 1369 astare
2692 1316 2837 1370 visus
2865 1326 2947 1371 est
2978 1319 3211 1388 Angelus
3242 1320 3445 1389 ingenti
3476 1322 3596 1377 luce
3625 1321 3870 1390 resplen-

2286 1404 2443 1471 dens,
2469 1413 2522 1460 et
2542 1406 2927 1477 obstupefactis
2950 1411 3358 1482 perterritisque
3379 1413 3692 1468 custodibus
3708 1453 3724 1478 ,
3756 1428 3871 1468 car-

2286 1497 2423 1553 ceris
2443 1498 2675 1554 claustra
2706 1501 2979 1569 patefecit.
3012 1502 3162 1558 Tune
3210 1519 3339 1559 vero
3368 1505 3468 1574 ipsi
3498 1505 3753 1560 custodes
3775 1505 3869 1559 ad-

2288 1589 2457 1643 voluti
2507 1592 2731 1655 pedibus
2759 1602 3066 1649 sanctorum
3092 1637 3106 1662 ,
3162 1596 3424 1666 rogabant
3470 1611 3563 1651 eos
3587 1596 3869 1661 decedere,

2287 1681 2549 1749 dicentes,
2581 1685 2780 1738 melius
2803 1686 2905 1740 sibi
2930 1701 3051 1742 esse
3083 1688 3217 1741 mori
3244 1703 3338 1754 pro
3366 1688 3467 1756 eis,
3498 1702 3658 1757 quam
3681 1687 3873 1743 divinae

597 1795 720 1833 eum
752 1778 889 1834 facta
910 1789 994 1835 est
1015 1796 1043 1834 a
1075 1780 1183 1836 Deo
1204 1781 1424 1836 dicens:
1453 1782 1619 1851 Perge
1649 1796 1789 1836 nunc
1811 1784 2016 1835 :omnia
2038 1783 2181 1837 enim
2214 1771 2260 1831 Β
2288 1774 2471 1839 νὲτιυιί
2502 1777 2793 1843 ObSiSlel‘e,
2826 1795 2945 1847 quae
2991 1794 3178 1834 eorum
3223 1795 3406 1835 curam
3454 1780 3696 1849 gerebat.
3723 1780 3871 1835 Mane

598 1888 952 1943 quaecumque
975 1889 1005 1927 a
1035 1874 1145 1929 Deo
1178 1876 1505 1944 poposceris,
1554 1877 1916 1945 consequeris.
1943 1877 2033 1931 llle
2058 1892 2187 1946 ergo

596 1974 717 2034 ]t"sl
750 1964 864 2020 haec
893 1967 1131 2037 perrexit
1155 1966 1220 2021 ad
1249 1983 1308 2021 ea
1342 1968 1478 2031 loca,
1514 1969 1563 2022 in
1593 1969 1785 2038 quibus
1815 1970 2060 2025 homines
2091 1970 2187 2025 ha-

598 2057 859 2112 bitabant.
895 2058 1250 2130 Temporibus
1277 2070 1454 2115 autem
1486 2060 1682 2117 Juliaui
1713 2065 1921 2133 tyranni
1951 2063 2064 2119 haec
2094 2064 2187 2119 lie-

594 2151 739 2207 baut.

668 2246 792 2301 Fuit
816 2257 997 2304 autem
1041 2251 1092 2305 in
1128 2251 1259 2307 locis
1307 2252 1411 2307 illis
1444 2254 1701 2323 Spelunca
1727 2254 1969 2323 quaedam
1999 2270 2185 2311 eremo

591 2339 763 2394 vicina
792 2389 805 2407 ,
839 2342 891 2397 iu
924 2358 1025 2412 qua
1060 2343 1302 2399 habitare
1353 2347 1515 2415 erepit
1536 2388 1551 2414 ,
1606 2347 1972 2402 indesinenter
2004 2348 2094 2402 die
2122 2362 2183 2402 ac

593 2438 749 2483 nocte
800 2433 1130 2488 orationibus
1180 2449 1405 2501 vacans,
1435 2451 1635 2504 easque
1664 2444 1878 2491 centum
1934 2439 1952 2505 (
1986 2450 2039 2491 ut
2072 2439 2181 2492 aie-

593 2519 761 2590 bant)
805 2538 898 2589 per
929 2524 1091 2587 diem,
1125 2526 1453 2596 totidemque
1481 2528 1653 2581 noctis
1684 2536 1925 2596 tempore
1952 2543 2181 2584 curvans

593 2626 762 2682 genua
805 2615 1153 2684 eonsignabat
1181 2615 1309 2670 Deo.
1342 2618 1473 2671 Cibo
1519 2630 1696 2672 autem
1741 2621 1912 2687 magis
1942 2622 2177 2685 caelesti,

593 2720 752 2773 quam
793 2706 1027 2762 humano
1068 2709 1333 2763 utebatur.
1372 2710 1743 2765 lndumentum
1785 2714 1901 2781 ejus
1931 2724 2176 2780 stupeum

594 2796 882 2850 collobium
908 2808 1045 2867 erat,
1074 2800 1212 2867 quod
1245 2801 1385 2869 apud
1417 2802 1533 2856 ilius
1563 2811 1586 2838 ⁸
1624 2802 1828 2857 lebetes
1858 2805 2182 2872 appellatur,

592 2899 648 2943 et
677 2888 898 2944 linteum
923 2894 1063 2960 quod
1091 2894 1286 2947 collum
1314 2904 1368 2949 et
1393 2905 1551 2963 caput
1578 2896 1906 2951 obvolvcret.
1942 2899 2071 2962 Qum
2104 2908 2179 2952 ta-

593 2996 717 3034 men
750 2980 1057 3038 indumenta
1103 2985 1345 3040 ferebant
1377 2990 1737 3055 permansisse
1775 2990 1823 3043 ei
1869 2991 1918 3044 in
1962 2992 2176 3045 deserto

594 3085 884 3139 numquam
916 3084 1171 3128 veterata.
1212 3076 1339 3130 Erat
1379 3092 1506 3147 ergo
1550 3079 1601 3131 in
1632 3079 1806 3133 vicino
1836 3082 2002 3135 eremi
2033 3082 2171 3143 loco,

2294 1881 2423 1920 vero
2447 1866 2604 1921 etiam
2635 1869 2748 1937 ipse
2777 1870 3022 1924 centurio
3051 1885 3169 1925 eum
3197 1872 3578 1939 principalibus
3607 1871 3735 1927 viris
3765 1871 3869 1926 fes-

2292 1958 2433 2013 tinus
2465 1959 2529 2013 ad
2554 1975 2822 2016 carcerem
2855 1964 3033 2029 venit,
3086 1980 3280 2034 rogans
3306 1974 3363 2020 ut
3384 1965 3725 2021 discederent
3754 1981 3871 2020 om-

2292 2067 2389 2107 nes
2439 2052 2526 2123 qui
2581 2052 2748 2108 teucri
2783 2054 3124 2109 videbantur.
3178 2055 3397 2109 Dicebat
3442 2058 3604 2123 enim,
3657 2056 3871 2111 domum

2289 2160 2438 2201 suam
2481 2156 2789 2202 terrazmotu
2819 2164 3011 2219 magno
3034 2149 3356 2215 concidisse,
3389 2161 3444 2204 et
3476 2151 3675 2205 electos
3716 2167 3872 2222 quos-

2288 2254 2391 2310 que
2424 2240 2747 2296 famulorum
2796 2256 3016 2296 suorum
3061 2244 3373 2311 peremisse.
3406 2242 3589 2298 Sancti
3617 2259 3764 2311 vero,
3795 2243 3872 2297 his

2289 2331 2505 2395 auditis,
2540 2332 2795 2402 hymnum
2841 2334 2949 2387 Deo
2996 2333 3285 2405 laudesque
3318 2335 3661 2399 cecinerunt,
3705 2344 3759 2389 et
3787 2351 3871 2389 re-

2288 2425 2455 2493 gressi
2486 2427 2550 2477 ad
2580 2441 2819 2479 eremum
2843 2465 2859 2491 ,
2895 2435 3047 2481 erant
3090 2426 3143 2480 in
3175 2442 3339 2481 unum
3365 2428 3554 2497 positi,
3579 2428 3869 2483 secundum

2290 2515 2666 2577 Apostolorum
2713 2517 3016 2587 exemplum
3051 2517 3310 2574 habentes
3355 2516 3587 2574 animam
3629 2533 3787 2573 unam
3818 2528 3868 2573 et

2288 2625 2377 2661 cor
2402 2625 2559 2661 unum
2588 2610 2733 2677 (Art.
2767 2609 2819 2662 4.

2361 2705 2516 2759 Pater
2547 2716 2723 2759 autem
2753 2707 2929 2760 Senior
2953 2706 3181 2761 docebat
3211 2720 3334 2772 eos,
3379 2716 3435 2760 ut
3464 2706 3702 2775 quotidie
3752 2720 3871 2770 pro-

2288 2797 2505 2852 ficerent
2539 2799 2589 2852 in
2631 2799 2946 2866 virtutibus,
2989 2810 3043 2855 et
3085 2800 3304 2854 insidias
3327 2798 3522 2853 diaboli
3549 2839 3565 2865 ,
3616 2813 3748 2867 quas
3780 2814 3872 2867 per

2284 2888 2636 2953 Cogitationes
2670 2890 2893 2945 inferret
2924 2890 3258 2953 hominibus,
3293 2891 3344 2945 in
3379 2889 3543 2943 initiis
3574 2890 3752 2944 statim
3785 2904 3868 2943 re-

2287 2982 2590 3037 tunderent.
2636 2984 2725 3037 Sic
2771 2985 2921 3038 enim
2958 2985 3154 3049 aiebat,
3190 2983 3313 3055 [ΑΙ.
3350 2982 3711 3053 infringatur]
3743 2998 3872 3038 con-

2286 3073 2543 3145 fringatur
2574 3073 2727 3145 147
2754 3084 2910 3144 caput
2939 3076 3225 3145 serpentis,
3252 3084 3307 3130 et
3333 3090 3493 3129 omne
3529 3074 3647 3145 ejus
3673 3089 3868 3146 corpus

594 3163 651 3218 in
682 3165 876 3222 virtute
900 3168 1129 3236 Spiritus
1160 3170 1390 3239 degens,
1440 3173 1588 3241 signa
1633 3182 1687 3227 ει
1732 3177 1989 3230 sanitates
2014 3177 2179 3230 miras
2206 3154 2254 3217 C
2286 3177 2588 3221 emortuum
2618 3169 2892 3223 reddetur.
2925 3169 3006 3222 0b
3031 3169 3082 3223 id
3113 3171 3255 3224 enim
3290 3169 3509 3223 mandat
3543 3169 3699 3223 nobis
3735 3169 3871 3225 Deus

591 3256 847 3323 efﬁciens,
873 3276 1002 3327 quas
1030 3276 1282 3317 enarrare
1308 3278 1403 3331 pro
1448 3266 1529 3319 sui
1582 3263 1941 3320 immensitate
1999 3268 2179 3335 (sicut

590 3347 760 3402 abhis
787 3350 874 3418 qui
902 3368 1019 3404 cum
1062 3354 1174 3421 ipso
1204 3364 1377 3421 erant,
1426 3357 1730 3410 senioribus
1758 3360 2128 3426 comperimus
2160 3364 2175 3429 )

591 3453 696 3493 vox
726 3441 870 3494 nulla
896 3442 1146 3498 sufficiet.
1174 3446 1333 3499 Fama
1366 3460 1543 3503 autem
1571 3452 1850 3520 magniﬁca
1875 3453 1943 3507 de
1968 3470 2034 3508 eo
2060 3470 2180 3522 per-

589 3530 837 3600 vulgata,
863 3548 981 3586 cum
1016 3536 1065 3588 ia
1090 3536 1443 3594 admiratione
1470 3544 1706 3596 omnium
1740 3547 1893 3613 quasi
1919 3548 2177 3617 prepheta

590 3622 783 3692 aliquis
811 3634 904 3678 aut
947 3626 1236 3695 Apostolus
1279 3633 1461 3688 haberi
1491 3637 1740 3705 coepisset
1762 3680 1774 3701 ,
1806 3640 1998 3693 vicinis
2028 3656 2059 3695 e
2090 3657 2178 3695 re-

591 3716 841 3785 gionibus
873 3722 1118 3775 monachi
1148 3724 1373 3781 diversis
1420 3744 1485 3782 ex
1520 3730 1649 3784 locis
1680 3733 2071 3787 conveniebant
2113 3735 2176 3788 ad

591 3824 735 3871 eum,
768 3820 821 3864 et
844 3820 1092 3881 tanquam
1126 3817 1211 3885 pio
1239 3822 1371 3886 patri
1397 3837 1585 3891 magna
1617 3840 1837 3879 munera
1863 3867 1877 3890 ,
1912 3841 2039 3880 suas
2070 3830 2179 3881 sin-

593 3901 701 3970 guli
727 3903 921 3972 quique
949 3909 1155 3961 animas
1187 3912 1509 3967 ofl'erebant.
1535 3920 1603 3971 At
1632 3916 1721 3969 illc
1746 3934 2177 3993 unumquemque

593 4011 780 4050 eorum
812 4007 923 4053 tota
954 4002 1215 4071 religione
1245 4008 1570 4075 suscipiens,
1602 4010 1740 4062 alios
1769 4012 1833 4064 ad
1866 4011 2003 4065 bene
2051 4027 2178 4081 0pc-

595 4087 845 4153 randum,
864 4092 996 4145 alios
1015 4093 1081 4147 ad
1107 4093 1243 4150 bene
1268 4098 1669 4167 intelligendum
1697 4103 2054 4168 provocabat:
2084 4105 2176 4158 sed

598 4181 754 4254 146
768 4194 822 4240 et
844 4186 955 4255 ipse
980 4190 1125 4257 prius
1141 4205 1203 4243 ea
1220 4193 1536 4247 ostendebat
1559 4196 1840 4264 exemplis,
1860 4213 1979 4266 qua:
2004 4200 2179 4252 verbis

589 4274 785 4331 docere
812 4280 1080 4348 cupiebat.
1114 4282 1250 4338 Aliis
1279 4284 1491 4352 quidem
1518 4287 1707 4341 diebus
1742 4304 2179 4361 unumquemque

588 4370 730 4439 apud
753 4374 1100 4441 semetipsum
1116 4390 1368 4430 exercere
1390 4376 1791 4445 abstinentiam,
1813 4396 1969 4449 quam
1997 4393 2180 4451 posset

588 4460 830 4525 sinebat;
877 4462 965 4517 die
989 4479 1117 4518 vero
1140 4464 1438 4531 Dominica,
1471 4467 1638 4536 gratia
1668 4470 1907 4524 caritatis
1928 4512 1942 4535 ,
1993 4487 2174 4526 secum

2283 3257 2571 3313 observare
2594 3269 2754 3327 caput
2793 3262 3083 3329 serpentis,
3116 3271 3171 3315 ut
3213 3262 3435 3316 omnino
3464 3263 3646 3316 statim
3675 3261 3745 3316 ab
3774 3262 3871 3316 ini-

2286 3352 2358 3406 tio
2392 3367 2490 3406 nec
2520 3353 2844 3422 recipiamus
2886 3354 3052 3407 malas
3082 3362 3136 3407 et
3165 3355 3409 3409 sordidas
3437 3355 3786 3426 cogitationes
3819 3355 3868 3408 in

2283 3446 2443 3499 corde
2470 3454 2676 3499 nostro.
2710 3446 2921 3513 Quanto
2960 3462 3088 3517 ergo
3121 3447 3288 3517 magis
3330 3447 3551 3501 diffundi
3596 3463 3701 3502 non
3744 3463 3870 3503 con-

2286 3538 2429 3589 venit
2463 3538 2513 3590 in
2547 3538 2808 3592 sensibus
2857 3543 3055 3591 no~tris
3084 3539 3469 3610 cogitationum
3524 3538 3828 3607 phantasias
3853 3582 3866 3603 ,

2282 3644 2413 3696 quas
2458 3629 2618 3681 etiam
2653 3629 2807 3683 initio
2856 3631 3020 3698 recipi
3055 3630 3245 3684 vetat?
3274 3628 3378 3685 Sed
3424 3640 3477 3685 et
3515 3630 3645 3685 illud
3689 3645 3870 3685 mone-

2284 3725 2393 3787 bat,
2430 3734 2485 3776 ut
2518 3724 2570 3777 in
2605 3724 2890 3779 virtutibus
2939 3728 3075 3779 alter
3104 3726 3331 3781 alterum
3386 3725 3595 3789 vincat,
3632 3738 3733 3779 nee
3780 3737 3870 3793 pa-

2285 3818 2445 3871 tiatur
2474 3832 2533 3871 se
2566 3820 2929 3889 unusquisque
2973 3821 3282 3876 inferiorem
3316 3820 3561 3889 proximo
3592 3834 3693 3874 suo
3729 3819 3865 3874 fieri.

2291 3910 2423 3964 lliuc
2448 3912 2903 3981 autem,diccbat,
2940 3914 3121 3967 scietis
3168 3928 3267 3967 vos
3297 3911 3560 3981 proficere
3605 3910 3657 3965 in
3706 3910 3870 3965 virtu-

2284 4003 2448 4068 tibus,
2482 4004 2526 4059 si
2552 4006 2696 4058 nulla
2728 4007 2881 4060 vobis
2909 4008 3090 4076 passio
3124 4006 3284 4061 fuerit
3310 4020 3437 4075 erga
3485 4005 3755 4060 mundana
3780 4004 3870 4057 de-

2286 4096 2503 4151 sideria.
2538 4096 2649 4151 llue
2683 4099 2827 4152 enim
2861 4108 2943 4153 est
2974 4099 3185 4153 initium
3219 4099 3483 4153 donorum
3513 4098 3631 4151 Dei.
3654 4095 3807 4163 Quod
3830 4096 3872 4148 si

2283 4191 2442 4245 etiam
2470 4192 2533 4245 ad
2568 4193 2667 4247 hoc
2720 4192 2929 4247 venerit
2956 4192 3074 4262 quis
3124 4204 3383 4255 vestrum,
3440 4199 3495 4244 ut
3525 4200 3578 4244 et
3622 4190 3773 4259 signa
3823 4197 3873 4242 et

2284 4284 2545 4339 mirabilia
2601 4287 2779 4351 faciat,
2838 4300 2943 4340 non
2998 4286 3287 4340 extollatur
3317 4299 3412 4354 pro
3466 4285 3587 4349 hoc,
3617 4297 3791 4351 neque
3821 4280 3874 4336 in

2284 4377 2607 4443 cogitatione
2635 4393 2727 4431 sua
2759 4379 2996 4446 erigatur
3022 4387 3293 4447 tamquam
3340 4378 3550 4430 cmtcris
3596 4376 3871 4444 prmlatus,

2284 4470 2376 4524 sed
2411 4486 2507 4524 nec
2538 4469 2639 4524 hoc
2669 4472 2841 4540 ipsum
2877 4471 3183 4525 hominibus
3205 4471 3363 4525 debet
3393 4469 3702 4533 ostendere,
3734 4468 3872 4537 quod

587 4566 779 4605 omnes
825 4554 997 4606 cibum
1028 4569 1241 4610 sumere
1290 4556 1605 4613 hortabatur
1630 4601 1643 4625 ,
1695 4576 1816 4615 eum
1851 4571 2027 4616 tamen
2060 4564 2178 4632 ipse
2209 4544 2259 4603 Ῑ)
2284 4564 2481 4617 donum
2512 4564 2697 4633 gratia)
2731 4562 2886 4631 hujus
2916 4563 3205 4631 acceperit,
3238 4560 3472 4631 alioquin
3506 4562 3738 4615 seducet
3766 4560 3871 4615 sei-

590 4641 764 4696 solitis
782 4642 1119 4698 abstinentia:
1148 4646 1616 4703 observationibus
1646 4652 1967 4719 deservit-et,
1997 4655 2178 4711 herbis

592 4735 934 4790 solummodo
961 4745 1054 4791 aut
1076 4737 1311 4792 oleribus
1343 4748 1521 4806 utens,
1553 4756 1653 4795 nec
1675 4757 1831 4796 usum
1850 4784 1864 4808 ,
1890 4754 1982 4798 aut
2020 4748 2177 4801 mini-

592 4830 817 4883 sterium
846 4829 982 4898 ignis
1005 4830 1317 4886 admittens.

664 4919 761 4972 llic
784 4935 907 4974 cum
939 4920 1221 4987 audisset,
1276 4922 1475 4978 Juliani
1532 4924 1637 4994 (ut
1687 4942 1846 4994 supra
1898 4930 2173 5002 diximus)

593 5012 930 5079 temporibus
960 5012 1175 5068 fratrem
1200 5015 1483 5084 quemdam
1517 5018 1703 5073 militia
1728 5023 2173 5088 comprehensum

594 5104 825 5159 detineri
855 5105 909 5159 in
937 5119 1175 5173 carcere,
1202 5109 1346 5162 venit
1366 5109 1430 5162 ad
1461 5125 1582 5165 eum
1615 5126 1735 5166 cum
1768 5113 2021 5170 fratribus
2050 5133 2179 5171 con-

588 5196 797 5253 solandi
819 5196 1018 5266 gratia,
1050 5206 1106 5253 et
1144 5208 1200 5254 ut
1237 5210 1482 5257 moneret
1510 5219 1631 5258 eum
1659 5205 1712 5259 in
1754 5208 2075 5263 necessitate
2102 5217 2178 5264 te-

662 5368 689 5397 ι
732 5357 1023 5434 Lebetes.]
1055 5358 1175 5431 Ipse
1205 5362 1426 5434 explicat
1466 5362 1550 5417 hic
1590 5373 1803 5431 auctor,
1837 5364 2008 5434 aitque
2038 5380 2177 5419 coro-

589 5430 725 5505 liium
752 5446 857 5505 esse
885 5428 1217 5505 de_quo;cap.
1248 5431 1305 5497 ὅ,
1353 5434 1596 5489 diximus.
1634 5428 1976 5505 Hieronymus
2026 5436 2173 5489 Prw—

591 5503 684 5559 fut.
710 5502 761 5554 in
787 5499 1041 5570 Regulam
1063 5501 1124 5557 S.
1150 5502 1419 5559 Pachumii
1443 5524 1459 5561 :
1484 5506 1618 5561 Nihil
1644 5499 1850 5561 habent
1864 5509 1913 5559 io
1942 5507 2171 5569 eellulis,

591 5571 1096 5649 prseterpsiathium
1119 5574 1302 5649 etiduo
1346 5577 1658 5633 lebitouaria
1688 5579 1707 5649 (
1734 5578 1873 5647 quod
1904 5576 2172 5645 Αῖεγριίίς

589 5643 871 5719 monachis
900 5646 1198 5719 vestimenti
1220 5663 1390 5719 genus
1412 5658 1495 5703 est
1513 5652 1631 5704 sine
1654 5643 1903 5711 manicis,
1928 5643 2167 5719 cunnum

588 5712 959 5790 jatttglfritutu
985 5718 1050 5790 ad
1082 5712 1453 5790 doruiientlmtt
1476 5721 1558 5775 vel
1588 5719 1935 5790 operandum.
1969 5715 2164 5790 _ls_i(_lor.

590 5782 680 5839 lib.
709 5780 869 5839 XIX.
902 5785 1046 5857 Orig.
1076 5804 1183 5858 cap.
1219 5789 1308 5844 2'2.
1336 5780 1733 5847 Lebitonarium
1772 5798 1852 5843 est
1900 5786 2165 5842 colobiqu

2289 4669 2464 4723 psum,
2495 4664 2550 4708 et
2576 4656 2691 4724 ipse
2718 4654 3037 4723 decipietur,
3066 4662 3121 4707 et
3149 4655 3376 4722 gratiam
3408 4651 3616 4721 perdet.

2358 4745 2602 4799 Habebat
2631 4761 2760 4817 ergo
2807 4748 2945 4801 haue
2976 4746 3315 4815 magnificam
3350 4746 3498 4801 verbi
3532 4745 3625 4799 Dei
3671 4744 3876 4799 doctri-

2286 4850 2429 4901 nam,
2462 4836 2619 4892 sicuti
2652 4846 2706 4891 et
2755 4852 2852 4891 nos
2900 4838 2998 4906 ipsi
3052 4852 3120 4890 ex
3165 4845 3317 4907 parte
3348 4835 3492 4889 fruiti
3537 4849 3747 4901 sumus,
3783 4836 3875 4890 sed

2286 4929 2544 4999 majorem
2596 4930 2824 4983 habebat
2872 4931 2923 4983 iu
2970 4930 3223 4999 operibus
3253 4930 3500 4999 gratiam.
3534 4928 3707 4982 Omne
3733 4929 3876 4982 enim

2285 5022 2538 5093 quidquid
2572 5024 2792 5092 petisset
2822 5036 2849 5074 a
2888 5022 3018 5086 Deo,
3052 5022 3169 5074 sine
3201 5035 3349 5074 mora
3399 5019 3833 5090 consequebatur
3861 5034 3873 5071 :

2283 5116 2376 5171 sed
2431 5124 2485 5169 et
2539 5115 2900 5169 revelationes
2928 5114 2975 5168 ei
3012 5114 3263 5182 plurimm
3294 5112 3740 5167 ostendebantur.
3778 5112 3876 5165 De-

2285 5208 2443 5277 nique
2472 5207 2740 5260 seniorem
2777 5205 2995 5260 fratrem
3031 5221 3217 5271 suum,
3251 5206 3339 5275 qui
3374 5214 3426 5260 et
3455 5206 3569 5273 ipse
3603 5210 3654 5259 tn
3697 5220 3878 5259 eremo

2284 5367 2399 5422 sine
2427 5366 2652 5419 manicis
2674 5407 2687 5430 ,
2719 5363 2861 5430 quali
2894 5364 3141 5419 monachi
3172 5363 3410 5434 Egyptii
3442 5372 3686 5434 utuntur.
3734 5363 3878 5416 Dici-

2288 5449 2371 5491 tur
2408 5435 2585 5489 Gra’ce
2625 5447 2671 5489 et
2709 5436 2931 5496 λεϐητὼν
2988 5436 3064 5489 vel
3104 5432 3344 5491 λεϐετῶν·
3407 5434 3488 5487 Ita
3534 5432 3781 5487 Palladio
3825 5434 3875 5485 in

2298 5507 2414 5562 Vita
2438 5507 2633 5581 abbatis
2666 5507 2968 5581 l’qcltomii:
2997 5508 3367 5581 ᾎεξῖητωνᾲριον
3396 5523 3408 5558 :
3441 5506 3515 5558 ita
3542 5505 3747 5581 quidem
3772 5505 3877 5557 Sa-

2284 5596 2544 5653 someuus,
2577 5578 2664 5653 lio.
2709 5577 2734 5630 Ι
2747 5576 2826 5653 11..
2858 5594 2973 5644 cap.
3003 5576 3337 5653 1§,_estpl_icqt
3386 5578 3877 5653 zatréva;_aixstpo-

2282 5650 2488 5715 δότονς,
2534 5651 2741 5705 tunicas
2771 5648 2886 5703 sine
2918 5649 3158 5703 manicis.
3218 5646 3370 5771 Inflr‘u
3401 5646 3518 5713 cap.
3554 5648 3617 5707 9,
3651 5646 3871 5701 Lebc'ta.

3350 5732 3650 5771 03W8YDUS.

3350 5732 3650 5772 UHVEYDUS.
