4166 6348
576 285 683 339 “5

1603 275 1832 335 RUEINI
1870 271 2356 340 AQUlLElENSIS
2395 272 2651 332 PRESB\
2669 277 2832 333 TERI

3750 281 3854 342 uti

577 401 720 470 quod
753 401 908 458 unius
937 401 1108 472 partis
1139 400 1368 472 populus
1401 397 1688 470 plurimum
1720 396 1926 451 ﬁduciae
1955 395 2008 449 in
2033 395 2162 448 viri-
2192 396 2241 456 Α
2269 391 2405 464 quit)
2429 403 2485 448 ut
2513 407 2689 465 cptas,
2724 395 2902 450 nullus
2940 395 3084 451 enim
3132 395 3268 454 alius
3320 404 3513 467 praeter
3541 405 3593 453 te
3619 396 3852 468 perime-

578 493 680 550 bus
710 494 986 564 cujusdam
1013 495 1235 550 latronis
1263 494 1512 566 gerebat,
1545 491 1632 558 qui
1662 491 1827 559 ipsius
1847 489 2158 544 certaminis

579 585 806 656 signifer
828 586 1129 640 videbatur.
1167 587 1312 639 llunc
1333 600 1453 639 cmn
1483 583 1688 638 videret
1709 582 2023 652 Apollonius
2046 583 2160 650 paci

581 677 946 741 resistentem,
968 677 1096 732 dicit
1124 677 1189 731 ad
1218 693 1337 730 eum
1363 694 1376 728 :
1405 675 1459 730 Si
1493 675 1646 740 mihi,
1665 673 2164 743 oamice,acquies-

576 784 706 827 cere
739 772 976 826 volueris
1019 771 1084 826 ad
1132 786 1346 840 pacem,
1393 771 1598 840 rogabo
1647 770 1813 823 Deum
1859 783 2036 822 meum
2064 810 2079 833 ,
2111 777 2165 822 et

578 863 818 919 remittet
847 865 936 919 tibi
967 875 1184 932 peccata
1215 872 1324 916 tua.
1352 867 1421 918 At
1450 865 1538 919 ille
1573 880 1694 919 eum
1730 863 1999 929 audisset,
2031 863 2161 919 nihil

577 954 798 1009 omnino
828 954 1054 1021 distulit,
1087 956 1180 1010 sed
1211 956 1439 1025 genibus
1472 955 1589 1024 ejus
1621 955 1935 1025 provolutus
1962 955 2160 1024 suppli-

574 1045 833 1100 cabatei.
865 1044 1014 1099 Tunc
1060 1045 1256 1100 deinde
1310 1060 1610 1100 conversus
1658 1045 1724 1099 ad
1778 1047 1994 1110 turbas,
2044 1061 2162 1110 qua:

573 1148 698 1188 eum
726 1142 928 1190 secuta:
957 1133 1188 1198 fuerant,
1214 1134 1341 1190 fecit
1368 1149 1557 1190 omnes
1578 1151 1698 1189 cum
1725 1151 1854 1204 pace
1876 1134 2158 1189 decedere.

579 1227 784 1292 Quibus
841 1226 1252 1291 secedentibus,
1305 1227 1418 1295 ipse
1449 1227 1746 1296 permansit
1793 1242 1914 1280 cum
1947 1225 2161 1279 homine

572 1318 692 1384 Dei,
726 1326 985 1387 expetens
1012 1317 1080 1371 ab
1108 1331 1174 1372 eo
1206 1317 1553 1385 promissum.
1586 1317 1737 1372 Tunc
1771 1331 1900 1370 vero
1932 1315 2155 1384 Apollo-

572 1411 696 1467 nius
743 1425 1025 1466 assumens
1054 1425 1174 1464 cum
1198 1451 1214 1476 ,
1245 1419 1299 1465 et
1323 1424 1442 1464 cum
1476 1410 1592 1478 ipso
1625 1411 1727 1465 iter
1757 1426 1922 1482 agens
1950 1410 2015 1464 ad
2047 1425 2162 1465 mo-

572 1508 830 1574 nasteria,
861 1507 1090 1562 docebat
1117 1522 1239 1561 eum
1275 1516 1484 1560 mutare
1513 1506 1716 1562 debere
1745 1506 1990 1560 ordinem
2012 1506 2156 1570 vitae,

571 1607 628 1653 et
656 1599 926 1668 patienter
955 1612 984 1650 a
1012 1597 1120 1651 Deo
1151 1612 1400 1666 qumrere
1442 1597 1897 1660 misericordiam,
1931 1597 2160 1666 promis-

571 1689 780 1746 sionem
824 1704 892 1742 ex
939 1687 1042 1742 fide
1071 1699 1430 1757 exspectare,
1464 1689 1641 1742 omnia
1685 1690 1828 1742 enim
1884 1687 2156 1756 possibilia

2267 492 2381 550 tur;
2406 485 2500 539 sed
2530 495 2583 540 et
2609 502 2902 555 congruum
2935 487 3126 541 honori
3158 496 3249 542 tuo
3281 487 3374 541 tibi
3401 487 3707 554 sepulcrum
3739 486 3848 554 flet,

2268 601 2374 640 non
2429 581 2710 644 terra,sed
2765 581 3053 635 bestiarum
3085 594 3148 635 ac
3193 580 3464 636 vulturum
3512 589 3752 636 ventres.
3789 581 3856 636 Et

2268 679 2529 734 continuo
2551 691 2729 732 sermo
2753 675 2868 744 ejus
2893 675 3122 730 efficitur
3146 688 3328 740 verus,
3347 673 3521 728 nullus
3543 673 3686 728 enim
3715 674 3853 728 alius

2268 787 2334 826 ex
2383 781 2608 838 utraque
2637 777 2787 836 parte
2835 767 2936 821 nisi
2968 769 3114 822 solus
3145 767 3258 835 ipse
3287 765 3500 821 cecidit.
3529 766 3698 831 Quem
3730 781 3850 820 cum

2265 862 2367 916 sub
2395 876 2556 916 arena
2607 861 2914 914 obruissent
2939 899 2954 924 ,
2983 875 3140 915 mane
3171 864 3401 931 regressi
3450 862 3774 915 invenerunt.
3819 875 3846 914 a

2266 954 2456 1010 bestiis
2484 953 2735 1009 effossum
2765 952 3150 1022 laniatumque,
3177 963 3341 1022 atque
3373 968 3401 1006 a
3429 952 3730 1007 vulturibus
3758 951 3849 1007 de-

2265 1056 2530 1101 voratum.
2579 1045 2823 1114 Cumque
2899 1059 3089 1099 omnes
3144 1044 3552 1100 admirationem
3628 1043 3848 1097 habuis-

2263 1146 2403 1204 sent,
2436 1137 2576 1207 quod
2617 1151 2794 1191 sermo
2838 1134 3069 1190 hominis
3114 1133 3209 1190 Dei
3237 1135 3308 1189 ita
3340 1135 3532 1190 fuisset
3558 1134 3844 1202 impletus,

2262 1232 2511 1286 conversi
2539 1240 2663 1284 sunt
2692 1244 2880 1284 omnes
2927 1228 2992 1282 ad
3026 1227 3183 1282 fidem
3208 1228 3502 1282 Salvatoris
3534 1226 3768 1293 Domini,
3798 1235 3851 1280 et

2263 1322 2600 1391 Apollonium
2631 1319 2944 1390 prophetam
2986 1320 3076 1374 Dei
3110 1319 3492 1388 praedicabant.

2334 1415 2440 1470 Sed
2463 1424 2517 1469 et
2539 1415 2638 1469 hoc
2668 1429 2765 1468 nos
2786 1429 2890 1468 non
2918 1414 3155 1482 effugiat,
3180 1412 3320 1483 quod
3345 1413 3411 1467 ab
3440 1428 3504 1467 eu
3538 1413 3726 1481 primis
3750 1413 3845 1467 ad-

2263 1502 2367 1558 huc
2390 1504 2580 1558 diebus
2602 1505 2818 1571 (quibus
2849 1503 2900 1556 in
2926 1504 3179 1570 spelunca
3238 1501 3479 1556 habitare
3510 1517 3632 1555 eum
3667 1505 3847 1569 paucis

2263 1594 2518 1648 fratribus
2565 1593 2825 1662 eruperat)
2858 1592 3056 1648 factum
3112 1592 3420 1646 didicimus.
3472 1591 3595 1646 Dies
3635 1604 3848 1646 sanctus

2263 1687 2445 1741 aderat
2474 1685 2716 1752 Pascha,
2757 1695 2950 1740 etcum
2991 1685 3304 1738 solemnitas
3333 1683 3629 1752 vigiliarum
3661 1682 3848 1738 Sacra-

572 1779 786 1834 dicebat
805 1793 924 1834 esse
948 1779 1184 1834 credenti
1212 1777 1408 1849 (Marc.
1434 1779 1532 1848 9.).
1560 1780 1800 1850 Cumque
1827 1781 1999 1833 noctis
2022 1789 2160 1835 tem-
2199 1770 2245 1828 Β
2271 1791 2682 1847 meritorumque
2731 1777 2869 1831 intra
2913 1776 3220 1843 Speluncam
3273 1775 3454 1829 fuisset
3511 1773 3741 1842 expleta,
3772 1783 3849 1826 at-

572 1886 705 1940 pore
747 1872 904 1926 simul
945 1871 997 1925 in
1045 1873 1377 1925 monasterio
1409 1873 1819 1941 requievissent,
1856 1889 1954 1941 per
1985 1889 2157 1927 \‘tsum

573 1964 733 2018 ambo
760 1963 941 2019 vident
967 1977 1025 2018 se
1051 1977 1170 2017 esse
1196 1965 1245 2016 in
1278 1964 1446 2028 melis,
1485 1972 1539 2018 et
1560 1965 1814 2020 assistere
1836 1975 1959 2019 ante
1991 1965 2160 2020 tribu-

573 2057 663 2111 nal
695 2055 933 2112 Christi:
971 2056 1150 2111 vident
1172 2056 1335 2110 etiam
1390 2057 1627 2128 Angelos
1660 2059 1781 2124 Dei,
1826 2069 1877 2114 et
1928 2059 2162 2115 Sanctos

572 2165 813 2220 quosque
844 2150 1130 2204 adorantes
1162 2149 1483 2204 Dominum:
1521 2161 1574 2204 et
1599 2166 1719 2204 cum
1745 2151 1859 2206 hrc
1889 2152 2156 2220 videntes,

571 2245 733 2298 etiam
756 2242 857 2313 ipsi
885 2244 1203 2298 adorassent
1225 2243 1416 2307 Deum,
1444 2257 1543 2296 vox
1576 2243 1672 2296 Dei
1699 2241 1940 2298 defertur
1959 2245 2024 2296 ad
2043 2257 2159 2308 eos,

571 2333 798 2388 dicens:
833 2332 985 2388 Licet
1015 2333 1158 2387 nulla
1190 2333 1259 2386 sit
1308 2333 1618 2386 communio
1671 2333 1774 2387 luci
1806 2342 1861 2387 et
1901 2334 2158 2399 tenebris,

573 2442 672 2482 nec
700 2427 771 2482 sit
805 2427 981 2496 a‘iqua
1010 2426 1186 2495 portio
1225 2425 1367 2480 lideli
1399 2440 1518 2480 cum
1548 2425 1673 2478 inlid
1687 2425 1756 2479 eli
1790 2426 1853 2496 (ι.
1883 2425 2002 2481 Cor.
2036 2426 2116 2498 6.)
2146 2445 2160 2492 ;

573 2526 754 2571 tamen
781 2517 1009 2570 donatur
1039 2517 1134 2569 tibi
1169 2516 1313 2570 Salus
1344 2516 1524 2582 istius,
1561 2531 1660 2585 pro
1682 2533 1788 2586 quo
1815 2520 2155 2588 supplicasti,

579 2607 852 2677 Apolloni.
888 2606 990 2660 Sed
1017 2617 1070 2661 et
1099 2607 1200 2659 alia
1231 2607 1396 2661 multa
1428 2623 1550 2661 cum
1582 2609 1856 2663 audissent
1883 2611 1935 2664 in
1959 2611 2160 2665 cmlesti

577 2699 784 2753 visione
815 2697 1009 2766 positi,
1043 2713 1162 2767 qua:
1213 2714 1388 2768 neque
1434 2712 1612 2753 sermo
1641 2715 1892 2756 enarrare
1923 2702 2157 2770 sufficit,

577 2806 756 2862 neque
803 2793 946 2846 auris
975 2792 1192 2858 audire,
1225 2800 1586 2847 surrexerunt
1633 2807 1662 2845 a
1709 2806 1933 2860 somno,
1965 2805 2017 2847 et
2042 2809 2160 2864 qua:

577 2885 826 2939 viderant
873 2883 1125 2939 fratribus
1174 2883 1498 2938 iudicarunt.
1531 2885 1827 2939 Admiratio
1851 2895 2029 2941 autem
2074 2887 2159 2940 iu-

578 2991 711 3049 gens
755 2990 875 3031 esse
930 2975 1124 3044 coepit,
1154 2991 1275 3030 eum
1305 2991 1468 3031 unum
1499 2986 1661 3046 atque
1710 2977 1852 3032 idem
1891 2979 2159 3033 somnium

580 3079 806 3140 uterque
837 3080 1101 3126 narraret.
1153 3070 1453 3126 Permansit
1503 3081 1685 3127 autem
1735 3087 1856 3128 cum
1906 3073 2159 3131 fratribus

2266 1886 2369 1940 que
2399 1886 2466 1923 ex
2501 1869 2582 1924 his
2609 1884 2729 1938 qua:
2760 1867 2970 1922 fuerant
3021 1867 3160 1934 apud
3192 1881 3284 1920 eos
3314 1863 3538 1921 refectio
3571 1875 3848 1933 pararetur

2267 1963 2446 2033 (erant
2484 1971 2661 2017 autem
2688 1961 2767 2017 eis
2812 1959 2965 2029 pauci
3013 1958 3382 2012 tantummodo
3410 1967 3464 2012 et
3489 1957 3620 2013 sicci
3658 1972 3848 2026 panes,

2266 2069 2429 2128 atque
2454 2059 2598 2114 olera
2649 2072 2711 2112 ex
2745 2055 2828 2109 his
2855 2069 2976 2124 qua:
3003 2053 3114 2108 sale
3143 2067 3360 2122 aspersa
3383 2051 3568 2120 reponi
3595 2051 3733 2121 apud
3756 2067 3850 2106 eos

2266 2153 2486 2220 solent),
2523 2163 2631 2206 tum
2659 2149 2977 2220 Apollonius
3004 2147 3194 2202 fratres
3214 2147 3302 2216 qui
3333 2160 3516 2202 secum
3538 2154 3693 2200 erant
3719 2145 3848 2200 allo-

2265 2247 2352 2316 qui
2384 2245 2455 2299 ita
2487 2245 2649 2313 ccepit
2683 2263 2693 2296 :
2730 2243 2787 2299 Si
2839 2251 2922 2297 est
2951 2240 3003 2295 in
3049 2240 3202 2294 nobis
3230 2239 3383 2305 fides,
3409 2247 3464 2293 et
3493 2252 3620 2294 vere
3666 2237 3848 2293 fideles

2272 2339 2427 2410 152
2464 2351 2648 2391 sumus
2679 2334 2864 2389 famuli
2892 2331 3112 2396 Christi,
3141 2340 3284 2400 petat
3313 2331 3675 2400 unusquisque
3727 2343 3850 2383 nos-

2268 2441 2407 2486 trum
2432 2444 2461 2482 a
2487 2429 2618 2494 Deo,
2652 2429 2697 2483 si
2725 2426 2852 2498 quid
2885 2425 3036 2496 quasi
3069 2424 3120 2478 in
3149 2423 3237 2478 die
3265 2423 3404 2478 festo
3434 2437 3650 2477 sumere
3679 2421 3846 2475 liben-

2268 2531 2348 2577 ter
2370 2521 2549 2577 habet.
2603 2523 2670 2576 At
2707 2520 2782 2574 illi
2814 2518 2912 2588 ipsi
2945 2518 3120 2587 potius
3154 2515 3384 2586 (quieos
3412 2523 3570 2569 tetate
3609 2525 3662 2569 et
3688 2514 3847 2568 meri-

2266 2615 2335 2668 tis
2387 2609 2738 2682 prarcelleret)
2788 2611 2906 2666 haec
2950 2624 2980 2662 a
3035 2608 3146 2662 Deo
3202 2605 3467 2676 poscenda
3514 2605 3846 2675 permittunt,

2265 2707 2586 2776 semetipsos
2638 2703 2920 2759 inferiores
2949 2701 3107 2771 hujus
3133 2702 3319 2770 gratia:
3360 2700 3676 2754 indicantes.
3711 2698 3845 2754 Tum

2265 2796 2355 2850 ille
2397 2811 2518 2851 cum
2549 2795 2695 2849 omni
2729 2793 3002 2849 alacritate
3027 2793 3324 2846 orationem
3377 2791 3508 2846 fudit
3545 2791 3609 2845 ad
3644 2791 3844 2846 Deum:

2263 2906 2365 2958 qua
2388 2889 2616 2957 expleta,
2647 2903 2767 2942 cum
2794 2901 2986 2940 omnes
3017 2884 3442 2954 respondissent,
3479 2887 3646 2939 Amen
3683 2903 3695 2937 :
3725 2899 3848 2940 ecce

2265 2990 2486 3050 repente
2525 2990 2649 3032 ante
2697 2980 2842 3032 fores
2891 2977 3162 3046 spelunca:
3201 2986 3376 3030 astare
3397 2977 3576 3031 vident
3607 2975 3850 3032 homines

2263 3069 2525 3141 quosdam
2580 3071 2680 3124 sibi
2741 3069 2955 3138 penitus
3003 3067 3233 3137 ignotos,
3259 3067 3455 3137 quique
3503 3077 3608 3122 tam
3659 3069 3848 3123 multas

578 3161 719 3218 latro
751 3162 842 3218 ille
887 3161 1000 3230 jam
1052 3173 1300 3228 sanctus,
1335 3163 1495 3218 vitam
1547 3177 1696 3217 suam
1749 3179 2035 3236 moresque
2088 3141 2228 3221 adC
2270 3161 2451 3229 cepias
2472 3175 2649 3215 rerum
2667 3161 3140 3231 omnium,qu:ead
3166 3159 3848 3214 ususdumtaxatciburum

579 3274 792 3314 omnem
875 3258 1243 3313 innocentiam
1327 3259 1692 3330 pietatemque
1771 3269 2157 3328 commutans,

580 3359 850 3418 tamquam
902 3351 954 3404 in
1007 3365 1201 3421 agnum
1253 3365 1548 3406 conversus
1595 3367 1660 3406 ex
1693 3351 1850 3420 lupo,
1884 3363 1940 3406 ut
1993 3353 2044 3406 in
2097 3369 2163 3409 eo

579 3441 895 3510 plenissime
967 3443 1224 3511 compleri
1300 3443 1570 3498 videretur
1642 3443 1919 3512 prOphetia
1991 3445 2163 3500 Esaia:

587 3531 740 3602 151
773 3532 1037 3587 dicentis:
1069 3532 1202 3604 Lupi
1231 3550 1344 3587 cum
1393 3537 1540 3604 agnis
1592 3545 1890 3604 pascentur,
1920 3545 1968 3589 et
2015 3536 2094 3588 leo
2118 3545 2164 3589 et

580 3622 671 3675 bos
699 3622 850 3676 simul
900 3624 1060 3691 paleis
1117 3633 1387 3692 pascentur
1432 3623 1602 3694 (Esai.
1645 3626 1786 3693 41.).
1818 3625 2057 3681 Vidimus
2090 3627 2162 3682 ibi

581 3712 844 3780 quosdam
884 3716 1043 3768 etiam
1075 3716 1253 3784 gentis
1297 3713 1606 3785 :Ethiopum
1649 3717 1794 3770 viros
1819 3733 1940 3770 cum
1977 3732 2162 3772 monac

577 3803 697 3858 cbis
737 3805 1014 3872 viventes,
1048 3815 1104 3860 et
1130 3807 1324 3860 multos
1345 3823 1410 3861 ex
1443 3809 1635 3862 ceteris
1668 3808 1948 3861 monachis
1983 3808 2034 3861 in
2066 3809 2162 3864 ob-

574 3898 847 3951 servantia
875 3898 1152 3967 religionis
1183 3906 1236 3952 et
1263 3900 1456 3953 virtute
1488 3899 1650 3953 animi
1679 3901 2074 3968 praecedentes,
2105 3913 2164 3957 ut

579 3988 712 4042 etin
741 3989 872 4059 ipsis
919 3991 1175 4059 compleri
1225 3990 1468 4044 videatur
1496 3989 1794 4059 Scriptura,
1837 4009 1955 4061 qua:
1992 3994 2155 4048 dicit:

573 4080 852 4151 Ethiopia
884 4086 1153 4154 pt'wveniet
1185 4100 1365 4136 manus
1395 4085 1506 4151 ejus
1539 4082 1646 4137 Deo
1679 4083 1847 4153 (Psal.
1881 4085 1993 4155 67.)

641 4174 832 4230 Adhuc
860 4185 1035 4230 autem
1078 4177 1128 4229 in
1177 4178 1338 4245 gestis
1369 4178 1538 4230 sancti
1569 4176 1837 4244 Apollonii
1890 4177 2160 4230 ferebatur

570 4263 691 4320 hoc.
722 4265 809 4320 Lis
857 4265 1085 4334 quodam
1147 4275 1387 4334 tempore
1444 4266 1723 4320 dicebatur
1780 4276 1965 4321 exorta
2020 4267 2161 4322 inter

569 4356 704 4412 duos
755 4356 925 4422 vicos,
979 4372 1204 4427 quorum
1260 4372 1397 4412 unus
1437 4356 1796 4424 Christianus,
1832 4359 1971 4413 alter
2017 4358 2158 4413 Geu-

568 4449 742 4504 tilium
810 4449 930 4503 fuit.
983 4447 1288 4504 Procedunt
1349 4464 1413 4503 es
1481 4459 1706 4519 utraque
1768 4460 1918 4518 parte
1982 4463 2159 4502 arma-

2272 3254 2560 3322 pertinent,
2585 3253 2916 3319 detulerunt,
2940 3265 2997 3308 ut
3015 3269 3188 3325 neque
3206 3263 3312 3309 tam
3334 3253 3519 3316 multa,
3545 3267 3716 3322 neque
3744 3260 3848 3308 tam

2269 3345 2500 3410 diversa,
2525 3355 2630 3400 tam
2651 3346 2803 3401 facile
2833 3345 3112 3416 quisquam
3140 3345 3352 3402 viderit.
3390 3344 3446 3400 In
3478 3345 3669 3414 quibus
3698 3351 3848 3401 erant

2267 3440 2510 3508 quaedam
2567 3455 2686 3509 qua:
2714 3441 2934 3494 omnino
2993 3440 3046 3494 in
3081 3438 3296 3510 Ευριί
3350 3437 3657 3508 regionibus
3714 3450 3846 3489 nun-

2267 3546 2424 3599 quam
2455 3531 2566 3584 visa
2616 3539 2743 3585 sunt
2771 3546 3048 3601 pomorum
3091 3546 3316 3601 genera,
3346 3537 3402 3584 et
3428 3527 3733 3598 magnitudo
3765 3527 3846 3581 itt-

2266 3622 2539 3676 credihilis
2588 3637 2724 3688 uvae,
2757 3638 2941 3688 nuces,
2976 3623 3128 3690 ficus,
3160 3621 3297 3677 mala
3319 3635 3532 3693 quoque
3561 3620 3776 3690 punica,
3796 3629 3846 3675 et

2265 3719 2390 3765 ante
2420 3720 2629 3780 tempus
2675 3712 2877 3778 omnia,
2903 3711 3036 3778 favi,
3069 3720 3229 3780 atque
3279 3710 3475 3776 mellis,
3502 3720 3554 3764 et
3580 3709 3731 3762 lat-tis
3759 3722 3854 3762 co-

2266 3806 2372 3876 pia.
2401 3816 2427 3843 ει
2455 3806 2656 3860 Nieolai
2688 3807 2852 3861 etiam
2875 3807 3140 3875 ingentes,
3163 3814 3218 3860 et
3246 3820 3410 3876 panes
3435 3803 3588 3858 calidi
3617 3812 3670 3856 et
3696 3817 3848 3856 mun-

2264 3899 2491 3963 dissimi,
2523 3899 2615 3968 qui
2649 3907 2826 3953 tamen
2861 3899 3157 3969 peregrina:
3204 3913 3326 3953 esse
3366 3898 3676 3952 viderentur
3726 3912 3845 3966 pro-

2263 3991 2470 4046 vinciar.
2504 3990 2614 4046 Viri
2646 4005 2774 4045 vero
2801 3993 2888 4061 qui
2923 3992 3039 4045 hinc
3085 3990 3414 4056 detulerant,
3444 3990 3621 4044 statim
3653 3996 3710 4042 ut
3743 3998 3845 4043 tra-

2267 4083 2533 4148 diderunt,
2564 4083 2716 4153 quasi
2741 4082 3058 4136 festinanter
3089 4082 3152 4135 ad
3185 4097 3330 4144 eum,
3364 4096 3392 4134 a
3425 4095 3532 4150 quo
3560 4081 3707 4135 missi
3734 4080 3843 4134 fue-

2262 4183 2403 4242 rant,
2440 4175 2614 4228 redire
2640 4174 2939 4242 cupientes,
2966 4188 3088 4227 mox
3120 4171 3419 4225 discedunt.
3441 4171 3575 4225 Tum
3609 4170 3709 4240 ipsi
3742 4186 3845 4226 tno-

2262 4266 2417 4320 nacbi
2441 4265 2646 4335 gratias
2675 4265 2903 4319 Domino
2933 4263 3249 4331 referentes,
3276 4278 3340 4318 ex
3373 4262 3456 4318 his
3474 4277 3594 4333 qua:
3618 4263 3717 4317 sibi
3741 4265 3844 4319 tue-

2262 4367 2380 4412 rant
2410 4358 2604 4423 delata,
2633 4358 2773 4412 vesci
2795 4366 3092 4423 creperum.
3119 4356 3354 4423 Quorum
3376 4358 3529 4424 capia
3553 4364 3696 4410 tanta
3727 4355 3844 4423 fuit,

2267 4463 2326 4507 ut
2372 4467 2541 4521 usque
2561 4452 2628 4506 ad
2683 4451 2826 4507 diem
2857 4451 3230 4506 Pentecostem
3259 4449 3498 4521 quotidie
3549 4448 3856 4507 ministrata-

569 4551 742 4598 torum
764 4542 932 4595 turba:
950 4541 1212 4611 plurimae.
1235 4542 1444 4596 Accidit
1466 4515 1642 4596 autem
1672 4551 1727 4596 ut
1755 4515 1971 4595 sanctus
2001 4541 2155 4611 Apol-
2189 4515 2238 4574 θ
2263 4515 2604 4611 sufficerent;
2637 4545 2768 4600 certi
2817 4543 2958 4615 quod
3002 4544 3119 4599 haec
3161 4515 3314 4599 sibi'a
3354 4543 3466 4598 Deo
3495 4541 3846 4598 solemnitatis

568 4636 744 4691 Ionius
765 4636 1150 4703 superveniret.
1169 4634 1410 4702 Cumque
1426 4649 1520 4688 eos
1538 4635 1842 4689 hortaretur
1858 4634 1922 4687 ad
1947 4649 2154 4703 pacem,

567 4730 784 4800 quidam
810 4743 995 4783 eorum
1027 4729 1115 4796 qui
1148 4728 1287 4781 inter
1319 4727 1554 4780 Gentiles
1583 4727 1736 4795 quasi
1776 4735 1934 4793 caput
1963 4737 2075 4779 erat
2105 4735 2156 4779 et

568 4838 757 4878 caussa
783 4822 905 4876 belli
932 4822 1092 4886 illius,
1114 4821 1276 4875 homo
1299 4820 1635 4876 truculentus
1657 4828 1708 4874 et
1730 4817 1894 4885 ferus,
1921 4817 2154 4873 obsiste-

567 4916 657 4971 bat
701 4914 750 4969 ei
791 4913 1161 4977 vehementer,
1195 4913 1402 4978 dicens,
1438 4927 1543 4968 non
1598 4928 1656 4968 se
1705 4913 2010 4982 permittere
2043 4911 2152 4966 fieri

567 5019 775 5075 pacem,
799 5019 968 5073 usque
997 5003 1061 5057 ad
1085 5013 1312 5059 mortem
1344 5017 1515 5059 suam.
1541 5003 1691 5058 Tunc
1746 5003 1836 5058 ille
1863 5021 1875 5056 :
1902 5002 2022 5058 Fiat
2050 5003 2154 5075 (in-

639 5125 664 5153 ⁸
695 5114 898 5170 Nicolai
918 5113 1204 5185 ingentes]
1230 5113 1384 5170 Deest
1402 5119 1496 5170 hoc
1518 5118 1664 5171 editis
1691 5115 1850 5169 libris.
1870 5117 1975 5170 Cur
1996 5117 2152 5171 omis-

567 5205 679 5243 sum
710 5188 795 5251 sit,
821 5203 922 5238 non
944 5186 1167 5255 inquiro.
1200 5186 1320 5240 Scio
1344 5205 1516 5241 rarum
1541 5201 1586 5242 et
1617 5205 1717 5240 non
1747 5188 1930 5256 ubique
1951 5187 2148 5243 obvium

567 5277 695 5314 esse.
723 5258 1000 5312 Athenwus
1057 5257 1145 5310 lib.
1179 5256 1339 5311 XIV.
1372 5259 1436 5311 Et
1461 5258 1734 5313 Plutarch.
1769 5257 2032 5312 Convival.
2058 5261 2146 5314 lib.

573 5330 708 5385 VII.
734 5347 851 5396 cap.
875 5330 931 5382 lt.
954 5329 1178 5400 scribunt
1230 5326 1506 5383 Nicolaum
1553 5331 1826 5400 quemdam
1872 5329 2150 5385 Damasce-

567 5419 690 5456 num
720 5402 948 5467 Augusto
984 5399 1204 5472 _inisisse
1234 5401 1530 5472 palmulas,
1560 5420 1688 5472 quas
1716 5403 1804 5472 ille
1823 5402 1886 5455 ab
1907 5419 1962 5456 eo
1994 5401 2149 5456 Nico-

567 5473 682 5545 laos
713 5473 940 5545 vocabat.
973 5469 1149 5545 Si_c_et_
1169 5468 1402 5545 Isidorus
1432 5468 1522 5528 lib.
1553 5468 1600 5528 Χ
1617 5471 1749 5528 γη.
1775 5490 1890 5545 ευρ.
1913 5474 1965 5526 7.
1996 5473 2144 5545 Orig.

607 5543 820 5595 almuhe
846 5551 971 5595 sunt
1019 5540 1324 5612 Theliaicae,
1354 5545 1442 5612 qui
1472 5553 1526 5600 ει
1581 5545 1805 5599 Nicolai.
1837 5540 2060 5597 Photius
2093 5540 2142 5598 in

617 5614 882 5667 ibtiotheca
927 5610 1208 5684 Co.t._189.
1239 5630 1331 5682 pro
1374 5610 1624 5684 palmulis
1650 5617 1799 5670 habet
1845 5621 2139 5683 p‘acentas.

567 5682 938 5759 Ita-etSuidas
963 5684 1015 5734 in
1043 5681 1260 5759 Nicolao
1281 5702 1293 5747 ;
1318 5694 1360 5738 et
1378 5681 1676 5759 Hesychius
1704 5681 1986 5741 “lustrius.
2016 5684 2138 5759 Pat-

573 5756 690 5809 adii
718 5756 967 5818 interpres
997 5755 1254 5821 coniungit
1283 5773 1397 5812 cum
1425 5755 1669 5819 panibus.
1711 5759 1900 5814 Vereor
1924 5773 2035 5811 cum
2065 5757 2134 5809 vi-

2261 4637 2431 4707 gratia
2458 4637 2620 4690 missa
2653 4635 2781 4689 sint.

2333 4726 2706 4794 Comperimus
2749 4725 2909 4782 etiam
2965 4724 3084 4789 hoc,
3110 4725 3251 4796 quod
3297 4725 3512 4796 quidam
3543 4739 3607 4780 ex
3667 4723 3850 4780 fratri-

2260 4816 2381 4884 bus,
2411 4817 2495 4872 cui
2555 4817 2741 4873 deerat
2797 4816 3119 4873 humilitatis
3171 4827 3225 4873 et
3271 4816 3699 4874 mansuetudinis
3728 4831 3846 4888 gra-

2262 4914 2355 4979 tia,
2385 4913 2630 4983 poposcit
2658 4913 2725 4968 ab
2775 4927 2841 4968 eo
2870 4920 2929 4966 ut
2955 4921 3164 4981 peteret
3193 4927 3224 4965 a
3279 4912 3525 4976 Domino,
3559 4920 3616 4965 ut
3665 4922 3720 4966 et
3748 4911 3846 4967 sibi

2258 5006 2553 5062 donaretur
2610 5007 2712 5062 hoc
2759 5021 2952 5061 munus
2987 5022 3001 5060 :
3032 5014 3220 5061 orante
3275 5005 3388 5068 illo,
3423 5013 3573 5058 tanta
3625 5005 3678 5058 in
3725 5019 3848 5059 eum

2256 5119 2384 5172 tioso
2409 5135 2558 5171 usum
2580 5117 2776 5174 codice.
2811 5117 2950 5170 Nam
2979 5117 3062 5171 hic
3087 5117 3260 5171 omnia
3282 5116 3429 5170 verba
3457 5127 3599 5170 tenus
3624 5131 3687 5168 etc
3719 5113 3847 5167 Pal-

2255 5191 2416 5245 ladio.
2453 5191 2467 5219 ¹
2503 5187 2686 5242 Greece
2710 5204 2947 5257 expressa
2979 5188 3154 5254 habes,
3181 5189 3321 5255 quod
3341 5196 3513 5241 noster
3544 5187 3716 5257 habet,
3753 5185 3844 5239 Ni-

2255 5262 2392 5315 colai
2421 5261 2687 5322 ingentes,
2720 5256 2778 5311 et
2803 5274 2968 5328 panes
2993 5259 3150 5313 calidi
3179 5257 3609 5312 etmundissimi.
3640 5256 3844 5310 Herus-

2257 5342 2336 5386 tus
2372 5330 2600 5384 Palladii
2632 5331 2884 5395 interpres
2915 5328 3082 5394 habet,
3117 5340 3171 5383 et
3201 5329 3446 5383 Nicolaos
3475 5342 3642 5396 panes
3673 5329 3846 5380 maxi-

2258 5416 2397 5475 mos,
2429 5411 2482 5454 et
2504 5401 2902 5475 puros‘lupinos
2929 5414 2948 5475 _:
2974 5402 3096 5475 quia
3125 5401 3314 5475 expeti;
3334 5399 3565 5454 calidum
3584 5408 3630 5453 et
3661 5400 3845 5472 θέρμος

2256 5472 2494 5541 lupinum
2525 5470 2800 5541 signiﬁcat.
2834 5468 2966 5524 Inde
2987 5468 3251 5541 'llertget'us
3281 5471 3520 5541 deceptus
3565 5479 3658 5524 est.

3120 5540 3475 5596 Roswtzvutis.

2324 5617 2338 5646 ¹
2374 5615 2483 5668 lmn
2511 5629 2573 5670 ex
2602 5611 2795 5667 Rufino
2817 5611 3083 5667 Palladius
3112 5611 3302 5666 Graece
3329 5612 3443 5667 haec
3466 5609 3689 5668 refudit.
3710 5608 3838 5666 Cou-

2249 5687 2363 5744 sule
2393 5686 2564 5742 Vitatn
2594 5684 2687 5740 lib.
2719 5682 2782 5742 ll.
2811 5697 2929 5755 cap.
2967 5681 3053 5737 η.
3088 5697 3235 5738 num.
3261 5683 3313 5736 (5.
