4166 6348
320 399 416 455 ιη

1532 382 1870 468 HISTORIA
1892 378 2388 435 MUNACUORUM.

3477 374 3585 430 “8

317 510 484 583 gratia
518 508 945 565 mansuetudinis
993 517 1045 562 et
1079 503 1394 562 humilitatis
1425 501 1666 563 advenit.
1695 509 1752 552 ut
1781 513 1897 552 om—
1932 499 1979 556 A
2007 495 2180 549 lonius
2223 493 2462 563 procedit
2485 494 2537 547 in
2559 507 2865 549 occursum.
2899 493 2961 547 Et
3000 501 3057 547 ut
3098 489 3228 545 vidit
3255 502 3375 554 n08.
3401 488 3582 544 statim

313 618 408 658 nes
465 602 659 658 fratres
697 607 974 669 stuperent
1022 598 1089 652 de
1144 595 1528 664 tranquillitate
1554 590 1715 644 animi
1773 590 1892 657 ejus

307 709 358 753 et
389 696 674 760 modestia,
709 694 762 749 in
793 708 898 763 quo
927 691 1074 762 prius
1105 691 1237 746 nihil
1262 691 1453 743 borum
1485 686 1748 740 viderant.

325 831 334 844 .
382 788 510 842 Orta
533 794 617 841 est
645 784 929 854 aliquando
960 783 1130 835 fames
1157 779 1294 848 apud
1326 776 1680 831 Thebaidam.
1708 771 1896 828 Scien-

307 887 383 931 tes
415 886 592 931 autem
623 874 947 929 habitatores
978 881 1137 927 terra:
1163 870 1326 934 illius,
1354 866 1494 936 quod
1519 864 1894 934 monachi,qui

313 986 428 1025 cum
455 969 740 1040 Apollonio
768 967 992 1022 Domino
1024 964 1350 1028 serviebant,
1378 963 1685 1030 frequenter
1733 960 1892 1014 etiam

311 1065 428 1119 sine
475 1063 596 1117 cibo
644 1077 738 1129 per
795 1060 1017 1129 gratiam
1049 1057 1260 1110 Domini
1291 1054 1666 1124 pascebantur,
1696 1066 1888 1107 omnes

313 1155 468 1210 simul
525 1169 646 1208 cum
680 1152 833 1224 153
867 1149 1120 1204 uxoribus
1150 1158 1203 1202 et
1230 1147 1354 1202 ﬁliis
1383 1151 1609 1214 pergunt
1649 1143 1715 1197 ad
1745 1157 1891 1208 eum,

315 1248 491 1301 cibum
515 1246 671 1300 simul
703 1242 1239 1309 benedictionemque
1269 1247 1574 1309 poscentes.
1603 1239 1670 1289 At
1695 1236 1780 1292 ille
1811 1236 1895 1290 ni-

313 1340 389 1393 hil
440 1337 711 1399 dubitans,
736 1336 977 1404 proferre
1026 1331 1188 1401 coepit
1231 1346 1301 1384 ex
1345 1328 1449 1394 his,
1480 1344 1600 1399 quae
1638 1327 1704 1381 ad
1738 1341 1892 1381 usum

314 1431 534 1484 fratrum
580 1428 813 1495 reposita
864 1433 1058 1489 erant,
1102 1432 1154 1478 et
1198 1422 1328 1477 dare
1371 1421 1594 1490 singulis
1652 1420 1891 1488 copiose.

315 1523 445 1578 Cum
469 1536 596 1574 vero
627 1529 735 1574 tres
774 1519 901 1574 solae
930 1532 1123 1587 panum
1149 1524 1343 1586 sporta:
1371 1515 1778 1577 remansiSsem,
1812 1512 1895 1567 fa-

315 1630 430 1669 mes
459 1622 636 1668 autem
681 1612 902 1680 populos
948 1611 1298 1664 vehementer
1326 1618 1561 1676 urgeret,
1591 1606 1741 1675 jubet
1773 1620 1894 1672 pro-

316 1706 442 1762 ferri
492 1706 543 1758 in
600 1703 832 1759 medium
887 1711 1118 1772 sportas,
1150 1716 1267 1770 qua:
1319 1700 1447 1754 solae
1491 1697 1889 1765 superfuerant,

317 1798 473 1852 unius
494 1795 600 1849 diei
633 1795 828 1848 victum
857 1792 1133 1846 monachis
1165 1790 1465 1860 praebitum
1487 1829 1501 1854 ,
1531 1798 1588 1843 et
1617 1790 1669 1842 in
1703 1788 1887 1842 auditu

2000 587 2144 654 prior
2191 587 2440 641 adoravit
2483 601 2650 655 usque
2679 586 2746 640 ad
2777 597 2994 649 terram,
3021 594 3075 638 et
3131 598 3354 652 surgens
3397 582 3584 636 osculo

1997 691 2093 730 nos
2115 679 2367 745 suscepit.
2395 678 2494 733 Ubi
2512 688 2688 732 autem
2713 678 2940 748 ingressi
2959 692 3142 732 sumus
3164 675 3577 741 monasterium,

1999 768 2244 822 oratione
2288 768 2437 836 prius
2469 769 2550 838 (ut
2593 771 2758 824 moris
2804 769 2907 838 est)
2952 769 3116 834 data,
3150 768 3315 837 pedes
3365 777 3579 821 nostros

1997 859 2223 926 propriis
2270 859 2512 914 manibus
2566 860 2726 925 lavat,
2751 871 2802 916 et
2860 869 3054 915 caetera
3105 876 3222 929 quae
3253 859 3317 914 ad
3341 861 3580 928 requiem

2000 948 2244 1016 corporis
2281 950 2551 1015 pertinent
2595 951 2923 1017 adimplevit.
2959 951 3082 1004 Haec
3129 960 3308 1004 autem
3330 951 3506 1002 facere
3536 949 3585 1001 ei

2000 1040 2165 1091 moris
2196 1045 2313 1092 erat
2355 1038 2601 1092 onmibus
2640 1041 3071 1097 adventantibus.
3103 1039 3453 1096 Consuetudo
3483 1056 3582 1094 au-

1998 1137 2103 1183 tem
2149 1139 2264 1184 erat
2295 1135 2433 1199 apud
2464 1146 2608 1196 eum,
2635 1141 2692 1185 ut
2748 1133 2938 1188 fratres
2968 1136 3055 1203 qui
3102 1151 3223 1188 cum
3254 1135 3368 1204 ipso
3398 1143 3578 1200 erant,

2001 1235 2106 1273 non
2167 1221 2312 1288 prius
2369 1222 2545 1275 cibum
2606 1231 2901 1290 sumerent,
2924 1239 3083 1292 quam
3133 1218 3582 1279 Communionem

2004 1308 2337 1364 Dominicatn
2374 1311 2711 1380 perciperent
2739 1313 2881 1366 circa
2915 1316 3098 1368 horam
3132 1314 3238 1370 diei
3281 1331 3499 1379 nonam,
3525 1323 3581 1369 et

1999 1413 2115 1468 post
2147 1401 2249 1455 hoc
2282 1402 2547 1457 interdum
2580 1403 2655 1458 sic
2687 1419 2853 1473 usque
2886 1405 2951 1458 ad
2975 1421 3254 1474 vesperam
3302 1421 3585 1474 permane-

1997 1492 2146 1558 bant,
2179 1493 2305 1546 dum
2334 1494 2554 1548 verbum
2590 1495 2680 1548 Dei
2731 1495 3027 1562 audientes,
3053 1500 3118 1551 de
3175 1498 3440 1550 mandatis
3474 1496 3577 1550 Do-

1998 1585 2129 1639 mini
2183 1587 2543 1654 adituplendis
2601 1590 2718 1642 sine
2773 1589 3169 1644 intermissione
3221 1590 3575 1644 docebantur.

1997 1674 2120 1730 Post
2150 1676 2283 1741 haec,
2316 1677 2422 1746 jam
2453 1679 2575 1732 cibo
2603 1688 2805 1744 sumtu,
2839 1680 2925 1734 alii
2970 1680 3207 1749 ipsorum
3234 1681 3298 1733 ad
3329 1695 3570 1734 eremum

1995 1769 2353 1832 sccedebant,
2391 1787 2484 1841 per
2545 1781 2709 1828 totam
2763 1784 2973 1829 noctem
3019 1773 3325 1842 Scripturas
3373 1773 3584 1826 divinas

317 1888 480 1944 totius
520 1885 721 1958 populi,
749 1883 837 1955 qui
864 1884 1017 1939 famis
1048 1885 1369 1938 necessitate
1398 1881 1751 1945 conﬂuxerat,
1785 1881 1893 1935 ele-
1926 1887 1968 1946 Β
2001 1861 2311 1914 memoriter
2359 1862 2681 1926 recolentes,
2713 1863 2801 1917 alii
2850 1865 2901 1917 in
2961 1864 3153 1918 eodem
3180 1864 3296 1918 loco
3323 1863 3389 1916 ad
3418 1877 3578 1931 quem

315 1979 450 2033 vatis
475 1978 541 2031 ad
569 1977 738 2030 Deum
769 1975 1013 2030 manibus
1046 1976 1157 2030 ait:
1191 1971 1458 2043 Numquid
1490 1987 1593 2025 non
1612 1972 1752 2026 valet
1782 1987 1893 2026 ma-

314 2082 415 2123 nus
474 2066 686 2122 Domini
743 2065 1107 2136 multiplicare
1159 2065 1308 2120 haec?
1361 2065 1451 2120 Sic
1481 2063 1610 2118 dicit
1658 2063 1892 2132 Spiritus

316 2159 544 2216 Sanctus
575 2175 591 2218 ;
621 2158 737 2212 Non
790 2156 1000 2212 deficiet
1056 2157 1209 2227 panis
1263 2156 1316 2211 in
1349 2155 1553 2226 sportis
1583 2155 1682 2217 his,
1722 2154 1895 2209 donec

317 2257 574 2309 satiemur
599 2268 786 2308 omnes
830 2252 894 2307 de
920 2252 1158 2322 frugibus
1187 2251 1338 2305 novis
1374 2268 1387 2305 :
1415 2258 1469 2305 et
1495 2259 1550 2303 ut
1583 2250 1796 2318 plurimi
1827 2265 1894 2303 ex

316 2347 420 2410 bis,
452 2347 542 2416 qui
606 2354 729 2400 tunc
783 2345 836 2399 in
892 2343 1143 2413 prmsenli
1191 2342 1433 2407 fuerant,
1485 2341 1892 2406 confirmabant,

318 2445 544 2506 quatuor
574 2433 844 2490 continuis
896 2433 1170 2489 mensibus
1201 2447 1299 2488 nec
1347 2441 1613 2487 cessatum
1662 2439 1745 2486 est
1773 2447 1894 2485 um-

317 2542 474 2595 quam
523 2528 729 2596 erogari
761 2527 910 2595 panis
952 2540 1017 2580 ex
1047 2526 1268 2594 sportis,
1300 2540 1473 2595 neque
1501 2526 1690 2580 deesse
1715 2523 1893 2593 potuit

315 2618 621 2687 aliquando.
654 2617 915 2672 Similiter
967 2625 1144 2671 autem
1198 2624 1252 2671 et
1299 2615 1407 2669 alio
1436 2625 1675 2686 tempore
1705 2614 1897 2670 fecisse

318 2723 438 2763 eum
464 2708 531 2762 de
574 2707 824 2762 frumenti
853 2717 907 2762 et
953 2707 1055 2762 olei
1081 2707 1262 2776 specie
1290 2706 1664 2775 perhibebant.
1687 2707 1897 2773 Quibus

319 2801 606 2855 virtutibus
651 2809 827 2853 motus
869 2799 1112 2854 diabolus
1168 2799 1372 2854 dixisse
1422 2799 1489 2854 ad
1529 2814 1652 2855 eum
1687 2800 1895 2854 fertur:

321 2891 589 2964 Numquid
633 2893 810 2946 lli-fias
840 2907 899 2946 es
954 2902 1029 2957 tu,
1060 2903 1154 2947 aut
1207 2892 1343 2946 alius
1370 2893 1562 2962 aliquis
1602 2892 1898 2959 PrOpheta-

321 2999 440 3039 rum
469 2985 552 3037 vel
584 2983 982 3052 Apostolorum,
1013 2981 1156 3052 quod
1187 2981 1301 3037 haec
1327 2982 1501 3037 facere
1524 2996 1684 3036 ausus
1712 2982 1808 3036 es?
1832 2981 1901 3035 At

321 3078 409 3134 ille
438 3077 767 3146 respondens
789 3077 860 3142 ei,
887 3075 1021 3130 dixit
1054 3095 1066 3129 :
1099 3074 1236 3142 Quid
1261 3075 1439 3131 enim?
1462 3075 1650 3129 Nonne
1678 3085 1731 3129 et
1762 3075 1899 3128 Pro-

322 3172 495 3240 pheta:
515 3181 568 3226 et
593 3170 830 3238 Apostoli
862 3169 1104 3223 homines
1146 3177 1317 3232 erant,
1351 3169 1439 3238 qui
1474 3168 1628 3222 nobis
1654 3176 1708 3221 et
1740 3166 1897 3220 fidem

1996 1963 2360 2007 convenerant
2411 1954 2843 2024 permanebant,
2897 1965 2950 2009 et
3013 1971 3180 2026 usque
3208 1955 3273 2009 ad
3325 1956 3498 2009 lucem
3528 1955 3582 2008 in

1999 2044 2216 2115 hymnis
2273 2053 2328 2100 et
2405 2046 2648 2100 laudibus
2710 2047 2801 2101 Dei
2863 2046 3144 2116 pervigiles
3198 2047 3586 2118 perdurabant,

1997 2137 2136 2190 sicut
2185 2148 2240 2191 et
2295 2152 2393 2206 ego
2443 2139 2557 2204 ipse
2579 2154 2814 2208 praesens
2871 2141 2999 2193 vidi.
3031 2142 3300 2209 Aliquantt
3358 2156 3484 2196 vero
3522 2156 3590 2196 ex

1998 2229 2127 2298 ipsis
2195 2230 2336 2283 circa
2412 2229 2596 2285 horam
2672 2248 2867 2287 nonam
2901 2274 2917 2300 ,
2977 2249 3098 2287 cum
3179 2234 3582 2289 descendissent

1999 2321 2066 2376 de
2122 2331 2323 2387 monte,
2353 2333 2606 2394 percepta
2657 2327 2828 2394 gratia
2891 2327 3098 2380 Domini
3131 2328 3310 2380 statim
3336 2327 3580 2382 discede-

2000 2415 2288 2480 bant,5o|o
2321 2417 2421 2470 hoc
2451 2417 2675 2486 spiritali
2729 2419 2851 2472 cibo
2907 2420 3146 2474 contenti
3185 2435 3196 2470 :
3237 2429 3288 2472 et
3312 2418 3411 2472 hoc
3431 2418 3591 2493 facie-

2001 2507 2135 2561 bant
2161 2523 2257 2577 per
2286 2509 2542 2577 plurimos
2569 2509 2706 2564 dies.
2739 2509 2911 2577 Supra
2939 2511 3154 2563 modum
3187 2519 3360 2562 autem
3403 2513 3590 2562 laetitia

2001 2608 2053 2654 et
2077 2600 2327 2669 gaudium
2385 2600 2556 2653 inerat
2581 2599 2680 2666 eis,
2705 2609 2759 2655 et
2789 2608 2932 2654 tanta
2957 2600 3239 2666 exultatio,
3265 2609 3462 2667 quanta
3487 2598 3578 2652 ba.

2002 2690 2113 2744 beri
2136 2691 2203 2744 ab
2224 2691 2331 2745 ullo
2371 2690 2644 2744 hominum
2677 2705 2781 2745 non
2816 2691 3052 2760 possitiu
3079 2691 3261 2744 terris.
3293 2689 3478 2744 Nullus
3529 2689 3585 2742 in

2001 2782 2079 2836 eis
2108 2781 2274 2836 tristis
2303 2782 2523 2836 omnino
2574 2780 2961 2847 inveniebatur,
2991 2781 3085 2836 sed
3126 2789 3181 2836 et
3208 2795 3252 2834 st
3283 2784 3476 2849 aliquis
3505 2778 3586 2832 vi-

2001 2888 2094 2928 sus
2128 2875 2316 2930 fuisset
2343 2874 2728 2944 aliquantulum
2753 2874 3015 2938 maestior,
3048 2873 3228 2927 statim
3255 2882 3405 2940 pater
3425 2870 3588 2939 Apol-

2003 2965 2178 3019 lonius
2225 2979 2468 3020 caussam
2512 2966 2780 3020 maestitia:
2829 2964 3190 3034 perquirebat.
3247 2962 3579 3032 Frequenter

2003 3064 2205 3122 autem,
2235 3058 2396 3111 etiam
2451 3057 2497 3112 si
2552 3058 2748 3128 aliquis
2799 3058 3073 3113 occultare
3121 3055 3415 3118 voluisset,
3468 3055 3586 3122 ipse

2003 3148 2315 3202 enuntiabat
2370 3148 2494 3218 quid
2543 3149 2735 3204 lateret
2772 3149 2825 3202 in
2852 3149 3038 3214 corde,
3082 3147 3153 3202 ita
3194 3156 3253 3201 ut
3291 3147 3335 3201 is
3383 3145 3473 3215 qui
3497 3159 3592 3214 pa-

322 3278 472 3317 suam
502 3270 557 3317 et
583 3263 808 3332 gratiam
837 3260 1202 3316 tradiderunt?
1226 3259 1328 3314 Aut
1347 3270 1469 3313 tunc
1491 3259 1629 3314 Deus
1657 3272 1896 3328 praesens

2007 3241 2236 3294 tiebatur
2279 3249 2613 3309 agnosceret.
2646 3239 2891 3295 Monebat
2934 3253 3065 3310 ergo
3113 3254 3206 3294 eos
3245 3238 3453 3303 dicens,
3485 3252 3593 3293 non

323 3363 464 3422 erat,
495 3369 634 3410 nunc
661 3370 786 3410 vero
836 3355 1032 3408 absens
1082 3355 1197 3408 est?
1247 3353 1444 3407 Absit:
1494 3353 1633 3406 Deus
1660 3353 1905 3422 omnipo-

325 3456 446 3501 tens
474 3455 574 3511 est,
607 3455 658 3499 et
679 3461 794 3516 qua:
817 3455 1011 3515 potest,
1041 3461 1259 3516 semper
1291 3455 1494 3515 potest.
1531 3445 1587 3498 Si
1618 3459 1744 3514 ergo
1765 3446 1903 3501 Deus

323 3540 497 3594 bonus
549 3549 668 3595 est:
695 3549 771 3607 tu,
799 3542 1036 3608 diabole,
1070 3555 1236 3610 quare
1293 3549 1399 3594 tam
1434 3539 1602 3594 malus
1631 3539 1727 3594 es?
1756 3539 1898 3603 Haec,

324 3641 380 3686 ut
401 3646 562 3702 supra
580 3632 689 3702 jam
734 3634 984 3704 diximus,
1009 3650 1037 3688 a
1085 3634 1386 3689 senioribus
1412 3673 1428 3700 ,
1458 3633 1584 3687 viris
1614 3633 1899 3704 religiosis,

323 3734 374 3778 et
395 3725 591 3779 sanctis
623 3740 717 3793 per
747 3740 868 3780 eum
891 3735 1037 3794 gesta
1070 3740 1210 3790 esse,
1244 3724 1344 3778 fida
1398 3725 1704 3779 narratione
1753 3738 1901 3779 com-

323 3815 579 3884 perimus.
609 3816 677 3870 Et
702 3816 947 3886 quamvis
1012 3830 1196 3871 eorum
1230 3814 1401 3870 fidelis
1429 3815 1496 3868 sit
1521 3813 1768 3870 habenda
1816 3829 1901 3869 re-

325 3906 497 3973 latio,
564 3908 827 3978 majorum
895 3918 1070 3963 tamen
1136 3907 1294 3962 fidem
1371 3921 1552 3960 rerum
1618 3921 1714 3975 per
1780 3919 1903 3960 eum

326 3999 572 4071 praestitit
626 4000 882 4056 Dominus
937 4001 1098 4055 etiam
1152 3999 1254 4054 hoc
1304 3998 1444 4068 quod
1477 4011 1575 4052 nos
1607 3998 1706 4067 ipsi
1729 3998 1902 4052 oculis

326 4092 520 4146 nostris
549 4091 900 4161 inSpeximus.
927 4089 1118 4145 Plenas
1148 4091 1289 4145 enim
1319 4101 1528 4158 sportas
1560 4087 1786 4156 panibus
1812 4087 1896 4142 de-

325 4182 451 4237 ferri
478 4181 708 4239 vidimus
739 4182 804 4236 ad
827 4195 1024 4237 vacuas
1053 4196 1267 4236 mensas
1298 4199 1310 4235 :
1348 4191 1532 4234 etcum
1565 4182 1904 4248 replerentur

329 4274 552 4343 panibus
575 4288 798 4342 mensze,
833 4283 992 4343 atque
1042 4272 1107 4327 ad
1138 4286 1349 4326 omnem
1380 4271 1679 4326 satietatem
1710 4284 1904 4325 consu-

325 4375 620 4436 merentur,
654 4367 826 4437 pleure
855 4365 1200 4420 nihilominus
1227 4362 1699 4432 recolligebantur.

397 4457 554 4513 Aliud
589 4471 800 4527 quoque
821 4457 961 4526 quod
985 4457 1120 4522 apud
1152 4469 1273 4508 eum
1303 4454 1492 4507 mirum
1520 4452 1768 4516 vidimus,
1795 4463 1898 4503 non

324 4548 516 4604 silebo.
541 4548 674 4602 Tres
712 4561 928 4602 eramus
983 4561 1080 4599 nos
1136 4544 1366 4609 fratres,
1397 4557 1519 4595 cum
1566 4543 1808 4595 venimus
1835 4539 1903 4594 ad

2005 3342 2256 3400 oportere
2285 3347 2504 3401 prorsus
2554 3331 2733 3388 inesse
2790 3330 3058 3386 tristitiam
3101 3331 3183 3384 bis
3213 3331 3408 3400 quibus
3436 3331 3584 3384 salus

2008 3424 2058 3477 in
2085 3424 2192 3478 Deo
2211 3435 2312 3491 est,
2332 3432 2386 3477 et
2413 3438 2535 3493 spes
2560 3425 2611 3478 in
2638 3438 2805 3495 regno
2823 3424 3101 3479 caelorum.
3123 3422 3445 3487 Tristentur,
3476 3422 3589 3476 aie-

2009 3517 2121 3583 bat,
2138 3517 2398 3581 Gentiles,
2420 3516 2702 3587 etlugeant
2743 3515 2937 3584 Judaei,
2985 3516 3234 3586 plangant
3262 3515 3380 3570 sine
3407 3528 3591 3569 cessa.

2009 3609 2150 3665 tione
2176 3618 2490 3678 peccatores
2517 3626 2530 3662 :
2558 3608 2688 3679 justi
2714 3623 2840 3662 vero
2869 3608 3136 3662 laetentur.
3165 3605 3296 3660 Nam
3327 3606 3370 3662 si
3398 3605 3450 3660 bi
3499 3605 3595 3675 qui

2009 3711 2218 3757 terrena
2267 3702 2512 3772 diligunt,
2545 3717 2706 3770 super
2759 3701 3031 3770 fragilibus
3079 3709 3132 3756 et
3175 3697 3390 3754 caducis
3433 3697 3594 3754 rebus

2009 3793 2399 3860 Imtanturmos
2416 3793 2504 3864 qui
2530 3802 2688 3848 tantm
2720 3793 2873 3864 155
2893 3792 3077 3862 glorias
3107 3806 3280 3863 spem,
3307 3800 3360 3846 et
3381 3789 3599 3845 aeterni-

2013 3891 2136 3944 tatis
2158 3890 2416 3947 habemns
2447 3891 2920 3960 exspectationem,
2948 3904 3041 3945 cur
3069 3904 3176 3943 non
3205 3887 3353 3943 omni
3381 3885 3593 3942 exulta-

2016 3983 2164 4038 tione
2180 3984 2457 4040 lretemur?
2486 3985 2588 4038 Aut
2614 3999 2720 4038 non
2735 3993 2788 4038 et
2811 3982 3095 4052 Apostolus
3108 3995 3204 4035 nos
3228 3981 3298 4033 ita
3313 3987 3494 4034 monet
3514 3977 3596 4032 di-

2009 4091 2136 4132 cens
2170 4095 2182 4132 :
2210 4078 2426 4148 Semper
2449 4079 2686 4147 gaudete,
2701 4075 3201 4130 sineintermissione
3226 4081 3386 4140 orate,
3405 4072 3458 4124 in
3486 4086 3596 4123 om—

2011 4170 2156 4224 nibus
2177 4173 2372 4242 gratias
2401 4173 2536 4242 agite
2569 4173 2647 4242 (Ι.
2677 4168 2829 4222 Thes.
2852 4169 2968 4238 5.)?
2994 4167 3101 4222 Sed
3131 4166 3250 4234 quis
3280 4163 3448 4233 possit
3469 4162 3601 4217 doc-

2013 4262 2209 4316 trinam
2234 4263 2368 4330 ejus,
2402 4274 2457 4316 et
2488 4262 2774 4317 verborum
2812 4260 3039 4329 gratiam
3070 4258 3401 4312 sufficienter
3428 4268 3597 4324 expo-

2013 4355 2180 4410 nere?
2210 4355 2363 4411 Unde
2393 4355 2554 4409 silere
2605 4353 2674 4408 de
2701 4353 2783 4406 his
2815 4351 3010 4405 melius
3039 4363 3272 4414 censeo,
3298 4361 3457 4417 quam
3500 4360 3598 4415 pa-

2012 4462 2128 4502 rum
2159 4445 2320 4517 digne
2347 4444 2612 4515 proloqui.

2083 4542 2248 4596 Multa
2278 4538 2421 4593 enim
2463 4535 2616 4590 nobis
2648 4534 2835 4588 beatus
2863 4530 3176 4600 Apollonius
3203 4528 3362 4584 etiam
3408 4542 3590 4584 secre-

325 4657 446 4695 cum
482 4682 497 4707 ,
551 4651 606 4695 et
655 4655 782 4701 ecce
831 4641 986 4708 longe
1037 4637 1214 4692 adhuc
1258 4636 1415 4690 nobis
1445 4633 1635 4702 positis
1692 4633 1760 4687 ab
1792 4633 1906 4703 ejus
1940 4651 1986 4710 ι)
2016 4634 2118 4688 tius
2156 4632 2225 4686 de
2262 4629 2472 4685 ratione
2511 4625 2874 4690 abstinentiae,
2909 4631 2964 4679 et
3007 4620 3430 4677 conversationis
3460 4619 3600 4677 inte-

327 4731 705 4796 monasterio,
773 4737 1123 4783 occurrerunt
1202 4725 1359 4780 nobis
1423 4722 1768 4792 fratres,qui
1837 4722 1906 4778 ab

327 4825 446 4892 ipso
495 4831 621 4877 ante
681 4822 908 4876 triduum
959 4819 1238 4873 audierant
1276 4817 1345 4871 de
1391 4816 1622 4870 adventu
1678 4823 1900 4882 nostro;

324 4924 678 4969 occurrerunt
733 4923 909 4966 autem
969 4911 1122 4966 nobis
1169 4925 1288 4965 cum
1339 4907 1575 4978 psalmis.
1634 4907 1744 4962 Hoc
1766 4907 1908 4962 enim

323 5015 404 5059 est
452 5005 533 5060 eis
588 5004 753 5058 moris
811 5004 983 5058 facere
1036 5004 1084 5055 in
1160 5001 1394 5054 adventu
1469 5000 1709 5053 omnium
1787 5015 1902 5053 mo-

329 5096 649 5154 nachorum.
685 5097 750 5148 Et
778 5095 1060 5149 adorantes
1087 5095 1137 5147 in
1170 5093 1329 5148 facies
1372 5108 1496 5148 suas
1525 5106 1694 5160 usque
1716 5091 1781 5146 ad
1811 5099 1916 5147 ter-

331 5209 465 5261 ram,
493 5192 876 5248 osculabantur
905 5206 1026 5256 nos,
1062 5189 1220 5261 154,
1243 5199 1401 5258 atque
1425 5188 1771 5242 ostendentes
1793 5201 1911 5256 nos,

327 5305 354 5343 s
378 5289 430 5343 bi
460 5288 691 5344 invicem
716 5289 966 5343 dicebant
998 5302 1014 5341 :
1047 5285 1134 5341 Isti
1164 5294 1288 5340 sunt
1311 5285 1523 5348 fratres,
1560 5283 1628 5338 de
1681 5297 1910 5352 quorum

331 5383 569 5436 adventu
617 5391 744 5436 ante
795 5379 1028 5435 triduum
1074 5377 1230 5433 nobis
1257 5385 1407 5446 pater
1430 5375 1743 5446 Apollonius
1777 5390 1914 5444 prm-

331 5474 564 5536 dixerat,
596 5473 802 5538 dicens,
832 5479 952 5541 post
1004 5469 1236 5524 triduum
1267 5468 1524 5524 aﬂ'uturos
1578 5477 1689 5521 tres
1724 5468 1914 5521 fratres

328 5563 392 5615 de
421 5561 779 5633 Jerosolymis
804 5561 1097 5616 venientes.
1131 5559 1234 5613 Alii
1262 5575 1388 5628 ergo
1410 5575 1474 5614 ex
1502 5558 1752 5612 fratribus
1781 5572 1916 5624 prte-

329 5653 595 5711 cedebant
625 5668 742 5719 nos,
770 5650 1248 5721 alii'sequebantur
1281 5669 1294 5703 :
1329 5659 1554 5720 utraque
1593 5658 1769 5702 tamen
1803 5655 1913 5701 tur-

331 5763 414 5801 ma
448 5745 730 5816 psallebat.
781 5744 881 5800 Ubi
929 5753 1104 5797 autem
1160 5745 1582 5812 appropinttuare
1605 5741 1713 5810 jam
1742 5742 1913 5809 ccepi-

333 5854 471 5907 mus,
510 5837 696 5894 audita
738 5850 868 5893 voce
897 5835 1084 5905 psalmi
1113 5875 1128 5903 ,
1152 5837 1311 5890 etiam
1352 5835 1466 5903 ipse
1508 5841 1724 5887 sanctus
1757 5832 1918 5902 Apol-

2011 4723 2225 4792 gritate,
2262 4717 2429 4774 multa
2472 4715 2634 4771 etiam
2672 4713 2740 4768 de
2779 4711 3159 4782 hospitalitatis
3207 4710 3384 4764 studio
3425 4709 3603 4764 disse-

2015 4817 2191 4880 rebat,
2215 4822 2268 4867 et
2291 4807 2634 4882 praecipiebat
2661 4807 2936 4868 attentius,
2961 4815 3013 4857 ut.
3037 4801 3388 4858 adventantes
3413 4800 3605 4855 fratres

2018 4906 2168 4977 quasi
2197 4901 2408 4958 Domini
2431 4898 2788 4966 suscipiamus
2813 4895 3123 4950 adventum.
3158 4892 3288 4946 Nam
3313 4898 3368 4947 et
3393 4889 3610 4944 adorari

2020 5001 2212 5054 fratres
2261 4994 2634 5055 adventantes,
2670 4997 2952 5058 propterea
3000 4981 3217 5056 (inquit)
3262 4982 3479 5036 traditio
3515 4979 3612 5034 ha-

2021 5093 2195 5154 betur,
2240 5095 2298 5140 ut
2341 5096 2546 5140 certum
2586 5082 2657 5136 sit
2702 5081 2753 5134 in
2805 5079 3036 5132 adventu
3081 5090 3268 5131 eorum
3315 5074 3609 5127 adventum

2025 5179 2234 5237 Domini
2259 5177 2386 5232 Jesu
2418 5175 2638 5240 haberi,
2665 5172 2756 5241 qui
2788 5171 2914 5226 dicit
2942 5187 2955 5222 :
2997 5167 3200 5238 Hospes
3233 5167 3336 5236 fui,
3368 5174 3413 5217 et
3439 5175 3616 5216 susce-

2024 5275 2171 5345 pistis
2194 5289 2274 5326 me
2303 5267 2521 5340 (Matth.
2549 5265 2690 5336 25.).
2718 5267 2806 5320 Sic
2836 5263 2978 5320 enim
3006 5269 3060 5316 et
3083 5258 3353 5315 Abraham
3376 5253 3617 5322 suscepit
3693 5251 3696 5255 ’

2023 5383 2116 5424 eos
2137 5366 2228 5437 qui
2253 5363 2502 5419 homines
2519 5361 2735 5431 quidem
2759 5358 3076 5414 videbantur
3092 5353 3248 5424 (Gen.
3266 5350 3399 5419 48.),
3426 5347 3610 5401 Domi-

2026 5474 2124 5514 nus
2145 5467 2322 5513 autem
2340 5457 2393 5511 in
2417 5455 2496 5511 eis
2517 5453 2927 5524 intelligebatur.
2954 5445 3223 5503 ln'erdum
3246 5454 3422 5496 autem
3446 5441 3608 5496 etiam

2024 5559 2209 5606 contra
2265 5549 2600 5605 voluntatem
2656 5559 2848 5613 cogere
2904 5541 3097 5594 fratres
3155 5535 3221 5588 ad
3274 5532 3608 5599 corporalem

2029 5645 2298 5714 requiem,
2329 5643 2497 5696 sancti
2530 5639 2629 5693 Lot
2649 5635 2950 5700 excm,-lum
2981 5625 3340 5699 proponebat,
3383 5625 3473 5694 qui
3504 5629 3612 5678 An-

2029 5737 2178 5807 gelos
2214 5734 2264 5788 vi
2309 5731 2615 5801 compulsos
2655 5727 2722 5781 a'd
2771 5723 3058 5794 b05pitium
3103 5720 3297 5773 domus
3337 5732 3447 5771 sua:
3484 5730 3610 5786 per-

2030 5830 2179 5885 duxit
2222 5825 2386 5899 (Ibid.
2423 5822 2555 5893 i9).
2587 5820 2690 5875 Sed
2739 5827 2790 5873 ct
2832 5816 2933 5871 hoc
2983 5811 3234 5870 monebat
3284 5811 3445 5882 (utsi
3497 5807 3612 5865 fieri
