4166 6348
574 369 682 425 “9

1600 361 1830 419 RUFINI
1873 359 2352 429 AQUIIJ‘EIENSIS
2394 360 2821 420 PRESBYTER!

3749 369 3852 425 4‘20

574 482 799 556 posset),
831 481 1074 554 quotidie
1117 477 1363 535 monachi
1407 474 1867 532 communicarent
1897 471 2160 542 Mysteriis
2194 481 2231 531 Α
2268 473 2425 528 nibus
2475 481 2604 537 tres,
2648 475 2738 542 qui
2781 483 2836 529 et
2866 473 3108 529 Grazcam
3150 474 3385 544 linguam
3426 475 3729 549 [Palladius
3776 483 3856 537 in-

577 578 774 633 Christi
800 579 840 642 ί,
873 591 938 631 ne
965 576 1104 629 forte
1125 574 1216 644 qui
1246 587 1304 628 se
1335 572 1490 640 longe
1510 567 1724 622 facitab
1755 567 1860 632 his,
1884 565 2041 634 longe
2071 564 2161 618 ﬁat

575 683 604 723 a
636 670 775 734 Deo;
799 669 890 737 qui
919 676 1099 720 autem
1127 663 1458 733 frequentius
1482 661 1598 714 hzec
1619 660 1890 725 suscepit,
1923 657 2162 726 frequen-

574 763 677 818 tius
725 763 900 830 ipsum
943 760 1190 815 videatur
1237 755 1513 824 suscipere
1557 754 1926 817 Salvatorem,
1954 751 2079 821 quia
2109 760 2162 805 ct

573 853 686 923 ipse
705 852 950 908 Salvator
980 853 1052 904 ita
1079 848 1246 902 dicit:
1284 845 1388 913 Qui
1417 844 1694 899 manducet
1723 859 1930 896 carnem
1961 859 2157 907 meam,

571 957 617 998 et
660 947 782 999 bibit
810 944 1109 1015 sanguinem
1149 956 1352 1004 meum,
1384 941 1436 993 in
1472 954 1553 992 me
1581 946 1780 1001 manet,
1814 945 1862 990 et
1893 951 1984 1005 ego
2021 936 2075 988 in
2104 951 2161 988 eo

574 1036 864 1109 (Joan.6.).
894 1035 999 1090 Sed
1027 1044 1080 1088 et
1111 1035 1224 1102 ipsa
1251 1032 1696 1086 commemoratio
1721 1031 2010 1084 Dominica:
2041 1043 2164 1098 pas-

571 1129 760 1193 sionis,
790 1142 910 1180 cum
945 1125 1165 1180 assidue
1191 1125 1301 1178 ﬁta
1328 1123 1627 1189 monachis,
1654 1123 1940 1190 plurimum
1966 1121 2163 1174 utilita-

569 1220 638 1275 tis
669 1220 749 1273 eis
777 1219 986 1274 confert
1017 1220 1082 1272 ad
1111 1219 1418 1288 exemplum
1461 1219 1752 1286 patientiae.
1785 1217 1890 1271 Sed
1922 1224 1977 1270 et
2015 1230 2162 1269 corn-

571 1311 798 1364 monitio
836 1310 992 1363 datur
1024 1324 1118 1379 per
1149 1309 1284 1377 haec,
1320 1317 1377 1363 ut
1419 1309 1633 1362 studeat
1677 1306 2042 1376 unusquisque
2087 1306 2156 1357 ita

572 1420 788 1473 semper
821 1414 1037 1474 paratus
1063 1403 1326 1467 inveniri,
1357 1418 1425 1458 ne
1453 1403 1705 1473 indignus
1734 1401 2023 1456 Dominicis
2052 1400 2162 1468 My-

573 1500 754 1554 steriis
804 1500 1084 1554 habeatur.
1132 1497 1380 1552 Addebat
1424 1506 1600 1551 autem
1647 1495 1762 1562 his,
1811 1495 1954 1566 quod
2000 1495 2157 1548 etiam

573 1591 822 1645 remissio
850 1599 1190 1659 peccatorum
1225 1604 1315 1656 per
1346 1590 1459 1641 lia-c
1486 1589 1828 1643 credentibus
1857 1588 2034 1640 detur.

651 1681 706 1752 ['
738 1681 948 1750 Jejunia
981 1696 1110 1735 sane
1163 1680 1398 1751 legitima
1450 1681 1500 1734 id
1542 1689 1622 1734 est
1679 1688 1866 1748 quarta
1909 1687 1960 1732 et
2011 1687 2156 1732 sexta

577 1771 737 1835 feria,
791 1771 1041 1824 monebat
1104 1787 1207 1824 non
1257 1785 1377 1824 esse
1437 1770 1722 1833 solvenda,
1782 1770 1882 1821 nisi
1942 1768 2160 1837 grandis

2268 572 2460 618 terserit
2483 572 2538 617 et
2562 561 2900 634 Romanam],
2939 573 2994 620 et
3018 563 3318 635 Egyptiam
3347 568 3483 624 bene
3513 582 3773 637 nossent,
3803 586 3858 630 nt

2264 655 2431 710 sicubi
2481 657 2841 711 necessarium
2885 657 3105 723 fuisset,
3149 657 3637 730 interpretarentur
3677 667 3856 736 nobis,

2264 747 2460 816 quique
2487 757 2541 802 et
2589 748 2641 802 in
2670 747 3124 804 collocutionibus
3163 750 3276 806 suis
3301 750 3570 809 aediﬁcare
3601 769 3702 810 nos
3735 772 3862 825 pos-

2263 850 2401 896 sent.
2443 841 2653 895 Mittens
2683 856 2811 911 ergo
2839 856 2932 896 eos
2960 842 3240 898 nobiscum
3272 847 3561 915 praecepit,
3595 862 3666 904 ne
3710 851 3858 917 prius

2263 949 2292 1016 a
2346 933 2502 989 nobis
2553 933 2925 1001 discederent,
2973 949 3133 1004 quam
3191 951 3381 992 omnes
3447 949 3650 1008 patres,
3695 950 3856 1012 atque

2263 1026 2443 1080 omnia
2465 1040 2583 1094 qua:
2607 1025 2867 1080 vellemus
2898 1026 3223 1082 monasteria
3249 1028 3590 1098 videremus;
3612 1034 3858 1102 quamvis

2264 1132 2450 1173 omnes
2488 1118 2719 1172 circuire
2761 1132 2923 1173 nemo
2951 1118 3202 1173 sufﬁciat.
3234 1119 3570 1177 Benedicens
3600 1138 3732 1194 ergo
3762 1141 3858 1182 nos

2263 1209 2493 1273 dimisit;
2520 1217 2680 1280 atque
2719 1209 2772 1263 in
2817 1211 2934 1264 haec
2968 1210 3132 1266 verba
3189 1211 3624 1269 benedictionem
3669 1215 3854 1270 ded;t:

2266 1300 2539 1356 Benedicat
2567 1318 2651 1356 vos
2685 1301 2930 1356 Dominus
2959 1320 3022 1356 ex
3054 1303 3183 1359 Sion
3207 1345 3221 1368 ,
3253 1313 3303 1358 et
3338 1306 3551 1360 videatis
3579 1323 3698 1377 qua:
3727 1307 3857 1360 bona

2261 1391 2701 1460 suntlerusalem,
2718 1394 2951 1448 omnibus
2969 1395 3143 1448 diebus
3169 1396 3283 1449 vitae
3295 1407 3472 1451 vestrae
3492 1396 3669 1467 (Psal.
3687 1396 3854 1466 127.).

2765 1515 2916 1586 157
2953 1515 3182 1570 CAPUT
3225 1515 3352 1571 vni.

2862 1651 2927 1690 DF.
2963 1646 2987 1672 ³
3015 1653 3252 1691 ΑΜΜΟΝΕ.

2338 1753 2468 1820 Quae
2512 1753 2812 1806 audivimus
2860 1750 3125 1822 (Pallori,
3173 1769 3288 1823 cap.
3325 1752 3390 1805 5‘2
3415 1756 3552 1807 circa
3581 1755 3760 1824 ﬁnem)
3792 1754 3858 1810 de

578 1863 752 1932 aliqua
817 1863 1112 1917 necessitas
1174 1861 1354 1926 ﬁeret,
1401 1861 1520 1930 quia
1577 1869 1766 1930 quarta
1821 1859 1952 1913 feria
2002 1858 2166 1914 ludas
2203 1847 2243 1904 Β
2274 1847 2537 1900 Αιικιιοηθ
2561 1846 2797 1929 quodam
2831 1853 3016 1898 sancto
3047 1844 3183 1909 viro,
3211 1844 3365 1914 cujus
3407 1845 3568 1900 etiam
3600 1846 3776 1900 locum
3806 1847 3854 1899 in

573 1952 641 2005 de
697 1952 984 2007 traditione
1038 1952 1242 2006 Domini
1307 1952 1661 2017 cogitaverat,
1715 1962 1768 2005 et
1827 1959 1976 2004 sexta
2027 1948 2161 2004 feria

574 2042 864 2100 cruciﬁxus
892 2044 959 2097 sit
984 2043 1251 2099 Salvator.
1278 2043 1556 2097 Videbitur
1585 2059 1713 2112 ergo
1740 2043 1828 2112 qui
1864 2045 1943 2096 his
1973 2043 2164 2098 diebus

573 2135 690 2188 sine
711 2137 883 2202 aliqua
915 2136 1236 2189 necessitate
1259 2136 1420 2187 solvit
1446 2143 1640 2188 statuta
1669 2133 1869 2203 jejunis
1890 2176 1905 2200 ,
1929 2135 2014 2189 vel
2043 2150 2164 2188 cum

576 2227 822 2280 tradente
871 2227 1081 2280 tradere
1129 2229 1496 2289 Salvatorem,
1542 2229 1622 2280 vel
1677 2243 1797 2280 cum
1849 2227 2168 2294 cruciﬁgen-

574 2317 715 2372 tibus
744 2317 1102 2390 cruciligerc.]
1144 2321 1300 2390 156
1344 2319 1560 2373 Dicebat
1597 2335 1748 2389 ergo,
1789 2330 1847 2373 ut
1872 2321 1916 2375 si
1951 2321 2086 2376 forte
2112 2321 2164 2374 in

570 2411 758 2464 diebus
803 2411 1126 2480 supradictis
1165 2413 1542 2482 supervenerit
1589 2412 1782 2480 aliquis
1829 2411 2089 2477 fratrum,
2122 2411 2166 2466 si

571 2503 787 2569 quidem
835 2511 957 2557 ante
1008 2504 1192 2558 horam
1226 2520 1419 2557 nonam
1459 2504 1668 2558 itineris
1707 2520 1895 2559 caussa
1928 2506 2055 2560 velit
2085 2520 2168 2559 re-

575 2595 754 2658 ﬁcere,
779 2596 1080 2666 ponendam
1105 2596 1153 2649 ei
1179 2610 1298 2650 esse
1326 2610 1564 2649 mensam
1590 2596 1693 2650 soli
1721 2613 1732 2648 :
1761 2595 1901 2665 quod
1932 2598 1974 2650 si
2011 2597 2165 2662 nolit,

577 2703 680 2742 non
714 2703 836 2743 eum
884 2703 1008 2745 esse
1036 2687 1335 2756 cogendum
1364 2705 1374 2740 :
1405 2687 1708 2742 communis
1754 2703 1983 2755 namque
2011 2686 2167 2755 hujus

572 2779 930 2834 observantia:
983 2779 1199 2834 traditio
1229 2787 1332 2833 est.
1377 2779 1641 2848 Culpabat
1689 2794 1819 2833 sane
1850 2778 2003 2833 valde
2049 2793 2164 2843 eos,

571 2872 662 2940 qui
693 2871 774 2926 vel
813 2885 1024 2926 comam
1066 2871 1258 2939 capitis
1292 2873 1565 2936 nutriunt,
1599 2872 1681 2925 vel
1714 2871 1914 2925 ferrum
1947 2874 1996 2925 in
2028 2873 2167 2925 col'o

570 2962 988 3031 circumferunt,
1020 2965 1103 3017 vel
1143 2964 1340 3032 aliquid
1375 2963 1500 3030 tale,
1532 2963 1672 3032 quod
1713 2964 1779 3017 ad
1823 2963 2170 3018 sustentatio—

571 3068 696 3108 nem
750 3055 1024 3108 hominum
1077 3054 1190 3108 fieri
1231 3054 1494 3120 videatur,
1545 3063 1754 3122 gerunt.
1811 3051 2028 3109 Certum
2084 3065 2167 3109 εει

572 3145 748 3212 enim,
782 3147 980 3216 inquit,
1013 3147 1152 3214 quod
1195 3147 1280 3202 isti
1323 3147 1390 3201 ab
1436 3146 1742 3201 hom‘nibus
1772 3147 1981 3202 laudem
2025 3163 2167 3215 qua!-

2275 1952 2380 2005 quo
2415 1937 2778 2002 habitaverat,
2811 1937 3040 1990 vidimus
3070 1938 3122 1990 in
3155 1938 3390 2000 deserto,
3421 1939 3644 1991 omitten
3669 1942 3714 1990 la
3757 1953 3858 1990 nou

2271 2029 2496 2082 credidi.
2542 2029 2706 2097 Igitur
2735 2028 2960 2097 digressi
2999 2043 3027 2080 a
3060 2029 3216 2082 beato
3249 2029 3554 2094 Apollonio,
3586 2044 3709 2082 eum
3744 2047 3860 2097 pru-

2270 2122 2621 2190 grcderemur
2652 2120 2718 2173 ad
2761 2129 2966 2188 partem
2999 2120 3199 2173 deserti
3243 2128 3425 2173 contra
3477 2119 3857 2182 Meridianum,

2273 2215 2504 2268 vidimus
2551 2227 2642 2281 per
2683 2227 2904 2266 arenam
2956 2212 3176 2279 vestigia
3212 2222 3412 2266 tractus
3446 2212 3693 2267 draconis
3721 2210 3748 2249 δ
3778 2215 3862 2264 ιιι-

2270 2307 2467 2375 gentis,
2497 2305 2650 2375 cujus
2680 2314 2827 2358 tanta
2873 2304 3181 2374 magnitudo
3225 2319 3403 2372 appari
3424 2304 3545 2369 bat,
3573 2306 3724 2371 quasi
3759 2317 3862 2359 tra-

2279 2398 2376 2450 hes
2402 2397 2576 2464 aliqua
2623 2411 2715 2464 per
2742 2409 2960 2449 arenam
2993 2394 3152 2448 ducta
3187 2394 3456 2448 videretur
3509 2395 3661 2459 Quod
3696 2403 3755 2448 ut
3785 2395 3858 2449 vi-

2271 2489 2482 2552 dimus,
2548 2489 2745 2559 ingenti
2809 2498 3012 2542 terrore
3086 2487 3313 2556 perculsi
3377 2500 3584 2540 sumus.
3645 2484 3861 2541 Fratres

2271 2590 2448 2636 autem
2493 2583 2584 2650 qui
2624 2595 2720 2634 nos
2766 2578 3132 2644 deducebant,
3178 2579 3530 2633 hortabantur
3578 2592 3676 2632 nos
3727 2577 3859 2632 nihil

2271 2674 2488 2727 omnino
2516 2674 2820 2735 formidare,
2851 2673 2943 2726 sed
2968 2671 3135 2739 magis
3161 2671 3410 2724 fiduciam
3438 2685 3655 2738 capere,
3681 2678 3739 2724 et
3767 2685 3859 2739 per

2274 2765 2552 2833 vestigium
2576 2763 2725 2832 sequi
2748 2763 3034 2818 draconem
3058 2780 3072 2816 :
3104 2762 3363 2817 Videbitis
3386 2763 3526 2817 enim
3547 2803 3564 2829 ,
3595 2761 3857 2832 inquiunt,

2271 2870 2527 2928 quantmn
2575 2858 2749 2909 valeat
2796 2854 2951 2919 ﬁdes,
2999 2868 3118 2908 cum
3168 2868 3198 2906 a
3247 2853 3400 2906 nobis
3447 2867 3569 2906 eum
3623 2853 3862 2908 videritis

2272 2952 2527 3020 extingui.
2580 2949 2773 3002 Multos
2816 2947 2961 3004 enim
3011 2955 3064 3001 et
3111 2946 3396 3011 dracones,
3436 2956 3491 3001 et
3540 2961 3766 3016 angues,
3809 2957 3864 3000 et

2273 3051 2524 3094 cornutas
2597 3040 2840 3094 manibus
2903 3038 3102 3093 nostris
3174 3039 3527 3106 peremimus,
3585 3038 3664 3092 sic
3718 3040 3858 3091 enim

2273 3133 2531 3199 seriptum
2582 3131 2843 3201 legimus:
2878 3130 3010 3196 Quia
3051 3129 3392 3184 credentibus
3423 3131 3477 3182 in
3516 3143 3577 3183 se
3615 3129 3864 3183 conedit

574 3246 730 3303 runt,
761 3246 816 3291 et
843 3238 1217 3292 ostentationis
1247 3252 1441 3293 caussa
1473 3239 1584 3292 haec
1611 3236 1839 3304 faciant,
1870 3255 1991 3293 cum
2018 3253 2166 3291 man-

2279 3223 2526 3278 Salvator
2571 3223 2779 3276 calcare
2829 3235 2993 3290 super
3038 3230 3398 3303 serpenteset
3443 3222 3777 3291 scorpiones,
3808 3232 3864 3276 et

571 3327 752 3383 datum
781 3328 882 3394 sit,
915 3329 1077 3382 etiam
1119 3327 1326 3398 jejunia
1360 3330 1472 3398 ipsa
1524 3330 1577 3384 in
1617 3331 1830 3384 occulto
1854 3345 1976 3385 esse
2021 3330 2166 3384 cele—

575 3420 808 3485 branda,
841 3429 899 3476 ut.
946 3421 1058 3474 Deo
1088 3421 1190 3474 Soli
1224 3422 1331 3475 sint
1358 3422 1571 3491 cognita
1592 3463 1604 3484 ,
1635 3423 1726 3491 qui
1765 3423 1910 3475 videt
1937 3415 2077 3490 quod
2115 3423 2167 3474 in

577 3512 785 3568 occulto
818 3511 902 3577 ﬁt,
937 3522 994 3568 et
1021 3513 1200 3566 reddit
1239 3513 1291 3566 in
1338 3514 1535 3582 palam.
1565 3513 1674 3569 Sed
1707 3523 1765 3566 ut
1811 3514 2040 3578 videtur,
2086 3514 2169 3566 isti

577 3620 684 3658 non
716 3613 843 3659 sunt
875 3606 1111 3659 contenti
1141 3603 1258 3673 ejus
1291 3605 1600 3660 testimonio
1623 3613 1677 3658 et
1717 3605 2169 3668 remuneratione,

579 3695 671 3764 qui
704 3693 852 3748 videt
879 3695 929 3748 in
961 3695 1193 3762 occulto,
1217 3695 1316 3750 sed
1355 3695 1684 3750 manifestari
1716 3695 1798 3748 isti
1829 3695 1966 3764 apud
2001 3696 2173 3750 homi-

580 3799 678 3842 nes
705 3785 889 3840 volunt
913 3786 1127 3855 (Matth.
1155 3787 1263 3857 6.).
1285 3786 1473 3843 Omnis
1501 3789 1644 3842 enim
1670 3787 2011 3842 abstinentia
2038 3789 2173 3842 ratio

576 3878 636 3932 in
666 3879 876 3934 occulto
913 3880 1156 3936 habenda
1184 3887 1299 3947 est,
1331 3890 1388 3936 et
1427 3889 1485 3934 ut
1505 3895 1702 3946 corpus
1727 3879 1946 3948 jejuniis
1982 3881 2171 3949 fatige-

579 3978 683 4037 tur,
715 3978 770 4024 et
799 3980 976 4026 tamen
1003 3988 1108 4026 non
1137 3972 1278 4042 apud
1311 3971 1559 4026 homines
1596 3971 1877 4040 iactantia.
1929 3972 2026 4027 sed
2072 3973 2172 4026 Do-

580 4062 709 4117 mini
741 4064 1025 4119 retributio
1049 4072 1342 4133 quaeratur.

650 4153 778 4210 Haec
815 4164 868 4210 et
903 4156 1069 4210 multa
1106 4157 1209 4210 alia
1252 4155 1406 4211 nobis
1433 4155 1502 4210 de
1537 4157 1944 4213 conversatidne
1984 4173 2171 4214 mona-

577 4245 802 4300 chorum
830 4261 926 4316 per
957 4256 1122 4302 totam
1153 4247 1428 4301 disserens
1471 4248 1678 4302 dierum
1706 4250 2088 4318 septimanam,
2119 4259 2174 4307 et

583 4334 742 4390 fidem
770 4335 1031 4390 doctrina:
1061 4345 1336 4406 gestorum
1368 4352 1586 4392 suorum
1622 4338 1946 4392 auctoritate
1973 4340 2170 4393 conﬁr-

579 4442 758 4494 mans,
790 4430 879 4482 ubi
914 4430 1181 4498 proﬁcisci
1207 4431 1467 4500 cwpimus
1488 4430 1556 4485 ab
1585 4447 1672 4498 eo,
1711 4431 2013 4501 produccns
2050 4449 2174 4517 nos,

575 4521 959 4588 aliquantulum
1007 4523 1288 4585 monebat,
1317 4523 1544 4579 dicens:
1591 4525 1729 4578 Ante
1758 4522 1956 4589 omnia,
1990 4525 2168 4580 dilec-

2275 3329 2434 3381 supcr
2472 3329 2684 3366 onmem
2718 3312 2969 3366 virtutem
3016 3311 3220 3364 inimici
3255 3294 3574 3381 (an.10.).
3607 3311 3711 3367 Sed
3755 3312 3861 3365 illis

2277 3407 2392 3460 hazc
2419 3407 2742 3470 dicentibus,
2769 3420 2865 3461 nos
2891 3422 2997 3473 pra:
3031 3405 3354 3460 inﬁdelitatis
3384 3403 3671 3476 fragilitate
3693 3405 3860 3472 magis

2276 3501 2548 3568 magisque
2579 3499 2970 3561 metuebamus,
3000 3507 3054 3550 et
3085 3497 3405 3566 rogabamus
3435 3511 3530 3550 cos
3563 3510 3629 3550 ne
3660 3496 3859 3551 vellent

2275 3594 2427 3661 sequi
2471 3592 2718 3644 dracoiiis
2749 3591 3001 3661 vestigia,
3033 3591 3125 3646 scd
3174 3592 3349 3659 potius
3387 3600 3442 3643 ut
3481 3600 3630 3646 recto
3674 3591 3862 3646 itinere

2277 3697 2641 3752 pergeremus.
2678 3683 2824 3738 Unus
2863 3693 3039 3736 tamen
3079 3697 3144 3736 ex
3199 3681 3326 3750 ipsis
3369 3682 3646 3736 alacritate
3688 3682 3860 3751 impa-

2279 3775 2415 3830 tiens
2443 3775 2717 3831 iuseeuttts
2747 3786 2830 3832 est
2860 3776 3173 3830 draconem.
3209 3775 3417 3829 Etcum
3451 3788 3555 3828 non
3589 3776 3744 3845 longe
3785 3773 3869 3829 in-

2278 3871 2514 3928 venisset
2569 3871 2687 3941 ejus
2737 3873 3076 3941 speluncam,
3123 3870 3386 3925 clamabat
3419 3883 3516 3922 nos
3558 3877 3614 3922 ut
3664 3870 3866 3924 iremus

2275 3963 2342 4017 ad
2373 3979 2529 4031 eum,
2558 3975 2614 4019 et
2645 3965 2948 4020 videremus
2973 3965 3176 4018 exitum
3209 3963 3306 4017 rei.
3335 3961 3561 4029 Quidam
3593 3970 3772 4016 tamen
3802 3979 3866 4018 ex

2275 4057 2530 4114 fratribus
2560 4062 2791 4114 occurrit
2837 4058 3016 4121 nobis,
3047 4057 3135 4126 qui
3168 4057 3220 4110 in
3252 4056 3423 4109 vicina
3452 4070 3637 4110 eremo
3665 4056 3869 4110 habita-

2277 4151 2398 4216 bat,
2429 4159 2484 4205 et
2515 4151 2788 4222 prohibuit
2826 4166 2922 4205 nos
2965 4151 3113 4220 sequi
3155 4149 3467 4214 draconem,
3516 4148 3734 4213 dicens,
3764 4164 3797 4203 n
3837 4164 3868 4202 ιι

2281 4256 2439 4311 posse
2474 4256 2573 4296 nos
2603 4257 2700 4296 nec
2724 4252 3002 4310 aSpectum
3027 4240 3142 4310 ejus
3171 4239 3423 4308 tolerare,
3458 4239 3728 4308 praecipue
3751 4241 3869 4306 quia

2278 4334 2384 4390 tale
2430 4332 2632 4404 aliquid
2663 4335 2715 4387 in
2751 4348 2845 4387 usu
2880 4348 2986 4386 non
3036 4332 3316 4387 habuimus
3366 4330 3621 4386 videndi:
3654 4345 3714 4384 se
3745 4344 3869 4384 vero

2277 4427 2492 4483 dicebat
2520 4426 2829 4496 frequenter
2867 4426 3062 4480 vidisse
3110 4429 3279 4493 ipsam
3327 4424 3498 4480 bestia
3525 4441 3553 4474 ιι
3605 4423 3872 4478 vastitatis

2277 4518 2637 4582 incredibilis,
2661 4527 2714 4572 et
2743 4517 2944 4572 habere
2987 4517 3037 4568 in
3079 4515 3408 4584 longitudine
3448 4513 3750 4584 quindecim
3782 4528 3873 4568 cu-

579 4609 808 4674 tissimi,
837 4625 1020 4677 pacem
1051 4612 1301 4670 habetote
1325 4615 1465 4669 inter
1486 4630 1624 4669 vos:
1655 4616 1914 4671 nolite-ab
1940 4617 2168 4671 invicem
2202 4605 2250 4664 Ι)
2278 4612 2442 4666 bilos.
2476 4609 2714 4678 Cumque
2742 4624 2841 4664 nos
2875 4607 2943 4662 ad
2975 4607 3148 4662 locum
3182 4607 3502 4662 dehortatus
3528 4613 3675 4660 esset
3715 4619 3872 4660 acce-

569 4699 842 4770 separari.
874 4699 1026 4756 Tunc
1060 4716 1356 4757 conversus
1383 4705 1447 4756 ad
1497 4704 1711 4769 fratres,
1743 4707 1832 4774 qui
1865 4708 2025 4762 simul
2049 4723 2170 4763 cum

579 4807 647 4846 co
677 4795 1037 4860 producentes
1078 4809 1196 4863 nos,
1229 4796 1485 4861 aderant,
1519 4797 1663 4851 dixit
1695 4815 1710 4854 :
1744 4799 1874 4866 Quis
1904 4811 2173 4868 vestrum,

584 4885 798 4950 fratres,
829 4896 1110 4954 promptus
1151 4897 1232 4942 est
1258 4887 1524 4942 deducere
1552 4903 1650 4944 eos
1690 4905 1859 4959 usque
1887 4891 1954 4945 ad
2001 4893 2175 4947 vicina

586 4986 796 5045 patrum
830 4979 1195 5032 monasteria?
1229 4977 1444 5032 Etcum
1478 4995 1626 5047 paene
1659 4996 1848 5036 omnes
1893 4987 2180 5052 promptis-

585 5069 722 5123 sime
752 5071 1071 5139 semetipsos
1106 5071 1464 5138 obtulissent,
1508 5079 1564 5127 et
1614 5075 1864 5144 progredi
1895 5077 2176 5130 nobiscum

590 5161 826 5248 vellent,
872 5165 986 5232 ipse
1015 5171 1230 5218 sanctus
1259 5173 1411 5233 pater
1442 5165 1756 5235 Apollonius
1785 5168 1947 5238 elegit
1977 5183 2042 5222 ex
2072 5183 2181 5221 om-

661 5325 686 5354 ο
716 5316 1021 5392 Ammone]
1049 5317 1329 5392 Distinclus
1350 5318 1432 5372 hic
1452 5320 1518 5373 ab
1541 5321 1787 5392 Ammone
1809 5319 2062 5392 Egi/ptio
2092 5319 2183 5372 seti

595 5386 847 5455 Nelrtote,
869 5387 932 5442 de
959 5386 1060 5459 quo
1088 5390 1170 5444 hic
1203 5400 1315 5458 post
1351 5408 1398 5445 c.
1426 5393 1515 5456 30,
1541 5401 1586 5444 et
1626 5386 2050 5456 Tabennrn's'iote,
2095 5393 2183 5459 qui

587 5461 641 5512 in
681 5459 920 5513 Tabcnna
965 5462 1126 5515 tribus
1153 5463 1352 5515 circiter
1388 5463 1612 5516 millibus
1639 5461 2009 5514 monachorum
2051 5477 2181 5530 prte-

595 5531 809 5604 [ui_t,_de
829 5547 926 5598 quo
959 5534 1221 5604 Iiicdsupra
1245 5550 1362 5593 cap.
1389 5532 1463 5604 3.7
1692 5533 2039 5604 lloswevuu‘s.

668 5602 690 5638 ιι
713 5602 1002 5674 Dracone]
1032 5600 1165 5657 Fors
1182 5605 1410 5671 eiusdem
1432 5603 1695 5674 Ammonis
1723 5602 1954 5674 estquod
1975 5600 2186 5654 habetur

594 5673 688 5727 lib.
715 5669 809 5724 III
854 5672 873 5701 ³
898 5669 1096 5743 Ruﬁni,
1119 5669 1262 5729 nunt.
1292 5675 1398 5726 ‘2”
1432 5675 1492 5725 de
1515 5671 1722 5724 basilico
1756 5671 2022 5736 dissipato.

1625 5743 1974 5793 lioswn'nt's.

668 5813 684 5844 ¹
722 5811 922 5869 Confer
952 5815 1009 5869 S.
1037 5813 1346 5884 Hieronymi
1383 5813 1552 5881 Epist.
1583 5812 1634 5864 in
1662 5821 1842 5864 noswa
1874 5809 2187 5865 recensione

2278 4705 2430 4769 dere,
2467 4704 2582 4773 ipse
2612 4716 2928 4771 properans,
2963 4699 3178 4754 fratrem
3223 4699 3312 4769 qui
3345 4699 3454 4752 illic
3487 4713 3584 4752 nus
3629 4698 3874 4768 opperie-

2281 4798 2440 4851 batur
2493 4804 2710 4864 paratus
2749 4794 2818 4848 ad
2873 4792 3238 4860 perimendum
3280 4790 3540 4854 bestiam,
3581 4789 3870 4854 abstraxit,

2281 4901 2569 4955 secumque
2617 4885 2920 4948 revocavit,
2954 4891 3009 4938 et
3037 4883 3313 4938 nolentem
3349 4881 3628 4935 discedere
3653 4880 3756 4935 nisi
3784 4895 3875 4934 ex-

2288 4980 2556 5045 tingueret
2583 4991 2733 5039 cam,
2777 4976 2946 5029 multa
2993 4989 3152 5044 prece
3193 4971 3429 5028 deflexit.
3463 4971 3565 5038 Qui
3611 4986 3733 5026 cum
3780 4960 3872 5026 ve—

2290 5070 2456 5124 nisset
2482 5068 2546 5123 ad
2575 5084 2694 5135 nos,
2726 5069 2996 5138 ignaviam
3025 5076 3262 5124 nostram
3283 5064 3765 5130 inﬁdelitatemque
3793 5079 3876 5118 re-
3951 5112 3956 5126 ,
4000 5052 4012 5061 ’

2288 5163 2516 5231 darguit.

2288 5319 2452 5373 LXXI
2491 5317 2558 5371 ad
2588 5318 2895 5383 Lacinium,
2929 5332 3079 5370 num.
3123 5315 3180 5382 6,
3209 5315 3297 5369 ubi
3327 5313 3389 5368 de
3423 5313 3882 5383 Eucharistia,_nn

2287 5389 2586 5455 accipienda
2615 5390 2842 5456 quotidie
2869 5381 2939 5441 sit
2959 5431 2971 5452 ,
3001 5388 3136 5457 quod
3167 5381 3399 5439 Romana
3430 5383 3665 5438 Ecclesia
3687 5395 3733 5437 et
3761 5381 3809 5435 Η
3825 5383 3886 5434 is-

2292 5463 2458 5529 pania:
2484 5462 2748 5512 observare
2775 5461 3120 5528 perhibentur,
3146 5459 3402 5526 disputat.

2363 5532 2381 5560 ²
2419 5530 2636 5584 liminis
2668 5521 2872 5584 inclusa
2913 5521 3174 5584 habentur
3208 5521 3415 5583 Decret.
3455 5541 3534 5580 Ill.
3577 5531 3717 5595 part.
3749 5521 3878 5579 dist.

2291 5599 2342 5654 5.
2375 5602 2435 5653 de
2465 5598 2702 5654 Consecr.
2728 5617 2775 5652 c.
2809 5601 2891 5656 lii.

2366 5671 2386 5701 ³
2412 5671 2710 5725 Notandum
2745 5670 2862 5725 heir.
2900 5672 3096 5736 denuo,
3129 5671 3266 5740 quod
3301 5671 3458 5722 toties
3491 5667 3748 5739 diximus,
3777 5686 3878 5725 ιιοιι

2292 5756 2409 5796 esse
2437 5744 2584 5796 illttm
2627 5743 2801 5794 llulini
2834 5741 3025 5796 librum
3049 5783 3062 5803 ,
3095 5744 3185 5794 sed
3217 5757 3244 5794 a
3275 5742 3558 5796 lluliniauo
3585 5740 3690 5796 hoc
3723 5751 3878 5811 atque

2292 5813 2409 5867 aliis
2437 5813 2630 5868 alicubi
2662 5816 3112 5866 Cttttsarcittatuut.
