4166 6348
300 374 396 429 431

1512 368 1831 425 HISTORIA
1876 367 2370 430 MONACHORUM.

369 490 749 547 Pervenientes
778 502 958 547 autem
987 492 1054 547 ad
1085 492 1332 549 cellulam
1368 492 1531 559 illius,
1566 507 1687 548 cum
1720 490 1883 546 multa
1916 492 1963 551 Δ
1991 507 2096 548 non
2122 494 2376 560 ferentes,
2402 507 2857 565 congregaverunt
2879 514 3040 570 super
3057 516 3178 556 eum
3202 517 3383 559 arenae
3403 508 3575 565 moles

298 586 584 641 dilectione
632 600 867 653 suscepti
921 584 1079 657 153
1121 587 1188 638 ab
1237 600 1302 640 eo
1349 585 1734 653 requievimus.
1793 582 1886 639 llle

295 694 421 733 vero
453 677 707 731 narrabat
738 677 913 743 nobis,
947 677 1085 745 quod
1116 677 1167 730 in
1200 676 1293 730 illo
1324 676 1441 729 loco
1472 675 1561 729 ubi
1596 676 1712 742 ipse
1738 688 1886 728 com-

295 769 574 836 manebat,
607 767 823 837 quidam
870 767 967 821 fuit
997 766 1078 821 vir
1116 776 1354 831 sanctus,
1388 766 1540 836 cujus
1588 766 1705 834 ipse
1743 773 1886 819 esset

294 861 610 931 discipulus,
645 862 877 915 Ammon
907 872 1123 914 nomine
1150 858 1410 928 (Pallad.,
1436 876 1549 926 cap.
1581 858 1668 922 55,
1696 856 1879 910 dicitur

296 952 515 1021 Amun),
541 965 636 1019 per
656 964 813 1019 quem
839 947 1100 1018 plurimas
1121 945 1346 1003 virtutes
1370 946 1581 1001 fecisset
1602 945 1880 1001 Dominus.

297 1044 433 1097 Inter
459 1049 656 1096 caetera
684 1041 844 1112 igitur
864 1041 1024 1095 etiam
1051 1039 1151 1094 hoc
1173 1040 1240 1094 de
1269 1055 1333 1094 eo
1364 1040 1640 1094 narrabat.

362 1135 717 1205 Frequenter,
770 1134 977 1203 inquit,
1021 1133 1309 1188 veniebant
1359 1134 1423 1188 ad
1471 1149 1596 1188 eum
1648 1134 1883 1187 latrones

295 1245 516 1299 panem,
545 1244 653 1298 quo
675 1227 791 1282 Solo
812 1227 1150 1293 vescebatur,
1177 1228 1484 1282 auferentes
1512 1228 1584 1293 ei,
1613 1235 1665 1282 et
1687 1230 1730 1280 si
1755 1226 1879 1295 quid

294 1329 409 1377 erat
437 1321 580 1390 quod
611 1321 678 1375 ad
703 1322 903 1376 victum
930 1336 1084 1377 suum
1113 1321 1634 1375 continentissimum
1677 1322 1881 1388 reposi—

295 1424 403 1467 tum
435 1413 735 1469 videbatur.
768 1413 1009 1482 Cumque
1042 1413 1347 1479 frequenter
1370 1413 1437 1466 ab
1464 1412 1544 1466 his
1577 1410 1878 1465 molestiam

301 1513 592 1573 pateretur,
618 1504 845 1573 quadam
870 1504 955 1560 die
987 1504 1248 1573 processit
1273 1504 1337 1557 ad
1369 1518 1610 1558 eremum
1632 1544 1646 1567 ,
1678 1511 1732 1556 et
1759 1502 1880 1557 inde

295 1594 507 1650 rediens
525 1594 663 1649 duos
690 1595 948 1649 dracones
967 1596 1201 1664 ingentes
1225 1610 1405 1650 secum
1426 1596 1665 1649 comitari
1691 1594 1876 1664 jussit,

292 1696 448 1757 atque
478 1688 545 1743 ad
585 1688 778 1743 ostium
806 1689 1115 1743 monasterii
1144 1690 1225 1743 sui
1255 1704 1471 1743 manere
1497 1688 1575 1743 eis
1604 1687 1874 1757 praecepit,

295 1781 698 1849 ingressumque
720 1795 954 1836 servare.
987 1781 1218 1836 Veniunt
1240 1796 1305 1836 ex
1338 1796 1486 1835 more
1515 1782 1770 1848 latrones,
1801 1782 1878 1836 vi-

1992 586 2301 654 immensas,
2353 600 2558 646 astante
2606 599 2783 649 tamen
2835 594 3033 649 ibidem
3074 608 3226 664 patre
3284 598 3571 667 Ammone,

1989 679 2114 747 quia
2148 695 2244 735 nec
2272 682 2351 736 sic
2374 683 2587 752 quidem
2608 725 2621 746 ,
2645 700 2765 738 enim
2790 699 2995 742 mortua
3021 686 3204 743 fuisset
3233 687 3427 755 bestia,
3452 688 3572 745 sine

1991 770 2108 840 ipso
2135 775 2563 845 appropinquare
2588 776 2636 830 ei
2672 777 2959 833 audebant.

2603 891 2829 948 CAPUT
2867 892 2955 946 IX.

2165 1022 2230 1061 DE
2255 1014 2280 1041 ³
2302 1021 2542 1060 COI‘RETE
2574 1020 2903 1061 I’RESBYTI‘IRO
2935 1022 3000 1059 ET
3030 1023 3391 1063 PATERSIUTIO.

2058 1124 2187 1180 Erat
2215 1124 2432 1192 quidam
2464 1122 2766 1193 presbyter,
2802 1121 3005 1191 Copres
3035 1125 3250 1180 nomine
3292 1125 3572 1197 (Pallad.,

1986 1233 2101 1286 cap.
2135 1214 2253 1285 51),
2293 1216 2345 1268 in
2397 1216 2509 1281 ipsa
2557 1230 2741 1269 eremo
2787 1214 2989 1269 habens
3033 1219 3454 1284 monasterium,
3492 1220 3573 1273 vir

1986 1318 2203 1368 sanctus
2232 1323 2494 1362 annorum
2541 1307 2754 1362 circiter
2794 1309 3095 1377 octoginta,
3128 1320 3181 1364 et
3212 1311 3328 1378 ipse
3374 1312 3573 1365 multas

1985 1401 2210 1457 virtutes
2249 1399 2473 1463 faciens,
2508 1398 2795 1467 languores
2823 1413 3040 1464 curans,
3075 1412 3127 1454 et
3154 1400 3396 1457 efﬁciens
3425 1403 3569 1456 sani-

1985 1502 2142 1557 tates,
2173 1490 2267 1546 sed
2315 1500 2369 1546 et
2415 1490 2688 1545 dmmones
2735 1488 2949 1558 fugans,
2987 1499 3043 1544 ct
3087 1491 3252 1545 multa
3307 1492 3570 1547 mirabilia

1984 1585 2206 1640 faciens.
2237 1583 2315 1637 Ex
2350 1582 2545 1648 quibus
2574 1581 2827 1635 nonnulla
2856 1582 3017 1636 etiam
3052 1582 3103 1636 in
3131 1584 3301 1636 nostri
3328 1599 3565 1652 praesen-

1985 1677 2057 1730 tia
2085 1674 2280 1729 effecit.
2315 1674 2363 1727 ls
2391 1688 2520 1743 ergo
2559 1688 2680 1728 cum
2712 1672 2933 1728 vidisset
2976 1686 3098 1736 nos,
3131 1683 3184 1727 et
3212 1674 3397 1728 osculo
3428 1676 3572 1728 sale-

1988 1778 2180 1832 tasset,
2214 1774 2374 1835 atque
2404 1781 2472 1821 ex
2504 1779 2653 1819 more
2705 1773 2826 1834 post
2872 1764 3171 1819 orationem
3205 1765 3366 1819 etiam
3414 1766 3575 1835 pedes

290 1871 478 1927 dentes
510 1872 598 1945 [L.
631 1871 960 1942 nescientes]
991 1875 1077 1942 qui
1106 1884 1286 1928 essent
1316 1875 1566 1929 custodes
1593 1875 1645 1929 in
1678 1876 1875 1942 limine,

1992 1862 2243 1927 lavisset,
2287 1858 2591 1926 requirebat
2620 1873 2649 1911 a
2682 1856 2858 1919 nobis,
2892 1870 3009 1925 quae
3041 1865 3358 1925 gererentur
3386 1856 3438 1910 in
3469 1871 3572 1911 sa:-

292 1974 344 2018 et
371 1975 426 2018 ut
446 1965 696 2018 viderunt
721 1965 1001 2029 dracones,
1034 1965 1306 2020 exanimes
1332 1973 1385 2019 et
1413 1975 1653 2020 amentes
1679 1968 1874 2031 effecti,

292 2056 691 2121 obmutuerunt,
727 2066 781 2109 et
807 2056 984 2110 statim
1027 2058 1392 2111 conciderunt.
1416 2057 1565 2123 Quod
1592 2059 1676 2113 ubi
1702 2060 1882 2113 senior

297 2148 493 2208 sensit,
526 2160 773 2213 egressus
815 2146 1015 2200 invenit
1045 2161 1138 2201 eos
1167 2148 1486 2210 semineces,
1522 2156 1577 2202 ct
1619 2151 1885 2203 accedens

290 2243 442 2304 atque
466 2238 702 2305 erigens,
735 2238 1041 2303 increpabat
1063 2253 1178 2302 eos,
1203 2238 1385 2294 dicens
1411 2256 1424 2293 :
1454 2239 1687 2295 Cernitis
1715 2256 1880 2309 quan-

291 2336 397 2380 tum
449 2342 543 2380 vos
599 2326 844 2381 duriores
896 2328 1082 2382 bestiis
1139 2330 1318 2383 estis:
1364 2332 1468 2384 illae
1524 2333 1666 2386 enim
1725 2334 1879 2388 nobis

291 2428 503 2488 propter
534 2420 697 2472 Deum
721 2419 1000 2483 obedinnt,
1026 2436 1120 2475 vos
1142 2431 1318 2477 autem
1345 2438 1441 2477 occ
1465 2424 1629 2479 Deum
1652 2426 1877 2490 timetis,

289 2524 386 2563 nec
416 2509 572 2564 vitam
616 2524 893 2565 servorum
928 2512 1019 2567 Dei
1068 2514 1370 2581 inquietare
1398 2516 1734 2570 Cl'llbeSt‘iliS.
1774 2518 1877 2572 Ve-

288 2611 585 2657 rumtamen
611 2603 956 2659 introducens
984 2620 1076 2659 eos
1100 2606 1150 2659 in
1178 2607 1399 2674 cellam,
1428 2609 1603 2676 posuit
1628 2610 1705 2663 eis
1733 2624 1881 2662 men-

289 2707 430 2758 sam,
460 2702 516 2748 et
540 2694 692 2762 jubet
721 2704 778 2750 ut
821 2698 1162 2765 perciperent
1193 2698 1394 2750 cibum.
1439 2698 1516 2751 llli
1546 2714 1670 2753 vero
1716 2700 1879 2754 corde

289 2787 616 2853 compuncti,
651 2795 703 2839 et
731 2788 802 2841 ab
844 2788 990 2841 omni
1024 2790 1217 2842 mentis
1245 2803 1354 2841 sua:
1394 2788 1727 2843 immanitate
1751 2805 1879 2844 con-

288 2875 459 2937 versi,
490 2876 672 2929 multis
712 2877 803 2946 qui
849 2877 994 2947 prius
1046 2877 1270 2931 Domino
1313 2878 1517 2932 servire
1558 2890 1874 2948 coeperant,

289 2968 341 3022 in
372 2968 515 3024 brevi
558 2971 809 3025 meliores
850 2970 1002 3025 fiunt.
1048 2972 1102 3024 ln
1136 2980 1339 3024 tantum
1382 2972 1523 3025 enim
1558 2988 1651 3038 per
1703 2974 1876 3040 paeni-

291 3062 510 3116 tentiam
555 3064 922 3131 profecerunt,
966 3074 1021 3118 ut
1067 3074 1188 3133 post
1234 3080 1338 3118 non
1396 3066 1617 3117 multum
1670 3076 1878 3135 tempo-

287 3153 387 3219 ris,
440 3155 602 3210 etiam
649 3156 751 3226 ipsi
800 3156 988 3212 eadem
1041 3158 1276 3213 facerent
1317 3158 1497 3227 signa,
1549 3159 1875 3228 easdemque

286 3246 528 3301 virtutes.

356 3338 481 3393 Alio
511 3346 654 3408 praet-
677 3355 765 3393 rea
795 3349 1035 3408 tempore
1063 3340 1454 3395 immanissimo
1485 3341 1712 3410 quodnn
1744 3343 1870 3395 dra-

287 3445 426 3486 cone
476 3431 675 3486 vicinas
720 3444 958 3487 vastante
1010 3435 1276 3502 regiones,
1327 3446 1378 3489 et
1429 3436 1684 3503 plurimos
1733 3436 1874 3504 peri-

287 3532 489 3588 mentc,
543 3535 795 3578 venerunt
840 3525 1166 3579 habitatores
1213 3526 1311 3580 loci
1371 3527 1514 3581 illius
1562 3527 1629 3581 ad
1686 3543 1875 3596 supra-

286 3614 486 3669 dictum
539 3625 739 3683 patrem
760 3656 776 3682 ,
811 3627 1026 3671 orantes
1056 3632 1207 3682 eum,
1243 3628 1297 3672 ut
1327 3617 1393 3672 de
1424 3620 1729 3689 regionibus
1762 3620 1872 3675 suis

286 3709 576 3776 perimeret
606 3708 866 3762 bestiam:
892 3708 1052 3763 simul
1078 3709 1260 3777 etiam,
1282 3719 1336 3763 ut
1359 3710 1422 3762 ad
1450 3712 1871 3766 miscrico-diam

287 3799 566 3854 fleeterent
596 3814 813 3864 senem,
848 3814 1070 3869 puerum
1113 3801 1395 3868 quemdam
1432 3805 1658 3870 pastoris
1704 3803 1870 3856 filium

288 3904 466 3945 secum
515 3889 798 3956 deferunt,
850 3891 942 3961 qui
991 3892 1108 3946 solo
1153 3893 1267 3946 visu
1298 3893 1544 3946 draconis
1584 3896 1872 3950 exterritus

290 3992 469 4037 mente
498 3982 803 4049 exciderat,
836 3994 890 4039 et
917 3983 987 4039 ab
1025 3984 1142 4038 solo
1172 3985 1334 4039 halitu
1377 3985 1562 4041 bestiae
1611 3988 1874 4044 exaoitnis

286 4075 600 4143 portabatur
653 4089 715 4129 ac
768 4084 1003 4145 turgens.
1048 4075 1199 4132 Tunc
1250 4076 1338 4131 ille
1386 4093 1605 4145 puerum
1656 4081 1871 4149 quidem

288 4182 592 4239 perungens
630 4168 773 4234 oleo,
806 4170 1041 4224 restituit
1087 4183 1297 4223 sanum.
1346 4170 1706 4240 Semetipsum
1744 4187 1872 4228 vero

287 4263 350 4316 ad
374 4276 559 4317 necem
588 4262 838 4317 draconis
871 4263 1150 4333 inStigans,
1184 4264 1288 4319 illis
1322 4265 1568 4330 interim,
1600 4267 1748 4334 quasi
1782 4268 1870 4336 qui

289 4353 415 4408 nihil
460 4370 555 4410 eos
586 4365 765 4425 posset
792 4355 1002 4425 juvare,
1035 4357 1347 4423 promittere
1384 4356 1513 4413 nihil
1544 4357 1729 4412 voluit.
1763 4358 1871 4413 Ma-

290 4457 405 4503 ture
430 4456 609 4503 autem
651 4461 878 4519 surgens
906 4448 1037 4502 abiit
1061 4448 1126 4502 ad
1164 4450 1321 4520 159
1346 4447 1618 4518 digressus
1664 4448 1869 4517 bestiae,

240 4582 249 4590 .
287 4548 340 4593 et
378 4539 494 4593 fixit
536 4554 707 4609 genua
738 4554 832 4593 sua
864 4540 916 4593 in
970 4549 1165 4594 terram
1215 4541 1510 4608 deprecans
1564 4542 1869 4597 Dominum.

1982 1954 2122 2009 culo.
2147 1952 2254 2006 Nos
2278 1962 2455 2005 autem
2482 1948 2805 2019 rogabamus
2827 1962 2946 2001 eum
2965 1988 2979 2010 ,
3006 1958 3063 2000 ut
3090 1948 3202 2015 ipse
3224 1947 3392 2015 magis
3416 1947 3574 2001 nobis

1980 2047 2049 2103 de
2077 2044 2187 2100 suis
2215 2044 2381 2113 gestis
2408 2042 2583 2111 aliqua
2614 2047 2890 2103 narraret,
2923 2048 2979 2093 et
3019 2053 3081 2093 ex
3114 2040 3303 2106 quibus
3337 2038 3571 2102 actibus,

1982 2141 2240 2210 quibusve
2288 2137 2490 2191 meritis
2519 2136 2773 2189 Dominus
2803 2133 2853 2188 ei
2884 2143 3081 2187 tantam
3112 2136 3336 2203 gratiam
3377 2144 3568 2189 contu-

1981 2232 2161 2296 lisset,
2191 2236 2500 2297 exponeret.
2528 2228 2596 2280 At
2625 2226 2714 2280 ille
2746 2225 2874 2278 nihil
2903 2224 3221 2293 dedignatus
3243 2233 3355 2287 est,
3385 2232 3439 2278 et
3459 2237 3571 2279 sua:

1980 2324 2129 2389 vitae,
2160 2331 2214 2375 et
2246 2324 2481 2390 priorum
2505 2333 2723 2372 suorum
2756 2330 2976 2370 narrare
3009 2316 3163 2369 nobis
3192 2315 3435 2369 ordinem
3458 2329 3574 2371 caa-

1983 2417 2089 2487 pit,
2114 2430 2250 2485 quos
2273 2423 2448 2467 tamen
2484 2413 2638 2479 longe
2671 2411 2992 2465 illustriores
3026 2409 3189 2463 fuisse
3231 2408 3565 2476 perhibebat,

1980 2526 2149 2579 seque
2197 2510 2433 2578 ipsorum
2484 2506 2727 2574 exempla
2763 2504 2848 2557 vix
2897 2518 3057 2571 parva
3095 2505 3313 2559 sectari.
3350 2505 3571 2559 Dicebat

1981 2620 2150 2675 ergo:
2190 2602 2332 2657 Nihil
2383 2601 2561 2671 magni
2607 2609 2719 2665 est,
2750 2614 2782 2651 ο
2816 2597 2990 2661 1111011,
3023 2598 3166 2666 quod
3217 2598 3269 2653 in
3316 2599 3470 2653 nobis
3499 2599 3576 2653 vi-

1982 2699 2141 2763 detis,
2173 2695 2239 2749 ad
2270 2694 2725 2761 comparationem
2754 2702 3061 2746 sanctorum
3095 2701 3323 2756 patrum.

2058 2790 2184 2843 Erat
2205 2786 2346 2841 enim
2371 2785 2586 2854 quidam
2613 2795 2736 2837 ante
2761 2799 2857 2837 nos
2888 2784 2966 2836 vir
2996 2783 3387 2850 nobilissimus,
3419 2784 3575 2840 Pater

1983 2884 2205 2939 nomine
2236 2879 2431 2935 Metius
2465 2880 2503 2932 ι.
2537 2877 2630 2931 llic
2662 2877 2759 2930 fuit
2792 2876 2993 2941 primus
3032 2876 3083 2928 in
3115 2876 3217 2930 hoc
3254 2874 3374 2931 loco
3400 2891 3575 2930 mona-

1982 2977 2136 3041 chus,
2169 2984 2222 3029 ct
2265 2974 2316 3027 in
2366 2972 2510 3025 omni
2554 2972 2655 3024 hac
2691 2983 2875 3025 eremo
2918 2969 3056 3021 viam
3090 2966 3278 3022 salutis
3326 2968 3574 3022 omnibus

1983 3067 2137 3125 nobis
2167 3066 2366 3134 primus
2395 3063 2648 3117 ostendit.
2686 3060 2781 3115 llic
2831 3070 3008 3113 autem
3047 3059 3205 3129 160
3235 3058 3407 3126 primo
3434 3059 3576 3113 Gen-

1987 3161 2094 3214 tilis
2127 3158 2253 3223 fuit,
2302 3160 2566 3209 latronum
2615 3155 2902 3215 maximus,
2946 3160 2999 3205 et
3049 3151 3420 3219 sepulcrorum
3464 3150 3575 3203 vio-

1905 3269 1952 3330 ρ
1987 3252 2145 3314 lator,
2189 3258 2347 3317 atque
2390 3249 2443 3301 in
2487 3246 2734 3300 omnibus
2780 3241 2996 3311 ﬂagitiis
3043 3241 3475 3309 opinatissimus;
3508 3242 3573 3294 ad

1980 3358 2138 3413 quem
2190 3341 2280 3395 tali
2319 3354 2381 3394 ex
2437 3338 2596 3391 modo
2644 3334 2858 3389 occasio
2907 3334 3099 3388 salutis
3140 3334 3377 3388 advenit.
3411 3333 3575 3388 Nocte

1980 3436 2206 3507 quadam
2248 3434 2311 3487 ad
2353 3433 2571 3487 domum
2613 3428 2894 3499 cujusdam
2936 3427 3161 3496 virginis
3204 3427 3310 3481 Deo
3350 3436 3573 3481 sacratae

1980 3526 2314 3594 exspoliandi
2363 3538 2549 3595 caussa
2584 3522 2859 3591 perrexit,
2891 3535 3124 3589 cumque
3146 3520 3409 3575 machinis
3454 3520 3573 3589 qui—

1982 3621 2239 3681 busdam,
2270 3633 2389 3686 qua:
2420 3616 2723 3685 bujusmodi
2754 3613 3046 3669 artificibus
3078 3613 3209 3668 satis
3246 3620 3385 3668 nota:
3413 3623 3535 3666 sunt
3556 3653 3572 3675 ,

1979 3713 2171 3766 domus
2200 3709 2316 3778 ejus
2350 3717 2486 3763 tecta
2519 3706 2953 3771 conscendisset,
2986 3720 3232 3775 quaerens
3259 3702 3403 3774 quali
3434 3714 3571 3768 arte,

1983 3805 2061 3858 vel
2091 3818 2198 3869 quo
2229 3801 2375 3854 aditu
2401 3799 2464 3851 ad
2494 3797 2779 3861 tenetralia
2811 3795 2928 3864 ejus
2958 3796 3235 3864 irreperet,
3260 3793 3575 3849 difficultate

1984 3896 2327 3966 perpetrandi
2352 3895 2531 3964 operis
2562 3894 2809 3955 innexus,
2842 3889 3131 3960 plurimum
3156 3887 3329 3942 noctis
3361 3896 3576 3954 tempus

1979 3991 2031 4044 in
2072 3994 2227 4045 tectis
2277 3989 2505 4058 positus,
2556 3987 2672 4042 sine
2723 3986 2830 4040 ullo
2884 3983 3138 4053 transegit
3189 3981 3405 4038 effectu.
3447 3981 3575 4034 Post

1981 4082 2177 4135 multos
2208 4095 2337 4135 vero
2386 4079 2549 4133 animi
2594 4086 2818 4134 conatus
2855 4076 3050 4130 frustra
3089 4074 3379 4137 adhibitos,
3410 4071 3575 4126 veluti

1980 4174 2171 4239 fessus,
2201 4178 2393 4227 somno
2420 4171 2765 4240 opprimitur,
2790 4176 2846 4223 et
2874 4182 2968 4236 per
2994 4166 3165 4220 visum
3190 4166 3442 4219 assistere
3467 4163 3571 4216 sibi

1980 4266 2122 4321 videt
2150 4263 2434 4334 quemdam
2468 4262 2616 4331 regio
2647 4260 2827 4314 habitu
2849 4301 2864 4324 ,
2895 4258 3161 4311 dicentem
3190 4273 3202 4308 :
3236 4255 3433 4311 Desine
3459 4254 3571 4323 jam

1979 4357 2046 4412 ab
2086 4356 2172 4411 his
2216 4354 2451 4423 ﬂagitiis,
2494 4361 2548 4408 et
2589 4351 2658 4405 ab
2705 4349 2967 4404 effusione
3022 4348 3240 4401 humani
3294 4346 3573 4415 sanguinis

1977 4462 2162 4514 cessa,
2210 4456 2371 4516 atque
2420 4445 2488 4498 ab
2533 4440 2952 4498 exsecrabilibus
3009 4438 3165 4492 furtis
3210 4436 3277 4491 ad
3329 4436 3566 4490 laborem

1984 4538 2296 4607 religiosum
2351 4542 2605 4591 converte
2656 4531 2885 4601 vigilias,
2939 4539 2993 4585 et
3042 4527 3254 4597 suscipe
3294 4526 3572 4583 caelestem

288 4630 436 4686 'fnne
462 4631 634 4686 bestia
670 4646 790 4685 cum
834 4632 1032 4701 ingenti
1063 4632 1261 4699 impetu
1313 4633 1494 4687 venire
1543 4648 1704 4702 super
1748 4648 1869 4689 eum
1904 4652 1957 4712 Ι)
1983 4628 2387 4700 angelicamque
2414 4626 2689 4693 militiam,
2720 4632 2883 4693 atque
2910 4636 2977 4678 ex
3009 4621 3110 4676 hoc
3137 4619 3245 4690 jam
3274 4620 3436 4674 animi
3466 4617 3573 4675 vir-

287 4726 480 4792 caapit,
528 4724 819 4778 teterrimis
856 4724 1093 4791 flatibus,
1129 4740 1191 4777 ac
1235 4724 1405 4779 sibilis
1445 4725 1874 4797 stridoribusque

290 4818 599 4886 praemissis.
628 4820 696 4872 At
739 4817 828 4871 ille
859 4816 991 4871 nihil
1024 4817 1212 4871 horum
1264 4828 1529 4886 metuens,
1581 4834 1874 4877 conversus

288 4907 352 4962 ad
382 4907 672 4962 draconem
704 4907 840 4961 dixit
868 4924 881 4960 :
918 4906 1151 4961 Perimat
1197 4916 1245 4962 te
1272 4908 1515 4963 Christus
1549 4909 1715 4965 Filius
1747 4911 1870 4978 Dei,

288 4998 376 5069 qui
408 5009 784 5069 perempturus
808 5008 888 5053 est
917 5007 1094 5053 cetum
1130 5014 1404 5069 magnum.
1439 5002 1505 5054 Et
1535 5001 1618 5055 ubi
1651 5001 1765 5057 lucc
1788 5018 1875 5058 se-

290 5092 408 5144 nior
433 5091 598 5157 dixit,
633 5088 811 5144 statim
850 5090 1152 5145 dirissimns
1182 5090 1344 5145 draco
1379 5106 1538 5147 omne
1562 5092 1718 5147 simul
1747 5108 1870 5148 cum

285 5183 480 5252 spiritu
509 5197 767 5238 evomens
794 5197 1059 5237 venenum
1076 5223 1093 5249 ,
1115 5182 1387 5251 disruptus
1410 5184 1620 5253 crepuit
1642 5186 1871 5242 medius.

288 5274 418 5329 Cum
442 5284 621 5329 autem
652 5274 1034 5330 convenissent
1062 5274 1271 5330 finitimi
1298 5275 1384 5329 hat
1406 5275 1647 5343 itatores,
1671 5288 1724 5331 et
1750 5292 1872 5333 cum

288 5368 428 5423 facto
458 5366 721 5422 miraculo
750 5366 1221 5435 obstupescerent,
1240 5352 1457 5423 feetoris
1484 5369 1870 5424 vehementiam

355 5516 381 5543 ἰ
402 5503 679 5573 Coprete.‘|
705 5502 882 5572 Hujus
910 5499 1090 5553 nullibi
1116 5503 1417 5573 mentionem
1444 5503 1640 5556 invenio
1664 5512 1874 5573 prwler-

282 5591 433 5645 quam
456 5571 599 5645 apud
631 5571 993 5645 Sozommum.
1016 5572 1105 5645 lib.
1141 5571 1497 5645 ιξἸε-εαρεῖὃ.
1531 5571 1878 5645 Nicephorum

287 5642 374 5702 (ib.
395 5642 502 5712 XI,
528 5663 645 5714 cap.
669 5644 759 5699 54.
783 5642 1003 5714 Cupres,
1026 5642 1189 5711 inquit
1214 5642 1555 5711 Nicephorus,
1573 5642 1875 5699 da-inonutn

288 5713 728 5787 expellendOrum
755 5722 811 5769 et
838 5713 1109 5787 γθηνίοτυψ
1154 5715 1461 5787 morborum
1510 5716 1872 5787 sanandorum

285 5781 510 5857 gratiam
540 5793 843 5854 acceperat.
877 5781 1019 5857 Care
1048 5781 1310 5857 Caprelem
1347 5785 1483 5838 hunc
1515 5795 1560 5838 ct
1601 5784 1874 5857 Paternia-

284 5852 407 5916 iium
438 5852 731 5931 confundor
757 5870 869 5909 cum
895 5852 1091 5906 duobus
1120 5856 1235 5909 aliis
1261 5857 1485 5924 ejusdem
1518 5855 1759 5921 nominis,
1786 5857 1875 5924 qui

1982 4720 2182 4776 tutibus
2211 4719 2370 4775 vive:
2403 4729 2456 4774 et
2484 4732 2585 4789 ego
2631 4725 2682 4772 te
2725 4714 2884 4784 hujus
2925 4712 3130 4769 militiae
3178 4713 3365 4767 ducem
3410 4718 3573 4781 atque

1981 4813 2277 4883 principem
2305 4810 2527 4867 faciam.
2556 4810 2625 4864 At
2661 4807 2748 4862 il'e
2775 4821 2896 4861 cum
2929 4803 3279 4874 gratulanter,
3312 4817 3433 4874 quas
3468 4801 3572 4857 sibi

1981 4903 2367 4967 offerebantur,
2397 4899 2669 4966 audisset,
2719 4896 3021 4953 ostenditur
3058 4909 3107 4950 et
3137 4894 3405 4951 exercitus
3449 4908 3573 4949 tno-
3612 4944 3615 4947 ,

1984 4996 2303 5058 nachorum,
2329 5001 2385 5049 et
2410 4991 2770 5062 principatum
2800 5004 2964 5059 super
2990 5002 3086 5043 eos
3113 4986 3337 5057 jubetur
3365 4995 3569 5040 tenere.

1983 5088 2040 5143 ln
2089 5088 2172 5142 his
2220 5086 2499 5157 evigilans,
2547 5091 2813 5141 astantem
2855 5081 3003 5137 videt
3044 5079 3146 5136 sibi
3192 5079 3488 5150 virginem,
3518 5087 3572 5134 et

1980 5180 2365 5250 requirentem,
2393 5178 2533 5248 quis,
2558 5186 2649 5232 aut
2671 5177 2833 5240 unde,
2860 5175 2946 5231 vel
2967 5188 3064 5230 cur
3089 5173 3214 5229 illuc
3235 5169 3566 5228 advenisset.

1980 5274 2052 5329 At
2074 5274 2165 5328 ille
2190 5273 2340 5344 quasi
2369 5287 2556 5328 amens
2597 5271 2839 5339 effectus,
2868 5269 3003 5323 nihil
3038 5267 3088 5323 ei
3131 5263 3438 5335 respondit,
3473 5264 3568 5317 sed

1980 5377 2184 5423 tantum
2227 5376 2285 5422 ut
2314 5365 2608 5422 Ecclesium
2639 5364 2739 5419 sibi
2769 5361 3079 5418 ostenderet
3107 5366 3281 5429 rogat.
3315 5356 3407 5410 Illa
3439 5368 3572 5409 vero

1979 5502 2119 5572 fuere
2149 5511 2394 5572 martyres
2429 5508 2650 5572 tempore
2669 5494 3275 5572 _Julz;an_i_apos_la!¢e,.de
3302 5491 3567 5572 quibusin

1986 5559 2197 5627 Μεγαρίς
2235 5559 2303 5624 δι”
2330 5559 2625 5637 Menologio
2663 5569 2717 5623 9.
2765 5565 2916 5637 Julii.
2945 5559 3104 5637 'Alius
3147 5559 3329 5637 etiam;
3349 5560 3571 5637 Caprius

1983 5653 2206 5713 tempore
2256 5641 2528 5713 Theodosii
2543 5629 2980 5713 "_Cw_nobiarcltw,
3028 5633 3092 5685 de
3147 5647 3249 5701 quo
3289 5629 3459 5685 Graeci
3498 5632 3567 5686 ‘21.

1983 5707 2269 5783 Sep'fembr.
2297 5729 2413 5765 nam
2436 5712 2520 5763 hic
2542 5709 2748 5783 Junior.
2786 5707 3120 5783 nosmet-Irus...

2055 5772 2070 5816 ί
2109 5785 2228 5838 llmc
2258 5784 2325 5835 de
2357 5779 2677 5833 Patermmio
2703 5778 2897 5828 desunt
2922 5772 3163 5827 Palladio
3185 5773 3396 5829 Latino.
3431 5773 3571 5830 Sunt

1982 5857 2033 5909 in
2064 5865 2296 5921 execrpt.
2330 5850 2530 5905 Grauis
2556 5845 2807 5901 Biblioth.
2843 5847 3187 5912 Augustarum.

3467 356 3673 443 ω’
