4166 6348
591 370 698 426 4εὸ

1575 415 1579 420 .
1615 358 1844 418 RUFINI
1884 358 2356 429 AQUILEIENSIS
2396 355 2824 411 PRESBYTERI

3750 355 3852 408 424

590 503 712 542 cum
763 483 1146 550 intellexisset,
1178 494 1297 535 esse
1326 479 1378 532 in
1416 492 1476 532 se
1520 476 1718 546 aliquid
1761 475 1941 541 οβετίε
1969 474 2131 528 (“Villi
2195 479 2243 533 Λ
2271 491 2516 545 admirati
2539 503 2660 543 sunt
2692 490 2846 543 valde
2866 504 3028 559 super
3051 501 3156 544 tam
3186 490 3414 548 mirabili
3447 495 3588 550 facto
3615 494 3754 564 ejus.
3784 496 3851 548 At

591 579 862 632 hominem
896 574 1137 644 perducit
1163 571 1229 627 ad
1262 569 1557 625 Ecclesiam
1578 607 1592 631 ,
1623 581 1688 621 ac
1723 564 2058 636 Presnyteris
2086 566 2168 617 of-

593 673 714 727 fert.
769 670 851 724 Ad
903 684 1131 740 quorum
1183 667 1272 722 ille
1328 663 1549 733 vestigia
1597 677 1891 732 proruens,
1947 659 2172 730 rogabat

590 762 953 817 Christianum
977 775 1036 815 se
1069 760 1213 826 ﬁeri,
1239 767 1292 812 et
1322 756 1466 810 illico
1493 755 1595 810 sibi
1628 754 1999 825 paenitentiam
2031 753 2168 807 dari.

590 844 894 924 Presbyteri
923 866 1070 914 vero,
1099 851 1186 919 qui
1217 847 1611 916 cognoscebant
1640 847 1818 899 virum
1863 844 2005 899 hunc
2052 858 2172 898 esse

592 946 830 999 omnium
862 943 1181 1011 ﬂagitiorum
1227 938 1561 1009 principem,
1606 937 1939 990 mirabantur
1971 936 2019 990 si
2059 934 2174 989 haec

594 1050 720 1088 vera
737 1037 1061 1102 loqueretur.
1078 1030 1116 1084 Γ
1121 1038 1271 1083 tcum
1289 1027 1682 1098 perseverantia
1702 1028 1818 1096 (sic)
1833 1026 1912 1080 sui
1928 1025 2080 1080 ﬁdem
2096 1023 2173 1079 rei

593 1125 834 1187 fecisset,
867 1130 1087 1177 monent
1112 1136 1235 1176 eum
1258 1162 1273 1188 ,
1304 1128 1362 1175 ut
1389 1119 1436 1175 si
1476 1119 1589 1175 haec
1620 1119 1810 1186 vellet,
1843 1119 1934 1172 illa
1965 1119 2173 1188 penitus

592 1216 889 1270 omitteret.
933 1213 1139 1268 Dehinc
1168 1227 1290 1266 cum
1319 1211 1595 1280 religionis
1624 1210 1768 1264 initia
1814 1210 2171 1277 suscepisset,

589 1316 703 1359 orat
734 1305 834 1359 sibi
869 1312 1132 1371 praecepta
1165 1302 1311 1369 dari,
1347 1301 1540 1366 quibus
1570 1300 1708 1353 viam
1740 1299 1930 1352 salutis
1957 1297 2175 1352 deberet

590 1395 860 1450 incedere.
893 1396 959 1448 At
991 1393 1067 1446 illi
1100 1403 1208 1447 tres
1237 1391 1284 1446 ei
1317 1393 1471 1461 primi
1515 1389 1710 1444 Psaltni
1749 1389 2041 1443 versiculos
2073 1400 2175 1442 tra-

597 1485 752 1541 dunt.
793 1485 995 1552 Quibus
1037 1484 1126 1539 ille
1174 1482 1455 1552 diligenter
1501 1481 1872 1546 consideratis,
1926 1479 2174 1534 sufﬁcere

591 1578 696 1632 sibi
741 1578 817 1630 ait
843 1590 938 1631 eos
969 1576 1034 1630 ad
1084 1576 1224 1628 viam
1267 1573 1476 1638 salutis,
1509 1582 1562 1628 et
1609 1571 1888 1627 scientiam
1942 1572 2172 1640 pietatis.

589 1664 891 1734 Tribusque
917 1663 1104 1718 diebus
1145 1677 1463 1731 permanens
1492 1661 1630 1729 apud
1672 1676 1790 1725 eos,
1834 1661 1899 1714 ad
1930 1675 2172 1716 eremum

589 1757 966 1827 proﬁciscitur,
1003 1758 1155 1827 161
1185 1757 1276 1809 ubi
1316 1755 1543 1824 plurimo
1574 1763 1818 1824 tempore
1845 1754 2173 1819 demoratus,

591 1856 650 1900 et
672 1845 761 1900 die
784 1860 847 1900 ac
875 1855 1029 1900 nocte
1061 1847 1112 1898 in
1149 1843 1394 1899 oratione
1422 1858 1540 1897 cum
1573 1843 1826 1914 lacrymis
1855 1842 2170 1913 perdurans,
2205 1846 2250 1905 Β

592 1937 769 1992 cibum
790 1951 857 1992 ex
888 1936 1155 1990 radicibus
1178 1935 1472 2004 accipiebat
1503 1933 1810 1989 herbarum.

657 2048 956 2118 Regressus
1002 2056 1181 2101 autem
1227 2046 1294 2100 ad
1345 2045 1670 2112 Ecclesiam,
1719 2056 1827 2101 tres
1875 2043 2175 2101 versiculos

590 2142 817 2208 Psalnti,
845 2155 976 2211 quos
1001 2155 1032 2194 a
1081 2139 1417 2209 Presbyteris
1467 2119 1811 2208 perceperat,
1847 2154 1951 2192 non
2001 2139 2172 2191 solum

588 2235 786 2298 verbis,
820 2233 914 2288 sed
936 2243 990 2287 et
1019 2233 1181 2285 rebus
1207 2241 1366 2300 atque
1389 2230 1640 2299 operibus
1668 2228 1919 2283 reddidit.
1949 2228 2177 2299 Presby-

588 2327 690 2379 teri
719 2338 848 2378 vero
875 2321 1230 2386 mirabantur,
1257 2320 1399 2390 quod
1427 2320 1600 2374 subito
1633 2333 1944 2386 conversus,
1984 2320 2179 2374 acerri-

589 2430 731 2469 mam
761 2415 939 2468 statim
968 2413 1160 2482 ingerit
1181 2411 1283 2465 sibi
1311 2411 1689 2466 abstinentiam
1719 2427 1734 2464 :
1766 2419 1821 2465 et
1850 2411 2176 2465 instruentes

591 2523 712 2562 eum
758 2507 968 2576 plenius
1016 2505 1210 2560 divinis
1257 2505 1564 2574 Scripturis,
1607 2505 1956 2559 hortabantur
1997 2519 2178 2559 secum

590 2599 880 2654 demorari.
907 2602 977 2651 At
1005 2597 1093 2650 ille
1115 2611 1182 2650 ne
1208 2596 1481 2652 videretur
1509 2611 1629 2652 esse
1650 2597 1987 2661 iuobediens,
2016 2613 2178 2652 unam

591 2691 734 2761 apud
778 2705 873 2745 eos
917 2691 1136 2760 exigens
1185 2689 1611 2756 hebdomadam,
1660 2705 1847 2745 rursus
1896 2691 2067 2761 pergit
2111 2689 2179 2746 ad

593 2799 862 2850 eremum,
895 2794 1054 2851 atque
1083 2782 1155 2838 ibi
1205 2797 1299 2852 per
1341 2794 1548 2851 septem
1577 2783 1858 2838 continuos
1903 2798 2075 2838 annos
2124 2786 2177 2840 in

594 2876 739 2930 omni
772 2876 1092 2930 abstinentia
1123 2874 1346 2944 degens,
1379 2875 1758 2944 plenitudinem
1791 2877 1979 2946 gratiae
2003 2894 2185 2934 conse-

593 2968 775 3036 quitur
794 2984 823 3022 a
859 2966 1103 3034 Domino,
1134 2967 1204 3020 ita
1230 2976 1285 3020 ut
1314 2981 1473 3037 ptene
1502 2982 1690 3022 omnes
1719 2968 2030 3037 Scripturas
2059 2985 2175 3024 me-

593 3059 817 3113 moriter
865 3067 1092 3114 teneret.
1138 3058 1337 3114 Panem
1369 3073 1496 3114 vero
1544 3058 1815 3114 Dominica
1861 3070 2064 3116 tantum
2096 3061 2183 3118 die

593 3150 840 3206 sumebat
870 3168 883 3203 :
916 3157 969 3204 et
1000 3151 1139 3206 hunc
1167 3150 1420 3206 divinitus
1452 3151 1712 3207 delatum.
1745 3152 1876 3206 Nam
1911 3168 2032 3208 cum
2062 3169 2185 3209 ora-

2271 584 2378 644 illc,
2410 581 2617 649 sepulto
2643 581 3007 646 adolescente,
3034 582 3289 636 continuo
3309 583 3374 637 ad
3397 599 3637 639 eremum
3663 585 3858 654 rediit,

2270 685 2479 725 summo
2509 671 2686 725 studio
2710 672 3020 740 jactantiatn
3053 671 3350 726 declinans.

2341 760 2582 827 Quodam
2613 769 2792 813 autem
2822 769 3063 829 tempore
3093 762 3284 816 iterum
3315 763 3383 817 de
3411 777 3598 818 eremo
3625 765 3770 818 venit
3796 765 3860 818 ad

2272 853 2564 906 visitandos
2620 851 2846 920 fratres,
2901 867 3036 920 quos
3086 853 3202 922 ipse
3255 852 3581 908 instituerat.
3636 856 3857 910 Etcum

2272 946 2486 1015 quidam
2519 960 2585 998 ex
2615 945 2694 998 eis
2735 946 2786 997 in
2826 946 3084 999 extremis
3112 956 3326 1015 ageret,
3361 947 3654 1001 revelatum
3696 956 3780 1001 est
3808 947 3857 1002 ei

2273 1055 2302 1094 a
2335 1039 2584 1104 Domino,
2614 1038 2753 1108 quod
2793 1046 2940 1092 esset
2984 1037 3297 1091 moriturus.
3344 1037 3485 1091 llora
3536 1049 3712 1092 autem
3753 1040 3859 1106 jam
3938 1085 3950 1096 .

2277 1144 2391 1189 erat
2417 1133 2483 1187 ad
2516 1146 2798 1200 vesperam
2821 1129 3136 1186 declinans:
3169 1129 3451 1185 festinabat
3477 1146 3626 1198 ergo,
3657 1141 3712 1183 ut
3741 1147 3860 1184 eum

2275 1225 2458 1279 videre
2488 1231 2684 1292 posset.
2726 1222 2882 1275 Vicus
2907 1229 3089 1275 autem
3133 1221 3221 1275 ubi
3269 1221 3620 1276 decutnbebat
3652 1223 3666 1251 ⁸
3700 1238 3861 1290 aeger,

2279 1317 2438 1384 longo
2466 1316 2642 1371 adhuc
2671 1313 2858 1367 aberat
2895 1317 3090 1380 Spatio,
3123 1325 3176 1366 et
3207 1313 3394 1367 nolens
3442 1321 3601 1365 noctu
3643 1311 3864 1365 introire

2276 1408 2486 1468 vicum,
2518 1405 2675 1458 simul
2707 1414 2762 1458 et
2789 1404 3083 1457 Salvatoris
3105 1419 3407 1458 sermonem
3441 1403 3578 1456 intra
3607 1405 3862 1469 semetip-

2278 1513 2394 1551 sum
2421 1501 2704 1562 meditans,
2731 1513 2836 1566 quo
2858 1497 2988 1549 dixit
3013 1514 3025 1548 :
3050 1498 3337 1556 Ambulate.
3364 1499 3486 1549 dum
3508 1497 3680 1549 adhuc
3701 1497 3863 1563 lucet,

2281 1607 2342 1643 ne
2373 1607 2458 1642 ros
2483 1589 2698 1642 tenebrae
2719 1589 3144 1656 comprehendant
3165 1587 3342 1659 (Joan.
3374 1587 3508 1658 12.),
3532 1598 3604 1651 et,
3629 1589 3729 1653 Qui
3755 1607 3862 1640 am-

2286 1680 2424 1733 bulat
2452 1680 2504 1732 in
2535 1680 2662 1742 luce,
2693 1695 2794 1731 non
2812 1677 3024 1742 oﬂeudit
3045 1677 3221 1745 (Joan.
3251 1679 3385 1744 ll.).
3418 1678 3482 1731 Et
3507 1693 3628 1733 cum
3658 1679 3865 1732 videret

2277 1777 2386 1847 jam
2420 1775 2588 1830 Solem
2619 1774 2858 1844 demergi
2879 1817 2892 1838 ,
2925 1773 2998 1826 ait
3027 1772 3093 1826 ad
3124 1788 3246 1828 eum
3275 1789 3289 1825 :
3323 1773 3378 1826 ln
3409 1772 3624 1826 nomine
3656 1771 3863 1825 Domini

2279 1869 2450 1924 nostri
2482 1868 2606 1922 Jesu
2625 1867 2824 1921 Citriin
2854 1874 2934 1918 sta
2965 1865 3234 1934 paulisper
3257 1865 3308 1919 in
3335 1866 3526 1919 itinere
3549 1875 3661 1930 tuo,
3690 1873 3744 1917 et
3769 1878 3864 1917 ex-

2279 1969 2462 2030 specta
2495 1975 2580 2012 tne
2610 1959 2781 2012 donec
2809 1957 2875 2010 ad
2918 1958 3091 2010 vicum
3137 1959 3470 2026 perveniant.
3504 1957 3572 2009 At
3614 1957 3703 2009 ille
3747 1970 3866 2009 cum

2277 2053 2453 2122 aliqua
2475 2051 2586 2121 jam
2616 2052 2780 2119 mergi
2805 2049 3059 2118 coepisset
3079 2065 3141 2102 ex
3171 2059 3344 2117 parte,
3365 2049 3581 2113 restitit,
3610 2062 3706 2101 nec
3725 2047 3870 2115 prius

2278 2144 2559 2208 occubuit,
2587 2156 2744 2210 quam
2776 2142 2936 2194 homo
2971 2139 3061 2193 Dei
3093 2140 3394 2207 perveniret
3425 2138 3488 2191 ad
3528 2139 3729 2192 vicum.
3761 2138 3870 2190 lloc

2279 2244 2455 2287 autem
2493 2229 2836 2286 manifestum
2887 2229 3080 2283 factum
3113 2238 3195 2283 est
3223 2229 3472 2283 omnibus
3503 2229 3608 2282 illis
3639 2229 3727 2297 qui
3774 2227 3870 2281 ibi-

2280 2323 2400 2376 dem
2449 2322 2838 2377 consistebant.
2870 2320 3088 2374 Stantes
3126 2320 3269 2374 enim
3298 2329 3351 2374 et
3390 2321 3658 2373 intuentes
3697 2334 3872 2373 moras

2279 2417 2412 2468 solis
2446 2414 2500 2468 in
2530 2428 2779 2469 occasum
2799 2453 2816 2480 ,
2847 2412 3179 2467 mirabantur
3209 2427 3396 2467 omnes
3424 2412 3552 2482 quid
3582 2412 3683 2466 sibi
3713 2411 3873 2465 vellet

2282 2509 2404 2578 hoc,
2437 2513 2572 2580 quol
2607 2520 2686 2565 tot
2713 2510 2862 2564 horis
2893 2511 2944 2565 in
2975 2524 3224 2564 occasum
3255 2523 3410 2563 suum
3439 2525 3548 2564 non
3579 2508 3872 2566 descende-

2280 2615 2361 2658 ret
2407 2603 2511 2657 snl.
2538 2601 2799 2657 Videntes
2842 2611 3021 2656 autem
3067 2601 3539 2655 Patrem-Minium
3581 2601 3647 2654 de
3685 2614 3874 2655 eremo

2282 2695 2592 2749 venientem
2614 2737 2630 2762 ,
2664 2693 2980 2763 quaerebant
3006 2693 3073 2744 ab
3103 2706 3189 2758 co,
3224 2692 3348 2762 quid
3381 2692 3482 2746 hoc
3521 2702 3664 2746 esset
3699 2692 3870 2761 signi,

2282 2788 2422 2859 quod
2453 2788 2763 2843 ostenderat
2789 2789 2889 2842 sol.
2920 2792 2986 2841 At
3024 2787 3114 2841 ille
3145 2787 3424 2856 respondit
3451 2787 3567 2841 eis:
3599 2786 3715 2840 Non
3759 2801 3875 2841 nte-

2283 2884 2518 2938 ministis
2539 2898 2722 2937 vocem
2745 2882 2952 2936 Domini
2985 2892 3039 2936 et
3058 2880 3355 2936 SalvatorLs
3387 2879 3870 2936 nostridicentem:

2285 2977 2346 3032 Si
2378 2977 2662 3030 habueritis
2689 2976 2842 3042 [idem
2891 2975 3019 3027 sicut
3048 2990 3266 3044 granum
3309 2973 3521 3042 sinapis,
3553 2972 3757 3040 majora
3785 2971 3877 3022 Ito-

2283 3085 2396 3122 rttm
2428 3068 2576 3138 signa
2604 3067 2803 3138 facietis
2827 3064 3040 3136 (Matth.
3063 3065 3209 3135 17.)?
3231 3064 3301 3119 At
3327 3064 3400 3118 illi
3423 3079 3544 3117 cum
3579 3062 3880 3118 intellexis-

2286 3174 2440 3225 sent,
2472 3161 2537 3215 ad
2589 3161 2705 3229 ejus
2751 3158 2913 3214 ﬁdem
2962 3159 3130 3214 solem
3171 3157 3407 3226 stetisse,
3444 3155 3637 3212 timore
3685 3170 3880 3226 magno

595 3252 709 3309 ret,
734 3255 957 3311 surgens
985 3242 1052 3297 ab
1083 3241 1325 3298 oratione
1356 3243 1664 3298 inveniebat
1690 3258 1880 3313 panem
1917 3246 2178 3313 positum,

2289 3253 2531 3307 exterriti
2579 3260 2740 3319 sunt,
2792 3250 3115 3320 plurimique
3161 3264 3348 3305 eorum
3401 3248 3695 3318 junxerunt
3723 3262 3782 3302 se
3831 3249 3879 3302 ei

592 3350 752 3403 quem
780 3347 939 3388 nemo
979 3335 1254 3388 hominum
1283 3333 1568 3389 detulerat.
1603 3335 1758 3390 Hunc
1790 3337 1877 3390 ubi
1909 3351 2030 3390 cum
2056 3352 2182 3407 gra-

595 3427 784 3480 tiarum
815 3425 1024 3480 actione
1054 3425 1369 3492 sumsisset,
1400 3424 1701 3481 sufﬁciebat
1747 3442 1916 3496 usque
1957 3427 2022 3482 ad
2050 3432 2185 3484 alte-

595 3532 709 3571 ram
740 3517 1065 3570 Domiuicam
1090 3514 1257 3570 diem.

667 3606 794 3662 Post
836 3607 1059 3661 multum
1107 3620 1234 3662 vero
1280 3608 1536 3676 temporis
1585 3608 1776 3664 iterum
1825 3625 2103 3681 regressus
2152 3627 2183 3667 a

597 3697 835 3762 deserto,
867 3697 1115 3765 exemplo
1160 3696 1497 3752 abstinentia:
1527 3711 1638 3752 suae
1665 3701 2089 3768 quamplurimos
2117 3700 2183 3754 ad

598 3787 947 3842 imitationem
970 3787 1050 3841 sui
1082 3787 1324 3842 invitavit
1348 3802 1364 3840 :
1392 3788 1534 3841 inter
1555 3802 1688 3857 quos
1711 3791 1942 3844 accessit
1969 3791 2034 3843 ad
2060 3806 2182 3845 eum

599 3878 914 3935 adolescens
943 3878 1188 3948 quidam,
1219 3879 1440 3950 cupiens
1468 3879 1584 3949 ejus
1607 3894 1728 3935 esse
1753 3881 2061 3950 discipulus.
2087 3882 2183 3938 Cui

602 3970 696 4026 ille
723 3984 843 4025 cum
873 3970 1109 4027 habitum
1157 3971 1539 4026 monachorum
1562 4011 1577 4038 ,
1607 3972 1707 4026 hoc
1737 3979 1822 4026 est
1860 3981 1885 4009 ει
1919 3973 2147 4029 lebetatn
2168 4015 2184 4038 .

605 4069 662 4116 et
691 4062 989 4128 cucullam,
1033 4077 1098 4118 ac
1143 4063 1432 4129 melotem,
1462 4077 1580 4132 qua:
1624 4070 1707 4117 est
1747 4064 1964 4134 caprina
2004 4065 2183 4134 pellis,

600 4153 970 4223 imposuisset,
1017 4153 1214 4210 docere
1262 4169 1385 4209 eum
1433 4153 1502 4209 de
1548 4155 1760 4211 caeteris
1802 4156 2187 4214 monachorum

597 4248 1018 4304 institutionibus
1049 4250 1238 4319 coepit.
1267 4250 1428 4305 Multa
1461 4257 1639 4305 tamen
1670 4265 1792 4304 cum
1825 4252 2190 4309 sollicitudine

597 4341 840 4411 curabat,
866 4343 1032 4400 sicubi
1058 4342 1486 4399 Christianorum
1511 4344 1635 4416 quis
1663 4345 1853 4402 fuisset
1875 4345 2186 4415 defunctus,

599 4445 659 4490 ut
685 4435 939 4506 sepeliret
964 4451 1111 4492 eum.
1141 4437 1311 4504 Quem
1341 4453 1463 4493 cum
1489 4439 1716 4494 vidisset
1760 4439 2073 4496 adolescens
2100 4440 2191 4496 ille

599 4527 896 4598 discipulus
923 4544 1053 4585 suus
1101 4545 1306 4585 summa
1352 4546 1475 4586 cum
1521 4531 1796 4602 diligentia
1827 4534 2052 4588 mortuis
2103 4534 2188 4587 in-

2288 3343 2602 3411 discipulos,
2648 3350 2704 3397 et
2749 3341 2904 3411 sequi
2940 3356 3061 3396 eum
3110 3349 3413 3410 coeperunt.
3444 3339 3574 3394 Cum
3623 3353 3754 3410 ergo
3801 3338 3881 3392 in-

2287 3449 2505 3503 gressus
2539 3433 2729 3489 fuisset
2769 3433 2986 3488 domum
3033 3433 3174 3487 illius
3207 3431 3408 3496 fratris,
3440 3447 3541 3502 pro
3585 3445 3692 3502 quo
3733 3429 3881 3484 festi-

2288 3534 2539 3589 naverat,
2565 3536 2619 3578 et
2649 3523 2943 3579 invenisset
2971 3539 3091 3579 eum
3115 3523 3227 3592 jam
3256 3523 3594 3593 defunctum,
3627 3524 3873 3577 oratione

2289 3615 2428 3671 facta
2449 3658 2464 3682 ,
2498 3617 2764 3672 act-edens
2805 3617 2872 3670 ad
2903 3617 3151 3671 lectulum
3177 3659 3191 3684 ,
3224 3619 3495 3671 osculatus
3523 3626 3607 3672 est
3634 3631 3757 3671 eum
3782 3657 3797 3681 ,
3826 3623 3879 3670 et

2289 3709 2406 3763 ait:
2439 3709 2573 3776 Quid
2628 3709 2796 3778 magis
2842 3709 3094 3764 desiderii
3146 3709 3330 3774 habes,
3381 3710 3567 3775 frater,
3618 3709 3791 3775 abire,
3830 3717 3884 3763 et

2289 3815 2409 3856 esse
2443 3816 2563 3855 cum
2590 3800 2828 3866 Christo,
2853 3817 2919 3854 an
2952 3816 3266 3870 permanere
3290 3802 3341 3856 in
3369 3802 3568 3856 carne?
3593 3801 3744 3854 Tunc
3772 3800 3879 3865 ille,

2291 3901 2607 3962 recuperato
2638 3895 2863 3960 spiritu,
2892 3893 3163 3961 paululum
3195 3894 3428 3960 resedit,
3452 3904 3505 3947 et
3535 3894 3608 3946 ait
3629 3894 3692 3946 ad
3717 3907 3838 3947 eum
3863 3909 3877 3947 :

2292 3982 2432 4048 Quid
2456 3997 2543 4037 tne
2567 3997 2812 4048 revocas,
2838 3984 3024 4051 pater?
3046 3983 3238 4038 melius
3259 3984 3399 4038 enim
3425 3993 3506 4037 est
3531 3984 3660 4038 mihi
3688 3983 3882 4047 redire,

2297 4083 2354 4129 et
2403 4087 2524 4129 esse
2569 4089 2692 4128 cum
2740 4074 3003 4128 Christo:
3038 4088 3355 4143 permanere
3409 4073 3562 4144 163
3605 4083 3784 4129 autem
3833 4074 3887 4128 in

2297 4181 2481 4232 carne,
2516 4166 2652 4221 mihi
2683 4168 3046 4222 necessarium
3082 4182 3187 4220 non
3224 4179 3307 4222 est
3336 4184 3348 4219 :
3382 4167 3468 4221 cui
3498 4167 3628 4220 dixit
3659 4184 3671 4218 :
3705 4164 3890 4221 Dormi

2299 4272 2428 4327 ergo
2458 4257 2510 4312 in
2557 4273 2706 4326 pace,
2743 4258 2847 4325 ﬁli,
2879 4267 2935 4313 et
2973 4274 3066 4313 ora
3117 4274 3215 4329 pro
3271 4274 3378 4317 me.
3414 4261 3481 4313 At
3517 4260 3604 4313 ille
3633 4258 3889 4312 continuo

2295 4350 2564 4404 reclinans
2595 4365 2653 4404 se
2695 4351 2749 4403 in
2780 4351 2994 4418 lectulo,
3025 4350 3296 4406 dormivit.
3332 4350 3396 4406 Hi
3421 4364 3600 4404 autem
3640 4350 3729 4420 qui
3762 4349 3890 4403 ade-

2293 4453 2450 4508 rant,
2500 4442 2927 4511 obstupuerunt,
2958 4445 3236 4499 dicentes:
3269 4444 3408 4499 Vere
3453 4444 3548 4498 Dei
3606 4444 3769 4497 homo
3808 4449 3891 4496 est

2298 4535 2401 4587 hic.
2446 4533 2596 4589 Tunc
2639 4535 2727 4589 ille
2778 4534 2953 4588 induit
2993 4536 3419 4600 adolescentem,
3470 4544 3528 4589 ut
3573 4535 3677 4589 sibi
3725 4535 3891 4588 moris

601 4597 855 4672 (iumenta
885 4627 1189 4688 aptantem,
1213 4621 1343 4675 dicit
1373 4623 1436 4674 ad
1462 4637 1585 4676 eum
1615 4597 1645 4675 ε⁷
1661 4622 1861 4677 Vellem
1882 4663 1898 4688 ,
1928 4633 1986 4678 ut
2014 4633 2071 4678 et
2106 4639 2192 4678 me
2223 4597 2272 4656 D
2298 4633 2446 4688 erat,
2481 4635 2612 4680 satis
2639 4627 2858 4694 decore,
2879 4634 2932 4679 et
2961 4633 3124 4678 totam
3159 4635 3373 4679 noctem
3405 4597 3624 4694 psalmis
3650 4623 3888 4694 hymnis-

601 4719 874 4764 tnorluum
905 4710 978 4765 ita
1009 4709 1262 4764 indueres
1291 4725 1354 4764 ac
1383 4712 1668 4780 sepelires,
1702 4713 1975 4780 magister.
2009 4720 2080 4767 At
2103 4715 2192 4770 ille

601 4801 676 4854 ait
706 4817 720 4853 :
751 4800 824 4854 lta
871 4801 1056 4856 faciam
1079 4843 1093 4865 ,
1127 4803 1199 4856 fili
1247 4802 1348 4870 mi,
1381 4811 1437 4856 et
1468 4812 1574 4855 tam
1605 4801 1825 4870 copiose
1858 4812 1909 4856 te
1940 4803 2152 4858 induam
2174 4845 2191 4871 ,

603 4893 778 4946 donec
799 4892 966 4956 dicas,
996 4893 1226 4947 Sufﬁcit.
1256 4893 1380 4948 Post
1402 4909 1510 4948 non
1534 4893 1758 4947 multum
1789 4908 1915 4949 vero
1938 4898 2196 4965 temporis

605 4982 890 5037 defunctus
915 4991 998 5037 est
1026 4983 1362 5049 adolescens,
1391 4994 1446 5040 et
1489 4985 1776 5055 prmdictus
1821 5001 2002 5042 sermo
2051 5003 2199 5042 cont-

605 5077 805 5143 pletur.
846 5075 979 5128 Cum
1029 5076 1173 5129 enim
1220 5077 1448 5146 plurima
1479 5078 1528 5132 ei
1567 5077 2014 5134 circumdedisset
2045 5080 2200 5134 indu-

607 5174 820 5230 menta,
851 5165 926 5219 ait
971 5165 1036 5218 ad
1068 5181 1191 5221 eum
1240 5182 1419 5222 coram
1448 5169 1736 5228 omnibus:
1770 5170 2060 5225 Sufficiunt
2104 5171 2198 5225 tibi

611 5261 731 5315 haec
757 5258 823 5313 ad
854 5258 1215 5329 sepulturam,
1251 5259 1437 5327 ﬁliole,
1467 5277 1535 5316 an
1569 5261 1742 5317 adhuc
1773 5261 1875 5330 vis,
1907 5272 1968 5317 ut
1996 5263 2200 5329 aliquid

609 5353 913 5409 addamus?
939 5353 1088 5408 Tunc
1108 5354 1393 5410 defunctus
1416 5371 1601 5411 vocent
1629 5359 1839 5413 cunctis
1860 5358 2199 5414 audientibus

611 5445 822 5512 emisit,
856 5445 1101 5501 obvelata
1145 5447 1256 5515 jam
1307 5445 1465 5512 facie,
1501 5448 1754 5517 vultuque
1801 5451 2112 5516 constricto,
2148 5460 2203 5506 et

611 5539 756 5594 dixit
787 5555 801 5594 :
839 5539 995 5609 162
1024 5537 1265 5605 Sufﬁcit,
1299 5549 1471 5608 pater,
1504 5541 1734 5609 implesti
1766 5543 1908 5613 quod
1943 5546 2207 5613 promise-

614 5643 722 5685 ras.
752 5628 1156 5698 Obstupuerunt
1184 5639 1364 5684 autem
1385 5670 1400 5697 ,
1429 5631 1519 5699 qui
1549 5643 1843 5703 praesentes
1867 5633 2120 5700 aderant,
2153 5643 2207 5689 et

689 5770 716 5838 ξ
744 5757 990 5838 μειιειθτ]
1022 5757 1088 5812 Id
1111 5770 1184 5838 est
1211 5760 1634 5838 colobimngvide
1658 5783 1777 5838 sup.
1803 5782 1917 5836 cap.
1945 5768 1996 5822 7.

690 5832 707 5862 ⁸
742 5837 910 5885 Antea
940 5832 1201 5887 decumbat
1225 5847 1245 5886 :
1270 5831 1533 5902 ejusmodi
1573 5837 1674 5894 alia
1702 5831 1947 5909 quaedam
1974 5857 2091 5911 qua:
2124 5849 2203 5910 ty-

2296 4731 2399 4784 que
2434 4718 2746 4788 pervigilem
2770 4718 2994 4782 ducens,
3028 4718 3251 4772 honeste
3277 4719 3527 4786 juvenem
3560 4719 3778 4773 tradidit
3805 4732 3892 4772 se-

2300 4812 2548 4879 pultttrae.

2374 4903 2549 4956 Altum
2601 4914 2780 4960 autem
2835 4905 3054 4962 fratrem
3103 4923 3222 4961 cum
3255 4907 3526 4964 visitasset
3556 4910 3892 4967 decumben-

2304 5004 2434 5059 tem,
2467 4994 2554 5049 ubi
2584 4997 2715 5049 vidit
2773 5015 2892 5051 eum
2935 5002 3169 5068 quietem
3205 5003 3392 5054 mortis
3422 5002 3709 5058 difliculter
3755 5005 3894 5059 accio

2304 5099 2455 5153 pere,
2488 5097 2540 5139 et
2588 5088 2825 5156 graviter
2870 5092 3214 5145 conscientiae
3261 5106 3373 5144 suae
3429 5103 3572 5147 metu
3620 5095 3890 5167 redargui,

2304 5177 2379 5230 ait
2403 5178 2467 5231 ad
2498 5193 2620 5232 eum
2647 5195 2660 5233 :
2694 5180 2800 5234 Cur
2828 5182 3120 5250 imparatus
3150 5197 3229 5245 es,
3261 5183 3439 5249 ﬁli,ad
3474 5185 3804 5252 profectione
3828 5189 3889 5243 ni

2305 5272 2630 5337 accusatrix,
2659 5281 2715 5326 ut
2745 5273 2919 5338 video,
2949 5273 3171 5343 ignaviae
3202 5284 3308 5329 tute
3343 5287 3517 5331 tecum
3555 5279 3728 5348 pergit
3761 5295 3863 5335 con

2309 5364 2554 5418 scientia.
2573 5363 2722 5417 Tunc
2744 5364 2835 5418 ille
2862 5367 3117 5418 exorabat
3138 5380 3281 5428 eum,
3307 5367 3494 5422 ditens
3519 5385 3532 5421 :
3558 5370 3796 5425 Obsecro
3819 5382 3888 5440 te,

2311 5469 2482 5526 pater,
2510 5456 2780 5510 intercede
2814 5471 3019 5524 prome
3043 5459 3182 5526 apud
3239 5459 3426 5526 Deum,
3453 5469 3514 5514 ut
3557 5463 3688 5517 mihi
3745 5463 3892 5532 parvi

2315 5547 2570 5616 temporis
2626 5548 2856 5618 spatium
2915 5547 3188 5618 largiatur,
3221 5565 3327 5618 quo
3377 5552 3577 5620 possim
3606 5557 3894 5611 emendare

2312 5641 2476 5694 vitant
2523 5655 2718 5694 meam.
2751 5641 2820 5694 At
2865 5640 2956 5694 ille
3000 5641 3133 5695 dixit
3161 5643 3230 5709 ad
3279 5657 3402 5698 eum
3434 5660 3448 5699 :
3481 5644 3630 5700 Nunc
3664 5646 3898 5717 spatium

2311 5771 2646 5843 pmhetarum
2675 5771 2924 5829 videntur
2955 5773 3140 5830 menda
3163 5815 3177 5840 ,
3205 5776 3353 5831 taciti
3377 5779 3718 5850 castigamus.
