4166 6348
1230 278 1307 310 ιτκ
1359 272 1365 278 ’

322 404 422 459 125

1523 376 1835 446 utsroma
1880 373 2374 446 uomendum.

3476 380 3581 441 426

328 512 655 585 poenitentiae
684 492 930 581 requiris,
965 502 1052 564 not
1080 516 1201 561 νιιτη
1225 515 1430 574 tempus
1460 503 1733 572 implesti?
1757 501 1890 568 Quid
1924 502 1971 561 Α
2002 516 2243 568 pressus,
2269 502 2399 555 vidit
2428 515 2525 568 per
2558 502 2722 553 vistzm
2758 500 2947 554 librum
2977 499 3157 554 aureis
3185 498 3381 555 litteris
3406 500 3575 566 scrip—

318 608 549 663 faciebas
599 606 650 659 in
700 604 843 658 omni
905 602 1005 655 hoc
1034 603 1154 655 vitae
1185 612 1287 653 tua:
1333 599 1605 665 tempore?
1650 597 1768 650 Non
1801 613 1892 660 po-

323 700 463 752 tuisti
512 698 733 750 vulnera
784 705 871 748 tua
924 691 1428 757 curare?Quinimo
1482 698 1536 742 et
1586 688 1889 768 recentiora

319 803 527 856 semper
554 786 811 855 addehas.
847 791 914 839 At
946 783 1036 837 ille
1083 797 1202 834 cum
1262 770 1601 847 permaneret
1638 792 1889 855 exorans,

318 881 389 933 ait
413 878 478 931 ad
501 893 623 931 cutn
646 890 808 930 senex
836 892 851 929 :
878 874 932 929 Si
958 875 1094 926 ultra
1117 863 1221 925 non
1242 870 1409 923 addas
1431 869 1582 922 malis
1603 868 1710 922 tuis
1732 867 1893 932 mala,

317 970 585 1026 orabimus
618 983 715 1037 pro
746 978 796 1021 te
828 967 1016 1020 Deum.
1054 966 1230 1017 Bonus
1258 972 1342 1017 est
1388 962 1529 1025 enim
1562 970 1614 1014 et
1664 960 1892 1029 patiens,

318 1070 364 1114 et
393 1058 630 1128 indulget
654 1058 746 1112 tibi
780 1070 964 1125 parum
996 1054 1193 1123 aliquid
1220 1054 1478 1122 temporis
1506 1053 1649 1117 vitm,
1682 1060 1741 1105 ut
1780 1066 1895 1131 ont-

320 1132 613 1205 uia'debita
664 1159 748 1202 tua
782 1148 1077 1216 persolvas.
1115 1145 1323 1199 Etcum
1355 1152 1476 1213 post
1519 1143 1632 1197 haec
1687 1151 1897 1221 orasset

321 1240 501 1303 Deum,
531 1253 757 1307 surgens
785 1237 853 1291 de
881 1238 1145 1298 oratione,
1177 1236 1247 1289 ait
1296 1234 1360 1287 ad
1388 1249 1509 1289 cum
1545 1256 1557 1287 ;
1594 1234 1731 1287 Ecce
1786 1244 1895 1289 tres

316 1347 484 1387 annos
530 1332 788 1385 Dominus
839 1329 929 1382 tibi
960 1328 1226 1382 concessit
1257 1327 1310 1380 in
1367 1326 1466 1380 huc
1492 1326 1631 1387 vita;
1665 1335 1893 1390 tantum,

318 1434 373 1477 ut
401 1438 465 1478 ex
497 1422 676 1476 animo
708 1421 774 1472 ad
802 1418 1170 1489 paenitentiam
1201 1418 1553 1471 convertaris.
1589 1416 1650 1468 lit
1694 1430 1888 1483 appre-

319 1515 482 1571 hensa
513 1527 674 1568 manu
699 1512 835 1577 ejus,
867 1509 1091 1564 elevavit
1111 1522 1234 1562 eum
1259 1508 1326 1561 de
1354 1507 1513 1562 lecto.
1547 1510 1614 1560 At
1659 1505 1745 1559 ille
1773 1521 1893 1558 sur-

319 1619 473 1675 gens.
501 1605 620 1658 sine
646 1601 823 1668 aliqua
851 1599 1106 1653 dilatione
1132 1606 1349 1651 secutus
1370 1606 1453 1651 est
1479 1611 1603 1651 eum
1630 1596 1681 1650 in
1705 1595 1888 1649 deser-

315 1708 446 1754 tum.
473 1698 540 1753 Et
568 1697 660 1751 ‘ubi
712 1694 970 1762 completi
995 1700 1118 1746 sunt
1149 1694 1258 1745 tres
1284 1692 1429 1755 anni,
1458 1700 1643 1759 postea
1676 1702 1892 1743 revoca-

316 1786 407 1842 bat
428 1801 553 1842 eum
598 1784 668 1839 ad
702 1784 876 1837 locum
905 1780 1047 1834 unde
1093 1794 1214 1834 enm
1258 1789 1604 1842 assumscrat,
1623 1778 1737 1847 jam
1786 1792 1890 1830 non

2006 602 2113 646 tum
2143 594 2192 647 in
2226 592 2468 648 manibus
2496 595 2639 647 senis
2667 593 2931 662 (Iopretis,
2958 608 3021 647 et
3066 607 3172 662 quo
3203 592 3438 646 narratio
3464 592 3580 660 ejus

2002 681 2188 735 deduci
2213 683 2512 750 videbatur,
2541 692 2591 738 ct
2616 685 2954 737 assistentem
2981 682 3265 752 quemdam
3295 681 3582 736 clarissimi

2002 770 2248 837 aspectus
2276 773 2469 838 virum,
2501 774 2699 828 canitie
2732 775 3093 828 venerandum
3116 815 3130 839 ,
3166 774 3584 829 comminatione

1999 861 2099 913 sibi
2129 877 2317 930 magna
2356 862 2621 918 dicentem
2656 881 2669 916 :
2703 864 2809 919 Cur
2857 880 2964 920 non
3017 866 3168 919 audis
3220 868 3424 922 intente
3454 873 3577 938 qua!

1999 949 2311 1017 recitantur,
2335 952 2428 1006 sed
2461 953 2769 1009 incredulus
2800 954 3099 1011 dormitas?
3131 956 3197 1009 At
3236 957 3325 1012 ille
3356 968 3578 1012 contur-

2001 1038 2155 1093 intus
2184 1042 2418 1109 evigilat,
2450 1052 2505 1095 et
2528 1044 2705 1097 statim
2750 1047 2903 1100 nobis
2932 1048 3192 1102 secretius
3225 1048 3414 1104 Latino
3467 1064 3581 1104 scr-

2001 1146 2159 1186 mone
2189 1146 2306 1203 qua:
2339 1134 2541 1190 viderat
2568 1139 2873 1193 enarrabat.
3224 1130 3240 1145 ’

2072 1222 2215 1277 Inter
2270 1224 2381 1279 hec
2430 1237 2604 1281 autem
2651 1229 2880 1285 vidirnus
2919 1232 3248 1289 'ruSIicanum
3294 1232 3579 1306 (ptemdam

1998 1313 2295 1370 accessisse
2322 1315 2385 1369 ad
2414 1318 2605 1371 ostium
2639 1320 2803 1385 senis,
2835 1321 3116 1378 habentem
3148 1327 3240 1379 vas
3278 1337 3438 1381 arena
3472 1326 3581 1395 ple—

1999 1419 2143 1468 nunt,
2177 1408 2233 1459 e‘t
2258 1410 2659 1476 eXSpeclantem
2691 1411 2863 1468 donec
2906 1408 3067 1469 senex
3109 1417 3411 1473 sermonem
3465 1424 3583 1473 sua:

1999 1498 2316 1550 narrationis
2360 1499 2624 1565 expleret.
2651 1499 2757 1555 Nos
2804 1516 2933 1572 ergo
2958 1503 3198 1559 videntes
3221 1520 3365 1576 eum,
3399 1509 3577 1564 inter-

1999 1586 2302 1653 rogavimus
2335 1588 2730 1660 Presbyterum,
2757 1591 2887 1660 quid
2916 1593 3015 1647 sibi
3062 1595 3222 1650 vellet
3271 1598 3572 1654 rusticanus

1998 1676 2087 1731 ille
2132 1691 2302 1746 Stans,
2334 1691 2387 1734 et
2442 1697 2658 1738 arenam
2706 1693 2897 1741 tenens
2940 1687 2990 1740 in
3023 1702 3167 1744 vase.
3196 1686 3484 1761 Respoitdit
3511 1694 3579 1749 ad

1999 1781 2098 1821 nos
2144 1772 2345 1839 senior,
2374 1773 2559 1829 dicens
2594 1793 2605 1826 :
2640 1774 2754 1830 Non
2786 1777 2998 1846 quidem
3026 1782 3307 1849 oportebat
3336 1799 3493 1850 me,o
3515 1780 3580 1839 li-

314 1878 460 1949 qnasi
490 1868 787 1937 hominem,
810 1872 903 1927 sed
932 1871 1082 1941 quasi
1121 1870 1379 1940 Angelum
1430 1887 1494 1924 ex
1526 1870 1738 1923 homine
1770 1868 1883 1922 Deo
1922 1877 1966 1937 Β
1997 1861 2129 1929 lioli,
2164 1865 2263 1918 hoc
2292 1867 2446 1921 vobis
2476 1868 2723 1936 prodere,
2754 1886 2819 1927 ne
2865 1872 3146 1930 videamur
3177 1876 3231 1930 in
3286 1875 3384 1932 Dei
3414 1883 3579 1948 opere

314 1968 649 2038 consignans,
685 1966 757 2019 ita
788 1956 843 2018 ut
873 1978 1061 2016 omm-s
1106 1962 1431 2016 mirareutt'tr
1485 1962 1551 2015 de
1602 1976 1884 2015 ειοιινετει-

321 2062 463 2117 tione
514 2038 651 2129 ejus.
706 2046 946 2125 Cumque
992 2056 1365 2111 convenissent
1413 2055 1479 2108 ad
1529 2071 1648 2107 eum
1707 2056 1897 2107 frattes

315 2151 548 2221 plurimi,
576 2150 763 2204 statuit
793 2163 914 2201 eum
974 2147 1025 2200 in
1083 2146 1279 2210 medio,
1305 2157 1464 2215 atque
1488 2159 1555 2198 ex
1586 2144 1704 2217 ipso
1724 2150 1895 2198 mnte-

313 2242 448 2297 riam
475 2250 712 2304 movens,
744 2234 843 2308 per
888 2226 1051 2291 totum
1094 2247 1301 2291 noctem
1334 2228 1630 2290 doctrinam
1661 2222 1729 2288 de
1758 2234 1896 2288 fruc-

315 2332 457 2387 tibus
500 2320 831 2401 pmnitentian
879 2338 933 2383 et
972 2328 1338 2382 conversionis
1364 2312 1479 2396 ejus
1538 2326 1789 2391 produxit
1828 2324 1893 2379 ad

314 2421 521 2475 fratres.
540 2422 657 2490 lpso
681 2434 809 2473 vero
830 2419 1129 2473 sermonem
1163 2416 1411 2478 faciente,
1428 2416 1582 2485 quasi
1606 2416 1895 2469 dormitare

315 2510 478 2568 frtitér
507 2506 596 2566 ille
623 2506 787 2579 cmpit
817 2508 1174 2578 paululum,et
1207 2507 1466 2560 continuo
1489 2504 1541 2559 in
1574 2504 1893 2574 perpetuum

315 2604 530 2675 quievit.
557 2604 705 2659 Tunc
735 2602 868 2656 facta
898 2601 1138 2655 oratione
1168 2614 1331 2668 super
1358 2612 1503 2667 eum,
1536 2606 1591 2653 et
1645 2598 1895 2651 omnilms

314 2711 431 2765 qua:
456 2698 521 2752 ad
549 2695 876 2766 sepulturam
912 2689 1185 2762 pertinent
1243 2706 1307 2746 ex
1332 2692 1480 2745 more
1505 2690 1808 2759 compietis,
1828 2684 1892 2742 ad

314 2782 550 2844 eretnum
578 2799 925 2861 properanter
949 2784 1213 2840 abscedit.

386 2879 719 2951 Frequenter
765 2892 945 2933 autem
990 2887 1044 2932 et
1070 2877 1245 2931 Nilum
1277 2862 1494 2930 ﬂuvium
1528 2875 1670 2931 hunc
1694 2873 1892 2929 imma-

314 2988 434 3027 nem
459 2972 683 3041 pedibus
705 2972 972 3037 transivit,
1011 2967 1166 3039 164
1185 2982 1375 3037 aquam
1406 2982 1576 3038 usque
1622 2967 1689 3022 ad
1718 2983 1889 3037 genua

314 3062 541 3119 habens.

384 3154 501 3207 Alio
554 3156 795 3221 tempore
822 3149 1020 3205 clausis
1061 3150 1238 3216 os:iis,
1264 3148 1619 3216 fratribusquc
1649 3148 1698 3203 in
1730 3164 1890 3219 supe-

2000 1953 2239 2020 glnriari,
2272 1966 2324 2011 et
2351 1968 2558 2013 merces
2585 1960 2780 2015 laboris
2812 1965 2980 2017 nostri
3007 1964 3224 2034 pereat;
3271 1978 3450 2026 tamen
3482 1980 3578 2040 pro

2001 2044 2355 2104 aediﬁcatione
2376 2059 2549 2106 vestra
2576 2064 2629 2107 et
2660 2054 2908 2122 utilitate,
2940 2057 3028 2127 qui
3059 2067 3165 2114 tam
3196 2060 3355 2130 longo
3386 2062 3579 2119 itinere

2002 2139 2222 2195 venistis
2248 2141 2315 2196 ad
2342 2156 2462 2208 nos,
2505 2161 2608 2199 non
2642 2148 2810 2215 patiar
2828 2150 2991 2203 e'iam
3027 2151 3130 2208 hoc
3159 2153 3414 2211 abscondi
3437 2172 3466 2211 a
3490 2174 3581 2213 vo-

2000 2226 2102 2294 bis,
2135 2232 2229 2285 sed
2284 2235 2547 2290 enarrabo
2574 2252 2736 2307 opera
2795 2239 3023 2308 Domini,
3052 2256 3175 2313 qua}
3223 2245 3472 2315 dignatus
3494 2247 3579 2304 est

2001 2317 2223 2387 implere
2254 2337 2349 2391 per
2370 2339 2487 2380 nos.
3505 2357 3512 2363 -

2069 2413 2233 2469 Terra
2288 2420 2520 2487 regionis
2565 2420 2749 2490 hujus,
2774 2439 2893 2494 quas
2935 2426 2988 2482 in
3022 2429 3201 2485 vicino
3233 2432 3389 2505 165
3421 2434 3577 2490 nobis

2000 2510 2170 2577 posita
2217 2511 2434 2579 colitur,
2465 2513 2663 2570 sterilis
2714 2517 2867 2574 valde
2913 2532 2964 2575 et
2996 2522 3324 2580 infructuosa
3359 2526 3457 2581 l‘uit
3482 2528 3577 2595 ita,

1999 2610 2055 2654 ut
2082 2601 2128 2655 si
2149 2603 2361 2670 quando
2384 2618 2413 2658 a
2437 2605 2740 2662 colentibus
2763 2610 2966 2665 semina
2991 2626 3060 2668 ex
3112 2619 3433 2674 necessitate
3459 2632 3577 2675 sus-

1997 2693 2160 2761 cepit,
2192 2693 2461 2763 duplicata
2489 2698 2577 2751 vix
2620 2699 2889 2756 redderet.
2922 2703 3143 2761 Ver-mes
3188 2708 3331 2762 cnim
3360 2710 3576 2779 quidam

1997 2786 2350 2841 nascebantur
2373 2788 2423 2842 itt
2454 2788 2583 2858 ipsis
2601 2793 2902 2861 germinum
2933 2798 3141 2864 culmis,
3168 2811 3225 2855 et
3269 2802 3573 2857 ascenden-

1998 2884 2104 2930 tem
2134 2886 2369 2946 segetem
2422 2879 2790 2937 succidebant.
2816 2884 2981 2940 Erant
3003 2888 3146 2944 enim
3176 2892 3427 2961 agricolae
3467 2893 3574 2950 loci

2000 2964 2170 3033 ipsius
2217 2968 2478 3024 Gentiles.
2502 2970 2612 3026 llos
2642 2988 2762 3028 cum
2816 2976 3184 3037 docnissemus
3236 2984 3401 3040 Demn
3452 2998 3577 3042 cre-

1999 3056 2146 3120 dere,
2180 3069 2233 3113 et
2259 3058 2416 3115 ﬁdem
2445 3058 2642 3119 Christi
2677 3068 2918 3136 recipere
2940 3112 2953 3133 ,
2982 3069 3267 3130 Christiani
3313 3077 3425 3146 jam
3457 3079 3576 3138 facti

1997 3151 2215 3203 veniunt
2242 3150 2307 3204 ad
2338 3168 2455 3218 nos,
2488 3166 2740 3224 rogantes
2772 3167 2825 3211 ut
2853 3174 3133 3218 oraretnus
3159 3164 3443 3223 Dominum
3474 3186 3571 3239 pro

315 3244 551 3303 ﬁoribus
575 3247 784 3304 δοιπη-ίίε
807 3245 1138 3308 sedentibus,
1157 3245 1269 3312 ipSe
1295 3245 1562 3313 ingressus
1580 3242 1742 3297 estad
1772 3258 1886 3308 eos,
1915 3251 1960 3311 ρ
1993 3242 2265 3311 segetibus
2317 3245 2576 3323 ipsorum.
2613 3236 2679 3301 Et
2728 3265 2846 3303 eum
2877 3251 3177 3311 diceremus
3204 3258 3306 3325 eis,
3339 3274 3435 3315 nos
3455 3236 3575 3330 qui-

312 3352 371 3397 et
408 3344 715 3413 irequeuter
736 3341 802 3392 9d
834 3344 1225 3407 quemcnmqtte
1272 3334 1447 3391 locum
1481 3335 1665 3401 voluit,
1699 3350 1890 3404 qnam-

314 3432 395 3484 vis
427 3430 584 3500 longe
608 3430 859 3500 positum,
885 3430 1023 3485 intra
1053 3434 1385 3481 momentum
1433 3426 1691 3495 temporis
1737 3440 1892 3480 evec-

309 3526 401 3577 tus
422 3526 525 3576 est.

384 3614 399 3643 ‘
433 3612 564 3666 Nam
624 3613 793 3682 primo
844 3612 1020 3667 adhuc
1072 3614 1313 3680 tempore
1362 3609 1737 3664 conversionis
1780 3620 1892 3663 sua:

309 3714 428 3760 c‘unt
486 3716 629 3761 esset
676 3708 727 3760 in
780 3722 996 3772 eremo,
1034 3715 1089 3760 et.
1139 3703 1526 3759 hebdomadam
1575 3701 1888 3770 jejunasset,

313 3798 476 3863 aiunt,
520 3797 821 3852 etcurtiSs‘c
870 3799 919 3851 ei
974 3797 1246 3850 hominem
1296 3796 1349 3848 in
1402 3796 1652 3858 deserto,
1696 3790 1891 3845 baben-

324 3904 430 3949 tetn
500 3910 663 3963 panes
726 3898 783 3949 et
838 3908 1070 3961 aquam,
1121 3894 1207 3960 qui
1277 3894 1589 3946 exhortatus
1644 3895 1728 3943 est
1770 3902 1892 3941 eum

313 3986 555 4055 accipere
606 3984 823 4050 eibum,
851 3986 938 4053 qui
966 3986 1034 4038 de
1056 3976 1194 4037 coelo
1244 3983 1296 4036 ei
1355 3982 1526 4036 fuerat
1572 3981 1888 4035 destinatus.

377 4073 437 4133 In
466 4080 576 4133 alio
607 4093 821 4147 quoque
849 4088 1088 4145 tempore
1117 4078 1325 4130 daemon
1358 4076 1648 4139 assistens,
1680 4064 1895 4127 thesau-

314 4184 402 4225 ros
425 4170 539 4224 auri
561 4166 847 4239 plurimus,
872 4183 1006 4238 quos
1032 4166 1324 4221 Pharaonis
1347 4166 1514 4219 fuisse
1543 4158 1891 4234 perhibebat,

314 4262 545 4319 ostendit
575 4264 624 4317 ei
672 4264 773 4317 sub
816 4271 1015 4316 terram
1074 4261 1374 4314 demersos.
1405 4258 1499 4313 Cui
1552 4256 1895 4325 restiondisse

313 4357 476 4411 fet-tur
505 4356 865 4413 l‘atermutius
901 4372 914 4408 :
952 4355 1179 4409 Pecunia
1210 4366 1299 4407 tua
1328 4364 1491 4406 tecum
1519 4352 1585 4406 sit
1623 4353 1677 4405 in
1711 4352 1889 4405 interi-

310 4458 413 4501 tum
435 4459 480 4500 et
498 4449 836 4515 perditionem
864 4446 1001 4515 (Act.
1038 4445 1140 4513 8.).
1177 4444 1299 4499 llmc
1324 4458 1475 4513 ergo,
1507 4452 1561 4497 et
1591 4442 1673 4496 his
1702 4440 1892 4495 similia

314 4540 541 4607 plurima
573 4539 753 4593 ell‘ecit
782 4554 875 4606 per
899 4551 1022 4591 eum
1057 4536 1335 4590 Dominus.

1996 3330 2119 3387 dem
2136 3344 2403 3401 oraturos,
2427 3336 2522 3391 sed
2555 3337 2712 3393 fidem
2738 3340 2971 3408 ipsorum
2996 3346 3192 3415 requiri
3212 3348 3349 3417 apud
3382 3348 3571 3421 Deum,

1994 3438 2114 3492 qua:
2146 3425 2247 3481 hoc
2280 3429 2557 3495 percipere
2589 3445 2888 3498 mereatur;
2914 3432 2991 3488 illi
3018 3449 3082 3490 ex
3112 3452 3273 3493 arena
3325 3440 3424 3497 hac
3451 3457 3571 3513 qure

1994 3517 2234 3572 calcatur
2260 3533 2290 3573 a
2322 3520 2497 3587 nobis,
2532 3520 2682 3576 sinus
2703 3534 2829 3578 suos
2859 3526 3129 3601 replentes
3149 3529 3458 3587 obtulerunt
3476 3548 3575 3589 no-

1996 3607 2078 3664 bis
2108 3620 2382 3681 rogantes,
2410 3622 2466 3667 ut
2514 3613 2565 3667 iu
2608 3618 2821 3688 nomine
2873 3617 3080 3673 Domini
3108 3617 3583 3682 benediceretttus.

1998 3700 2061 3755 Et
2107 3715 2207 3771 ego
2236 3703 2323 3757 aio
2344 3702 2412 3757 ad
2440 3702 2533 3758 cus
2565 3720 2577 3757 :
2602 3704 2910 3762 secundum
2936 3709 3094 3765 fidem
3120 3722 3345 3768 vestram
3372 3714 3461 3771 fiat
3483 3732 3576 3772 vos

1996 3793 2099 3848 bis.
2129 3794 2280 3849 'l'unc
2306 3792 2381 3848 illi
2411 3783 2722 3852 auferentes
2751 3813 2972 3856 arenam
3000 3816 3206 3870 secum,
3242 3806 3577 3863 miscuerunt

1994 3874 2296 3940 seminibus
2347 3886 2466 3955 quae
2495 3889 2814 3944 seminaturi
2843 3903 3014 3955 erant,
3046 3902 3102 3947 et
3129 3907 3452 3963 sparserunt
3480 3916 3574 3968 per

1994 3991 2150 4047 agros
2190 3992 2337 4045 snos,
2373 3987 2425 4034 et
2449 3989 2651 4033 tantum
2672 3980 2903 4061 fructum
2922 3983 3287 4053 collegerunt,
3314 3998 3573 4056 qttatttttnt

1996 4070 2134 4121 nulla
2166 4083 2387 4139 usquam
2422 4071 2592 4139 potuit
2645 4071 2865 4143 :Egypti
2915 4082 3059 4129 terra
3100 4076 3375 4145 colligere.
3402 4079 3477 4132 Ex
3510 4096 3575 4135 eo

1994 4168 2124 4228 ergo
2168 4163 2502 4217 consuetudo
2530 4171 2613 4218 est
2650 4166 2750 4226 eis,
2782 4165 2864 4218 bis
2896 4178 2992 4233 per
3016 4180 3187 4219 annos
3216 4166 3451 4237 singulos
3482 4186 3575 4228 te-

1996 4258 2111 4309 nire
2132 4255 2196 4310 ad
2227 4271 2343 4319 nos,
2373 4268 2426 4310 et
2448 4258 2635 4311 eadem
2661 4269 2977 4327 exspectare
3006 4274 3036 4313 a
3066 4261 3238 4316 nobis.

2066 4347 2171 4403 Sed
2202 4357 2255 4402 et
2285 4348 2410 4401 illud
2434 4364 2537 4401 non
2565 4347 2751 4402 celabo
2776 4365 2806 4403 a
2833 4349 3004 4415 vob‘s,
3031 4353 3173 4421 quod
3226 4354 3356 4410 mihi
3386 4356 3571 4413 Domis

1996 4454 2095 4491 nus
2118 4438 2185 4491 ad
2229 4438 2453 4506 gloriam
2505 4438 2734 4492 nominis
2761 4440 2842 4493 sui
2875 4442 3142 4509 pra-sntit.
3175 4445 3567 4505 Descenderam

1995 4530 2279 4599 aliquando
2327 4530 2392 4584 ad
2446 4532 2738 4596 civitatem,
2766 4541 2821 4587 et
2868 4534 3043 4588 inveni
3089 4537 3155 4591 ibi
3180 4523 3352 4595 virum
3384 4556 3573 4611 quem-

377 4630 480 4684 Sed
509 4640 563 4683 et
592 4629 681 4683 alii
713 4629 1063 4682 nihilominus
1092 4626 1310 4680 fueruttt
1336 4633 1461 4678 ante
1493 4639 1590 4677 uos
1618 4624 1768 4677 multi
1802 4638 1894 4692 pa-
1924 4634 1973 4693 ι)
1999 4628 2120 4678 datu
2169 4625 2442 4679 doctorem
2493 4624 2904 4681 Manichaeorum
2926 4627 3269 4686 seduccn'tcm
3301 4636 3524 4703 populos
3558 4654 3572 4690 :

325 4729 454 4784 tres,
482 4734 706 4788 quorum
733 4716 1018 4787 pra-sentia
1047 4716 1237 4785 dignus
1262 4729 1365 4768 non
1413 4714 1507 4767 fuit
1539 4715 1788 4779 mundus,
1820 4713 1887 4768 si-

309 4828 407 4880 gna
439 4812 679 4865 coalestia
707 4823 761 4866 et
790 4810 1027 4881 prodigia
1060 4808 1340 4864 facientes.
1369 4807 1507 4875 Quid
1563 4823 1690 4877 ergo
1721 4808 1889 4861 mira-

312 4902 461 4967 mini,
478 4902 524 4955 si
552 4916 649 4956 nos
670 4902 820 4971 parti
845 4902 1088 4956 homines
1112 4915 1270 4968 parva
1286 4900 1542 4954 faciamus
1565 4939 1579 4963 ,
1603 4898 1821 4953 claudos
1838 4908 1892 4953 et

308 4995 479 5047 etet-os
506 4999 779 5057 curantes,
808 4992 953 5065 quod
984 5002 1037 5048 et
1064 4991 1257 5047 medici
1292 5007 1360 5046 ex
1390 5002 1506 5045 arte
1558 4990 1737 5045 facere
1762 5006 1888 5060 pos-

310 5089 469 5141 sunt?

381 5179 588 5233 Etcum
615 5179 731 5233 haec
758 5172 915 5231 nobis
937 5176 1175 5248 (Paliad.
1195 5194 1315 5247 cap.
1344 5165 1462 5246 Si.)
1493 5190 1654 5231 senex
1687 5176 1891 5245 (Inpres

310 5279 611 5336 enarraret,
640 5285 774 5323 unus
798 5285 860 5323 ex
886 5268 1141 5323 fratribus
1189 5270 1411 5334 nostris,
1435 5270 1584 5339 quasi
1635 5268 1891 5323 incredu-

318 5360 467 5414 litate
523 5375 709 5415 eorum
764 5375 881 5429 qute
924 5360 1238 5415 dicebantur
1264 5401 1279 5424 ,
1327 5361 1548 5414 tmdiare
1575 5362 1595 5390 ’
1620 5360 1802 5429 cmpit,
1837 5368 1893 5414 et

316 5467 426 5520 pra:
455 5452 617 5507 taedio
665 5450 978 5506 dOrtttitare.
1025 5452 1263 5520 Cumque
1317 5465 1504 5506 somno
1554 5450 1742 5509 fuissvt
1788 5468 1889 5520 op-

381 5582 400 5614 ¹
421 5582 519 5638 Hic
547 5585 601 5637 in
635 5582 821 5638 Graeco
853 5594 997 5639 textu
1020 5585 1160 5654 apud
1192 5580 1484 5641 Palladium
1515 5586 1763 5658 quaidam
1808 5590 1887 5642 in-

310 5660 691 5737 ωἷθῖυηίξὲτκ
756 5723 792 5737 η
842 5724 869 5737 ,.
1004 5736 1009 5737 ,
1193 5726 1204 5736 .
1293 5700 1347 5737 ,κ

379 5724 401 5755 ³
435 5723 723 5777 i’eculiaris
756 5723 963 5787 Rufino,
1000 5726 1204 5779 tametsi
1236 5723 1411 5780 minus
1451 5727 1636 5782 Latina
1689 5728 1884 5784 locutio

310 5801 392 5863 est
420 5794 632 5863 ttedinre
681 5810 775 5857 pro
829 5795 1057 5863 fatigari.
1092 5796 1364 5861 delassari,
1390 5810 1443 5852 et
1480 5798 1761 5851 similibus.
1796 5800 1886 5852 Sic

305 5862 630 5918 Prxfatioue
664 5864 780 5916 libri
803 5862 947 5917 l|.tle
971 5866 1437 5923 Beuedieiunibus
1459 5867 1883 5922 Patriarcharum

675 5954 946 6016 Paruum
997 5955 1169 6015 XXI;

1998 4732 2118 4772 cum
2166 4717 2265 4770 hoc
2296 4715 2455 4770 habui
2502 4716 2811 4772 conﬂictum
2843 4722 3130 4775 sermonis.
3161 4724 3264 4777 Sed
3293 4726 3414 4794 quia
3459 4728 3577 4787 eta't

2000 4817 2243 4864 versutus
2274 4807 2453 4875 nimis,
2477 4816 2531 4863 et
2560 4810 2889 4865 concludere
2915 4825 3036 4865 eum
3060 4813 3237 4868 verbis
3265 4826 3371 4871 non
3425 4830 3576 4886 pote-

2000 4916 2136 4964 ratn,
2166 4900 2369 4955 veritus
2393 4916 2460 4956 ne
2499 4900 2801 4956 auditorum
2852 4902 3023 4958 turbae
3046 4903 3387 4972 lmdul‘entur,
3407 4909 3449 4963 si
3482 4911 3576 4967 ille

1998 4991 2148 5061 quasi
2196 4992 2442 5059 superior
2486 4992 2838 5049 abscessisset
2885 4994 2938 5048 in
2981 4996 3199 5063 verbis,
3229 4998 3574 5057 audientibus

2002 5080 2190 5143 tllrbis.
2221 5082 2332 5137 dixi
2366 5100 2379 5137 :
2410 5074 2431 5115 ²
2459 5084 2745 5140 Accendite
2775 5087 2947 5156 ignem
2972 5087 3259 5156 plurimum
3290 5092 3341 5145 in
3394 5095 3575 5149 medio

2001 5175 2210 5241 platere,
2243 5182 2297 5229 et
2322 5174 2481 5229 ambo
2510 5174 2772 5231 intremus
2809 5177 2861 5231 in
2892 5177 3159 5233 ﬂammam
3189 5195 3203 5233 :
3233 5182 3275 5235 si
3302 5182 3419 5249 quis
3447 5196 3575 5239 uos-

1998 5274 2138 5319 trum
2169 5280 2235 5320 ex
2264 5278 2327 5321 ea
2358 5282 2462 5320 non
2495 5267 2654 5321 fuerit
2680 5270 2923 5336 adustus,
2948 5270 3107 5341 hujus
3137 5276 3261 5331 v‘era
3294 5273 3425 5328 fides
3451 5280 3572 5330 esse

1998 5356 2269 5411 credatur.
2302 5356 2454 5424 Quod
2484 5374 2602 5413 cum
2636 5356 2914 5427 dixissem,
2938 5362 3091 5417 valde
3123 5363 3318 5431 placuit
3348 5365 3567 5433 populo,

2000 5458 2054 5504 et
2081 5450 2336 5505 continuo
2366 5450 2499 5521 ignis
2529 5452 2839 5507 accenditur
2867 5453 3146 5521 plurimus.
3180 5455 3329 5509 Tunc
3355 5470 3456 5527 ego
3475 5473 3573 5528 ap.

1991 5586 2057 5640 ad
2081 5583 2381 5661 Paulinu_m,
2407 5584 2511 5661 Sed
2535 5585 2668 5661 quin
2684 5595 2736 5661 tu
2759 5586 2932 5640 nectit:
2948 5585 3153 5654 quidem
3177 5602 3385 5642 tenus
3411 5589 3574 5661 impos

1991 5673 2128 5719 rare,
2157 5666 2259 5710 etc.
2292 5654 2487 5708 liceole
2517 5670 2612 5708 nos
2639 5656 2729 5708 ibi.

2061 5727 2081 5758 ³
2108 5726 2216 5781 lloc
2246 5726 2440 5793 ipsum,
2473 5725 2665 5777 nedum
2710 5723 2915 5794 simile,
2938 5724 3244 5793 exemplum
3301 5742 3568 5794 provoca-'-

1993 5796 2255 5865 tionisrad
2276 5798 2448 5863 ignem
2500 5794 2661 5865 habes
2708 5793 2757 5845 in
2793 5794 2915 5865 ‘Vita
2969 5795 3025 5849 S.
3062 5793 3311 5863 Engenize
3357 5812 3476 5865 cap.
3510 5798 3566 5853 5t

1994 5866 2133 5937 quod
2165 5863 2347 5919 itidem
2372 5880 2505 5933 opus
2538 5862 2727 5915 llufino
2755 5863 2883 5918 olim
2939 5867 3145 5919 tametsi
3202 5865 3369 5933 falso,
3402 5862 3569 5928 adtri-

3138 5948 3209 6021 ii
