4166 6348
542 355 642 415 ιῖἲ

548 473 883 544 prehendens
912 486 1054 535 eum,
1087 470 1222 539 cmpi
1252 482 1459 523 mecmu
1486 465 1797 544 pertrahere
1824 460 1887 519 ad
1920 463 2111 527 ignem.
2151 461 2201 517 Α

551 567 617 623 Ει
648 567 736 633 ille
785 581 914 630 non,
952 563 1277 632 inquit,ita;
1322 559 1413 614 sed
1457 556 1821 624 unusquisque
1875 562 2117 606 nostrum

547 657 888 725 singulariter
916 654 1246 724 ingrediatur
1278 668 1290 704 :
1322 650 1524 720 primus
1554 656 1733 703 tamen
1763 654 1817 700 tu
1846 645 2013 700 debes
2038 643 2122 696 iu-

552 762 714 819 trare,
738 751 829 821 qui
859 750 958 806 hoc
982 744 1330 818 proposuisti.
1367 743 1435 797 Et
1455 757 1552 811 ego
1576 741 1628 794 in
1657 738 1872 794 nomine
1922 734 2120 792 Christi

548 842 868 913 consignatis
916 838 1306 906 memetipsum,
1337 832 1538 890 medias
1583 832 1825 899 ﬂammas
1853 828 2124 898 ingressus

549 946 703 997 sum;
738 930 947 985 ﬂamma
976 942 1104 983 vero
1136 927 1239 995 huc
1286 925 1515 994 illucque
1564 922 1797 991 dispergi
1830 934 1893 974 ac
1943 917 2125 988 fugere

551 1020 760 1086 penitus
788 1035 815 1073 a
849 1033 932 1073 me
962 1018 1141 1086 ccepit.
1168 1016 1301 1072 Steti
1334 1015 1494 1086 166
1516 1014 1568 1068 in
1593 1012 1769 1068 medio
1796 1010 1931 1081 ignis
1956 1009 2119 1073 dimi-

550 1110 635 1164 dia
665 1110 772 1165 fere
798 1108 953 1173 hora,
980 1116 1034 1161 et
1060 1108 1113 1161 in
1141 1105 1358 1181 nomine
1400 1103 1608 1159 Domini
1632 1105 1683 1158 in
1715 1102 1860 1158 nullo
1911 1100 2127 1171 penitus

549 1201 705 1255 Iasus
725 1214 863 1253 sum.
893 1197 1145 1253 Videutes
1171 1209 1348 1265 autem
1382 1198 1561 1266 populi
1598 1211 1718 1250 cum
1776 1194 1978 1265 ingenti
2029 1193 2126 1261 ad-

550 1293 827 1347 miratione
883 1292 1341 1365 acclamavvrunt,
1392 1298 1450 1345 et
1502 1290 1889 1345 benediseruut
1933 1288 2122 1349 Deum,

548 1381 784 1449 dicentes
822 1399 834 1432 :
877 1380 1132 1435 Mirabilis
1177 1379 1312 1435 Deus
1354 1382 1405 1433 in
1426 1382 1616 1434 sanctis
1656 1381 1760 1443 suis
1785 1377 1953 1449 (Psal.
1984 1379 2122 1447 67.).

549 1477 837 1547 Coeperunt
887 1477 1047 1533 etiam
1100 1491 1386 1545 perurgere
1424 1474 1795 1539 Matiichreum,
1829 1483 1884 1527 ut
1934 1472 2123 1528 introi~

537 1579 633 1625 ret
674 1570 727 1623 in
779 1568 951 1639 ignem
980 1584 994 1622 ι
1024 1578 1081 1623 at
1111 1568 1201 1623 ille
1252 1568 1503 1631 reluctari
1525 1566 1707 1636 erepit,
1730 1576 1785 1623 et
1809 1563 2128 1623 subtrahere

526 1674 629 1716 sse.
656 1660 805 1717 Tunc
830 1659 1353 1729 comprehendentes
1373 1674 1495 1723 eum
1528 1644 1698 1714 turbae
1728 1657 2031 1725 iniecerunt
2072 1656 2124 1709 in

523 1774 536 1787 π
548 1750 785 1809 medium
814 1750 971 1824 ignis,
994 1762 1049 1808 et
1077 1753 1257 1807 statim
1275 1752 1613 1808 circumdans
1635 1767 1757 1806 eum
1781 1750 2015 1823 liannua,
2045 1758 2127 1804 at-

550 1854 655 1911 que
682 1839 915 1913 adurens
960 1842 1274 1898 semiustum
1323 1842 1571 1909 reddidit.
1605 1843 1667 1897 Et
1708 1842 1856 1901 illum
1908 1840 2120 1911 quidem
2158 1835 2205 1894 Β

551 1944 671 1987 eum
696 1916 960 1990 dedecore
986 1948 1050 1988 ex
1083 1934 1216 1989 urbe
1246 1934 1469 2003 papulas
1498 1932 1675 2002 ejecit,
1708 1933 1946 1993 clamans
1969 1942 2023 2005 et
2046 1932 2125 1987 di-

526 2036 681 2078 cens
710 2040 725 2079 :
758 2022 919 2079 Vivus
948 2023 1128 2093 ardeat
1186 2025 1454 2080 seductor.
1492 2024 1575 2080 Me
1618 2040 1749 2091 vero
1785 2034 2124 2089 assumentes

554 2126 757 2184 secum,
785 2125 837 2171 et
867 2114 1245 2191 benedicentes
1273 2116 1580 2185 Dominum,
1603 2116 1669 2171 ad
1700 2116 1982 2187 ecclesiam
2007 2132 2125 2186 per-

554 2205 772 2265 ducunt.

620 2319 739 2375 Alio
767 2335 974 2391 quoque
1013 2330 1255 2393 tempore
1281 2322 1407 2377 dum
1468 2323 1751 2377 transirem
1795 2323 1947 2392 juxta
1992 2330 2127 2376 tein-

530 2412 697 2481 cplum
732 2415 1000 2487 quoddam
1020 2458 1035 2483 ,
1068 2415 1176 2470 vidi
1204 2417 1276 2471 ibi
1304 2414 1612 2481 sacrificare
1642 2414 1902 2479 Gentiles,
1929 2425 1983 2468 et
2041 2414 2126 2467 aio

552 2502 617 2556 ad
640 2516 733 2571 eos
762 2521 774 2555 :
798 2503 905 2559 Cur
936 2519 1035 2560 vos
1061 2520 1181 2561 cum
1206 2506 1327 2563 sitis
1360 2507 1605 2561 homines
1631 2507 1993 2570 rationabiles,
2026 2508 2127 2561 im-

554 2593 763 2649 molatis
806 2595 964 2650 mutis
1000 2604 1055 2649 et
1109 2597 1507 2652 insensibilibus
1554 2597 1894 2653 simulacris?
1937 2598 2129 2653 Nonne

555 2686 691 2739 enim
725 2700 818 2740 vos
875 2687 1047 2742 multo
1098 2690 1269 2759 magis
1323 2690 1444 2744 sine
1471 2704 1632 2744 sensu
1659 2690 1822 2756 estis,
1854 2705 2011 2761 quam
2053 2692 2126 2745 illi

536 2777 751 2844 quibus
782 2779 1105 2835 immolatis?
1131 2781 1212 2835 Ad
1238 2782 1377 2835 hunc
1398 2794 1701 2836 sermonem
1735 2782 2127 2851 Dominusape-

557 2867 659 2920 ruit
687 2868 764 2921 eis
794 2868 1144 2936 intellectum,
1177 2880 1233 2925 et
1256 2873 1618 2941 relinquentes
1672 2888 1915 2930 errorem
1970 2891 2125 2930 suum

557 2976 712 3024 quem
769 2963 1014 3031 agebant.
1036 2965 1205 3023 secuti
1255 2976 1513 3035 suntme,
1546 2978 1600 3024 et
1640 2970 1987 3025 crediderunt
2011 2972 2128 3031 Sal-

559 3054 733 3123 va'nri
754 3062 935 3123 nnslt‘o
966 3053 1089 3109 Deo.

1569 344 1798 404 RUFlNl
1837 340 2315 414 AQUILEIENSIS
2357 339 2784 396 PRESBYTERI

3709 337 3815 395 4%

2774 476 2924 546 167
2956 473 3183 530 CAPUT
3213 469 3280 529 x.

2379 607 2442 645 ne
2474 606 2599 645 smn
2634 599 2659 626 ι
2701 605 2923 652 Αυθλτε,
2957 603 3114 654 I‘AIA,
3139 602 3331 654 ΡΑυιο,
3378 603 3446 642 ετ
3475 603 3671 644 suum.

2298 704 2541 759 Addebat
2570 713 2620 755 et
2650 702 2826 755 adhuc
2853 699 3087 770 (Pallad.
3118 716 3239 768 cap.
3283 697 3373 754 55.
3404 698 3495 755 56.
3555 702 3647 756 57.
3696 700 3817 773 58.)

2225 797 2388 852 etiam
2445 795 2557 848 lucc
2593 810 2607 848 :
2641 791 2819 846 Abhas
2847 832 2863 856 ,
2895 790 3089 861 inquit,
3131 790 3302 862 Syrus
3325 830 3340 855 ,
3408 790 3720 861 aliquando,
3764 802 3821 848 et

2225 888 2409 952 lsaias,
2433 897 2485 941 et
2516 885 2710 940 Paulus
2749 891 3103 938 occurrerunt
3133 882 3237 938 sibi
3268 883 3501 938 invicem
3531 884 3602 938 ad
3643 885 3818 955 ripam

2226 978 2481 1035 ﬂuminis.
2529 977 2693 1032 Erant
2730 987 2909 1029 autem
2935 974 3035 1027 viri
3072 973 3160 1029 isti
3198 975 3353 1044 justi,
3383 987 3607 1029 summa:
3646 975 3815 1030 absti—

2229 1071 2423 1127 tientia:
2473 1079 2526 1123 et
2585 1068 2745 1122 totius
2798 1066 3095 1135 religionis.
3149 1064 3215 1119 Hi
3268 1066 3562 1134 pergebant
3595 1066 3819 1121 visitare

2228 1162 2509 1232 quemdam
2546 1160 2763 1213 nomine
2805 1157 3021 1227 Anuph.
3073 1156 3273 1211 Aberat
3318 1167 3497 1213 autem
3550 1167 3820 1214 monaste-

2228 1254 2365 1308 riqu
2398 1252 2463 1306 ad
2496 1250 2634 1321 quod
2668 1249 2816 1303 ibant
2864 1246 3231 1301 mansionibus
3266 1247 3458 1302 tribus.
3503 1246 3639 1302 Cum
3688 1263 3820 1318 ergo

2229 1344 2429 1398 vellent
2468 1341 2696 1395 transire
2728 1338 2982 1405 fluvium,
3043 1354 3141 1393 nec
3170 1351 3314 1394 esset
3363 1342 3512 1411 copia
3556 1352 3819 1398 transme-

2233 1437 2380 1501 andi,
2406 1435 2710 1490 ainntinter
2737 1434 3086 1503 semetipsos:
3118 1435 3367 1490 Petamus
3393 1451 3421 1489 a
3446 1436 3670 1491 Domino
3693 1451 3817 1507 gra-

2233 1528 2379 1592 tiam,
2403 1538 2456 1581 nt
2482 1542 2548 1581 ne
2571 1525 2893 1595 impediatur
2917 1524 3068 1578 nobis
3099 1524 3221 1579 boni
3250 1527 3427 1594 operis
3459 1527 3583 1583 iter.
3599 1526 3664 1581 Et
3686 1541 3818 1580 con-

2233 1619 2372 1672 versi
2400 1617 2463 1671 ad
2491 1618 2737 1671 abbatem
2767 1616 2983 1687 Syrum,
3020 1615 3122 1677 Tu,
3156 1615 3341 1681 aiunt,
3394 1618 3665 1687 prmeipue
3696 1628 3818 1685 pete

2233 1726 2262 1764 a
2292 1711 2517 1764 Domino
2553 1728 2563 1761 :
2595 1709 2793 1764 scimus
2842 1708 2987 1761 enim
3035 1707 3207 1761 audiri
3261 1716 3333 1775 te,
3365 1708 3487 1777 quia
3542 1708 3819 1777 praestabit

2235 1803 2325 1857 tibi
2361 1818 2482 1873 qua!
2503 1812 2671 1873 petes.
2709 1805 2777 1856 At
2806 1801 2893 1855 ille
2921 1800 3228 1856 cohortatus
3252 1800 3416 1855 etiam
3448 1802 3591 1871 ipsos
3630 1817 3815 1856 secum

2228 1910 2398 1965 genua
2430 1895 2611 1965 figere,
2646 1894 2698 1948 iu
2728 1896 2970 1949 oratione
2997 1894 3283 1963 prostravit
3306 1909 3366 1949 se
3413 1894 3462 1947 in
3494 1895 3683 1948 faciem
3720 1910 3815 1949 cu-

2230 2002 2342 2040 ram
2403 1986 2650 2039 Domino.
2686 1985 2748 2039 Et
2793 1999 2914 2039 cum
2946 2000 3085 2049 coni,
3111 1985 3213 2037 leta
3244 1982 3508 2050 oratione,
3551 1985 3818 2039 surrexis-

2229 2090 2369 2147 sent,
2403 2094 2529 2135 ecce
2558 2078 2737 2133 vident
2764 2078 2956 2147 appelli
3005 2078 3266 2146 navigium
3318 2076 3385 2131 ad
3432 2078 3602 2145 ripam
3638 2077 3817 2131 ﬂumi-

2229 2173 2312 2227 nis
2344 2182 2605 2241 paratum,
2638 2169 2704 2224 ad
2757 2172 2857 2224 iter
2888 2169 3029 2238 quod
3055 2170 3222 2223 arturi
3279 2177 3436 2224 erant
3478 2169 3810 2239 expeditum.

2231 2268 2342 2322 Hoc
2368 2261 2746 2321 ascendentes
2790 2264 3051 2319 adversus
3100 2262 3335 2318 (luminis
3379 2278 3596 2318 cursum
3630 2265 3701 2316 ita
3736 2280 3815 2315 vi.

2231 2362 2422 2417 lociter
2446 2362 2579 2417 ferri
2605 2370 2864 2429 ceperunt
2886 2401 2899 2422 ,
2932 2371 2988 2413 ut
3016 2358 3156 2412 inter
3203 2357 3388 2411 horam
3420 2372 3579 2412 unam
3602 2400 3617 2424 ,
3649 2355 3811 2410 totius

2230 2454 2436 2508 itineris
2460 2452 2623 2525 (quod
2653 2455 2825 2507 acturi
2855 2466 2949 2521 per
2995 2452 3229 2506 triduum
3260 2450 3435 2521 erant)
3482 2450 3813 2506 conficerem

2229 2543 2479 2614 Spatium.
2504 2542 2744 2615 Cumque
2765 2543 3147 2613 applicuissent
3170 2543 3235 2597 ad
3263 2550 3485 2610 terram,
3508 2542 3666 2598 Isaias
3694 2542 3767 2595 ait
3793 2559 3808 2596 :

2234 2635 2490 2690 Dominus
2522 2636 2651 2689 mihi
2685 2636 2924 2690 ostendit
2954 2636 3123 2689 virum
3154 2636 3218 2688 ad
3250 2650 3406 2705 quem
3439 2649 3811 2704 properamus,

2230 2736 2597 2784 occurrentem
2622 2726 2866 2791 nobis,et
2894 2726 3313 2797 uniuscujusque
3336 2736 3575 2782 nostrum
3600 2741 3811 2783 secreta

2234 2821 2415 2876 cordis
2438 2820 2789 2889 aperientem.
2817 2819 2923 2877 Sed
2962 2820 3157 2875 Paulus
3184 2820 3295 2873 ait:
3336 2821 3400 2873 Et
3424 2820 3552 2875 mihi
3584 2820 3776 2875 ostcud
3807 2832 3823 2874 t

2234 2916 2518 2981 Dominus,
2560 2913 2700 2991 quod
2742 2922 2862 2983 post
2913 2911 3145 2967 triduum
3189 2912 3385 2968 educat
3430 2928 3551 2967 eum
3588 2912 3660 2968 de
3722 2914 3821 2978 hoc

2233 3005 2451 3059 mundo.

2303 3093 2439 3149 Cum
2470 3110 2600 3164 ergo
2651 3094 2774 3157 iter,
2807 3093 2948 3163 quod
2980 3094 3127 3149 ducit
3172 3094 3236 3149 ad
3284 3095 3667 3169 monaSIerium
3695 3140 3709 3164 ,
3756 3096 3824 3151 de

634 3167 751 3220 Fuit
781 3169 907 3224 mihi
939 3172 1228 3240 aliquando
1261 3174 1498 3232 hortulus
1537 3180 1864 3235 monasterio
1894 3180 2120 3245 vicinus,
2158 3202 2208 3265 ρ
2239 3186 2457 3241 [lumine
2525 3186 2774 3240 incedere
2823 3187 3112 3255 cepissent
3137 3229 3153 3255 ,
3216 3167 3585 3256 progressique
3638 3200 3824 3243 essent

558 3259 611 3313 in
631 3274 736 3328 quo
767 3274 980 3330 propter
1009 3264 1359 3320 adventantes
1388 3265 1579 3323 fratres
1610 3271 1759 3326 olera
1789 3270 1969 3325 colere
1985 3270 2131 3325 vide-

559 3349 767 3406 bamur.
798 3351 1023 3417 Quidam
1048 3363 1225 3410 autem
1269 3355 1491 3414 Gentilis
1523 3359 1793 3428 ingressus
1838 3370 1921 3417 est
1951 3372 2127 3426 nocte,

559 3453 611 3497 et
642 3443 845 3500 furatus
874 3456 957 3502 est
984 3448 1148 3504 olera.
1173 3448 1303 3517 Qua:
1333 3467 1452 3507 cum
1477 3454 1788 3522 pertulisset
1818 3454 1885 3509 ad
1910 3454 2125 3511 domum

540 3550 733 3600 suam,
759 3536 860 3606 igni
891 3540 1138 3609 apposuit
1168 3549 1225 3595 ut
1249 3553 1522 3613 coqueret.
1551 3544 1789 3616 Cumque
1821 3548 1998 3603 tribus
2037 3549 2133 3601 ho-

566 3628 639 3681 ris
667 3629 932 3683 eontinuis
974 3631 1177 3700 ingenti
1233 3633 1351 3701 igne
1392 3646 1663 3706 suggesto,
1686 3653 1859 3709 neque
1905 3638 2133 3703 fervere,

576 3731 749 3785 neque
796 3719 1013 3785 molliri,
1041 3729 1133 3775 aut
1160 3721 1393 3778 calefieri
1444 3725 1777 3797 aliquatenus
1816 3728 2135 3800 potuissent,

568 3810 661 3865 sed
690 3814 1117 3881 permansissent
1145 3816 1327 3869 eadem
1378 3816 1643 3873 viriditate
1669 3834 1774 3890 qua
1805 3821 1964 3875 missa
1989 3835 2134 3889 sunt,

576 3912 628 3954 et
657 3916 830 3972 neque
876 3918 1008 3974 aqua
1037 3904 1252 3975 quidem
1285 3906 1396 3977 ipsa
1428 3909 1509 3963 vel
1540 3910 1727 3965 leviter
1775 3911 2006 3968 caleﬁeri
2041 3930 2135 3982 po-

576 3993 785 4059 tuisset,
819 3995 870 4049 in
894 3996 1236 4067 semetipsum
1266 4012 1540 4069 regressus
1565 4000 1655 4054 ille
1675 4002 1767 4070 qui
1799 4000 2002 4058 furatus
2032 4013 2136 4071 est,

553 4098 747 4155 erepta
777 4104 961 4145 rursus
984 4089 1053 4145 de
1070 4090 1187 4147 foco
1208 4091 1354 4147 olera
1386 4093 1768 4163 reportabatad
1797 4109 1912 4162 nos,
1938 4106 1991 4150 et
2022 4112 2140 4167 pro-

569 4190 816 4236 sternens
842 4194 900 4235 se
927 4190 1051 4261 ante
1083 4182 1247 4252 pedes
1270 4193 1481 4240 nostros
1510 4199 1700 4256 rogare
1720 4188 1903 4256 etrapit,
1931 4196 1987 4242 ut
2014 4202 2140 4258 pec—

564 4274 665 4326 Cati
689 4274 770 4327 sui
791 4276 999 4329 veniam
1023 4283 1346 4340 mereretur,
1364 4283 1418 4331 et
1440 4276 1590 4333 fieret
1607 4277 1939 4335 Christianus
1961 4296 1974 4345 ;
2000 4279 2137 4350 quod

562 4379 612 4420 et
645 4366 962 4436 impetravit.

632 4477 841 4532 Accidit
861 4486 1037 4534 autem
1061 4480 1247 4534 eadem
1272 4479 1359 4535 die
1380 4480 1618 4549 hospites
1633 4482 1813 4538 venire
1824 4483 1889 4537 ad
1910 4499 2006 4540 nos
2019 4486 2138 4554 plu-

2240 3276 2536 3346 paululum,
2566 3278 2801 3330 occurrit
2829 3275 2908 3329 eis
2940 3276 3277 3344 supradictus
3312 3277 3406 3340 vir,
3435 3276 3499 3329 ad
3531 3292 3694 3346 quem
3741 3280 3823 3332 vi-

2236 3372 2504 3425 sitandum
2551 3369 2861 3441 pergebant,
2897 3378 2951 3423 et
2979 3369 3218 3423 salutans
3257 3384 3350 3424 eos
3377 3368 3824 3425 ainBcnedictus

2240 3464 2519 3532 Dominus,
2555 3462 2644 3532 qui
2675 3477 2772 3517 vos
2802 3461 2930 3515 mihi
2969 3470 3021 3517 et
3050 3476 3190 3517 nunc
3219 3461 3271 3516 in
3312 3476 3562 3531 corpore,
3595 3473 3651 3518 et
3699 3474 3824 3517 ante

2234 3556 2342 3627 jam
2390 3556 2625 3611 ostendit
2660 3557 2712 3609 in
2744 3555 2956 3625 spiritu.
2991 3555 3057 3609 Et
3087 3565 3210 3609 tunc
3257 3555 3420 3624 cmpit
3458 3556 3525 3612 de
3564 3557 3819 3612 uniuscu-

2235 3648 2431 3718 jusque
2477 3662 2663 3702 eorum
2720 3647 2947 3705 meritis,
2981 3662 3098 3716 quae
3131 3646 3395 3701 habebant
3437 3647 3577 3716 apud
3626 3648 3819 3713 Deum,

2238 3736 2401 3808 atque
2428 3738 2638 3791 actibus
2680 3751 3002 3791 memorare.
3034 3737 3183 3790 'l‘unc
3213 3737 3407 3792 Paulus
3433 3739 3527 3804 ait,
3558 3738 3820 3806 Quoniam

2239 3840 2291 3885 et
2316 3828 2469 3884 nobis
2499 3827 2763 3882 Dominus
2806 3828 3062 3895 eatendit,
3094 3827 3233 3897 quod
3267 3841 3382 3895 p031
3418 3829 3649 3883 triduum
3679 3840 3731 3885 te
3759 3832 3825 3883 de

2242 3923 2344 3975 hoc
2372 3919 2570 3975 mundo
2600 3927 2861 3983 assumat,
2910 3920 3145 3988 petimus
3176 3936 3202 3971 a
3234 3929 3306 3982 te,
3352 3930 3407 3973 ut
3435 3920 3595 3974 etiam
3626 3919 3693 3975 de
3723 3923 3827 3975 tuis

2243 4011 2399 4067 nobis
2432 4009 2719 4065 virtutibus
2741 4021 2795 4061 et
2824 4009 3053 4073 actibus,
3078 4010 3269 4075 quibus
3299 4009 3523 4063 Domino
3554 4009 3821 4079 placuisti,

2244 4120 2485 4174 enarres,
2520 4117 2619 4159 nec
2649 4104 2889 4158 verearis
2918 4103 3189 4171 jactantiae
3225 4116 3425 4158 notum.
3461 4105 3824 4161 Abscessurus

2245 4196 2387 4253 enim
2419 4196 2485 4249 de
2518 4196 2618 4249 hoc
2634 4194 2857 4261 mundo,
2895 4194 2960 4248 ad
3004 4195 3352 4250 imitationem
3380 4200 3605 4266 posteris
3643 4208 3825 4267 gesto-

2241 4302 2358 4342 rum
2384 4293 2591 4340 tuortnn
2622 4287 2934 4340 memoriam
2961 4284 3299 4356 derelinqztc.
3330 4287 3482 4341 Tune
3506 4287 3619 4355 ille,
3653 4288 3821 4356 Nihil,

2242 4380 2433 4450 inquit,
2455 4393 2701 4449 magnum
2729 4380 2921 4433 fecisse
2951 4380 3192 4444 memini,
3214 4383 3312 4433 hoc
3340 4390 3512 4435 tamen
3540 4382 3827 4449 custodivi,

2246 4491 2310 4530 ex
2341 4487 2443 4540 quo
2471 4487 2665 4527 nomen
2696 4470 2993 4525 Salvatnris
3020 4472 3185 4525 nostri
3212 4471 3264 4524 in
3291 4472 3668 4548 persecutione
3697 4488 3828 4528 con-

566 4576 730 4631 rimos
757 4575 1207 4644 fratrum,quibus
1262 4587 1560 4644 opportune
1605 4579 1755 4634 olera
1785 4581 1899 4650 ipsa
1957 4599 2133 4652 parata

2249 4563 2424 4619 [θεειιε
2463 4578 2603 4628 sum,
2654 4577 2721 4616 ne
2777 4561 2934 4633 168
2983 4571 3103 4632 post
3148 4562 3537 4620 confessionem
3589 4566 3829 4623 veritatis

563 4685 686 4730 sunt
719 4693 733 4731 :
763 4677 963 4746 gratias
1009 4690 1140 4748 ergo
1194 4676 1487 4731 referentes
1535 4679 1759 4734 Domino
1805 4698 1901 4750 pro
1923 4686 2141 4742 mirabi-

566 4778 704 4831 libus
733 4776 866 4845 suis,
892 4777 1161 4846 duplicem
1191 4777 1425 4839 lu-titiam
1452 4778 1737 4847 gessimus,
1768 4789 1821 4834 et
1845 4797 1940 4849 pro
1970 4786 2142 4847 salute

566 4876 817 4944 hominis,
843 4884 899 4931 et
928 4889 1024 4944 pro
1052 4875 1323 4930 hencliciis
1353 4875 1570 4930 divinis.

569 5028 756 5097 butum
786 5032 1017 5097 esthAos
1044 5026 1097 5079 in
1141 5024 1363 5097 hujusce
1386 5026 1536 5082 Tomi
1570 5029 1878 5097 Appendiee
1929 5035 2141 5089 recudi—

570 5094 813 5170 mus.._lbi
870 5094 1100 5170 [lelenus
1141 5094 1437 5170 Episcopus
1466 5105 1523 5170 et
1548 5094 1744 5170 Zareas
1777 5117 1962 5170 magus
2009 5119 2139 5159 cou-

560 5164 902 5234 grediuntur.
933 5163 1108 5219 Verba
1136 5163 1323 5221 eadem
1343 5163 1467 5221 cum
1511 5168 1595 5221 his
1620 5167 1789 5223 ferme
1812 5163 1958 5227 sunt.
1985 5173 2140 5230 Hele-

559 5248 671 5315 nus
697 5235 771 5288 ait
797 5252 809 5288 :
838 5235 1160 5315 Accendatur
1197 5234 1328 5304 ignis
1357 5237 1408 5290 in
1443 5240 1620 5315 _media
1642 5240 1864 5315 civitate,
1895 5253 1941 5298 et
1970 5245 2142 5315 ingre-

564 5305 769 5359 diantur
798 5306 993 5381 pariter
1018 5307 1253 5381 ﬂammas
1299 5317 1351 5381 Et
1368 5307 1454 5381 qui
1475 5318 1616 5381 ustus
1640 5326 1738 5364 non
1762 5305 1935 5381 fuerit,
1957 5305 2139 5370 cra-da-

567 5391 704 5441 mus,
727 5377 862 5446 quod
889 5374 1025 5432 hunc
1070 5377 1259 5430 miserit
1289 5374 1546 5433 Christus.
1570 5379 1717 5434 Tunc
1744 5374 1978 5439 omnibus
2022 5403 2131 5440 sen-

570 5448 731 5500 tentia
760 5448 971 5516 placuit.
1000 5447 1187 5503 Statim
1212 5448 1345 5517 ignis
1361 5450 1596 5514 copiosus
1616 5467 1858 5507 accensus
1875 5466 1966 5509 est.
1990 5456 2138 5511 Tunc

561 5519 742 5591 beatus
785 5517 1016 5591 Helenus
1056 5518 1198 5591 jubet
1247 5517 1465 5591 Zareant
1502 5521 1712 5575 introire
1757 5524 2012 5591 ﬂammas.
2044 5526 2139 5582 Cui

570 5586 761 5667 genus
784 5588 970 5657 inquit,
986 5586 1264 5667 ngred-ere
1282 5598 1337 5667 tu
1360 5590 1582 5667 primus,
1596 5593 1683 5659 qui
1679 5586 1791 5667 ira;
1804 5598 2131 5667 praposuisti.

571 5657 884 5737 Qonsignans
912 5675 964 5737 se
988 5657 1143 5729 igitur
1167 5660 1484 5737 beatissimus
1504 5657 1646 5730 pater
1671 5657 1919 5733 Helenus,
1942 5683 2135 5737 expan-

570 5726 641 5799 sis
676 5726 907 5799 manibus
942 5726 1169 5799 ingentes
1197 5730 1434 5799 ﬂanimea
1463 5726 1622 5784 intrat
1643 5748 1663 5786 :
1685 5742 1730 5787 et
1762 5726 2032 5791 stansilli}:
2055 5740 2135 5791 di-

566 5797 732 5850 midia
755 5798 857 5853 fere
884 5796 1016 5852 hora'
1031 5796 1427 5868 neque'capillit,
1445 5816 1605 5871 neque
1627 5806 1933 5863 vestimentis
1954 5824 2016 5864 ea:
2036 5812 2132 5865 ali-

2252 4654 2588 4709 mendacium
2611 4653 2676 4707 de
2700 4667 2794 4707 ore
2824 4666 2943 4707 meo
2966 4652 3300 4722 procederet,
3335 4670 3506 4724 neque
3528 4665 3653 4725 post.
3677 4674 3829 4714 amo-

2252 4760 2365 4799 rem
2396 4746 2685 4800 caelestium
2719 4758 2987 4800 terrenum
3033 4747 3230 4816 aliquid
3262 4762 3495 4802 amarem
3520 4793 3535 4816 ,
3585 4751 3681 4805 sed
3732 4768 3830 4807 nec

2250 4834 2416 4902 gratia
2450 4834 2657 4888 Domini
2678 4835 2730 4889 in
2761 4835 2842 4889 his
2863 4834 3032 4891 defuit
3056 4836 3205 4891 mihi.
3243 4836 3538 4909 Numquam
3570 4843 3712 4895 enim
3744 4859 3831 4898 me

2256 4926 2377 4981 fecit
2404 4941 2561 4995 egere
2586 4926 2765 4997 aliquo
2794 4937 3009 4983 terreno
3030 4970 3044 4994 ,
3087 4943 3302 4984 omnem
3336 4947 3493 5000 quem
3524 4932 3827 4990 desideravi

2251 5054 2351 5106 qua
2374 5047 2515 5103 parte
2540 5038 2839 5109 violatisLut
2876 5038 3068 5093 Zureas
3096 5057 3295 5109 quoque
3330 5043 3565 5109 intraret,
3596 5046 3830 5101 similiter

2248 5109 2551 5185 irreperaltat.
2603 5107 2708 5185 sed
2739 5107 2932 5162 Zareas
2981 5107 3239 5185 reluctare
3261 5115 3433 5185 Acmpit
3458 5127 3504 5168 et
3530 5107 3730 5185 fugere.
3758 5118 3825 5172 At

2245 5178 2328 5230 ubi
2360 5179 2574 5253 inuitum
2599 5178 2775 5253 _illun_t
2829 5180 3051 5246 populus
3074 5181 3126 5253 in
3166 5178 3369 5251 ignibus
3388 5178 3619 5253 tradidit:
3653 5190 3828 5242 statim

2245 5264 2358 5302 eum
2382 5248 2703 5300 circumdans
2730 5248 2938 5316 ﬂamma
2967 5250 3114 5316 cwpit
3144 5248 3371 5308 eiurare.
3404 5252 3473 5308 Et
3502 5248 3757 5312 immitem
3775 5275 3830 5313 se

2243 5330 2444 5372 sanctus
2476 5317 2723 5397 Helenus,
2752 5317 3208 5397 liceisentiustum,
3229 5323 3393 5397 vivum
3416 5335 3586 5379 tamen
3603 5330 3788 5397 eripuit
3806 5346 3826 5383 :

2241 5404 2512 5467 querncum
2538 5389 2782 5467 digecore
2809 5389 3084 5467 eliminavit
3114 5392 3335 5460 papulas
3364 5393 3427 5448 de
3442 5394 3631 5462 ﬁnibus
3658 5389 3797 5467 regio
3814 5430 3827 5438 -

2247 5460 2343 5535 uis
2374 5459 2549 5535 hujus.
2584 5457 2634 5510 Il
2643 5474 2740 5511 unc
2793 5460 3033 5535 (ξιιοιὶάὶεΔ
3059 5457 3408 5535 quoquumque
3439 5457 3741 5535 penetrarit“,
3774 5470 3828 5522 in

2249 5529 2343 5582 Dei
2368 5528 2607 5582 laudibus
2658 5530 2878 5597 populus
2904 5528 3192 5583 comitatur.
3225 5528 3347 5587 Haec
3384 5528 3451 5590 ab
3479 5534 3671 5592 Rufino
3702 5528 3827 5594 tuti-

2244 5600 2366 5654 dem
2400 5599 2508 5655 fere
2539 5599 2713 5671 verbis
2744 5609 3086 5667 personatum
3114 5600 3443 5671 Seriptorem
3494 5605 3660 5663 fuisse
3699 5626 3823 5665 tnu-

2245 5679 2465 5736 tuaturn,
2493 5684 2579 5724 res
2607 5669 2818 5729 clamat.

2315 5741 2525 5821 "HSy‘ro,
2559 5736 2708 5821 etet].
2738 5737 2807 5819 De
2855 5738 2934 5820 his
2970 5751 3174 5821 prima
3224 5752 3454 5799 notatum
3486 5762 3537 5801 ut
3589 5750 3822 5821 margine

2245 5808 2539 5863 Palladium
2582 5808 2708 5862 nilul
2739 5808 2923 5862 inveni.
2966 5811 3313 5867 ltoswnvuus.
