4166 6348
334 418 435 475 829

1528 422 1845 481 HISTORIA
1886 427 2384 489 MONACHOHUM.

3493 433 3592 488 ιῑο

288 504 523 596 ‘cihum,
553 532 878 602 Angelorum
908 535 1035 588 mihi
1066 534 1311 591 deferens
1356 534 1673 590 ministerio.
1698 537 1843 592 Nihil
1872 555 1898 591 a
1932 546 1980 603 Α
2010 554 2061 598 et
2082 545 2278 612 edere,
2337 546 2584 604 similiter
2633 559 2686 603 ct
2738 563 2800 603 ex
2863 549 3008 604 fonte
3057 549 3307 619 poculum
3359 565 3590 607 sulltetc.

333 637 417 676 me
438 621 726 677 occultavit
753 623 1012 679 Dominus
1036 640 1225 681 eorum
1268 642 1387 696 qua:
1414 636 1675 697 geruntur
1705 629 1756 683 in
1789 639 1908 685 ter-

333 714 402 768 ris
430 735 444 768 :
479 730 765 785 numquam
797 715 965 771 defuit
996 718 1142 772 cordi
1166 733 1286 773 meo
1314 718 1400 773 lux
1428 721 1545 787 ejus
1565 761 1578 783 ,
1630 735 1724 790 per
1748 736 1905 791 quam

334 807 618 860 suscitatus
645 822 891 861 somnum
941 811 1182 877 corporis
1228 826 1331 863 non
1379 812 1734 880 requirebam,
1767 813 1909 868 desi-

334 901 537 953 derium
568 900 770 955 habens
798 916 1010 969 semper
1038 903 1254 957 videndi
1306 918 1453 959 eum.
1498 904 1600 960 Sed
1634 914 1690 961 et
1731 907 1908 976 Ange-

333 992 434 1043 lmn
464 1007 616 1044 suum
654 992 907 1047 assistere
957 992 1085 1047 mibi
1134 1009 1349 1062 semper
1377 993 1539 1059 fecit,
1589 996 1913 1052 edocentem

330 1099 415 1137 me
466 1084 532 1138 de
587 1084 811 1153 singulis
858 1085 1159 1155 quibusque
1202 1086 1492 1142 virtutibus
1548 1088 1756 1143 mundi.
1794 1089 1908 1145 Lux

333 1178 525 1230 mentis
556 1192 690 1231 mea:
717 1192 1005 1245 numquam
1029 1179 1263 1233 extincta
1286 1188 1393 1235 est.
1416 1181 1586 1236 Omne
1611 1182 1752 1251 quod
1782 1184 1908 1252 petii

334 1285 361 1321 a
394 1269 640 1332 Domino,
675 1269 792 1322 sine
824 1286 966 1323 IIIOI'J
999 1282 1319 1325 consecutus
1346 1288 1484 1327 sum.
1516 1273 1755 1328 Ostendit
1781 1276 1907 1329 tnibi

330 1357 634 1426 frequenter
705 1359 1073 1414 multitudines
1145 1361 1467 1429 Angt-lnrum
1543 1362 1907 1418 assistentium

334 1453 463 1520 sibi;
494 1453 596 1509 vidi
627 1462 679 1508 et
704 1454 1165 1522 etetnsju-torum,
1194 1457 1743 1528 congregationesque
1774 1474 1910 1512 mar-

332 1549 934 1616 tyrum,munachornm
964 1557 1282 1611 conventus,
1308 1549 1658 1617 omniumque
1686 1547 1909 1605 Sancto-

331 1654 464 1704 rum,
492 1653 678 1695 eorum
711 1638 989 1691 dumtaxat
1013 1678 1029 1705 ,
1058 1653 1288 1708 quorum
1318 1652 1452 1708 opus
1500 1654 1605 1694 non
1634 1648 1716 1695 est
1744 1640 1905 1704 aliud,

329 1731 429 1785 nisi
460 1730 678 1784 laudare
703 1744 921 1799 semper
951 1738 1004 1784 et
1034 1728 1354 1784 benedicere
1380 1729 1663 1785 Dominum
1693 1730 1746 1784 in
1777 1730 1908 1784 sim-

330 1821 564 1889 plicitate
619 1821 799 1876 cordis
829 1828 885 1874 et
916 1819 1059 1874 ﬁdei.
1090 1819 1209 1875 Vidi
1248 1819 1555 1874 econtrario
1605 1821 1766 1874 Satan
1792 1860 1805 1882 ,
1857 1828 1910 1874 et

328 1913 543 1978 angelos
581 1910 698 1981 ejus
726 1912 941 1965 aeternis
981 1911 1191 1973 ignibus
1232 1911 1390 1975 tradi,
1423 1920 1477 1965 et
1507 1925 1695 1965 rursus
1732 1912 1908 1979 justos
1943 1930 1983 1987 Β
2011 1954 2135 1994 ecce

328 2012 525 2059 mterna
553 2002 736 2058 laetitia
766 2003 988 2073 perfrui.
1014 2005 1253 2072 Cumque
1271 2004 1385 2058 hmo
1410 2012 1463 2058 et
1489 2004 1652 2059 multa
1694 2005 1795 2057 alia
1830 2004 1911 2056 his

330 2096 519 2150 similia
541 2110 633 2162 per
650 2104 818 2150 totum
848 2095 1080 2149 triduum
1109 2105 1418 2150 enarrasset
1436 2095 1536 2162 eis,
1564 2096 1783 2149 tradidit
1807 2096 1911 2163 Spi-

329 2187 511 2241 ritum.
546 2187 612 2241 Et
659 2187 918 2241 continuo
946 2187 1131 2241 vident
1172 2186 1275 2254 ipsi
1324 2186 1392 2241 ab
1444 2185 1659 2255 Angelis
1715 2186 1908 2254 suscipi

327 2277 447 2345 ejus
492 2275 722 2330 animam
751 2316 765 2339 ,
807 2285 966 2344 atque
1019 2276 1085 2329 ad
1123 2277 1283 2330 cmlos
1312 2275 1458 2341 ferri,
1507 2275 1584 2328 ita
1638 2284 1694 2328 ut
1726 2289 1907 2329 vocem

333 2367 650 2437 hymnorum
681 2366 929 2421 audirent
952 2367 1113 2420 etiam
1146 2365 1268 2433 ipsi,
1303 2366 1498 2434 quibus
1520 2380 1625 2420 una
1655 2381 1779 2425 cum
1808 2370 1911 2420 ttu-

328 2457 467 2526 gelis
492 2456 668 2512 anima
724 2458 843 2527 ejus
882 2456 1181 2511 abscedens
1228 2457 1511 2511 Dominum
1552 2458 1905 2512 collaudabat.

945 2571 1171 2627 CAPUT
1212 2571 1303 2626 XI.

910 2700 974 2738 DE
1017 2693 1042 2721 ⁸
1083 2699 1311 2739 ιιειεκο.

402 2795 521 2851 Fuit
545 2806 599 2852 et
628 2796 764 2851 alius
795 2797 875 2850 vir
921 2806 1159 2862 sanctus,
1196 2797 1429 2853 Helenus
1458 2798 1672 2852 nomine
1703 2797 1910 2869 (Pulla—

328 2888 417 2940 dio
437 2904 550 2957 cap.
581 2886 671 2943 59.
704 2887 891 2943 Hellen
915 2888 1124 2951 dicitur)
1162 2889 1294 2959 :Abic
1317 2905 1344 2943 a
1363 2891 1585 2959 pueritia
1611 2891 1661 2943 in
1694 2893 1912 2945 servitio

336 2977 561 3043 Domini,
588 2993 708 3032 cum
739 2981 883 3033 omni
916 2956 1247 3033 continentia
1275 2988 1331 3034 et
1359 2980 1676 3035 ca-tissiu.is
1700 2982 1912 3036 institu-

336 3068 565 3123 tionibus
587 3070 870 3133 enutritus,
890 3060 966 3123 ad
992 3085 1200 3123 summa
1233 3070 1416 3124 merita
1446 3082 1781 3141 pervenerat.
1812 3073 1910 3125 De-

334 3164 495 3231 nique
527 3176 649 3215 cum
689 3161 864 3216 adhuc
910 3178 1045 3230 puer
1096 3175 1234 3216 esset
1268 3165 1319 3216 in
1368 3167 1715 3233 monasterio,
1745 3166 1791 3219 si
1823 3180 1915 3219 ne-

338 3254 606 3308 cessarius
632 3253 822 3309 fuisset
850 3256 1004 3325 ignis,
1039 3265 1096 3309 ut
1127 3272 1156 3310 e
1184 3257 1360 3311 vicino
1394 3264 1685 3324 peteretur,
1719 3258 1912 3311 arden-

338 3355 417 3401 tes
466 3361 666 3415 prunas
725 3348 1046 3401 vistimcnto
1090 3348 1293 3402 ferebat
1349 3351 1536 3404 illmso.
1560 3350 1713 3416 Quod
1745 3350 1915 3404 admi-

341 3445 520 3492 rantes
572 3451 763 3492 omnes
812 3439 901 3506 qui
959 3438 1184 3491 aderant
1230 3437 1440 3501 fratres,
1476 3438 1706 3493 studium
1753 3439 1914 3493 animi

341 3529 568 3598 vitmque
594 3527 709 3597 ejus
739 3544 801 3584 ac
833 3531 1007 3584 meriti
1041 3529 1239 3583 imitari
1284 3528 1589 3598 cupiebant.
1618 3530 1750 3584 Huic
1780 3545 1913 3597 quo-

336 3620 460 3673 dam
509 3629 747 3689 tempore
775 3635 894 3674 cum
928 3620 1073 3674 solus
1101 3631 1245 3674 esset
1275 3621 1324 3673 in
1353 3636 1557 3687 eremo,
1588 3620 1911 3675 desiderium

338 3708 586 3765 vescendi
637 3710 812 3764 mellis
836 3720 1081 3765 exortum
1122 3719 1203 3764 est
1232 3726 1244 3763 :
1300 3724 1348 3763 t‘l
1386 3725 1675 3765 conversus
1708 3711 1829 3765 vidit
1860 3711 1911 3765 in

333 3817 466 3855 saxo
515 3802 688 3857 favum
752 3804 929 3857 mellis
977 3804 1346 3867 inluereutem,
1385 3813 1439 3858 ct
1479 3804 1779 3873 intelligens
1824 3805 1927 3858 ini-‘

339 3892 459 3946 mici
492 3892 628 3946 hanc
657 3907 778 3948 esse
832 3894 1124 3954 fallaciam.
1158 3895 1411 3949 continuo
1459 3898 1801 3964 semetipsum
1835 3897 1913 3949 in-

332 3997 579 4052 crepans,
606 3984 679 4037 ait
714 4001 726 4037 :
761 3983 985 4039 Discede
1014 4000 1040 4037 a
1073 4001 1174 4047 me,
1209 3985 1477 4052 deceptriv
1518 3994 1571 4039 et
1600 3985 1910 4039 illecebrosa

334 4077 787 4144 concupiscentia.
811 4076 1077 4145 Scriptum
1109 4088 1188 4131 est
1216 4082 1382 4139 enim,
1410 4078 1609 4148 Spiritu
1632 4080 1911 4142 ambulate,

333 4173 378 4218 et
406 4168 837 4235 concupiscentia:
880 4169 1047 4222 cernis
1089 4185 1150 4221 ne
1194 4169 1505 4237 perfererilis
1529 4168 1675 4235 (Gal.
1712 4168 1812 4237 5.).
1848 4168 1914 4222 Et

339 4257 514 4311 statim
560 4257 945 4327 derelinquens
974 4259 1132 4311 etiam
1168 4258 1339 4312 locmn
1373 4259 1531 4329 169
1578 4258 1772 4326 ipsum,
1804 4257 1915 4311 dis-

326 4349 510 4411 cessit,
535 4358 590 4402 et
622 4349 750 4403 abiit
776 4349 827 4403 in
858 4349 1151 4413 desertum,
1186 4359 1345 4418 atque
1390 4350 1460 4403 ibi
1514 4361 1782 4420 tamquam
1816 4365 1911 4418 pro

330 4439 766 4507 concupiscentia
794 4440 973 4493 carnis
1006 4440 1292 4508 punienda,
1318 4439 1538 4509 jejuniis
1564 4440 1910 4506 semetipsum

330 4531 491 4598 cmpit
515 4529 776 4599 afﬂigere.
814 4530 997 4584 Tertia
1039 4540 1218 4583 autem
1242 4533 1539 4597 septimana
1592 4529 1781 4598 jejunii
1830 4531 1909 4582 sui

330 4621 471 4675 videt
492 4622 544 4674 in
570 4620 785 4675 deserto
812 4623 993 4688 jacere
1017 4621 1229 4675 diversa
1257 4634 1409 4689 poma
1433 4632 1620 4688 sparsa
1646 4628 1735 4673 :et
1758 4619 1914 4672 intel-

328 4709 497 4779 ligens
547 4711 704 4765 dolos
753 4711 980 4774 inimici,
1017 4711 1091 4764 ait
1123 4728 1136 4763 :
1167 4709 1281 4765 Non
1341 4708 1704 4777 manducabo,
1738 4726 1910 4781 neque

326 4803 655 4872 contingam,
686 4817 755 4858 ne
778 4803 995 4857 fratrem
1022 4818 1222 4867 meum,
1245 4801 1343 4855 hoc
1367 4809 1448 4855 est
1475 4801 1703 4854 animam
1738 4818 1909 4858 meam

329 4892 705 4947 scandalizem.
737 4892 1009 4963 Scriptum
1057 4904 1138 4947 est
1176 4893 1342 4956 enim,
1398 4892 1529 4956 Quia
1560 4909 1664 4946 non
1713 4894 1766 4948 in
1794 4895 1909 4948 cibo

323 4984 434 5039 solo
464 4986 582 5039 uiuit
632 4985 804 5050 homo,
849 4986 935 5039 sed
964 4986 1016 5038 in
1048 4986 1185 5038 omni
1230 4984 1380 5037 verba
1431 4982 1776 5053 Dei(Matt/r.
1803 4984 1905 5054 4.).

328 5074 565 5143 Cumque
616 5086 671 5129 et
717 5076 959 5141 sequenti
1016 5076 1307 5144 septimana
1369 5074 1675 5143 jejunarct,
1722 5075 1908 5143 paulu-

328 5166 433 5221 lum
469 5167 520 5221 in
545 5182 739 5222 somno
766 5165 1030 5222 deductus
1055 5177 1159 5231 est,
1194 5174 1249 5219 et
1276 5180 1404 5219 ecce
1434 5166 1665 5235 Angelus
1699 5164 1904 5219 Domini

328 5258 496 5310 aStitit
523 5258 571 5310 ei
606 5272 700 5325 per
720 5256 890 5311 visum
914 5298 928 5323 ,
960 5257 1145 5310 dicens
1177 5274 1189 5308 :
1223 5256 1539 5325 Surgejam,
1572 5265 1628 5311 et
1668 5272 1789 5324 qua:
1812 5256 1905 5311 tibi

323 5347 567 5415 apposita
612 5349 913 5412 inveneris,
954 5347 1084 5403 nihil
1111 5349 1362 5404 dubitans
1392 5365 1635 5404 vescere.
1669 5348 1905 5418 Surgeus

326 5449 524 5504 autem,
568 5439 701 5493 vidit
728 5454 881 5508 aquae
910 5440 1110 5494 fontem
1142 5440 1350 5494 leuibus
1378 5432 1641 5509 repletum
1674 5439 1903 5503 ﬂuentis,

326 5529 549 5599 ejusque
574 5533 719 5601 ripas
751 5530 807 5586 in
859 5532 1087 5586 circuitu
1134 5532 1315 5587 herbis
1360 5532 1675 5601 quibusdam
1707 5532 1904 5586 teneris

325 5621 678 5692 odoratisque
710 5632 1017 5693 praetextas.
1050 5622 1115 5689 Et
1138 5624 1397 5679 accedens
1425 5626 1714 5694 decerpere
1743 5624 1906 5693 coepit

397 5784 427 5813 ἰ
457 5776 705 5849 ljeleuoj
734 5777 1046 5833 Sozomenus
1068 5779 1155 5832 lib.
1189 5778 1287 5833 VI.
1312 5796 1427 5849 cap.
1456 5780 1546 5849 28.
1580 5779 1902 5843 Nicephorus

332 5848 415 5900 lib.
452 5846 558 5902 XI.
619 5846 735 5901 tau.
785 5849 873 5903 δι.
917 5851 1249 5905 Cassiodorus
1298 5846 1389 5903 lib.
1452 5848 1616 5903 VIII.
1677 5849 1899 5918 Tripart.

2012 636 2373 692 Confirmabat
2417 649 2623 709 autem,
2651 656 2708 695 se
2756 657 3044 711 numquam
3077 642 3128 696 in
3179 643 3323 697 omni
3347 643 3452 697 vi'a
3494 660 3593 698 sua

2014 732 2174 777 tanta:
2198 726 2493 783 dulcedinis
2521 731 2719 800 aliquid
2742 741 2797 786 et
2829 742 2988 788 tanta:
3018 734 3296 790 suavitatis
3327 734 3591 791 hausisse.

2014 814 2219 871 invenit
2245 832 2421 876 autem
2454 823 2504 878 in
2537 825 2655 893 ipso
2685 826 2804 882 loco
2848 828 3011 883 etiam
3065 829 3378 899 speluncam
3424 844 3593 896 quau-

2011 911 2161 979 dam,
2196 912 2331 967 intra
2365 931 2525 985 quam
2567 920 2877 985 aliquandiu
2906 921 3188 992 requievit.
3224 921 3435 977 Etcum
3471 921 3594 976 reli-

2013 998 2188 1055 ciendi
2219 1006 2529 1073 corpusculi
2564 1017 2775 1078 tempus
2804 1021 2858 1065 et
2882 1010 3176 1067 necessitas
3206 1011 3481 1078 adfuisset,
3499 1028 3593 1082 per

2014 1090 2109 1147 Dei
2165 1096 2511 1152 nihilominus
2556 1104 2796 1169 gratiam,
2830 1106 2967 1159 nihil
3007 1106 3192 1160 deerat
3236 1122 3591 1177 eorumquae

2014 1187 2268 1252 poscebat
2290 1205 2318 1244 a
2350 1190 2594 1248 Domino.

2087 1298 2328 1365 Quodam
2353 1318 2482 1356 vero
2516 1314 2619 1359 tem
2632 1320 2760 1371 pore
2792 1311 3049 1377 pergebat
3076 1312 3141 1366 ad
3171 1313 3462 1367 visitandos
3490 1311 3590 1365 fra-

2014 1400 2123 1446 tres
2147 1394 2536 1461 iucommodos,
2567 1399 2761 1468 quibus
2788 1403 2948 1456 etiam
2966 1419 3087 1473 quae
3117 1407 3412 1460 necessaria
3440 1416 3593 1459 erant

2013 1483 2076 1537 ad
2108 1483 2458 1542 refeCtinnem
2483 1491 2725 1558 corporis
2752 1491 3045 1547 deferebat.
3082 1495 3142 1549 Et
3170 1497 3372 1550 cum'in
3400 1497 3593 1550 itinere

2011 1592 2195 1631 eorum
2238 1594 2356 1648 qua:
2389 1581 2632 1648 portabat
2657 1598 2823 1639 onere
2850 1595 3186 1653 gravari-tur,
3211 1588 3341 1642 vidit
3381 1589 3591 1644 eminus

2010 1683 2239 1738 onagros
2266 1670 2495 1727 transire
2544 1687 2640 1741 per
2682 1673 2978 1739 desertum,
3008 1686 3064 1731 et
3108 1678 3458 1742 exclamavit,
3509 1679 3592 1732 di-

2008 1773 2175 1813 cens:
2209 1760 2266 1814 In
2298 1763 2512 1817 nomine
2553 1764 2759 1819 Domini
2798 1768 2966 1822 nostri
3000 1767 3378 1832 Iesu’Christi,
3410 1770 3603 1824 veniat-

2013 1850 2116 1903 Ituc
2143 1866 2279 1904 unus
2308 1868 2370 1907 ex
2424 1853 2592 1920 vobis,
2620 1864 2675 1909 et
2700 1857 2954 1926 suscipiat
2994 1860 3259 1913 sarcinam
3292 1870 3490 1922 meam,
3519 1858 3590 1913 Et

2159 1955 2295 1995 unus
2324 1957 2392 1996 ex
2422 1945 2565 1997 omni
2617 1960 2802 2014 grege,
2848 1956 2958 2002 tota
3004 1961 3125 2002 cum
3183 1949 3592 2004 mansuetudine

2016 2033 2183 2101 [ergit
2211 2035 2276 2088 ad
2306 2051 2449 2089 eutn.
2475 2036 2625 2091 Tunc
2655 2038 2743 2093 ille
2771 2040 3030 2108 praebenti
3051 2054 3110 2095 se
3136 2052 3348 2111 sponte,
3380 2052 3435 2097 et
3457 2058 3592 2097 onus

2014 2121 2258 2189 imponit,
2288 2134 2343 2178 et
2379 2127 2479 2195 ip.~i
2511 2128 2727 2196 insedit,
2753 2139 2808 2184 et
2849 2144 2970 2185 cum
3004 2132 3151 2187 omni
3197 2133 3279 2185 vel
3316 2134 3479 2187 citate
3524 2134 3591 2187 ab

2012 2227 2077 2267 eo
2108 2213 2173 2267 ad
2198 2214 2422 2270 cellulas
2446 2217 2690 2285 fratrum,
2716 2234 2823 2289 quo
2848 2223 3133 2290 pergebat,
3162 2231 3381 2279 evectus
3408 2232 3513 2278 est.
3602 2236 3607 2241 ί

2084 2303 2207 2358 Alio
2236 2320 2419 2359 rursus
2451 2314 2695 2377 tempore
2728 2309 3000 2365 Dominica
3030 2311 3120 2366 die
3150 2314 3293 2367 venit
3320 2313 3386 2367 ad
3417 2315 3591 2383 quod-

1944 2426 1947 2429 λ
2012 2394 2132 2447 dam
2158 2398 2539 2452 monasterium
2570 2397 2812 2467 fratrum‘,
2863 2411 2918 2456 et
2964 2416 3083 2457 cum
3114 2404 3334 2460 vidisset
3360 2419 3455 2459 eos
3484 2419 3591 2459 non

2013 2497 2233 2555 agentes
2278 2489 2674 2546 solemnitatem
2721 2492 2850 2557 diei,
2881 2508 3122 2549 caussam
3173 2497 3412 2565 requirit.
3460 2495 3593 2551 Cum

2012 2587 2187 2632 autem
2218 2579 2503 2649 dixissent,
2535 2597 2633 2650 pro
2652 2596 2718 2638 eo
2745 2583 2886 2651 quod
2916 2584 3202 2656 Presbyter
3225 2600 3329 2640 non
3356 2585 3590 2649 adesset,

2011 2672 2099 2738 qui
2133 2680 2279 2725 trans
2302 2673 2502 2728 flumen
2531 2684 2773 2730 maneret
2798 2694 2809 2728 :
2839 2686 3056 2746 propter
3084 2686 3284 2732 metum
3301 2678 3442 2732 enim
3472 2694 3594 2733 cro-

2011 2760 2173 2814 codili
2198 2763 2424 2816 transire
2448 2765 2628 2819 nullus
2656 2766 3163 2823 audebat.'l”unci.le
3191 2768 3325 2823 dixit
3349 2786 3362 2823 :
3390 2769 3444 2825 Si
3476 2772 3594 2824 vul-

2016 2852 2102 2918 tis,
2128 2868 2228 2922 ego
2250 2853 2531 2916 vadam.et
2557 2855 2819 2911 adducam
2850 2873 2971 2912 eum
3004 2859 3070 2913 ad
3100 2873 3218 2914 vos.
3253 2860 3318 2914 Et
3339 2862 3596 2916 continuo

2014 2944 2077 2995 ad
2105 2946 2271 3012 ripam
2304 2946 2539 3001 fluminis
2584 2949 2800 3018 pergit:
2834 2949 2923 3003 ubi
2964 2964 3085 3004 cum
3141 2965 3336 3006 nomen
3384 2951 3595 3008 Domini

2016 3039 2331 3101 imocasset,
2360 3049 2560 3108 praesto
2582 3040 2681 3095 fuit
2711 3042 2911 3105 bellua,
2937 3051 2991 3097 et
3016 3059 3134 3112 quae
3163 3043 3375 3099 solebat
3401 3045 3594 3100 adesse

2014 3130 2081 3183 ad
2113 3132 2403 3199 perniciem
2461 3133 2759 3199 hominum,
2790 3134 2958 3189 adfuit
3006 3147 3131 3191 tunc
3180 3136 3246 3190 ad
3295 3137 3595 3193 vehiculum

2012 3218 2161 3287 justi,
2197 3229 2347 3289 tergo
2372 3237 2583 3291 quoque
2611 3237 2709 3277 suo
2740 3226 3036 3293 suscipiens
3073 3226 3229 3296 1-70
3270 3241 3392 3281 enm
3417 3268 3432 3294 ,
3472 3242 3596 3282 cum

1944 3292 1988 3353 C
2022 3309 2167 3364 omni
2188 3321 2331 3364 metu
2361 3312 2627 3381 subjecta,
2648 3328 2816 3382 usque
2846 3292 2910 3368 ad
2942 3292 3151 3382 parte—ni
3171 3292 3300 3384 ripa:
3326 3292 3596 3371 ulterioris

2020 3404 2218 3457 evexit.
2276 3402 2421 3457 Adiit
2473 3404 2729 3459 continuo
2786 3405 3019 3461 Helenus
3073 3407 3489 3479 Presbyterum,
3542 3420 3613 3463 et

2016 3506 2241 3547 exorare
2268 3508 2390 3548 eum
2422 3494 2606 3563 erepit,
2641 3504 2697 3548 ut
2725 3496 2927 3550 veniret
2955 3496 3021 3551 ad
3049 3497 3236 3553 fratres
3262 3516 3274 3551 :
3306 3509 3424 3555 erat
3451 3499 3594 3554 enim

2021 3586 2236 3641 indutus
2281 3588 2538 3643 vilissimo
2577 3598 2632 3643 et
2670 3589 3034 3659 ahjectissimo
3064 3591 3396 3648 indumento.
3424 3594 3596 3663 Super

2018 3698 2123 3753 quo
2153 3685 2376 3740 miratus
2402 3684 2707 3757 Presbyter,
2726 3686 2846 3754 quis
2874 3695 2961 3741 aut
2990 3686 3135 3741 unde
3163 3697 3322 3755 esset,
3358 3688 3439 3743 vel
3469 3689 3597 3757 quid

2018 3776 2116 3855 sibi
2146 3777 2328 3841 vellet,
2348 3776 2587 3843 inquirit.
2616 3776 2714 3832 Ubi
2741 3792 2866 3832 vero
2896 3778 3146 3847 cognovit
3175 3792 3297 3833 esse
3324 3777 3595 3834 hominem

2022 3869 2134 3934 Dei,
2170 3870 2319 3938 sequi
2347 3884 2471 3924 enm
2495 3871 2658 3937 cuspit
2683 3870 2999 3926 ad‘linmen.
3020 3871 3082 3924 Et
3109 3886 3229 3925 cum
3258 3879 3596 3925 caussaretnr

2021 3977 2124 4015 non
2172 3962 2396 4016 inveniri
2458 3963 2749 4033 navigium,
2783 3979 2889 4033 quo
2936 3964 3151 4017 transiri
3199 3972 3422 4033 posset,
3470 3972 3596 4017 tunc

2017 4054 2180 4109 abbas
2213 4054 2446 4109 Helenus
2475 4055 2611 4110 dixit
2649 4055 2716 4108 ad
2745 4070 2865 4109 eum
2893 4072 2907 4113 ;
2942 4056 3080 4110 Nihil
3112 4057 3367 4124 verearis,
3400 4063 3591 4120 pater;

2014 4160 2117 4215 ego
2139 4146 2248 4215 jam
2275 4161 2417 4199 nunc
2440 4147 2640 4213 parabo
2664 4146 2988 4200 vehiculum.
3021 4146 3087 4200 Et
3120 4146 3429 4199 exclamans
3461 4159 3592 4198 voce

2017 4251 2226 4305 magna,
2252 4236 2444 4290 adesse
2470 4236 2697 4290 bestiam
2738 4236 2908 4305 jubet.
2942 4237 3072 4304 Quae
3100 4235 3278 4290 statim
3317 4250 3447 4291 voce
3475 4236 3592 4305 ejus

2016 4327 2192 4381 audita
2226 4325 2394 4391 aﬂ‘uit,
2425 4339 2488 4379 ae
2514 4326 2733 4380 dorsum
2781 4339 2936 4379 suum
2968 4327 3033 4379 ad
3057 4325 3357 4380 vehendum
3390 4325 3594 4395 placide

2016 4418 2378 4486 pra-paravit:
2416 4415 2563 4483 prior
2606 4416 2722 4484 ipse
2760 4415 3127 4469 conscendens
3158 4415 3345 4470 invitat
3370 4424 3424 4471 et
3474 4431 3594 4482 pre-

2016 4506 2311 4577 sbyterum,
2341 4505 2526 4560 dicens
2551 4522 2563 4557 :
2599 4505 2866 4571 Ascende,
2895 4505 3025 4559 nihil
3048 4505 3363 4561 formidans.
3387 4507 3457 4563 At
3484 4507 3590 4569 ille,

2018 4597 2128 4652 visa
2153 4598 2353 4666 bellua,
2385 4598 2698 4664 exterritus,
2746 4599 3082 4653 retrocedere
3123 4614 3187 4656 ac
3216 4599 3462 4671 refugere
3489 4617 3590 4655 cas-

2017 4688 2113 4759 pit.
2142 4690 2341 4744 Omnes
2362 4698 2537 4743 autem
2568 4689 2659 4759 qui
2692 4690 2934 4755 aderant,
2974 4701 3160 4758 stupor
3188 4693 3374 4762 ingens
3399 4704 3453 4748 et
3477 4710 3608 4747 tne--

2020 4790 2102 4836 tus
2148 4782 2523 4851 apprehendit,
2572 4782 2815 4836 videntes
2867 4782 3136 4837 hominem
3183 4784 3275 4838 Dei
3324 4784 3609 4839 crocodilon

2016 4882 2259 4929 evectum
2292 4873 2524 4926 ﬂuminis
2574 4875 2782 4927 alveum
2831 4886 3180 4930 transmeare.
3225 4860 3323 4942 Qui
3366 4875 3455 4931 ubi
3503 4875 3598 4931 de-

2017 4963 2435 5028 sccndit,secum
2459 4964 2659 5033 pariter
2682 4964 2734 5017 in
2760 4966 2924 5018 sicam
2949 4965 3128 5020 educit
3152 4965 3314 5022 etiam
3340 4966 3591 5031 belluam,

2016 5056 2202 5109 dicens
2252 5055 2317 5110 ad
2368 5069 2533 5110 eam:
2575 5055 2762 5110 Melior
2809 5065 2895 5112 est
2943 5056 3036 5111 tibi
3092 5073 3259 5123 mors,
3308 5074 3465 5129 quam
3518 5068 3595 5113 tot

2013 5151 2277 5204 scelerum
2309 5160 2363 5205 et
2406 5158 2484 5204 tot
2511 5151 2926 5208 bomicidiorum
2977 5154 3171 5209 involvi
3211 5163 3380 5209 reatu.
3412 5155 3481 5209 At
3507 5154 3598 5208 tlle

2014 5240 2197 5295 statim
2225 5256 2485 5296 corruens
2514 5243 2829 5312 exspiravit.

2088 5335 2291 5388 Interea
2322 5349 2414 5402 per
2440 5334 2671 5388 triduum
2695 5334 2745 5388 in
2769 5335 3098 5389 monasterio
3113 5343 3329 5389 sanctus
3360 5333 3594 5388 Helenus

2014 5438 2356 5493 permanens,
2389 5426 2617 5480 docebat
2666 5426 2861 5480 fratres
2916 5426 3206 5492 spiritalem
3250 5424 3547 5477 doctrinam
3575 5464 3590 5488 ,

2014 5515 2082 5567 ita
2112 5526 2161 5567 ut
2196 5516 2356 5569 etiam
2389 5516 2769 5570 nonnullorum
2793 5515 3151 5585 cogitationes
3178 5510 3376 5578 cordis,
3423 5523 3477 5567 et
3506 5528 3585 5569 se-

2014 5612 2159 5659 creta
2190 5607 2416 5660 consilia
2453 5606 2713 5675 proferret
2740 5606 2799 5657 in
2822 5602 3079 5664 medium,
3105 5612 3159 5657 et
3181 5603 3342 5657 alium
3372 5604 3589 5673 quidem

2016 5779 2152 5836 Hist.
2190 5796 2302 5850 cap.
2330 5782 2380 5834 l.
2411 5780 2589 5849 quibus
2619 5777 2796 5832 Helles
2844 5776 3052 5850 dicitur,
3086 5773 3329 5829 Palladio
3380 5775 3587 5834 Hellen.

2934 5846 3279 5901 Hosvvsrnus.
