4166 6348
538 345 673 403 451.

1570 335 1800 395 RUFINI
1839 332 2317 406 AQUILEIENSIS
2358 331 2782 390 PRESBYTERI

3700 317 3809 388 £32

541 456 788 530 proderet
816 458 1007 528 sp'ritu
1038 456 1405 511 fornicationis
1456 456 1636 524 urgeri
1662 494 1676 518 ,
1708 453 1870 506 alium
1928 448 2115 519 spiritu
2155 452 2200 509 Α
2229 463 2312 503 res
2345 447 2424 500 bis
2456 446 2791 501 inveniamur
2847 445 2895 498 in
2939 443 3059 528 title,
3108 459 3331 514 quorum
3385 443 3511 500 lich
3572 458 3666 513 per
3708 440 3821 501 nos

544 556 856 621 iracundias,
891 554 1052 608 alium
1096 567 1221 608 vero
1251 550 1542 622 cupiditate
1584 547 1843 619 pecuniae,
1894 543 2121 597 nonnul-

543 650 623 704 lus
655 652 667 680 ι
701 658 877 702 autem
919 644 1187 717 jactantim
1214 658 1274 697 ac
1304 642 1496 711 spiritu
1528 640 1794 708 superbia:
1837 635 2007 691 illudi.
2040 634 2112 688 Al-

545 742 711 797 terius
754 754 882 795 vero
913 736 1357 801 mansuetudinis,
1388 733 1608 788 alterius
1629 730 1874 802 justitiaa,
1905 728 2120 783 alterius

543 832 817 902 patientiae
847 828 1211 888 testimonium
1235 825 1419 892 dabat,
1451 832 1505 880 et
1525 824 1604 879 sic
1626 839 1690 878 ex
1721 832 1946 890 utraque
1970 827 2121 890 parte

545 926 772 983 aliorum
800 922 952 989 vitia,
972 921 1203 976 aliorum
1233 917 1460 972 virtutes
1488 914 1652 969 animi
1678 922 2029 983 exaggerans,
2056 909 2118 963 ad

544 1031 730 1073 omnes
771 1030 865 1071 eos
895 1012 1170 1084 profectus
1200 1007 1523 1064 mirabiliter
1562 1004 1865 1062 excolebat.
1920 1002 2125 1073 Agnos-

542 1120 724 1163 ccntcs
752 1120 881 1161 vero
909 1103 1103 1173 singuli
1145 1101 1364 1171 quique,
1392 1099 1463 1153 ita
1491 1098 1576 1167 agi
1607 1096 1745 1151 inter
1780 1094 2120 1163 semetipsos,

546 1212 601 1255 ut
615 1202 705 1255 ille
718 1198 1150 1262 annuntiaverat,
1165 1195 1329 1251 corde
1350 1192 1658 1262 compuncti
1678 1188 2118 1247 emendabantur.

542 1291 885 1346 Profecturus
932 1284 1109 1343 autem
1142 1288 1215 1341 ait
1242 1285 1307 1341 ad
1341 1299 1435 1338 eos
1472 1303 1482 1337 :
1517 1280 1819 1351 Przeparate
1865 1279 2011 1333 olera
2057 1276 2122 1329 ad

540 1384 827 1437 adventum
857 1382 1097 1436 fratrum.
1137 1378 1203 1433 Et
1239 1378 1345 1431 illis
1372 1373 1799 1444 prreparantibus
1820 1416 1833 1438 ,
1868 1371 2124 1424 continuo

540 1481 968 1546 supervenerunt
996 1471 1215 1534 fratres,
1262 1468 1457 1538 quibus
1489 1464 1784 1519 hondrilice
1830 1460 2120 1529 susceptis,

544 1572 659 1639 ipse
688 1565 963 1623 contendit
983 1564 1048 1618 ad
1080 1575 1343 1617 cremum.

633 1660 873 1732 Rogabat
920 1667 1094 1712 autem
1151 1670 1275 1711 cum
1327 1651 1542 1724 quidam
1609 1651 1676 1705 de
1721 1648 2009 1710 fratribus,
2070 1653 2126 1697 ut

546 1756 882 1825 permitteret
924 1766 1046 1809 eum
1089 1764 1269 1806 secum
1320 1748 1517 1818 degere
1575 1745 1625 1798 iu
1689 1757 1893 1797 eremo.
1957 1740 2121 1795 Cum-

542 1862 648 1919 que
696 1844 1065 1916 respondisset

544 1941 741 1996 rimam
808 1939 1045 2001 laboris,
1117 1934 1379 1990 obsistere
1450 1928 1835 1985 tentationibus
1922 1924 2122 1981 dzemo-

544 2048 701 2097 num;
743 2048 807 2086 eo
862 2027 1250 2086 contentiosius
1302 2024 1522 2095 juvenis
1588 2018 1952 2088 persistebat,
2005 2028 2124 2083 pro-

542 2125 851 2180 mittensse
897 2130 1087 2176 cuncta
1130 2116 1479 2172 tolerabiliter
1527 2112 1875 2182 perlaturum,
1921 2115 2121 2160 tantum

545 2215 699 2287 17.1
744 2222 800 2267 ut
838 2211 1103 2282 praeberet
1143 2209 1191 2263 ei
1218 2206 1423 2275 capiam
1465 2200 1726 2259 consortii
1757 2199 1861 2255 sui.
1909 2198 2122 2253 Etcum

541 2303 905 2373 permisisset,
935 2308 1151 2355 secutus
1211 2304 1295 2351 est
1343 2310 1465 2349 eum
1525 2292 1590 2346 ad
1629 2304 1870 2346 cremum
1899 2330 1913 2355 ,
1965 2301 2122 2356 qttwtn

539 2398 630 2452 ille
670 2397 724 2450 in
746 2395 917 2450 vicina
955 2392 1057 2446 sibi
1086 2385 1614 2458 spelunca‘habitare
1638 2382 1808 2452 jubet.
1842 2378 1991 2432 Tune
2015 2377 2125 2429 dw-

539 2496 727 2542 rnones
755 2484 1007 2539 advolant
1035 2496 1131 2551 per
1161 2489 1414 2534 noctem:
1464 2474 1688 2544 primum
1723 2470 1881 2526 tardis
1923 2476 1977 2524 et
2016 2475 2125 2521 tor-

539 2579 696 2650 pibus
722 2591 843 2633 eum
885 2571 1297 2643 cogitationibus
1326 2568 1620 2635 exagitant,
1668 2572 1786 2633 post
1834 2560 1949 2613 base
1996 2572 2124 2611 vero

539 2674 701 2728 etiam
731 2668 993 2723 violenter
1023 2666 1231 2720 irruere
1253 2670 1307 2717 et
1336 2674 1537 2716 necare
1566 2671 1689 2735 eum
1714 2653 2121 2726 aggrediuntur.

546 2762 815 2832 Effugiens
845 2767 1022 2813 autem
1064 2752 1304 2824 juvenis,
1336 2758 1393 2806 et
1439 2747 1722 2817 pervolans
1764 2744 1829 2799 ad
1876 2741 2121 2797 cellulam

542 2852 712 2908 sancti
741 2850 948 2912 lleleui,
972 2848 1165 2918 quibus
1192 2844 1346 2898 malis
1369 2847 1675 2910 urgeretur,
1710 2834 1951 2903 exponit.
1975 2832 2123 2886 Tunc

539 2944 721 2999 senior
748 2941 1054 2997 consolatus
1080 2947 1162 2993 est
1205 2950 1325 2990 eum
1370 2932 1551 3000 paucis
1583 2930 1778 2989 verbis,
1825 2938 1881 2981 et
1912 2928 1979 2980 de
2020 2927 2123 2977 vir-

544 3032 809 3088 tuteﬁdei
856 3046 917 3084 ac
955 3028 1226 3099 patientia:
1270 3034 1638 3085 connuonens,
1684 3020 1861 3075 statim
1911 3026 2124 3071 revocat

540 3127 604 3179 ad
626 3125 959 3194 speluncam,
988 3121 1054 3176 de
1080 3134 1183 3191 qua
1222 3117 1502 3186 effugerat,
1532 3122 1587 3168 et
1618 3123 1885 3180 tamquam
1916 3110 2119 3164 sulcum

538 3218 820 3289 quemdam
855 3231 947 3286 per
978 3228 1196 3269 arenam
1222 3219 1375 3266 extra
1404 3206 1651 3263 cellulam
1689 3202 1926 3274 juvenis,
1953 3200 2191 3270 digitoc

536 3322 637 3364 suo
663 3308 887 3374 ducens,
917 3305 1167 3376 prmcepit
1195 3303 1247 3357 in
1281 3301 1497 3355 nomine
1526 3296 1756 3363 Domini,
1788 3309 1857 3350 ne
1886 3291 2117 3347 audeant

536 3399 813 3455 dmmones
842 3404 1100 3453 statutum
1130 3389 1427 3463 transgredi
1459 3387 1680 3443 limitem
1715 3404 1726 3437 :
1760 3394 1815 3440 et
1853 3385 1926 3437 ita
1970 3380 2117 3437 verbi

538 3490 656 3560 ejus
695 3491 892 3545 virtute
941 3486 1259 3542 adolescens
1313 3479 1606 3551 permansit
1651 3477 1719 3532 de
1769 3476 1977 3545 reliquo
2028 3489 2116 3528 sc-

537 3596 721 3637 curus.

616 3674 907 3729 Ferebatur
927 3670 993 3726 de
1019 3684 1105 3737 eo,
1138 3668 1279 3739 quod
1298 3676 1353 3722 et
1374 3668 1487 3737 ipse
1515 3663 1832 3721 adolescens
1859 3661 1913 3716 in
1935 3672 2121 3716 eremo

542 3766 767 3837 positus,
808 3766 1062 3820 caelestes
1102 3777 1244 3832 sape
1276 3760 1603 3831 percepisset
1648 3757 1822 3822 cibos,
1859 3765 1914 3811 et
1942 3751 2118 3808 fratri-

540 3860 639 3915 bus
666 3859 733 3912 ad
770 3871 829 3914 se
856 3854 1209 3919 venientibus,
1234 3867 1353 3908 cum
1389 3851 1519 3906 nihil
1552 3850 1827 3905 habuisset
1853 3844 1994 3914 quod
2022 3859 2119 3912 ap-

543 3958 787 4018 poneret,
829 3948 1045 4003 atl‘uisse
1078 3945 1367 4016 quemdam
1408 3942 1808 3997 adolescentem
1865 3952 2026 4007 panes
2073 3936 2122 3992 ei

543 4052 597 4097 et
622 4056 742 4110 qua:
772 4049 927 4097 erant
949 4037 1253 4094 necessaria
1277 4036 1628 4097 deferentem,
1658 4046 1833 4101 eaque
1854 4046 1974 4085 cum
1999 4039 2123 4084 ante

539 4135 847 4203 speluncam
890 4131 1006 4202 ejus
1042 4130 1399 4200 deposuisset,
1432 4126 1569 4180 ultra
1616 4137 1874 4193 nusquam
1908 4134 2123 4189 compa-

541 4225 740 4285 ruisse;
784 4223 986 4278 dixisse
1011 4235 1136 4276 vero
1172 4234 1293 4273 eum
1325 4216 1390 4270 ad
1444 4214 1634 4269 fratres
1667 4230 1680 4267 :
1735 4211 2124 4266 Benedicamus

543 4316 847 4381 Dominum,
869 4316 959 4384 qui
990 4309 1308 4382 pra-paravit
1349 4306 1503 4361 nobis
1530 4317 1767 4360 mensam
1805 4307 1854 4355 in
1887 4302 2121 4355 deserto.

617 4412 760 4473 llaec,
786 4418 841 4464 et
862 4408 964 4462 alia
989 4406 1220 4476 plurima
1261 4403 1328 4458 de
1354 4408 1661 4455 sanctorum
1695 4397 1908 4450 Patrum
1941 4394 2044 4448 vita
2071 4401 2126 4446 et

543 4499 1044 4556 conversationibus
1099 4508 1355 4551 enarrans
1409 4488 1562 4545 nobis
1604 4500 1755 4558 pater
1803 4485 2023 4554 Copres,
2074 4492 2127 4537 et

2225 540 2534 608 consignata
2564 547 2645 591 est
2678 538 2805 591 Deo.

2820 648 3046 708 CAPUT
3088 650 3202 705 XII.

2856 782 2920 819 DE
2963 774 2988 803 ⁸
3030 781 3171 819 ELIA.

2299 887 2537 941 Vidimus
2576 900 2625 940 et
2657 884 2820 939 alium
2850 898 3032 938 senem
3066 881 3298 951 (Pallad.
3351 898 3467 950 cap.
3512 882 3602 953 51,
3649 892 3699 938 et
3757 885 3824 938 de

2224 981 2328 1034 alio
2362 978 2478 1033 Elia
2506 996 2552 1034 ο.
2582 978 2658 1047 3.)
2692 976 3074 1038 venerabilem,
3111 976 3281 1030 Eliam
3320 975 3556 1037 nomine.
3608 977 3662 1031 in
3701 976 3821 1030 fitti-

2228 1077 2323 1130 bns
2352 1073 2583 1129 civitatis
2619 1072 2871 1135 Antinoo,
2903 1086 3021 1141 qua:
3046 1079 3128 1125 est
3159 1069 3470 1139 metropolis
3502 1070 3816 1132 Thebaidis,

2226 1177 2436 1223 centu‘n
2471 1167 2583 1221 fere
2601 1165 2706 1233 jam
2735 1161 2984 1217 etdecem
3003 1162 3082 1232 (ut
3101 1161 3401 1232 dicebatur)
3423 1177 3709 1227 annorum,
3729 1176 3818 1214 su-

2228 1277 2317 1329 per
2350 1273 2505 1330 quem
2533 1258 2802 1323 dicebant,
2836 1255 2977 1327 quod
3003 1269 3133 1309 vere
3161 1254 3380 1323 spiritus
3405 1253 3539 1308 Elim
3560 1255 3611 1307 in
3642 1269 3708 1310 eo
3729 1266 3816 1308 re-

2226 1352 2537 1421 quievisset.
2572 1350 2729 1405 Multa
2758 1348 2900 1404 enim
2923 1347 2992 1402 de
3014 1362 3079 1401 eo
3110 1357 3160 1401 et
3175 1346 3457 1415 magnifica
3502 1344 3815 1400 refereban-

2230 1457 2331 1501 tur.
2358 1446 2704 1515 Septuaginta
2728 1457 2958 1512 namque
2973 1456 3142 1497 armos
3171 1443 3325 1512 172
3343 1440 3394 1495 in
3417 1441 3808 1495 solitudincva-

2227 1539 2461 1595 stissima
2493 1553 2613 1594 eum
2645 1536 2969 1605 transegisse
3025 1533 3401 1603 perhibebant;
3433 1533 3585 1600 cujus
3614 1532 3813 1586 deserti

2229 1634 2505 1687 horrorem
2559 1640 2928 1697 terroremque
2979 1627 3157 1682 nullus
3206 1640 3386 1682 sermo
3417 1626 3578 1696 digne
3619 1626 3814 1695 poterit

2228 1738 2523 1793 exponere.
2566 1721 2682 1777 Illic
2722 1736 2848 1791 ergo
2896 1719 3117 1775 sedebat
3144 1720 3327 1773 senior
3359 1730 3468 1773 tota
3501 1718 3599 1773 hac
3629 1728 3812 1783 :etate,

1107 1842 1185 1908 ei,
1226 1809 1554 1912 gravevesse
1608 1833 1877 1905 ιιθςοιίυηι
1910 1841 1962 1886 ei
2009 1831 2119 1900 plu.
2158 1832 2200 1892 Β
2233 1815 2482 1869 humana:
2513 1812 2855 1868 habitationis
2904 1810 3150 1866 nesciens
3192 1810 3329 1866 loca.
3385 1809 3587 1866 Semita
3630 1821 3814 1868 autem

2226 1914 2342 1963 erat
2373 1914 2596 1976 angusta
2626 1913 2690 1959 et
2712 1916 2962 1974 scrupea,
2994 1918 3116 1972 qua:
3145 1902 3210 1957 ad
3243 1918 3364 1957 eum
3413 1904 3661 1969 ducebat,
3694 1920 3816 1975 quae

2227 1997 2309 2052 vix
2345 1995 2572 2051 inveniri
2603 2012 2633 2050 a
2663 1994 3087 2050 commeantibus
3118 2002 3318 2063 posset.
3350 1994 3521 2050 Locus
3541 2008 3670 2051 vero
3702 1997 3755 2066 ip
3785 2010 3815 2051 c

2230 2090 2283 2144 in
2313 2104 2419 2156 quo
2447 2088 2692 2153 sedebat,
2723 2088 2980 2155 spelunca
3020 2095 3137 2142 erat
3164 2087 3419 2141 te‘rribilis
3445 2087 3714 2156 quaedam,
3761 2098 3814 2143 et

2228 2180 2554 2237 intuentibus
2584 2180 2873 2249 plurimum
2904 2179 3145 2235 horroris
3174 2180 3607 2250 lncutiens.‘lpse
3632 2192 3814 2237 autem

2228 2271 2583 2327 trementibus
2604 2272 2720 2342 jam
2764 2270 3019 2325 membris
3070 2282 3181 2339 pra:
3233 2279 3438 2325 matura
3480 2272 3815 2341 quatiebatur

2227 2370 2403 2416 a-tate.
2456 2361 2848 2418 lncessabiliter
2894 2370 3073 2416 tamen
3115 2376 3209 2430 per
3249 2361 3487 2432 singulos
3518 2362 3634 2417 dies
3662 2362 3814 2432 Signa

2230 2453 2479 2519 faciebat,
2510 2464 2562 2509 et
2584 2453 2936 2509 advenientes
2967 2453 3031 2506 ad
3064 2468 3122 2508 se
3150 2463 3487 2523 quacumque
3520 2453 3810 2509 incommo.

2229 2543 2393 2599 ditata
2446 2544 2789 2611 constrictos,
2849 2543 3179 2599 omnimodis
3229 2544 3555 2599 resolvebat.
3622 2544 3815 2598 Cuncti

2229 2651 2358 2692 vero
2386 2644 2563 2702 patres
2592 2634 3011 2703 confirmabant,
3059 2622 3198 2705 quod
3249 2635 3425 2690 nullus
3456 2635 3674 2689 omnino
3703 2649 3815 2688 mc-

2229 2725 2469 2781 minisset
2495 2725 2707 2795 quando
2738 2725 2824 2779 hic
2851 2725 3159 2780 secessisset
3206 2724 3272 2780 ad
3334 2732 3591 2781 cremum.
3650 2723 3816 2778 Cibus

2228 2820 2275 2873 ei
2307 2828 2421 2872 erat
2448 2816 2598 2886 panis
2615 2816 2857 2889 exiguus,
2889 2827 2943 2871 et
2973 2817 3308 2885 paucissima:
3335 2816 3513 2880 olivae,
3551 2813 3719 2885 nsque
3746 2814 3811 2868 ad

2228 2909 2466 2965 ultimam
2513 2918 2863 2964 senectutem.
2915 2908 3043 2969 Nam
3078 2909 3129 2962 in
3160 2910 3437 2976 juvenfute
3488 2908 3817 2977 septimanos

2227 2998 2534 3069 frequenter
2558 2998 2832 3069 jejunasse
2877 2998 3274 3068 perhibebatur.

2818 3130 3045 3187 CAPUT
3090 3112 3223 3186 XHL

2763 3279 2830 3319 ne
2868 3262 2896 3301 δ
2938 3278 3272 3318 enormous.

2293 3379 2498 3433 Interea
2542 3376 2777 3447 (Pallad.
2811 3392 2926 3446 cap.
2975 3374 3090 3446 74.)
3115 3376 3398 3431 redeuntes
3423 3390 3488 3433 ex
3516 3360 3813 3447 Thebaide,

2222 3470 2447 3524 vidimus
2463 3477 2692 3522 montem
2706 3468 2986 3537 quemdam
3013 3466 3334 3534 praeruptum
3352 3466 3509 3522 ﬂuvio
3523 3469 3776 3525 immiueu
3793 3504 3811 3514 -

2222 3565 2349 3623 teat.
2382 3560 2611 3616 elatione
2625 3558 2846 3613 minacis
2874 3558 3008 3621 saxi,
3028 3558 3243 3628 aspectu
3268 3562 3427 3613 etiam
3451 3560 3569 3629 ipso
3600 3563 3813 3616 terribi-

2224 3654 2347 3719 lem,
2382 3654 2432 3705 in
2473 3666 2579 3721 quo
2609 3658 2760 3704 erant
2789 3664 2880 3720 per
2917 3649 3029 3718 ipsa
3061 3650 3347 3719 praecipitia
3379 3653 3646 3719 speluncae
3675 3653 3816 3707 dilti-

2223 3747 2339 3802 cilis
2373 3746 2680 3800 adscensus.
2714 3742 2769 3797 In
2801 3744 2882 3798 his
2914 3744 3293 3815 monachorum
3344 3742 3551 3814 plurimi
3580 3759 3816 3801 comma-

2223 3838 2440 3908 nebanl,
2466 3851 2691 3906 quorum
2725 3846 2877 3907 pater
2907 3846 3021 3891 erat
3052 3837 3267 3891 nomine
3296 3836 3591 3907 l’itbyrion.
3635 3834 3732 3892 llic
3761 3848 3816 3890 et

2224 3946 2287 3986 ex
2317 3928 2592 3998 discipulis
2618 3928 2755 3982 beati
2796 3927 3015 3982 Antonii
3048 3928 3164 3993 fuit,
3205 3936 3259 3981 et
3289 3938 3406 3997 post
3436 3914 3580 3982 illius
3607 3927 3813 3984 obitum

2225 4038 2345 4078 cum
2376 4033 2562 4096 sancto
2587 4021 2919 4076 habitaverat
2962 4021 3244 4075 Ammone.
3274 4006 3402 4075 Post
3424 4019 3577 4089 hujus
3605 4035 3818 4090 quoqu:

2225 4108 2533 4169 abscessum
2564 4112 2615 4167 in
2655 4112 2756 4166 huc
2807 4124 2866 4167 se
2923 4112 3279 4167 constituerat
3327 4120 3555 4167 monte:
3612 4112 3707 4166 sed
3764 4122 3817 4166 et

2227 4214 2377 4262 tanta
2406 4206 2458 4261 iu
2501 4218 2567 4259 eo
2611 4212 2726 4260 erat
2754 4204 3008 4258 virtutum
3035 4204 3207 4273 copia,
3258 4213 3507 4273 tantaque
3537 4204 3704 4275 gratia
3733 4220 3818 4258 sa-

2227 4299 2476 4364 nitatum,
2504 4297 2559 4353 et
2604 4298 2841 4366 potestas
2870 4297 3129 4352 adversus
3168 4298 3463 4363 daemones,
3503 4307 3562 4353 ut
3586 4298 3815 4352 duorum

2230 4391 2422 4446 merito
2447 4396 2775 4445 summorum
2808 4388 3046 4442 virorum
3088 4388 3235 4443 solus
3264 4376 3630 4444 lnereditatem
3681 4404 3817 4444 con-

2230 4499 2446 4543 secutus
2466 4485 2733 4556 duplicem
2776 4484 3064 4538 rideretur.
3096 4484 3191 4538 llic
3221 4498 3347 4552 ergo
3377 4483 3572 4539 multos
3601 4486 3818 4538 monitis

545 4606 665 4644 cum
725 4588 869 4642 omni
924 4582 1114 4640 aﬂectu
1168 4584 1475 4645 instruens;
1543 4587 1665 4647 post
1714 4575 2121 4629 a'dticationem
2159 4572 2516 4652 οωάῖίὶροιις,
2568 4579 2836 4647 multaque
2885 4577 3130 4631 doctrina
3183 4578 3475 4639 instruens,
3551 4579 3819 4648 pmcipuc

545 4700 672 4740 vero
701 4694 1034 4743 sermonum,
1078 4674 1375 4731 introducit
1414 4687 1511 4726 nos
1541 4670 1592 4723 iu
1626 4668 1894 4721 hortulum
1943 4679 2121 4729 suum,

545 4776 779 4830 ostendit
809 4772 964 4827 nobis
993 4770 1217 4825 arbores
1266 4766 1589 4834 palmarum,
1642 4762 1975 4826 aliorumque
2032 4773 2127 4826 po-

548 4884 779 4933 morum,
816 4880 950 4935 quas
978 4864 1094 4932 ipse
1119 4862 1473 4930 plautaverat,
1506 4866 1558 4911 et
1597 4854 1848 4908 dicebat:
1884 4850 2007 4905 llaec
2043 4865 2127 4904 me

547 4960 601 5012 in
646 4971 830 5011 eremo
862 4954 1105 5021 plantare
1145 4950 1540 5004 rusticanorum
1574 4944 1706 4999 fides
1734 4940 2026 4997 admonuit.
2063 4940 2130 4995 Ut

546 5049 691 5103 enim
724 5045 829 5099 vidi
874 5058 969 5098 eos
1011 5051 1210 5097 tantam
1254 5038 1410 5093 fidem
1442 5038 1662 5101 habere,
1697 5045 1754 5090 ut
1783 5050 2000 5090 arenam
2030 5035 2128 5090 sub

549 5136 747 5193 nostris
788 5134 1029 5203 vestigiis
1066 5130 1402 5199 colligentes,
1449 5142 1543 5197 per
1570 5142 1728 5196 agros
1757 5140 1883 5181 suos
1913 5140 2133 5197 sparge—

548 5239 691 5288 rent,
714 5239 766 5281 et
796 5235 992 5279 terram
1024 5220 1263 5276 sterilem
1291 5219 1356 5273 ad
1389 5220 1551 5273 totius
1593 5218 1930 5273 fecunditatis
1951 5226 2129 5273 vet-te-

548 5330 669 5376 rcut
699 5319 1016 5374 ubertatem.
1050 5312 1240 5381 pudor,
1290 5310 1528 5381 inquam,
1560 5318 1662 5374 est,
1692 5309 1735 5363 si
1777 5324 1875 5365 nos
1916 5309 2133 5365 infcrio-

622 5512 647 5538 ιι
692 5498 849 5566 Elia.)
879 5495 954 5551 De
977 5496 1068 5566 {loc
1101 5489 1615 5566 δοιοηιξεῃιιεςηΙίὺξγ)Δ
1645 5488 1734 5542 ιιι.
1762 5506 1875 5566 cap.
1908 5490 2132 5566 28LM‘

552 5559 923 5640 cephprus‘iib,
975 5564 1061 5640 HL.
1116 5581 1227 5633 mp.
1275 5559 1736 5640 54.j‘Cassiodorua
1788 5559 1926 5615 Hist.
1981 5561 2022 5614 Τ
2030 5563 2128 5632 rip.

552 5626 637 5696 illi.
679 5635 847 5695 VIII.
873 5653 987 5703 cap.
1024 5626 1071 5688 ἱ.
1178 5626 1186 5633 ’

626 5732 650 5768 h
693 5723 1053 5798 Pithyrione.)
1081 5722 1273 5798 De__lt_oc
1301 5720 1616 5798 Nicephorns
1642 5724 1727 5798 lio.
1765 5720 1862 5775 IX.
1892 5739 2007 5798 cap.
2042 5722 2128 5798 _ll.

548 5794 828 5856 Pmtcrea'
859 5796 1131 5862 l’ilhyl'iun
1159 5794 1269 5859 ille,
1304 5796 1390 5863 qui
1423 5802 1598 5848 tamen
1624 5796 1767 5862 alibi,
1798 5795 1935 5865 apud
1971 5794 2133 5848 Athe-

2229 4681 2407 4726 tamen
2437 4670 2503 4725 de
2537 4669 2862 4723 discretione
2905 4667 3186 4737 Spirituum
3220 4681 3316 4721 nos
3346 4667 3576 4722 docebat
3603 4668 3817 4733 dicens,

2229 4777 2348 4818 esse
2374 4760 2636 4831 quosdam
2665 4760 2960 4822 drcntones,
3018 4759 3106 4828 qui
3152 4759 3316 4812 certis
3343 4758 3644 4828 quibusque
3674 4762 3819 4814 vitiis

2230 4852 2616 4920 obsequantur,
2649 4850 2845 4920 quique
2873 4864 2993 4903 cum
3024 4847 3245 4904 allectus
3275 4848 3465 4903 anirure
3495 4849 3819 4919 passibiliter

2234 4950 2287 4996 et
2315 4943 2508 4995 vitiose
2557 4940 2788 4996 viderint
2837 4940 3062 5005 moveri,
3101 4942 3420 4995 convertunt
3445 4955 3539 4995 eos
3563 4939 3629 4994 ad
3658 4956 3818 4997 onme

2232 5034 2435 5087 facinus
2464 5032 2683 5086 malum.
2714 5033 2768 5088 Si
2794 5033 2911 5101 quis
2933 5047 3061 5100 ergo
3091 5040 3195 5101 est,
3229 5032 3315 5101 qui
3349 5033 3455 5085 vult
3482 5031 3694 5087 daemon
3720 5032 3753 5088 b
3776 5048 3819 5087 is

2234 5124 2515 5191 dominari,
2553 5126 2699 5194 prius
2730 5120 2873 5178 vitiis
2911 5125 3021 5179 suis
3044 5133 3098 5179 et
3125 5123 3463 5192 passionibus
3488 5122 3812 5178 dominetur.

2234 5215 2615 5285 Quodcumque
2644 5214 2785 5270 enim
2813 5215 2998 5269 vitium
3037 5214 3271 5284 propria:
3317 5214 3582 5283 passionis
3604 5214 3817 5285 abjecc-

2237 5309 2329 5371 ris,
2362 5307 2517 5377 hujus
2546 5306 2657 5360 vitii
2686 5306 2985 5361 daemonem
3030 5306 3234 5375 poteris
3280 5308 3438 5361 etiam
3468 5306 3537 5363 de
3580 5308 3817 5362 obsessis

2241 5503 2336 5543 uas
2363 5485 2631 5554 videlicet,
2682 5483 3022 5554 asccterium,
3100 5491 3194 5539 se'u
3240 5487 3553 5541 exercenda:
3605 5484 3818 5553 pietatis

2238 5557 2584 5625 domicilium,
2620 5550 2836 5609 'habuil.
2870 5550 3219 5610 Roswerous.

2310 5652 2323 5681 ¹
2361 5648 2749 5716 Reseripsimus
2781 5646 3077 5709 nonnullos,
3102 5655 3248 5699 recto
3276 5658 3439 5700 sensu
3485 5654 3647 5716 atque
3674 5645 3816 5701 serie

2240 5719 2493 5775 orationis
2521 5725 2773 5785 cogente;
2800 5725 2954 5769 antea
2985 5716 3151 5768 nullos
3171 5716 3345 5779 ἁπλῶς
3388 5717 3683 5785 legebatur.
3714 5717 3816 5773 Le-

2240 5794 2384 5847 viora
2410 5787 2633 5842 inferius
2658 5788 2800 5841 taciti
2824 5789 3163 5856 Castignnus.
