4166 6348
320 380 423 440 45⁸5

1531 374 1855 436 liiSTORiA
1899 375 2401 436 ﬁDNACIIORUX.

3492 377 3597 435 434

319 493 634 565 corporibus
660 495 915 564 elfugarc.
954 493 1018 548 Et
1052 492 1171 548 ideo
1201 490 1500 547 conandum
1537 497 1620 544 est
1646 488 1899 558 paulatim
1932 494 1972 547 Α
2011 495 2195 560 patuit.
2230 494 2417 548 Cibum
2448 506 2575 547 vero
2603 508 2889 562 numquam
2925 499 3189 546 sumsct‘at
3229 490 3327 546 nisi
3358 493 3442 547 die
3486 493 3594 548 Do-

322 589 532 659 propria
559 588 682 640 vitia
713 602 987 657 superare,
1041 594 1094 639 ut
1128 585 1139 615 ‘
1176 584 1443 654 possimus
1493 582 1656 635 etiam
1713 580 1914 635 demo-

322 695 417 735 nes
461 693 761 749 superare,
822 678 910 745 qui
962 676 1267 746 hujusmodi
1315 676 1456 729 vitiis
1522 674 1905 744 obsequuntur.

322 772 419 826 ilic
461 770 695 825 secundo
726 769 1062 825 reficiebatur
1099 767 1254 839 173
1297 767 1346 819 in
1388 766 1707 835 septimana,
1750 764 1911 835 pulti-

320 862 469 917 culas
526 862 729 930 accipie
769 874 795 914 s
851 875 913 914 ex
957 858 1145 924 farina,
1207 872 1306 913 nec
1356 865 1567 925 poterat
1614 855 1722 925 jam
1774 854 1914 908 acci-

324 965 450 1018 pere
476 950 632 1005 alam
660 964 858 1018 escam,
892 963 1061 1018 neque
1105 957 1286 1015 :etate,
1323 962 1498 1018 neque
1525 946 1913 1002 consuetudine

325 1044 689 1113 permittente.

919 1178 1144 1234 CAPUT
1186 1176 1323 1233 XLV.

800 1334 864 1372 DE
905 1333 1073 1372 PATRE
1116 1327 1139 1353 ’⁸
1182 1327 1429 1370 ευιοῦιο.

400 1428 641 1495 Vidimus
670 1437 722 1484 et
752 1429 914 1483 alium
955 1428 1188 1499 (Pallad.
1221 1443 1266 1481 c.
1310 1428 1397 1487 75.
1434 1438 1479 1480 et
1527 1427 1588 1490 tle
1617 1425 1720 1483 alio
1756 1424 1915 1479 Eulo-

326 1520 409 1601 gio
438 1535 484 1573 c.
516 1518 634 1588 26.)
667 1531 909 1575 sanctum
945 1529 1172 1589 patrem,
1203 1517 1484 1588 Eulogium
1537 1517 1775 1583 nomine,
1824 1518 1912 1587 qui

328 1611 381 1663 itt
414 1609 699 1665 offet-endis
728 1611 1090 1666 Sacrantentis
1123 1621 1326 1665 tantum
1362 1610 1545 1678 grati-.e
1576 1618 1855 1677 acceperat
1886 1622 1915 1662 a

331 1702 573 1765 Domino,
620 1712 677 1756 ut
735 1702 1151 1772 uniuscujusque
1199 1700 1568 1756 accedentium
1626 1700 1691 1754 ad
1749 1701 1915 1754 altare

332 1792 422 1845 Dei
476 1793 661 1847 merita
703 1794 990 1864 culpasque
1029 1802 1399 1863 cognosceret.
1436 1792 1672 1862 Denique
1703 1806 1765 1846 ex
1802 1807 1915 1845 mo-

2018 587 2230 640 tuittica.
2282 586 2569 656 Presbyter
2614 587 2759 641 enim
2790 596 2911 639 tunc
2945 585 3301 639 venieltat‘ad
3350 601 3493 651 cum,
3546 594 3601 640 ct

2016 678 2275 731 ntl‘e.cttat
2304 693 2399 744 pro
2433 692 2497 731 eo
2528 677 2871 743 sacrificium,
2928 676 3084 747 idque
3115 675 3161 730 ei
3194 675 3370 730 solum
3402 674 3599 735 Sacra-

2019 779 2254 822 utentum
2284 777 2398 822 erat
2436 778 2491 822 et
2518 769 2707 823 victus.
3490 758 3494 777 ’

2092 860 2221 914 Iluic
2246 860 2477 929 quodam
2505 861 2593 919 die
2628 869 2843 916 satanas
2874 860 3153 928 subripere
3182 870 3385 921 voens,
3429 869 3601 912 trans-

2019 952 2349 1020 ﬁgtttavitse
2382 951 2433 1003 itt
2464 951 2856 1023 pre~bytcrum,
2901 951 2988 1021 qui
3019 947 3196 1005 venire
3219 947 3284 1003 ad
3314 962 3435 1003 eum
3463 948 3601 1003 sole-

1976 1058 1979 1059 '
2018 1045 2127 1110 bat,
2148 1055 2205 1116 et
2239 1041 2570 1110 praeveniens
2600 1032 2785 1097 heram
2829 1040 3060 1105 solitam,
3090 1038 3377 1099 simulabat
3420 1052 3479 1093 se
3506 1037 3601 1093 Sa-

2017 1143 2413 1189 cramentorum
2443 1130 2610 1202 gratia
2629 1132 2861 1187 venisse.
2882 1131 2950 1184 At
2980 1131 3070 1185 ille
3102 1129 3382 1199 vigilanter
3404 1127 3601 1185 intelli-

2017 1242 2148 1295 gens
2175 1224 2368 1279 diaboli
2399 1221 2658 1288 fraudem,
2686 1237 2806 1277 cum
2855 1221 3219 1291 indignatione
3268 1218 3499 1289 quadam
3527 1218 3601 1272 ait

2020 1321 2089 1373 ita
2129 1318 2192 1371 ad
2237 1331 2358 1372 eum
2394 1334 2405 1368 :
2439 1316 2483 1381 Q
2514 1316 2687 1369 omnis
2723 1314 2830 1369 doli
2862 1314 3145 1384 omnisque
3196 1310 3396 1367 fraudis
3428 1319 3597 1380 pater,

2019 1410 2231 1476 iu'mice
2262 1407 2437 1464 omnis
2465 1406 2707 1477 justitiat,
2737 1420 2840 1464 non
2871 1404 3075 1460 desinis
3124 1402 3431 1459 seducendo
3478 1402 3596 1456 atti-

2020 1485 2546 1564 mas‘Cbristianas,’
2569 1498 2666 1554 sed
2705 1509 2757 1553 et
2789 1510 2950 1555 ausus
2998 1510 3057 1552 es
3102 1496 3261 1551 etiam
3291 1494 3357 1552 ad
3407 1496 3517 1564 ipsa
3550 1503 3601 1547 te

2017 1594 2336 1664 immergere
2366 1592 2594 1648 terrifica
2622 1601 2676 1648 et
2704 1599 3045 1647 sacrosancta
3092 1588 3365 1660 mysteria.
3412 1590 3482 1643 At
3509 1586 3599 1643 ille

2018 1687 2295 1756 retpondit
2325 1689 2371 1741 e'.
2411 1704 2421 1738 :
2461 1685 2665 1751 Potavi,
2708 1684 2903 1753 inquit,
2929 1681 3070 1752 quod
3116 1680 3316 1751 possim
3364 1689 3415 1733 te
3442 1678 3601 1733 lucri-

2020 1779 2230 1834 facere:
2263 1777 2341 1833 sic
2376 1779 2518 1833 enim
2561 1787 2613 1831 et
2642 1776 2802 1830 alium
2836 1773 3119 1845 quemdam
3150 1788 3214 1828 ex
3266 1771 3457 1827 vestris
3502 1769 3600 1824 de-

332 1885 513 1938 ttachis
540 1885 796 1955 quosdam
835 1886 1076 1940 volentes
1132 1886 1389 1941 accedere
1446 1885 1511 1939 ad
1567 1884 1907 1939 Communio‘

2020 1875 2155 1943 cepi,
2184 1874 2256 1925 ita
2290 1884 2345 1925 ut
2399 1881 2579 1927 mente
2625 1870 2933 1934 excederet,
2964 1879 3017 1924 et
3068 1868 3316 1940 perderet
3360 1878 3597 1920 sensum.

332 1975 768 2053 nem,‘retinebat
795 1975 977 2035 dicens
1010 1993 1023 2030 :
1053 1975 1331 2043 Quomodo
1361 1976 1473 2029 ausi
1498 1976 1626 2029 estis
1655 1973 1912 2027 accedere

333 2066 397 2119 ad
437 2067 779 2124 Sacramenta
806 2069 930 2122 divit
956 2084 1008 2134 a,
1055 2085 1175 2123 cum
1213 2084 1364 2124 mens
1405 2080 1578 2124 vestra
1618 2079 1672 2123 et
1716 2084 1908 2137 propo-

334 2158 490 2225 situm
518 2159 588 2214 sit
612 2159 668 2215 in
707 2161 846 2215 malo
871 2161 927 2215 ’ἲ
958 2160 1194 2231 Denique
1238 2162 1414 2217 aiebat
1448 2178 1461 2216 :
1515 2161 1594 2216 Tu
1628 2161 1726 2216 hac
1757 2171 1914 2214 nocte

336 2249 563 2307 habuisti
599 2252 950 2323 cogitationes
980 2254 1293 2309 fornicandi.
1327 2254 1404 2308 Tu
1459 2269 1584 2309 vero
1629 2253 1809 2309 dixisti
1862 2255 1913 2307 itt

336 2341 496 2397 corde
526 2351 614 2397 tuo
644 2362 657 2395 :
692 2343 833 2398 Nihil
853 2344 1097 2410 interest,
1124 2347 1236 2402 sive
1256 2348 1429 2417 justus
1456 2349 1519 2401 ad
1536 2346 1910 2413 Sacramenta,

333 2432 442 2488 sive
465 2443 714 2503 peccator
742 2435 982 2492 accedat.
1030 2437 1096 2492 Et
1124 2439 1261 2494 alius
1307 2439 1690 2494 dubitationem
1730 2439 1915 2493 habnt

334 2526 385 2580 in
416 2528 579 2583 corde
618 2542 739 2596 suo,
781 2531 1010 2586 dicens:
1063 2531 1198 2599 Quid
1243 2533 1388 2603 enim
1444 2549 1528 2588 me
1579 2533 1925 2597 Sanctificare,

332 2614 648 2673 Communio
691 2621 904 2689 potest?
948 2621 1055 2679 llos
1093 2637 1221 2696 ergo
1263 2624 1501 2694 singulos
1547 2624 1857 2687 removebat
1885 2639 1913 2677 a

331 2708 708 2766 communione
751 2709 1103 2779 Sacramettti,
1148 2723 1201 2767 et
1249 2713 1460 2768 dicebat
1501 2715 1619 2769 eis:
1670 2714 1915 2777 Seceditc

336 2805 629 2887 paululum,
669 2815 723 2860 et
769 2806 910 2881 agite
959 2809 1347 2877 paenitentiam,
1404 2817 1461 2863 ut
1514 2809 1772 2878 purifieati
1822 2824 1919 2878 per.

335 2897 757 2963 satisfactionem
808 2909 864 2956 et
914 2900 1198 2973 lacrymas,
1231 2902 1375 2977 digni
1430 2902 1737 2975 habeamiui
1769 2918 1913 2969 cont-

336 2993 587 3063 munione
619 2992 843 3060 Christi.

927 3108 1155 3168 CAPUT
1195 3110 1309 3166 XV.

548 3239 616 3279 ns
655 3221 682 3261 δ
721 3239 958 3279 assensu
998 3240 1337 3281 PBBSBYTIBO
1378 3241 1443 3280 ιτ
1481 3239 1698 3280 ιοηιυε.

411 3340 648 3397 Vidimus
677 3351 731 3397 et
765 3342 925 3398 alium
970 3342 1349 3414 Presbyterum
1396 3342 1632 3416 (Pallad.
1662 3360 1779 3412 cap.
1821 3344 1910 3402 60.

335 3446 382 3502 et
425 3434 540 3506 61.)
578 3436 631 3491 in
664 3435 833 3491 vicina
879 3438 1095 3508 regione
1137 3437 1355 3493 nomine
1406 3438 1688 3508 Appellcn,
1742 3438 1914 3492 virum

335 3528 556 3596 justum.
584 3526 681 3583 llic
709 3526 861 3583 faber
883 3537 1000 3583 erat
1029 3528 1176 3595 ferri,
1200 3537 1255 3585 et
1278 3544 1397 3600 quae
1431 3518 1732 3585 necessaria
1764 3538 1918 3585 erant

336 3620 587 3677 fratribus
615 3621 954 3691 operabatur.
1001 3622 1240 3689 Quodam
1280 3632 1458 3679 autem
1488 3630 1750 3690 tempore,
1795 3637 1916 3677 cum

337 3713 402 3777 ad
436 3713 640 3769 fabrilia
679 3728 840 3787 opera
882 3715 1128 3784 vigilaret
1182 3716 1233 3770 in
1289 3715 1505 3771 silentio
1551 3718 1741 3782 noctis,
1790 3730 1918 3770 con-

337 3821 524 3862 versus
545 3806 787 3863 diabolus
817 3806 870 3861 in
922 3806 1144 3862 formam
1189 3809 1426 3864 mulieris
1455 3811 1735 3879 Speciosaa,
1774 3811 1919 3863 venit

338 3900 403 3953 ad
433 3915 556 3954 eum
576 3908 843 3970 tamquam
875 3900 1071 3971 aliquid
1095 3903 1274 3970 operis
1289 3902 1336 3957 ei
1362 3901 1633 3957 deferens.
1659 3901 1796 3957 Tum
1830 3902 1919 3958 ille

339 4003 609 4061 arreptum
640 4008 799 4047 manu
828 3992 965 4048 nuda
994 3994 1060 4048 de
1090 3992 1309 4049 fornace
1340 3993 1541 4049 ferrum
1569 3994 1829 4058 candens,
1867 3996 1917 4049 in

340 4084 529 4139 faciem
558 4084 676 4156 ejus
703 4084 905 4156 injecit.
940 4089 1004 4139 At
1030 4085 1117 4139 illa
1151 4086 1391 4141 clamans
1430 4096 1485 4142 et
1514 4086 1723 4143 ululans
1769 4086 1922 4153 aufu-

341 4179 434 4245 git,
468 4177 538 4231 ita
567 4186 627 4231 ut
654 4191 840 4232 omnes
878 4176 1091 4243 fratres,
1134 4179 1222 4247 qui
1256 4179 1309 4233 in
1357 4179 1581 4242 circuitu
1608 4194 1921 4245 comntane-

342 4265 489 4329 bant,
513 4265 769 4321 ululatum
797 4265 914 4335 ejus
955 4266 1205 4336 fugientis
1235 4266 1506 4337 audirent,
1554 4276 1607 4322 et
1635 4282 1701 4323 ex
1723 4281 1788 4322 eo
1809 4267 1919 4337 jam

343 4359 420 4419 vir
451 4357 544 4413 ille
583 4358 636 4412 in
668 4350 765 4414 usu
797 4357 1002 4423 habuit,
1035 4358 1233 4413 ferrum
1287 4358 1524 4413 candens
1572 4374 1731 4412 manu
1782 4358 1919 4413 nuda

345 4459 546 4514 tenere,
598 4463 699 4504 nec
743 4448 888 4504 laedi.
920 4449 999 4505 Ad
1052 4449 1193 4504 hunc
1237 4464 1366 4518 ergo
1396 4465 1517 4504 cum
1549 4451 1917 4513 venissemus,

342 4551 395 4597 et
418 4541 799 4596 humanissime
828 4556 925 4595 nos
953 4544 1298 4612 suscepisset,
1330 4541 1680 4609 poscebamus
1727 4540 1793 4595 ab
1834 4555 1919 4606 eo,

2017 1966 2183 2032 Quem
2209 1980 2329 2020 cum
2367 1963 2676 2018 credentem
2737 1962 2890 2027 mihi,
2925 1962 3171 2015 insanum
3224 1954 3599 2019 reddidissem,

2019 2067 2095 2111 tot
2125 2056 2257 2126 justi
2304 2064 2520 2110 orantes
2551 2068 2648 2124 pro
2677 2067 2761 2118 eo,
2795 2055 2877 2106 vix
2910 2067 3033 2106 eum
3063 2060 3116 2107 et
3151 2050 3211 2115 in
3232 2050 3348 2104 loco
3377 2056 3432 2102 et
3456 2047 3599 2103 sani-

2017 2147 2109 2201 tati
2144 2145 2427 2202 I‘CSliluf‘re
2459 2151 2763 2214 potuerunt.
2815 2142 2878 2197 Et
2908 2141 3019 2219 inec
3061 2155 3183 2199 cum
3232 2138 3455 2195 dixisset
3496 2136 3602 2193 dm-

2019 2253 2162 2303 mon,
2200 2236 2606 2308 aufugitabeo.

2091 2333 2212 2385 Erat
2244 2342 2423 2397 autem
2477 2328 2819 2400 supradictus
2864 2328 2945 2381 vir
3001 2327 3290 2398 persistens
3341 2326 3393 2380 in
3438 2340 3603 2393 opere

2018 2432 2216 2492 empto,
2273 2431 2433 2492 atque
2492 2422 2544 2476 itt
2594 2421 2837 2475 0tatione
2885 2418 3201 2488 perduraue.
3248 2415 3418 2472 Pedes
3475 2431 3603 2472 vero

2017 2516 2153 2584 ejus,
2184 2530 2247 2569 ex
2279 2531 2345 2568 eo
2371 2514 2511 2582 quod
2544 2514 2712 2567 multo
2758 2521 3000 2581 tempore
3030 2509 3333 2565 immobiles
3371 2509 3601 2575 fuerant,

2017 2607 2513 2677 disrumpebantur,
2537 2606 2619 2664 ita
2637 2616 2694 2662 ut
2719 2607 2897 2662 sanies
2922 2621 2988 2661 ex
3016 2605 3096 2660 eis
3129 2603 3439 2674 proflucret.
3470 2600 3605 2655 Tres

2019 2715 2200 2754 autem
2244 2713 2367 2761 cum
2399 2698 2805 2768 complerentur
2846 2697 2997 2763 anni,
3026 2694 3177 2751 affuit
3226 2693 3459 2761 Angelus
3503 2691 3606 2745 Do-

2019 2792 2169 2852 mini.
2222 2798 2275 2845 et
2324 2790 2400 2845 ait
2444 2789 2512 2845 ad
2561 2804 2681 2845 eum
2712 2807 2724 2842 :
2760 2788 3018 2844 Dominus
3058 2785 3217 2843 Jesus
3246 2784 3514 2846 Christus,
3553 2792 3607 2838 et

2017 2883 2250 2952 Spit-itus
2292 2890 2507 2936 sanctus
2524 2879 2763 2950 suscepit
2802 2880 3075 2934 orationes
3113 2884 3254 2946 tuas,
3279 2884 3334 2936 et
3364 2873 3606 2942 corporis

2020 2976 2095 3030 tui
2129 2975 2404 3029 cicatrices
2431 2982 2607 3041 sanat,
2639 2981 2696 3030 et
2724 2972 2955 3035 caelestis
2994 2970 3122 3040 cibi,
3166 2969 3217 3023 id
3252 2976 3336 3025 est
3379 2965 3525 3022 verbi
3553 2973 3608 3021 et

2018 3067 2257 3121 scientia:
2292 3079 2404 3118 sum
2429 3064 2521 3118 tibi
2552 3062 2936 3119 abundantiam
2969 3059 3154 3116 donat.
3189 3058 3256 3113 Et
3291 3056 3607 3127 contingens

2019 3175 2081 3215 os
2109 3160 2227 3239 ejus
2256 3174 2318 3214 ac
2348 3159 2531 3228 pedes,
2566 3166 2621 3215 et
2648 3158 2716 3214 ab
2743 3156 3010 3212 ulceribus
3037 3170 3160 3211 eum
3189 3168 3379 3209 sanum
3423 3152 3605 3208 reddi-

1945 3244 1991 3311 C
2021 3252 2120 3318 dit,
2149 3260 2202 3307 et
2228 3250 2488 3321 repletum
2520 3249 2761 3305 scientim
2784 3256 2838 3304 et
2875 3247 3135 3303 doctrinae
3163 3246 3353 3317 gratia,
3389 3244 3491 3300 cibi
3524 3244 3605 3298 fa-

2023 3357 2163 3399 mem
2190 3342 2391 3397 sentire
2421 3355 2527 3395 non
2557 3340 2700 3396 fecit.
2757 3338 2917 3396 lubet
2968 3346 3145 3393 autem
3204 3324 3432 3391 transire
3480 3350 3603 3389 eum

2019 3435 2085 3491 ad
2112 3435 2213 3489 alia
2241 3434 2379 3495 loca.
2404 3440 2459 3489 et
2478 3447 2716 3488 eremnm
2749 3431 3165 3486 circumeuntem
3198 3428 3417 3483 visitare
3443 3428 3595 3481 etiatr

2020 3527 2155 3582 alios
2187 3525 2400 3588 fratres,
2448 3533 2504 3579 et
2532 3523 2801 3579 adilicare
2840 3537 2932 3578 eos.
2964 3523 3017 3576 itt
3047 3521 3213 3576 verbo
3260 3530 3313 3575 et
3361 3519 3573 3574 doctrin

2023 3618 2253 3674 Domini.
2287 3616 2560 3672 Dominica
2589 3626 2764 3672 autem
2798 3615 2884 3671 die
2914 3613 2977 3669 ad
3007 3612 3253 3668 eumdem
3285 3626 3598 3681 semper‘rev

2023 3711 2327 3770 vertebatur
2357 3710 2554 3775 locum,
2589 3707 2752 3764 simili
2783 3706 2944 3762 modo
2988 3707 3457 3776 Sacramentorum
3486 3719 3607 3775 ερατ

2023 3808 2115 3870 tia,
2147 3803 2371 3873 reliquis
2401 3817 2527 3857 vero
2557 3802 2747 3858 diebus
2792 3801 2951 3857 etiam
2994 3814 3127 3869 opus
3157 3813 3411 3854 manuum
3445 3795 3609 3858 facie-

2024 3894 2110 3949 bat
2133 3903 2187 3949 et
2219 3893 2581 3963 operabatur,
2629 3893 2990 3961 jutnentorum
3024 3891 3233 3962 cingula
3287 3906 3355 3945 ex
3408 3890 3609 3959 palma—

2025 4002 2140 4051 rum
2174 3986 2313 4044 foliis
2345 3996 2554 4053 texens,
2602 3995 2658 4040 ut
2688 3986 2738 4039 in
2791 3984 2896 4040 illis
2927 3984 3054 4041 locis
3083 3982 3265 4039 haberi
3313 3982 3478 4037 moris
3504 3991 3627 4049 est._

2095 4080 2335 4147 Quodam
2362 4094 2489 4136 vero
2515 4088 2755 4146 tempore
2781 4078 3005 4133 claudus
3031 4078 3221 4148 aliquis
3239 4078 3315 4132 ire
3346 4076 3414 4131 ad
3435 4078 3610 4146 ipsum

2027 4175 2211 4239 voluit,
2264 4182 2319 4243 ut
2346 4174 2413 4226 ab
2441 4186 2508 4227 eo
2538 4180 2837 4226 curaretur.
2888 4169 3124 4238 Contigit
3172 4180 3348 4224 autem
3400 4176 3457 4222 ut
3496 4169 3627 4242 aui:

2028 4264 2151 4328 mal,
2184 4264 2325 4333 quod
2374 4275 2696 4318 ascensurus
2741 4271 2878 4325 erat,
2920 4261 3190 4331 cingulum
3239 4259 3483 4315 manibus
3516 4259 3614 4313 ho-
3660 4316 3665 4319 ,

2028 4359 2186 4412 minis
2227 4357 2319 4413 Dei
2366 4354 2558 4410 factum
2593 4355 2833 4409 haberet.
2866 4354 3000 4408 Cum
3058 4368 3187 4420 ergo
3244 4354 3657 4423 imponent-tun

2027 4464 2184 4517 supra
2213 4449 2538 4518 jumentum,
2572 4448 2749 4504 statim
2795 4457 2851 4500 ut
2883 4445 3038 4518 175
3075 4446 3416 4515 contigerunt
3446 4445 3623 4520 pedes~

2029 4543 2145 4612 ejus
2172 4541 2297 4596 illud
2332 4540 2625 4610 cingulum,
2657 4554 2818 4607 sanus
2849 4522 3076 4607 effectus
3123 4547 3226 4592 est.
3256 4537 3360 4593 Sed
3390 4547 3445 4593 et
3493 4537 3620 4607 qui:

345 4642 401 4688 ut
427 4632 581 4689 nobis
610 4632 694 4689 vel
722 4631 789 4687 de
809 4633 922 4686 suis
948 4633 1131 4701 gestis,
1163 4632 1245 4686 vel
1270 4632 1336 4686 de
1359 4646 1541 4686 eorum
1570 4645 1705 4699 quos
1731 4634 1917 4699 prmci-
1954 4628 1998 4687 D
2030 4636 2357 4704 huscumque
2386 4633 2558 4704 agris,
2591 4633 2930 4692 benedictum
2984 4648 3174 4701 panem
3234 4633 3399 4698 misit,
3430 4635 3625 4688 statim

345 4738 477 4791 puos
499 4723 553 4778 in
574 4724 986 4779 conversatione
1007 4732 1189 4778 sancta
1217 4724 1399 4789 sciret,
1427 4721 1709 4776 virtutibus
1735 4720 1921 4789 loque-

346 4824 511 4867 retur.
551 4813 703 4868 Tunc
733 4814 820 4868 ille
844 4831 858 4870 :

419 4907 535 4971 Est,
581 4906 774 4976 inquit,
818 4908 869 4961 in
926 4909 1023 4963 hac
1077 4923 1261 4963 eremo
1315 4909 1486 4962 vicina
1518 4907 1680 4963 frater
1711 4909 1923 4979 quidam

352 5000 566 5055 nomine
593 5000 847 5068 Joannes,
893 5012 1050 5056 aetate
1100 5012 1408 5071 provertus,
1443 5002 1548 5055 vita
1579 5012 1632 5055 et
1661 5004 1922 5065 moribus,

350 5102 507 5161 atque
536 5091 857 5150 abstinentia
896 5101 1119 5149 cunctos
1164 5094 1495 5163 praecellens.
1557 5094 1650 5148 llic
1698 5095 1924 5159 primunt

322 5198 323 5201 ‘
349 5201 467 5240 cum
498 5186 814 5242 accessisset
840 5186 906 5241 ad
928 5201 1188 5251 eremutn,
1235 5187 1404 5241 tribus
1450 5187 1717 5250 continuis
1752 5186 1928 5250 annis,

347 5279 446 5333 sub
475 5278 755 5347 cujusdam
784 5279 902 5333 saxi
938 5294 1069 5346 rupe
1110 5290 1277 5345 stans,
1310 5293 1523 5347 semper
1556 5276 1715 5353 174
1737 5278 1928 5343 oravit,

348 5369 419 5423 ita
452 5378 514 5424 ut
542 5384 708 5438 numq
783 5384 837 5421 m
878 5370 1097 5422 omnino
1133 5368 1413 5435 resederit,
1466 5383 1638 5436 neque
1682 5366 1929 5436 jacuerit.

347 5461 529 5516 Somni
564 5470 742 5517 autem
770 5469 975 5515 tantum
1006 5470 1244 5529 caperet,
1279 5471 1532 5531 quantum
1556 5471 1705 5516 stans
1741 5476 1934 5530 capere

422 5585 447 5657 ξ·
489 5574 755 5701 Eulogo.)

422 5646 576 5701 tcevh.
610 5648 699 5701 lib.

276 5712 279 5715 _
359 5645 576 5715 Niceph.
610 5648 699 5702 lib.

360 5716 492 5787 uisi.
525 5735 639 5787 cap.
685 5718 734 5770 1.

426 5786 452 5860 β
494 5786 773 5860 Apellen.]_
798 5786 879 5860 _De
915 5787 1377 5860 ltoc_§ozomcntts
1406 5790 1491 5845 lib.
1530 5786 1626 5851 VI.
1687 5806 1807 5857 (ap,
1836 5788 1928 5848 ‘28,

362 5854 573 5939 Niccplt.
608 5854 698 5913 lib.
730 5854 834 5922 XI.
866 5874 977 5927 cap.
1023 5857 1107 5912 55.
1554 5876 1568 5889 ·

802 5576 877 5629 De
897 5575 996 5628 'Itoc
1030 5577 1344 5629 Sozommus
1392 5577 1481 5629 lib.
1526 5575 1616 5629 Vl.
1668 5593 1783 5645 cap.
1837 5577 1928 5631 9.3.

766 5647 813 5700 Ι.
837 5662 953 5715 cup.
985 5646 1072 5700 54.
1106 5645 1434 5702 Cassiodorus
1463 5647 1552 5702 lib.
1588 5646 1750 5699 l'lll.
1784 5647 1928 5715 Trip.

2033 4738 2087 4782 ttt
2114 4744 2179 4783 ex
2216 4743 2282 4782 eo
2314 4735 2671 4796 perceperunt
2700 4727 2872 4779 sanati
2925 4735 3070 4781 sunt.
3125 4724 3193 4779 Et
3238 4726 3371 4780 alias
3416 4726 3613 4780 multas

2033 4820 2254 4876 virtutes
2281 4830 2334 4874 et
2361 4820 2616 4874 sanitates
2646 4833 2739 4890 per
2769 4834 2890 4885 eum
2924 4819 3180 4873 Dominus
3210 4819 3467 4889 implevit.

2105 4915 2299 4971 llaltuit
2327 4922 2505 4969 autem
2551 4924 2606 4968 et
2635 4913 2771 4970 hanc
2819 4913 3042 4982 gratiam
3090 4928 3252 4981 super
3298 4928 3625 4982 omnes.pa-.

2034 5019 2143 5062 tres
2170 5017 2226 5061 et
2253 5015 2481 5061 caeteros
2508 5005 2775 5071 homines,
2825 5014 2881 5062 ut
2931 5007 3350 5078 uniuscujusque
3388 5004 3615 5061 fratrum

2035 5099 2101 5154 de
2127 5097 2316 5153 vicinis
2341 5099 2682 5153 monasteriis
2712 5098 3131 5163 conversatioei
3164 5099 3516 5167 revelaretur,
3547 5097 3618 5152 ita

2036 5202 2089 5244 ut
2120 5190 2378 5247 scriberet
2404 5190 2470 5245 ad
2504 5200 2681 5257 patres
2711 5190 2974 5259 ipsorum,
3002 5200 3061 5247 et
3084 5199 3454 5253 commoneret
3475 5190 3619 5259 quod

2037 5285 2117 5338 illi
2139 5294 2192 5341 et
2230 5284 2305 5340 illi
2344 5284 2581 5355 segniter
2619 5294 2858 5355 agerent,
2909 5299 3008 5340 nec
3057 5293 3267 5340 rectum
3317 5284 3368 5337 in
3424 5284 3619 5337 timore

2040 5375 2131 5430 Dei
2163 5377 2491 5446 propositum
2541 5386 2778 5444 gerunt:
2832 5377 2909 5430 illi
2942 5391 3068 5431 vero
3109 5386 3164 5431 et
3209 5375 3283 5428 illi
3330 5376 3379 5426 itt
3416 5373 3521 5426 fide
3568 5385 3621 5429 et

2040 5468 2203 5523 animi
2236 5469 2429 5533 virtute
2482 5467 2783 5539 proficiunt.
2842 5468 2947 5524 Sed
3005 5473 3061 5521 et
3102 5467 3166 5521 ad
3227 5465 3375 5532 ipsus
3425 5461 3622 5519 fratres

2109 5585 2129 5665 ξ
2173 5583 2365 5707 lf’eerat
2391 5593 2440 5636 ut
2470 5583 2678 5649 vocula,
2710 5596 2865 5651 quam
2894 5578 2994 5633 loci
3026 5590 3320 5644 sensusque
3346 5574 3622 5644 integritas

2111 5670 2189 5707 tce
2229 5664 2302 5707 at.

2040 5664 2302 5723 exigebat.

2041 5747 2131 5870 δι’
2163 5744 2355 5867 -ῗῇηιηε
2386 5754 2463 5799 est
2500 5745 2550 5798 in
2574 5743 2748 5811 Pelag.
2781 5739 2943 5795 libell.
2974 5736 3060 5791 i8.
3104 5751 3220 5791 voc.
3254 5735 3340 5791 ~20.
3370 5735 3435 5790 de
3464 5724 3624 5792 Paulo

2084 5830 2190 5870 uno
2216 5830 2311 5868 tce.

2084 5830 2311 5883 ttnpttce.
