4166 6348
548 322 653 377 ἂόἷὶ

1548 315 1779 372 RUFINI
1819 314 1955 381 AQU
1966 311 2297 368 lLElENSlS
2336 312 2760 371 PRESBYTERI

3719 322 3816 378 436

549 438 838 501 scribebat,
873 435 995 491 aliis
1023 434 1237 505 quidem
1267 433 1406 504 quod
1441 433 1664 486 multum
1699 432 1903 486 taediosi
1957 439 2137 485 essent
2167 429 2213 488 A
2243 428 2566 500 dignissimae
2595 433 2715 487 vita:
2760 434 3026 489 hominem
3078 444 3436 505 peccatorcm,
3486 443 3645 505 atque
3692 450 3817 494 ante

549 544 673 599 erga
697 528 909 592 fratres,
939 536 994 582 et
1022 526 1217 596 pusillo
1260 526 1439 578 animo
1478 538 1603 591 erga
1634 522 1966 590 patientiam,
2013 524 2131 577 aliis

548 633 678 675 vero
703 618 841 688 quod
873 616 1029 681 bene,
1054 624 1363 669 constanter
1405 623 1458 667 et
1496 613 1727 667 sollicite
1775 623 2018 681 agerent,
2076 622 2128 666 ct

549 709 877 766 sufﬁcienter
914 708 1319 762 consolarentur
1341 705 1553 759 fratres.
1587 705 1653 759 Et
1692 706 1813 773 quid
1852 706 1972 759 huic
2017 722 2128 759 me-

550 802 637 855 riti
667 814 763 870 pro
794 800 1100 862 virtutibus,
1150 796 1271 863 quid
1302 812 1430 849 vero
1462 796 1534 849 illi
1569 797 1922 862 οοτιενῑῑυιλέ
1954 796 2129 849 immi-

550 900 700 945 neret
733 904 763 943 a
798 889 1018 942 Domino
1052 904 1145 954 pro
1192 887 1400 956 ignavia
1450 887 1795 955 pra-dicabd,
1858 898 1908 940 et
1942 888 2011 938 ita
2041 902 2131 940 eo-

549 997 668 1037 rum
696 982 785 1052 qui
812 982 1058 1036 absentes
1084 989 1260 1044 erant,
1294 988 1450 1033 actus
1476 988 1527 1033 et
1555 993 1792 1042 caussas,
1825 993 1885 1031 ac
1917 978 2127 1043 merita,

548 1074 630 1128 vel
681 1073 1063 1142 negligentiam
1117 1071 1475 1136 describebat,
1537 1081 1592 1123 nt
1636 1072 1912 1125 audientes
1963 1072 2013 1125 hi
2067 1076 2131 1125 de

546 1163 739 1232 quibus
785 1162 1085 1226 dicebatur,
1136 1162 1467 1218 conscientia
1515 1163 1741 1217 convicti
1802 1178 1995 1232 negare
2028 1181 2130 1215 non

547 1264 785 1323 possent.

613 1344 845 1400 Docebat
876 1355 1054 1400 autem
1088 1360 1300 1411 omnes,
1347 1356 1405 1399 ut
1450 1364 1477 1399 a
1512 1347 1812 1401 visibilibos
1862 1332 2127 1414 ct‘corpo-

540 1436 645 1491 reis
669 1437 827 1491 rebus
849 1438 1056 1491 animos
1079 1438 1143 1490 ad
1177 1438 1463 1491 invisibilia
1510 1448 1563 1491 et
1596 1439 1907 1507 incorporea
1959 1449 2131 1493 trans-

542 1526 762 1582 ferrent.
809 1525 1045 1594 Tempus
1072 1527 1241 1595 enim,
1280 1529 1468 1596 inquit,
1505 1542 1587 1583 est
1630 1541 1683 1584 ut
1710 1530 1773 1583 ad
1828 1530 2131 1601 lillthStttttdi

541 1620 715 1675 studia
767 1630 1152 1679 transeamus:
1219 1638 1392 1691 neque
1440 1624 1581 1677 enim
1614 1639 1824 1694 semper
1871 1627 2041 1695 pueri,
2080 1637 2134 1680 et

539 1724 753 1778 semper
782 1709 1013 1763 infantes
1042 1726 1160 1765 esse
1185 1712 1464 1774 debemus.
1498 1714 1588 1766 sed
1622 1714 2034 1782 aliquandojam
2066 1716 2129 1768 ad

2237 540 2340 578 non
2383 526 2611 581 multum
2660 528 2936 594 temporis,
2991 546 3055 582 ex
3117 530 3323 584 latrone
3377 530 3441 584 ad
3488 530 3626 584 istud
3677 534 3815 602 quod

2237 630 2373 669 nunc
2402 632 2655 671 (εχει-(ξιτεδ
2682 618 2972 682 videretur,
3019 620 3217 676 findunt
3263 622 3550 677 artificium
3595 624 3815 678 devolu-

2238 715 2366 758 tum.
2400 707 2731 773 Paphnutius
2780 726 2845 765 eo
2891 713 3057 780 magis
3110 714 3360 773 instabat.
3424 715 3723 784 requirens,
3774 717 3818 773 si

2234 798 2357 867 quid
2398 799 2445 853 ei
2473 799 2631 864 forte,
2676 801 2758 855 vel
2810 802 2951 856 inter
2980 804 3256 858 latrocinia
3306 806 3377 873 pii
3409 806 3586 876 opt-ris
3637 807 3820 863 fuisset

2234 890 2546 945 admissum.
2591 891 2755 957 Nihil,
2788 893 2980 962 inquit,
3028 895 3153 948 mihi
3186 895 3433 950 conscius
3480 912 3597 950 sum
3645 898 3765 951 boni
3803 916 3814 949 :

2237 985 2335 1039 hoc
2366 995 2537 1039 tamen
2568 986 2701 1053 scio,
2723 988 2863 1057 quod
2895 1004 3015 1041 cum
3048 990 3185 1043 inter
3230 991 3466 1045 latrones
3492 1008 3687 1058 essem,
3734 1008 3820 1047 ca-

2236 1085 2319 1143 pta
2352 1085 2433 1130 est
2486 1077 2771 1146 aliquando
2819 1093 2847 1131 a
2895 1080 3047 1135 nobis
3105 1082 3256 1149 virgo
3307 1082 3416 1137 Deo
3464 1094 3816 1137 consecrata:

2234 1166 2385 1232 cujus
2415 1180 2534 1219 cum
2565 1167 2729 1222 ceteri
2770 1168 2992 1239 collegae
3033 1173 3133 1225 mei
3166 1172 3400 1227 latrones
3431 1184 3688 1242 cuperent
3717 1177 3820 1230 eri-

2236 1271 2361 1323 pi-re
2392 1259 2673 1328 pudorem,
2713 1259 2884 1329 objcci
2926 1277 3013 1317 me
3064 1264 3114 1317 in
3165 1264 3400 1320 medium
3455 1274 3511 1321 et
3558 1265 3727 1333 eripui
3754 1268 3819 1321 de

2235 1350 2686 1406 contaminatione
2732 1352 3025 1423 latronum,
3079 1365 3131 1409 et
3183 1364 3339 1409 nocte
3385 1357 3656 1412 deducens
3702 1371 3816 1413 eam

2236 1457 2401 1509 usque
2423 1442 2487 1496 ad
2518 1445 2710 1509 vicum,
2740 1444 2919 1500 domui
2948 1463 3057 1501 suae
3087 1449 3288 1502 reStitui
3328 1449 3602 1503 intactam.

2305 1535 2424 1587 Alio
2459 1550 2668 1605 quoque
2706 1546 2947 1607 tempore
2977 1538 3212 1605 (Pallad.
3263 1556 3309 1592 c.
3345 1540 3458 1609 65.)
3492 1541 3668 1596 inveni
3699 1557 3815 1594 mu-

2237 1620 2419 1676 lierem
2449 1626 2683 1680 honesta:
2717 1627 2900 1681 forma:
2945 1628 2997 1683 in
3055 1644 3237 1683 eremo
3287 1629 3649 1685 aberrantem.
3700 1631 3819 1685 Haec

2234 1730 2352 1769 Cum
2386 1716 2800 1787 interrogaretur
2844 1736 2869 1773 a
2918 1736 3003 1775 me
3032 1737 3126 1775 cur
3155 1730 3249 1776 aut
3292 1722 3562 1792 quomodo
3612 1724 3663 1778 in
3707 1724 3819 1778 hmc

538 1800 798 1869 spiritalia
828 1813 881 1854 et
916 1802 1105 1855 altiora
1148 1804 1533 1871 consvendere,
1567 1816 1617 1856 et
1662 1806 1893 1858 virorum
1941 1822 2127 1859 sensus
2164 1820 2204 1878 Β
2236 1809 2349 1861 loca
2374 1811 2709 1867 advenisset?
2756 1816 2905 1886 177
2938 1815 3211 1883 respondit
3243 1835 3254 1871 :
3302 1817 3440 1871 Nihil
3470 1833 3553 1872 me
3584 1818 3818 1872 interro-

538 1892 751 1959 eapete,
781 1905 939 1959 atque
982 1892 1047 1946 ad
1076 1893 1450 1961 perfectiorem
1478 1896 1661 1950 subire
1696 1897 1805 1951 inte
1832 1897 2122 1966 ligentiam,

539 1992 596 2037 ut
649 1984 915 2052 possimus
971 1986 1257 2040 virtutibus
1312 1987 1473 2041 animi
1533 1992 1852 2043 enitescere.
1922 1991 2026 2043 Sed
2074 2003 2125 2043 et

539 2078 703 2130 multa
743 2077 847 2132 alia
898 2077 967 2132 de
1013 2078 1113 2131 hoc
1145 2082 1259 2135 viro
1303 2089 1521 2133 sant-tus
1567 2080 1726 2133 homo
1769 2082 1859 2135 Dei
1914 2084 2126 2150 Apelles

538 2166 840 2219 narratione
867 2167 1020 2221 nobis
1062 2168 1365 2223 fidelissima
1400 2171 1814 2235 couitttendatit,
1845 2188 1963 2241 quas
1994 2189 2126 2226 cun-

533 2269 616 2312 cta
640 2259 979 2314 conscribere
1015 2269 1069 2314 et
1109 2262 1325 2331 longum
1373 2262 1600 2330 videtur,
1636 2274 1687 2319 et
1739 2279 1834 2333 pro
1862 2265 2125 2335 magnitu-

535 2352 660 2405 dine
700 2351 803 2415 sui,
840 2351 1112 2405 nonnullis
1150 2353 1478 2407 audientium
1521 2355 1604 2408 vix
1636 2355 1909 2410 credibile.

1037 2488 1194 2558 ηε
1228 2485 1451 2543 CAPUT
1494 2488 1632 2543 xvr.

1090 2620 1154 2657 DE
1198 2613 1223 2641 ⁸
1264 2619 1573 2657 ΡΑΡΗΝΗἸΊΟ.

610 2715 852 2770 Vidimus
880 2726 932 2772 et
964 2717 1348 2772 monasterium
1395 2715 1635 2784 (Pallad.
1686 2734 1730 2771 ε.
1783 2718 1900 2787 Οὲ.)
1956 2722 2123 2775 sancti

540 2808 823 2876 Paphnutii
871 2808 1103 2863 hominis
1136 2810 1252 2873 Dei,
1302 2809 1392 2879 qui
1426 2809 1886 2866 nominatissimus
1924 2813 1973 2866 iu
2021 2814 2126 2867 illis

536 2900 669 2955 iocis
721 2902 1091 2965 anaeboretes,
1134 2910 1187 2955 et
1244 2901 1463 2955 ultimus
1522 2901 1787 2955 habitator
1830 2904 1999 2958 fuerat
2028 2906 2123 2959 de-

535 2992 664 3046 serti
695 2991 749 3047 in
780 2992 1087 3065 regionibus
1136 2993 1439 3062 tleraeleos,
1484 2993 1778 3062 splendida!
1816 2997 1954 3066 apud
1985 2997 2125 3053 The-

538 3080 748 3145 baidam
782 3086 945 3140 urbis.

2230 1914 2321 1967 ges
2354 1899 2769 1957 infelicissimam
2816 1906 3114 1973 mulierem,
3150 1922 3250 1961 nec
3293 1921 3508 1962 caussas
3554 1908 3813 1978 requiras,

2230 1993 2325 2043 ει·ιὶ
2368 1993 2409 2044 si
2465 1993 2709 2047 ancillam
2763 1997 2938 2064 placet
2988 1996 3202 2063 habere,
3266 1998 3516 2054 abducito
3564 2014 3671 2070 quo
3715 2001 3812 2054 vis.

2232 2082 2352 2137 llhhi
2380 2087 2519 2139 enim
2550 2086 2747 2141 infelici
2779 2098 2858 2142 est
2892 2091 3135 2156 maritus,
3160 2091 3247 2160 qui
3273 2091 3437 2146 debiti
3476 2092 3669 2146 fiscalis
3695 2107 3815 2161 gra-

2232 2175 2301 2227 tia
2329 2190 2470 2244 saepe
2509 2194 2800 2246 suspensus
2828 2192 2883 2235 et
2920 2181 3239 2251 flagellatus,
3288 2198 3349 2238 ac
3380 2184 3547 2253 pinnis
3573 2184 3816 2238 omnibus

2231 2274 2497 2321 cruciatus
2525 2277 2768 2323 servatur
2796 2272 2847 2325 in
2877 2286 3120 2339 carcere,
3165 2289 3262 2327 nec
3289 2272 3445 2328 aliam
3478 2275 3546 2330 ob
3572 2289 3813 2329 caussam

2233 2359 2558 2426 producitur,
2610 2363 2710 2415 nisi
2761 2370 2819 2416 ut
2866 2375 3127 2419 tormenta
3178 2367 3427 2435 patiatur.
3480 2366 3609 2421 Tres
3638 2376 3815 2422 autem

2234 2451 2383 2504 nobis
2415 2453 2504 2506 lilii
2550 2452 2785 2521 fuerunt,
2819 2458 2908 2527 qui
2938 2458 3048 2527 jam
3102 2474 3197 2526 pro
3224 2459 3466 2527 ejusdem
3515 2459 3678 2514 debiti
3726 2476 3817 2515 ne-

2236 2543 2477 2596 cessitate
2502 2544 2743 2601 distracti
2773 2560 2916 2604 sunt.
2944 2550 3053 2620 Ego
3094 2566 3303 2620 quoque
3348 2551 3668 2618 miserrima,
3698 2552 3815 2622 quia

2232 2636 2294 2688 ad
2323 2638 2530 2694 similes
2560 2656 2737 2709 pmnas
2768 2644 3029 2715 inquiror,
3070 2645 3137 2700 de
3169 2646 3287 2700 loco
3336 2647 3401 2700 ad
3458 2646 3631 2700 locum
3684 2646 3814 2716 fugi-

2235 2740 2369 2796 tans,
2404 2731 2575 2788 inedia
2624 2737 2945 2808 miseriaque
2992 2738 3254 2805 confecta,
3290 2754 3383 2809 per
3414 2738 3527 2795 haec
3553 2754 3695 2794 nunc
3741 2740 3815 2793 la-

2234 2819 2395 2876 titans
2424 2824 2617 2880 oberro
2648 2828 2784 2895 loca,
2828 2828 3061 2883 triduum
3111 2829 3210 2884 hoc
3246 2830 3355 2899 jam
3402 2831 3516 2885 sine
3546 2831 3669 2885 cibo
3713 2831 3814 2884 du-

2230 2932 2375 2970 cens.
2414 2918 2523 2986 Ego
2562 2919 2647 2972 ubi
2682 2920 2797 2975 hinc
2825 2921 3023 2988 audivi,
3054 2922 3338 2978 miseratus
3378 2923 3569 2981 adduxi
3600 2938 3716 2978 eam
3748 2924 3812 2977 ad

2229 3010 2629 3077 speluncam,et
2658 3014 2908 3067 reficiens
2930 3014 3161 3067 animam
3193 3014 3307 3083 ejus
3336 3012 3475 3069 fame
3497 3014 3811 3084 collapsam,

2230 3101 2348 3155 dedi
2376 3104 2534 3156 etiam
2592 3113 2866 3159 trecentos
2920 3107 2967 3160 ei
3022 3106 3242 3172 solidos,
3298 3123 3392 3175 pro
3421 3108 3613 3175 quibus
3663 3122 3721 3161 se
3750 3122 3811 3161 ac

607 3179 682 3235 De
708 3179 809 3233 hoc
836 3194 965 3248 ergo
1011 3177 1249 3251 (Pallad.
1308 3197 1353 3233 c.
1406 3180 1518 3247 (55.)
1567 3181 1873 3237 ﬁdelissima
1908 3195 2115 3255 patrum
2148 3195 2188 3253 ρ
2227 3195 2502 3265 maritum,
2532 3204 2587 3249 et
2635 3195 2776 3253 filios
2805 3212 2910 3253 non
2960 3198 3131 3255 solum
3177 3198 3446 3263 servituti,
3480 3198 3572 3253 sed
3600 3208 3655 3253 et
3687 3214 3810 3266 sup-

537 3272 841 3325 narratioue
867 3272 1251 3343 comperimus,
1282 3272 1425 3343 quod
1471 3291 1592 3329 cum
1635 3274 1824 3332 fuisset
1851 3279 1972 3333 vitae
2017 3282 2117 3334 An-

532 3362 738 3429 gelicm,
790 3363 1020 3436 quodam
1077 3376 1319 3435 tempore
1385 3370 1616 3423 oravi-rit
1668 3370 1856 3438 Deum,
1914 3383 1968 3426 ut
2015 3374 2117 3427 sibi

504 3457 862 3524 ostenderet,
893 3460 975 3511 cui
1023 3468 1330 3513 sanctorum
1380 3462 1568 3516 similis
1611 3463 1919 3520 haberetur.
1970 3467 2116 3520 Assi-

535 3559 686 3602 stens
728 3562 854 3601 vero
885 3549 1118 3619 Angelus
1148 3553 1421 3621 re5p0::dit
1451 3554 1529 3617 ei,
1559 3555 1699 3621 quod
1734 3556 1923 3611 similis
1970 3572 2114 3614 esset

534 3640 923 3710 symphoniaco
956 3642 1191 3706 cuidam,
1238 3645 1327 3717 qui
1373 3647 1424 3699 in
1468 3649 1582 3701 vico
1606 3647 1697 3701 illo
1725 3649 1970 3703 cantandi
2002 3662 2118 3707 arte

538 3731 740 3785 victum
790 3743 1076 3802 qumrcret.
1133 3735 1280 3791 Tunc
1310 3737 1397 3793 ille
1436 3739 1837 3807 obstupefactus
1882 3743 2117 3799 novitate

541 3826 805 3891 reaponsi,
833 3841 951 3878 cum
980 3826 1121 3881 omni
1156 3831 1529 3897 properatione
1563 3848 1789 3903 pergens
1821 3835 1885 3886 ad
1918 3835 2113 3901 vicum,

537 3918 797 3985 perquirit
840 3919 1128 3974 hominem.
1191 3922 1254 3975 Et
1304 3939 1423 3978 cum
1482 3924 1791 3991 invenisset,
1840 3927 2119 3983 studiosis-

535 4007 670 4062 sime
699 4020 1043 4079 percontatur
1077 4014 1144 4068 ab
1176 4030 1259 4082 eo,
1292 4016 1543 4084 quidnam
1593 4018 1762 4071 sancti
1801 4027 1854 4072 et
1882 4020 2118 4089 rel'giosi

533 4101 714 4168 cperis
744 4114 951 4172 gestum
994 4106 1063 4159 sit
1094 4106 1165 4172 ei,
1196 4124 1488 4177 omnesque
1527 4119 1678 4164 actus
1706 4108 1822 4177 ejus
1853 4112 2118 4168 curiosius

534 4188 770 4248 discutit.
806 4197 869 4250 At
905 4196 994 4250 ille
1020 4199 1297 4268 respondit
1326 4200 1465 4271 quod
1507 4216 1591 4256 res
1619 4210 1753 4267 erat,
1782 4217 1840 4259 se
1881 4220 2000 4260 esse
2037 4208 2120 4261 in-

605 4356 633 4385 α
673 4347 1025 4431 ξπριιηιιςῇοΛ
1067 4350 1139 4431 De
1162 4351 1710 4431 Itocjlaufolycusin
1744 4357 2132 4431 Martyrologia‘

536 4434 648 4479 suo,
685 4419 934 4476 Panuucii
969 4419 1190 4485 nomine,
1232 4424 1321 4478 ‘29.
1370 4419 1712 4480 Novembris:
1758 4428 1818 4484 S.
1863 4419 2117 4488 Pattnticii

535 4488 761 4553 ahbatis,
796 4492 1468 4571 qui'eretnum-llet'aeli:e
1514 4498 1744 4566 regionis
1795 4502 2035 4571 incoluit,
2067 4515 2121 4560 et

2225 3290 2393 3357 pliciis
2420 3290 2689 3345 asserebat
2742 3293 3005 3349 obnoxios
3038 3311 3049 3346 :
3095 3302 3150 3349 et
3198 3301 3443 3349 revocata
3472 3306 3535 3347 ea
3561 3292 3629 3347 ad
3660 3291 3797 3346 civi-

2223 3395 2406 3451 tatem,
2439 3400 2627 3442 omnes
2654 3401 2749 3443 eos
2790 3388 2912 3444 data
2954 3389 3178 3461 pecunia
3234 3387 3499 3445 liberavit.
3543 3385 3694 3440 Tunc
3720 3398 3806 3453 pa-

2222 3485 2302 3533 ter
2334 3478 2690 3546 Paphnutius,
2740 3479 2874 3551 Ege,
2906 3479 3099 3551 inquit,
3133 3480 3268 3535 nihil
3300 3479 3408 3535 tale
3448 3478 3588 3535 feci:
3634 3486 3810 3532 tamen

2220 3570 2381 3622 credo
2411 3571 2574 3625 etiam
2606 3570 2671 3625 ad
2711 3581 2762 3627 te
2788 3573 3118 3642 pervenisse,
3150 3570 3291 3641 quod
3318 3570 3530 3627 celebre
3553 3567 3804 3638 Paphnu-

2223 3661 2275 3713 tii
2309 3676 2499 3715 nomen
2540 3662 2678 3717 inter
2707 3666 3003 3718 monachos
3032 3664 3312 3719 habeatur.
3346 3663 3466 3721 Fuit
3494 3664 3637 3720 enim
3680 3663 3808 3719 mihi

2221 3770 2325 3805 non
2367 3754 2653 3811 mediocris
2684 3755 2873 3822 studii,
2908 3765 2964 3811 ut
2989 3758 3155 3813 vitam
3199 3772 3372 3813 meam
3415 3758 3468 3815 in
3500 3757 3807 3828 hujusmodi

2220 3847 2521 3905 excoli-rem
2554 3849 2873 3920 disciplinis.
2912 3852 3053 3907 Deus
3082 3854 3242 3924 igitur
3271 3853 3337 3909 de
3368 3862 3419 3909 te
3444 3853 3573 3908 mihi
3603 3852 3810 3909 revela-

2222 3940 2313 4006 vit,
2366 3940 2485 4011 quia
2555 3942 2904 3998 nihilominus
2954 3945 3095 4014 apud
3154 3949 3325 4017 ipsum
3379 3947 3558 4003 meriti
3609 3948 3807 4002 habeas

2220 4047 2378 4101 quam
2417 4050 2539 4104 ego.
2571 4036 2703 4101 Quia
2734 4050 2880 4105 ergo,
2916 4036 3103 4105 frater,
3153 4038 3301 4093 vides
3333 4049 3384 4094 te
3435 4056 3539 4093 non
3588 4040 3810 4092 minimo

2222 4123 2339 4179 loco
2369 4122 2551 4179 haberi
2582 4126 2723 4196 apud
2757 4126 2944 4191 Deum,
2970 4146 3072 4182 non
3102 4131 3340 4200 negligas
3368 4131 3598 4183 animam
3634 4140 3800 4182 luatu.

2221 4218 2290 4269 At
2321 4214 2408 4268 ille
2438 4214 2617 4269 statim
2650 4216 2857 4271 fistulas
2902 4234 3030 4288 quas
3074 4235 3231 4272 manu
3265 4220 3483 4288 gerebat
3523 4218 3806 4288 abjicicus,

2295 4367 2555 4437 Menolog.
2613 4368 2847 4423 ercum
2882 4371 2970 4425 19.
3031 4371 3158 4436 Apr.
3212 4371 3359 4424 liabet
3414 4369 3810 4437 Paphnuulium

2221 4439 2655 4510 Jerosolymitam
2684 4457 2896 4505 eumque
2926 4454 3213 4511 martyrem
3251 4443 3314 4494 de
3338 4458 3439 4509 quo
3485 4439 3693 4497 Menam
3717 4440 3806 4493 2t).

2224 4511 2350 4579 Apr.
2380 4512 2509 4566 duos
2539 4522 2737 4566 tantum
2768 4512 2950 4566 habent
3001 4529 3194 4576 versus,
3238 4529 3328 4566 nec
3367 4515 3606 4581 martyrii
3636 4516 3808 4565 memio

538 4572 687 4620 ρυλες
717 4574 877 4639 Opera
902 4562 1159 4639 Thaidem
1186 4564 1411 4639 insignis
1441 4562 1622 4620 formle
1652 4562 2123 4639 meretricem,'or-
2151 4569 2195 4628 D
2225 4562 2365 4635 nere.

476 4694 485 4697 ἓ
534 4632 800 4705 namentis
827 4631 876 4705 in
904 4633 1083 4705 ignem
1109 4633 1383 4705 projectis,
1407 4638 1616 4689 veniam
1664 4640 1970 4705 paenitentia
2000 4631 2113 4698 ine-

536 4700 708 4761 ruisse
766 4701 1068 4767 perhibent,
1116 4700 1414 4757 Florarium
1464 4700 1778 4760 Sanctorum
1831 4716 2118 4767 manuscri-

536 4780 678 4844 ptum
706 4772 761 4844 8.
798 4771 971 4825 Jlartii
997 4773 1323 4844 :Paphnutii
1353 4776 1700 4839 confessoris,
1733 4782 1819 4844 qui
1852 4784 2118 4837 convertit

535 4839 770 4915 :l‘liaisim
823 4839 1180 4915 meretricem,
1222 4856 1273 4915 et
1305 4854 1412 4897 tres
1468 4846 1610 4899 viros
1657 4839 1870 4915 ereptos
1918 4854 2117 4908 Strculo

462 4946 473 4949 ν
534 4907 772 4977 lurratus
811 4920 891 4963 est
926 4911 1053 4964 Deo.
1098 4912 1299 4965 Claruit
1346 4931 1487 4967 anno
1527 4917 1711 4969 salutis
1754 4907 1884 4973 32f.
1946 4907 2118 4977 Habes

533 4976 642 5030 lucc
674 4981 954 5042 pasteriura
985 4981 1046 5033 de
1070 4981 1228 5036 tribus
1261 4985 1378 5037 viris
1421 4986 1472 5037 in
1500 4986 1593 5039 hoc
1630 4987 1807 5055 tiu/ini
1841 4993 2003 5062 rapite
2029 4976 2118 5046 et;

570 5063 704 5100 πεδία
713 5085 725 5098 .

570 5064 725 5100 ressa.

533 5064 565 5116 Ρ
605 5116 730 5169 Cum
760 5118 887 5202 varii
920 5119 1450 5202 fuerint-Paphnutii,
1514 5133 1887 5202 nonregislima
1942 5150 2121 5202 quem-

533 5203 687 5254 quam
716 5190 953 5267 eumltoc
976 5190 1355 5267 eumdem'esse.
1394 5190 1525 5249 Nam
1549 5201 1634 5265 qui
1676 5200 1769 5256 28.
1805 5202 1932 5267 Apr.
1953 5190 2116 5259 'Itabe-

532 5267 619 5338 tur
643 5259 781 5338 apud
804 5258 1245 5338 (Metaphras‘tem,
1273 5276 1324 5338 (et
1353 5282 1416 5320 ea:
1442 5283 1504 5321 eo
1529 5258 1666 5338 apud
1698 5258 1933 5336 Suriu'm,
1978 5291 2118 5329 mar-

532 5337 617 5417 t'j'r
641 5329 739 5397 fuit
792 5337 1018 5417 tempore
1062 5333 1371 5417 ρξοεζςῑίαηὲ
1416 5352 1446 5417 .:
1490 5329 1637 5409 quem
1683 5329 2114 5417 Martyrologium

534 5397 822 5487 [fuganam
862 5401 1013 5487 {rubet
1051 5403 1150 5487 ,ἐξ
1200 5397 1619 5487 δεριρηιρν.ἠςε
1647 5414 1754 5468 ulla
1784 5397 2111 5487 ejus

530 5468 585 5558 in
611 5467 932 5558 ﬁenotggia,
968 5474 1062 5526 etsi
1089 5474 1144 5527 id
1172 5467 1365 5556 asserat
1395 5477 1673 5558 Baranius,
1703 5467 2107 5558 quifquad'fi'a:

532 5539 893 5625 festum-{dicit
934 5559 988 5623 se
1014 5546 1367 5625 accepissem
1388 5550 1572 5625 tabulis
1600 5539 1817 5625 graecis,

529 5610 597 5661 vit
623 5626 687 5684 ex
707 5610 1001 5684 Menotogio
1027 5610 1152 5669 esse.
1187 5616 1291 5670 Sed
1320 5621 1552 5674 existimo
1584 5610 2108 5684 Calesiuumﬁde‘die-

532 5678 790 5768 (aphraste
831 5678 1127 5768 intelligere.
1183 5686 1243 5738 la
1293 5689 1497 5746 .llcmcis
1521 5694 1608 5749 ‘25.
1652 5678 2105 5768 s'opiéiiib."&e"£o

532 5750 638 5800 solo
672 5760 866 5803 tantum
900 5750 1001 5805 duo
1032 5770 1213 5810 versus.

2292 4651 2639 4721 Menologium
2669 4652 2907 4708 Gra’cnm
2925 4655 3018 4709 25.
3053 4654 3339 4720 Septembr.
3369 4652 3513 4706 habet
3551 4651 3801 4722 Paphnu-

2220 4723 2347 4795 t_i_um
2369 4722 2698 4793 [Egyptian],
2741 4737 2931 4778 sanctae
2980 4723 3336 4795 Euphrosyna:
3364 4734 3583 4795 patrem,
3622 4725 3686 4779 de
3713 4742 3810 4793 qua

2220 4789 2416 4866 Memva
2449 4789 2623 4847 eadem
2672 4789 2753 4847 die
2796 4798 2923 4849 duos
2978 4789 3177 4866 quoque
3223 4789 3429 4849 tantum
3481 4810 3658 4848 versus
3716 4789 3808 4849 Ita-

2220 4863 2354 4914 bent.

2298 4931 2725 5009 MartyroIOgium
2751 5006 2759 5009 _
2790 4936 3075 4992 Romanum
3125 4940 3213 4995 Il.
3281 4937 3616 5009 Septembris,
3660 4937 3807 4990 liabet

2226 5000 2919 5089 Paphnutium"l'hebzpum
2977 5027 3065 5062 seu
3111 5000 3806 5089 superiorumnjl‘hebartttn

2227 5076 2534 5143 episcopum
2587 5085 2639 5129 et
2680 5076 2931 5132 confesso
2962 5096 3066 5139 cm,
3130 5076 3190 5133 ut
3234 5092 3375 5135 vocat
3434 5078 3657 5161 Niceph.
3691 5079 3804 5161 .h’b.

2230 5141 2399 5226 ifIII.
2432 5162 2547 5215 cap.
2593 5145 2690 5229 19..
2706 5151 2792 5217 qui
2812 5151 3163 5230 celeberrimus
3187 5161 3277 5230 est,
3310 5160 3355 5205 et
3379 5150 3807 5230 Δοειῃιιωηιρηιοτ

2220 5216 2445 5289 uicorum
2470 5216 2727 5289 praeconio
2754 5231 2923 5273 notus.
2953 5222 3027 5275 De
3049 5239 3153 5289 quo
3188 5224 3300 5276 vide
3321 5223 3389 5274 ad
3424 5220 3592 5276 Vitam
3625 5220 3805 5275 Sancti

2219 5286 2424 5343 Antonii
2456 5304 2571 5353 cap.
2602 5286 2691 5343 50.

2290 5357 2438 5432 Alius
2463 5361 2616 5432 etiam
2668 5358 2997 5432 Paphnutius
3038 5361 3369 5429 Meletianus,
3416 5363 3480 5417 de
3524 5377 3628 5432 quo
3671 5359 3805 5431 Epi-

2216 5427 2437 5496 phanius
2464 5430 2517 5482 in
2545 5427 2761 5484 Patiar.
2780 5431 2962 5486 turres.
2996 5434 3084 5487 68.

2286 5499 2430 5624 Atguls
2457 5501 2609 5553 etiam
2645 5499 2972 5571 Paphnutius
2998 5504 3255 5573 Cepltala,
3292 5504 3357 5560 de
3395 5519 3495 5574 quo
3528 5501 3802 5558 Palladius

2286 5585 2329 5624 υ.
2429 5610 2442 5622 .

2213 5585 2329 5636 cap.
2353 5585 2442 5624 91.

2286 5640 2429 5713 Alius
2458 5639 2780 5713 Paphnutius
2814 5642 3099 5713 Presbyter
3125 5645 3415 5711 Scetiotes,
3462 5655 3799 5713 aagnomento

2286 5666 2429 5694 unus
2458 5666 2780 5709 rapimuou
2814 5666 3099 5713 rrcsnyter
3126 5666 3415 5711 aceumes,
3462 5666 3523 5700 co
3561 5666 3799 5700 nomemo

2216 5709 2611 5787 Daha-lusapud
2645 5711 2948 5787 Cassianum
2976 5716 3160 5771 Cottat.
3211 5715 3329 5769 III.
3363 5733 3480 5787 cap.
3514 5666 3567 5769 iq.
3596 5728 3644 5772 et
3685 5715 3802 5771 Col-

2218 5780 2304 5831 !at.
2336 5779 2385 5833 X
2401 5779 2562 5834 t’llt.
2597 5798 2711 5851 cap.
2749 5782 2831 5835 15.
3200 5779 3552 5843 ltoswev'nus.
