4166 6348
331 301 424 359 ιη

913 438 1136 495 CAPUT
1183 438 1318 492 XIX.

534 566 600 605 ne
642 558 667 588 ³
707 566 1007 607 Διδοιιοκιο
1049 568 1294 607 uoaacno
1333 568 1399 606 ET
1442 567 1706 606 IIARTYRE.

400 664 705 719 'l‘tadebant
732 680 860 734 ergo
889 664 1375 737 seniores(l’altad.
1408 681 1525 735 cap.
1558 664 1695 731 66.),
1725 665 1909 719 borum

331 758 493 812 fuisse
532 757 803 821 quendam
851 758 1237 826 persecutionis
1265 767 1505 825 tempore
1556 758 1910 823 monachum,

334 850 547 904 nomine
574 848 1037 917 Apollonium,qui
1071 866 1190 902 cutu
1221 850 1384 903 vitam
1406 848 1741 917 magnificam
1773 848 1911 917 egis-

330 952 411 997 set
446 942 584 996 inter
605 940 820 1007 fratres,
851 942 1009 995 etiam
1038 942 1292 996 diaconus
1319 942 1593 996 ordinatus
1625 952 1726 995 est.
1757 940 1913 996 Tem-

331 1047 460 1101 pore
489 1046 618 1103 ergo
666 1034 1059 1101 persecutionis
1107 1042 1221 1087 erat
1249 1034 1294 1088 ei
1333 1033 1488 1103 183
1533 1033 1763 1086 studium
1806 1031 1914 1084 sin-

335 1126 487 1197 gulos
538 1140 780 1195 quosque
825 1126 1055 1181 circuire
1104 1127 1313 1188 fratres,
1342 1136 1395 1180 et
1421 1126 1689 1181 cohortari
1721 1141 1812 1180 eos
1846 1127 1911 1179 ad

333 1218 663 1289 martyrium.
680 1218 919 1288 Cumque
938 1219 955 1272 l
962 1220 1128 1276 uisset
1145 1221 1304 1275 etiam
1332 1220 1444 1288 ipse
1470 1219 1909 1290 comprehensus,

327 1320 378 1364 ct
408 1310 457 1365 in
498 1324 772 1366 carcerem
812 1319 1009 1374 trusus,
1052 1310 1339 1365 Gentilium
1381 1313 1594 1379 plurimi
1643 1322 1911 1383 tamquam

330 1404 648 1460 insultantes
682 1405 965 1460 veniebant
994 1407 1058 1460 ad
1092 1420 1246 1473 eum,
1297 1415 1349 1459 et
1378 1406 1552 1461 verbis
1582 1406 1911 1473 ltlaSpbomis

328 1505 375 1567 et
404 1493 578 1563 impiis
602 1496 972 1549 confutabant.

397 1588 536 1643 inter
559 1603 692 1656 quos
721 1588 815 1642 fuit
844 1589 1057 1657 quidam
1093 1590 1366 1645 Philemon
1402 1594 1618 1647 nomine
1648 1591 1905 1645 choraula

328 1680 751 1745 famosissimas,
800 1691 851 1736 et
892 1684 1040 1736 omni
1080 1685 1274 1752 populo
1322 1684 1587 1739 amabilis.
1635 1684 1732 1752 Qui
1786 1701 1906 1739 eum

1509 297 1823 357 HISTORIA
1867 294 2007 350 MUN
2019 294 2248 351 ACiiOll
2260 299 2293 352 υ
2306 299 2373 354 Μ.

1938 422 1987 480 Α
2017 420 2268 477 evidenter
2293 421 2519 477 salutare
2549 432 2685 476 tuum
2712 421 2877 493 (Psal.
2908 422 3041 493 8L).
3072 424 3254 494 Igitur,
3289 425 3373 480 ubi
3402 426 3520 481 hare
3543 429 3598 483 in

3400 276 3403 279 ’
3496 311 3598 366 ιη

2016 514 2197 568 auditu
2251 517 2427 585 populi
2476 528 2528 571 et
2568 516 2762 585 judicis
2807 516 2873 570 ad
2923 517 3202 571 Dominum
3255 517 3459 573 locutus
3510 530 3595 573 est

2015 606 2349 674 Apollonius,
2378 622 2595 676 repente
2627 608 2796 663 nubes
2842 609 3042 677 repleta
3090 624 3213 664 rore
3240 610 3594 665 circumdedit

2016 699 2180 764 viros,
2209 706 2264 752 et
2291 699 2533 752 ﬂammas
2572 699 2783 754 accensi
2815 698 2950 768 ignis
2994 700 3221 754 extinxit
3254 719 3268 753 :
3299 713 3459 769 super
3488 714 3595 768 quo

2015 788 2299 857 stupefacti
2350 800 2403 845 et
2445 791 2633 859 judex,
2682 800 2737 846 et
2784 792 3046 859 populus,
3081 807 3181 845 una
3226 805 3413 846 omnes
3466 805 3594 844 voce

2016 878 2250 932 clamare
2286 892 2564 948 coeperunt
2588 899 2602 935 :
2624 882 2859 950 Magnus,
2892 893 2945 937 et
2985 898 3121 936 unus
3150 894 3231 938 est
3262 883 3400 938 Deus
3439 882 3589 936 Chri-

2015 968 2332 1035 stianorum,
2362 971 2507 1026 solus
2550 972 2864 1028 immertalis
2892 985 2991 1029 est.
3025 975 3132 1031 Sed
3161 976 3273 1030 haec
3301 991 3420 1029 cum
3465 973 3593 1027 fuis-

2014 1072 2135 1116 sent
2162 1063 2419 1117 Praefecto
2443 1067 2774 1121 Alexandria:
2808 1071 3064 1135 nuntiata,
3097 1072 3391 1139 semetipso
3414 1079 3593 1124 trucu-

2016 1151 2210 1207 lentior
2240 1153 2502 1221 redditur,
2527 1164 2582 1210 et
2627 1158 2815 1212 electh
2845 1161 3159 1228 quibusdam
3189 1161 3255 1217 de
3283 1160 3463 1215 officio
3491 1175 3589 1215 suo

2014 1244 2418 1309 crudelissimis,
2465 1256 2517 1301 et
2564 1247 2910 1315 stnvissintis,
2945 1267 3051 1305 non
3102 1262 3205 1305 tam
3256 1252 3584 1314 hominibus,

2014 1359 2171 1412 quam
2196 1344 2400 1405 bestiis,
2434 1341 2616 1403 mittit,
2645 1342 2733 1406 qui
2761 1350 2814 1394 et
2834 1341 3008 1408 ipsum
3039 1340 3287 1409 iudicem,
3313 1342 3400 1410 qui
3430 1341 3591 1397 mira-

2014 1435 2208 1491 b.libus
2234 1432 2424 1487 divinis
2452 1432 2777 1495 crediderat,
2810 1440 2863 1485 et
2886 1446 2978 1484 eos
3012 1446 3106 1499 per
3132 1445 3265 1498 quos
3294 1432 3462 1484 virtus
3495 1429 3587 1484 Dei

2011 1536 2361 1595 apparuerat,
2391 1527 2596 1581 vinctos
2626 1523 3002 1581 Alexandriam
3048 1523 3391 1576 adducerent.
3428 1522 3591 1590 Igitur

2012 1633 2131 1673 cum
2162 1619 2555 1673 adducerentur
2580 1629 2767 1671 omnes
2800 1614 2997 1680 pariter
3024 1614 3212 1679 vincti,
3243 1612 3393 1667 alluit
3419 1620 3587 1684 gratia

2016 1709 2105 1765 Dei
2135 1711 2185 1763 in
2220 1709 2400 1771 verbo,
2420 1718 2473 1764 et
2501 1708 2664 1776 cmpit
2692 1706 3005 1775 Apollonius
3034 1720 3146 1769 eos,
3172 1707 3263 1774 qui
3289 1721 3346 1759 se
3379 1705 3589 1759 vinctos

328 1775 500 1829 multis
520 1790 657 1867 eum
685 1773 931 1845 fatigaret.
977 1776 1203 1843 injuriis.
1238 1776 1479 1843 impium,
1510 1786 1564 1832 et
1593 1777 1902 1839 scelestum,
1940 1786 1982 1845 Β
2012 1802 2297 1867 ducebam,
2328 1802 2484 1856 ﬁdem
2518 1773 2611 1854 De}
2635 1773 2847 1855 ὁπότε.
2880 1798 3088 1867 Quique
3116 1773 3235 1852 cum
3270 1797 3359 1849 Dei
3384 1797 3590 1850 miseri_

326 1873 379 1918 et
442 1865 777 1920 seductorem
841 1882 963 1920 eum
1030 1881 1257 1931 vocans,
1315 1868 1708 1936 multorumque
1764 1884 1907 1920 mor-

327 1953 505 2025 talium
549 1953 930 2023 deceptort-m,
977 1953 1303 2024 dignumque
1373 1968 1492 2009 esse
1541 1956 1609 2008 ab
1659 1955 1904 2009 omnibus

327 2045 442 2122 odio
481 2044 664 2099 haberi
708 2064 720 2097 :
766 2061 994 2115 cumque
1042 2045 1154 2099 hate
1196 2058 1245 2099 et
1290 2046 1449 2098 multa
1493 2045 1595 2099 alia
1648 2043 1905 2100 adversus

327 2153 440 2194 eum
479 2140 717 2209 graviora
760 2140 1103 2209 loqueretur,
1137 2138 1411 2207 restiondit
1462 2139 1509 2191 ei
1552 2138 1901 2204 Apollonius.

328 2232 503 2311 dicens
528 2248 541 2285 :
571 2231 889 2286 Misereatur
920 2230 1012 2285 tibi
1044 2231 1320 2290 Dominus.
1349 2231 1420 2284 ﬁli
1452 2228 1544 2293 tui,
1572 2242 1618 2284 et
1656 2228 1782 2283 nihil
1812 2230 1903 2284 tibi

326 2326 508 2378 horum
557 2338 678 2393 qua:
724 2323 935 2379 locutus
979 2338 1059 2391 es,
1096 2330 1306 2389 reputet
1351 2322 1414 2375 ad
1450 2330 1745 2388 peccatum.
1785 2320 1906 2374 Ilmc

329 2434 438 2473 cum
461 2417 701 2472 audisset
722 2417 999 2472 Philemon
1025 2416 1187 2472 corde
1207 2424 1555 2483 compunctus
1574 2425 1675 2478 est,
1692 2415 1906 2481 vimque

328 2509 601 2566 verborum
631 2510 748 2577 ejus
778 2524 934 2581 supra
970 2509 1258 2577 humanum
1290 2521 1493 2571 morem
1528 2504 1577 2558 iu
1609 2519 1703 2557 sua
1727 2512 1906 2557 mente

328 2603 584 2664 persensit
616 2602 874 2655 iutantum
895 2643 910 2665 ,
942 2609 999 2654 ιιι
1025 2599 1387 2670 Christianum
1419 2614 1477 2653 se
1521 2607 1740 2667 tepente
1767 2595 1903 2651 fate-

327 2705 493 2750 retur.
541 2696 609 2750 Et
637 2695 759 2750 inde
790 2695 970 2750 statim
1022 2692 1259 2762 pervolat
1302 2693 1366 2745 ad
1418 2691 1644 2757 tribunal
1690 2687 1903 2758 judicis,

327 2798 480 2854 atque
509 2788 563 2843 in
590 2797 876 2857 conSpecttt
901 2787 1066 2843 totius
1089 2785 1270 2855 populi
1301 2784 1657 2854 proclamans,
1682 2782 1901 2847 ΙηῙιιδισι,

328 2881 512 2949 inquit,
545 2881 679 2950 agis,
709 2895 742 2933 o
778 2879 940 2951 judex
994 2877 1306 2946 iniquitatis,
1341 2876 1485 2929 viros
1528 2874 1826 2943 religiosus,
1856 2880 1907 2923 c-t

328 2973 433 3027 Deo
481 2972 739 3026 amabiles
788 2973 1037 3040 puniens,
1073 2968 1205 3023 nihil
1256 2968 1398 3028 enim
1449 2965 1571 3020 mali
1619 2964 1904 3018 Christiani

329 3052 404 3119 vel
453 3065 670 3129 faciunt,
698 3065 784 3117 νισι
833 3065 1047 3118 docent.
1091 3063 1157 3116 At
1192 3061 1280 3115 ille
1313 3061 1425 3114 haec
1458 3058 1700 3123 audiens,
1736 3058 1908 3125 primo

328 3154 538 3223 quidem
567 3155 809 3225 putabat,
844 3161 1028 3222 utpote
1059 3152 1159 3206 loci
1194 3151 1335 3209 illius
1367 3151 1397 3202 h
1438 3150 1657 3215 minem,
1681 3147 1784 3215 ioci
1812 3147 1906 3201 ali-
1935 3154 1981 3216 ρ

328 3248 449 3317 quid
495 3261 817 3317 preponet-e.
845 3246 948 3301 Sed
980 3260 1100 3298 cum
1145 3243 1364 3297 vidisset
1408 3242 1522 3295 hinc
1562 3256 1680 3294 eum
1725 3238 1909 3293 sedule

330 3324 763 3421 prosequentem,
793 3350 847 3395 et
878 3355 998 3395 cum
1030 3338 1173 3393 omni
1205 3336 1506 3390 constantia
1535 3342 1865 3388 asserentetn
1895 3350 1907 3384 :

332 3439 553 3504 Insanis,
585 3435 777 3505 inquit,
814 3435 1121 3497 Philemon,
1153 3439 1208 3485 et
1254 3437 1432 3485 mente
1478 3436 1665 3496 captus
1712 3440 1768 3479 es
1816 3440 1910 3480 su-

332 3533 459 3609 bito.
508 3531 573 3585 At
616 3530 726 3595 ille,
764 3528 896 3597 Ego,
931 3526 1123 3596 inquit,
1158 3539 1260 3579 non
1311 3522 1541 3593 insanio,
1564 3518 1657 3574 sed
1691 3528 1743 3573 tu
1776 3519 1914 3588 inju-

331 3610 597 3680 stissimus
626 3632 785 3695 atque
818 3619 1190 3676 insanissimus
1216 3617 1377 3686 judex
1412 3630 1493 3684 es,
1525 3613 1610 3679 qui
1644 3620 1720 3667 tot
1742 3612 1913 3682 jnstos

332 3710 789 3786 injuste‘perimis
835 3714 1002 3767 viros.
1055 3710 1166 3786 Ego
1210 3707 1350 3771 enim
1393 3704 1731 3777 Christianus
1772 3717 1911 3766 sum,

332 3807 471 3875 qttod
498 3815 582 3861 est
613 3804 889 3860 hominum
916 3817 1086 3872 genus
1118 3798 1399 3868 optimum.
1433 3797 1583 3850 Tune
1612 3795 1705 3849 ille
1733 3808 1912 3850 coram

332 3899 528 3969 populo
555 3898 716 3966 carpit
743 3911 862 3954 eum
894 3895 1067 3964 primo
1095 3891 1335 3963 plurimis
1362 3888 1741 3949 blandimentis
1763 3900 1916 3940 revo-

334 4005 454 4045 care
477 3989 614 4045 velle
640 3988 693 4043 in
720 3987 773 4041 id
794 3985 933 4056 quod
958 4001 1079 4038 cum
1106 3991 1357 4045 noverat;
1388 3980 1481 4035 sed
1508 3989 1563 4033 ut
1586 3977 1914 4032 immobilem

335 4080 483 4147 vidit,
515 4078 694 4135 omnia
738 4060 965 4145 intendit
1010 4077 1060 4128 in
1107 4088 1229 4129 eum
1275 4085 1469 4141 genera
1504 4078 1913 4125 tormentorum.

335 4156 559 4244 Cognito
602 4185 754 4237 vero,
779 4168 919 4247 quod
946 4183 1010 4232 es
1045 4164 1225 4225 verbis
1269 4161 1537 4234 Apollonii
1568 4162 1680 4218 haec
1711 4160 1845 4215 facta
1868 4157 1916 4213 ei

338 4266 496 4322 fuerit
525 4247 870 4336 permutatio,
901 4270 1206 4329 correptum
1235 4259 1395 4313 etiam
1426 4252 1767 4325 Apollonium
1795 4268 1917 4323 gra-

336 4357 569 4411 vioribus
615 4352 850 4410 subdidit
895 4352 1196 4415 tormentis,
1235 4356 1289 4403 et
1340 4336 1641 4425 deceptoris
1698 4345 1748 4396 in
1795 4357 1917 4396 eum

336 4449 535 4519 crimen
577 4453 883 4517 exaggerat.
933 4440 1254 4510 Apollonius
1299 4454 1427 4492 vero
1456 4420 1595 4490 dixit
1624 4420 1707 4487 'ad
1755 4448 1915 4489 eum:

2013 1893 2247 1949 cordiatn
2279 1890 2651 1956 credidissent,
2682 1899 2735 1944 et
2763 1889 2919 1945 fidem
2947 1888 3041 1942 Dei
3073 1896 3178 1942 tota
3209 1887 3387 1941 cordis
3420 1886 3587 1939 firmi-

2012 1995 2121 2040 tate
2151 1985 2503 2053 recepissent,
2535 1981 2853 2048 semetipsos
2882 1993 3001 2033 cum
3032 1978 3143 2036 his.
3173 1992 3305 2046 quos
3335 1976 3590 2032 exhibere

2010 2084 2285 2139 venerant,
2317 2073 2523 2127 vinctos
2572 2070 2803 2126 offerunt
2838 2069 3024 2138 judici,
3054 2077 3107 2123 et
3147 2067 3476 2123 Christianos
3527 2083 3585 2121 se

2008 2186 2129 2228 esse
2158 2172 2357 2242 pariter
2402 2171 2735 2239 proﬁtentur.
2770 2170 2916 2238 Quos
2943 2184 3063 2224 cum
3095 2168 3385 2225 Praefectus
3410 2169 3459 2223 itt
3488 2168 3590 2221 ﬁde

2010 2264 2218 2319 Domini
2253 2264 2553 2333 pertinaces
2579 2273 2631 2318 et
2659 2263 2958 2317 immobiles
3000 2262 3334 2331 pert-idisset,
3370 2260 3587 2314 univer-

2010 2374 2098 2413 sos
2130 2357 2327 2425 pariter
2354 2355 2503 2425 jubet
2532 2356 2583 2408 in
2614 2355 2931 2423 profundum
2956 2354 3119 2408 maris
3148 2353 3406 2422 detnergi,
3437 2354 3590 2423 igno-

2010 2462 2135 2501 rans
2164 2446 2360 2513 impius
2390 2445 2516 2508 quid
2542 2458 2743 2514 ageret.
2770 2445 2882 2498 lloc
2901 2446 3042 2499 enim
3066 2445 3262 2499 sanctis
3286 2460 3388 2499 non
3420 2458 3589 2509 mors,

2007 2542 2103 2594 sed
2143 2538 2444 2609 Baptismus
2477 2536 2589 2591 fuit.
2640 2536 2747 2592 Sed
2781 2547 2834 2591 et
2861 2536 3049 2590 ltorum
3078 2550 3321 2605 corpora,
3358 2535 3447 2590 Dei
3476 2535 3593 2589 sine

2008 2630 2169 2687 dubio
2218 2629 2587 2699 providentia,
2641 2629 2846 2698 integra
2896 2626 3410 2701 illibataque‘maris
3454 2627 3591 2693 unda

2007 2721 2299 2793 reportavit
2346 2721 2414 2775 ad
2464 2721 2631 2786 littus,
2678 2735 2901 2790 quaeque
2953 2719 3022 2775 ab
3071 2719 3176 2786 his,
3209 2718 3300 2788 qui
3351 2717 3593 2791 obsequii

2009 2830 2200 2870 caussa
2231 2815 2389 2869 simul
2419 2823 2675 2870 venerant
2704 2823 2969 2883 suscepta,
3001 2828 3062 2867 ac
3090 2822 3340 2868 revocata
3367 2811 3466 2867 sub
3490 2826 3595 2865 uno

2010 2906 2245 2975 sepulcri
2274 2905 2545 2960 domicilio
2573 2904 2830 2959 collocata
2865 2913 2990 2959 sunt
3016 2923 3029 2957 :
3055 2918 3084 2955 a
3114 2902 3308 2972 quibus
3338 2915 3504 2970 usque
3526 2900 3590 2952 ad

2011 3011 2249 3067 praesens
2294 3004 2526 3065 tempus,
2560 2996 2788 3050 virtutes
2830 2996 3026 3053 multae.
3058 3005 3110 3048 et
3155 2994 3302 3062 signa
3352 2989 3593 3046 miranda

2012 3088 2261 3143 omnibus
2302 3095 2763 3154 consummantur,
2792 3087 2881 3141 sed
2912 3096 2961 3140 et
2996 3097 3110 3139 vota
3143 3101 3266 3139 omn
3294 3098 3381 3137 um
3433 3092 3593 3150 atque

2012 3184 2284 3239 orationes
2310 3182 2672 3249 suscipiuntur
2701 3180 2769 3236 ab
2793 3181 2891 3245 eis,
2921 3190 2975 3234 et
3006 3194 3123 3231 cum
3167 3178 3340 3231 fructu
3372 3176 3595 3244 petitio-

2015 3278 2098 3330 nis
2126 3274 2432 3345 implentur,
2456 3288 2562 3343 quo
2583 3274 2745 3327 etiam
2766 3280 2821 3326 et
2842 3286 2937 3324 nos
2963 3270 3208 3339 dignatus
3233 3276 3316 3321 est
3340 3264 3596 3319 Dominus

2014 3366 2281 3421 adducere
2302 3405 2317 3432 ,
2347 3372 2402 3420 et
2431 3373 2551 3419 vota
2581 3370 2760 3417 nostra
2789 3362 3165 3430 orationesque
3192 3356 3484 3428 complere.

2522 3474 2679 3557 135
2716 3473 2942 3529 CAPUT
2983 3471 3097 3535 xx.

2403 3605 2471 3645 os
2508 3587 2539 3635 ιι
2581 3602 2830 3651 otoscono
2868 3599 3222 3642 passovreao.

2090 3705 2331 3767 Vidimus
2359 3714 2413 3760 et
2453 3704 2613 3760 alium
2644 3701 2879 3774 (Pallad.
2938 3717 3056 3770 cap.
3089 3698 3207 3770 68.)
3241 3697 3601 3753 venerabilem

2024 3810 2229 3871 patrem
2253 3798 2392 3870 apud
2416 3795 2769 3860 Thebaidam,
2798 3795 3107 3849 Dioscorum
3134 3793 3369 3857 nomine,
3389 3788 3604 3859 presby-

2021 3907 2230 3957 terum,
2266 3891 2550 3955 habentem
2600 3891 2654 3943 in
2701 3887 3030 3942 monasterio
3078 3901 3178 3938 suo
3229 3893 3441 3939 centum
3493 3881 3605 3934 fere

2022 3984 2332 4053 monachos,
2365 3997 2521 4052 quem
2570 3990 2903 4049 tcmpormeo
2933 3993 3038 4047 quo
3080 3976 3351 4031 acceditur
3396 3974 3473 4053 ad
3502 3974 3602 4027 Sa-

2021 4085 2317 4139 cramenta,
2344 4089 2607 4129 summam
2631 4086 2812 4126 curam
2838 4083 3213 4137 summamque
3235 4052 3604 4135 perspeximus

2021 4169 2275 4223 adbibere
2321 4166 2671 4236 diligentiam,
2707 4178 2773 4216 ne
2822 4161 2941 4229 quis
2982 4174 3166 4214 eorum
3199 4157 3286 4225 qui
3320 4153 3600 4215 accedunt,

2024 4261 2074 4313 itt
2116 4258 2298 4326 aliquo
2326 4256 2594 4315 deferrent
2625 4250 2968 4306 conscientia:
3001 4248 3284 4312 maculam,
3318 4246 3370 4297 in
3399 4252 3603 4297 tantum

2025 4360 2081 4403 ut
2117 4349 2277 4403 etiam
2310 4346 2381 4415 de
2408 4346 2493 4401 his
2521 4359 2614 4399 eos
2652 4349 3018 4397 commoueret
3043 4380 3057 4403 ,
3086 4354 3206 4405 qua:
3237 4336 3479 4390 accidere
3510 4348 3605 4400 per

2024 4439 2229 4495 somnia
2260 4435 2569 4491 hominibus
2599 4433 2795 4496 solent,
2827 4431 2907 4485 vel
2941 4445 3034 4498 per
3067 4426 3373 4496 phantasias
3414 4424 3608 4479 mulie-

338 4542 549 4604 Utinam
583 4548 638 4595 ει
666 4547 744 4605 ιιι,
773 4537 961 4608 iudex.
993 4546 1046 4589 et
1084 4546 1272 4588 omnes
1312 4532 1403 4599 qui
1435 4528 1714 4591 assislunl.
1746 4535 1799 4578 ei
1824 4540 1919 4579 au—
1954 4534 1998 4592 D
2028 4546 2141 4586 rttm
2178 4528 2570 4599 apparentium,
2602 4526 2681 4583 vel
2729 4524 2887 4578 etiam
2943 4539 3035 4586 ter
3082 4519 3338 4575 naturalis
3370 4519 3609 4574 humoris

338 4635 490 4687 diunt
518 4646 623 4696 me,
654 4631 793 4683 hunc
824 4642 1001 4682 meum
1035 4640 1192 4695 quem
1221 4622 1357 4677 dicis
1387 4633 1624 4675 errorem
1651 4616 1923 4684 deceptio-

339 4737 567 4800 nemque
606 4719 994 4791 sequeremini.
1027 4718 1097 4787 At
1126 4716 1215 4770 ille
1246 4714 1332 4768 ubi
1367 4714 1481 4766 haec
1507 4708 1707 4764 audivit
1741 4704 1921 4778 184,

339 4830 390 4875 et
426 4821 625 4889 ipsum,
651 4825 704 4871 et
738 4814 1102 4869 Philemonem
1135 4807 1346 4879 ignibus
1385 4804 1518 4859 tradi
1548 4802 1600 4857 itt
1631 4807 1921 4867 conSpectu

338 4910 521 4981 pepuli
547 4908 723 4977 jussit.
772 4905 854 4959 llli
897 4919 1026 4958 vero
1054 4911 1331 4972 postquam
1362 4896 1586 4966 ingressi
1619 4899 1745 4948 sunt
1774 4891 1926 4945 ﬂant-

338 4983 472 5068 mas,
500 4982 693 5055 beatus
729 4994 1067 5067 Apollonius,
1101 4992 1306 5047 cunctis
1333 4988 1695 5052 audientibus,
1728 4983 1927 5037 clama.

339 5095 427 5165 bat
451 5094 517 5149 ad
541 5090 850 5151 Dominum,
874 5087 1057 5143 dicens
1085 5104 1094 5137 :
1125 5085 1245 5139 Non
1271 5082 1467 5151 tradas,
1493 5078 1731 5140 Domine,
1754 5074 1926 5136 bestiis

337 5188 534 5241 animas
560 5182 910 5252 conﬁtentium
941 5180 1028 5234 tibi
1050 5177 1221 5250 (Psal.
1253 5175 1366 5245 ⁸15.)
1388 5190 1404 5227 :
1428 5175 1518 5228 sed
1545 5170 1754 5225 ostende
1782 5166 1926 5221 nobis

410 5352 435 5379 ⁸
468 5336 808 5409 Apollonio.”
842 5334 1096 5409 Beronius
1133 5330 1403 5409 Notatiou.
1445 5328 1523 5409 .ad
1556 5322 1923 5409 .Martgtlololg.

345 5392 647 5465 Rom-avriJS.
680 5392 860 5462 Martii
883 5405 1137 5459 existimat
1169 5403 1303 5452 hunc
1326 5392 1925 5467 Apolloniumetilfhilef

342 5464 537 5536 mortem
564 5496 649 5535 eos
678 5495 805 5535 esse,
830 5476 893 5528 de
920 5474 1100 5544 quibus
1124 5472 1202 5531 ibi
1224 5472 1277 5524 in
1322 5464 1718 5544 Martyrotogio.
1747 5464 1854 5519 Sed
1884 5464 1926 5516 si

343 5558 466 5606 Acta
493 5568 527 5605 a
557 5547 906 5619 Metaphraste
929 5538 1136 5619 :scripta
1161 5558 1276 5619 cum
1314 5541 1394 5593 Itis
1442 5538 1927 5619 conferanturhnon

343 5604 629 5691 quadram.
656 5604 723 5691 It't
758 5615 966 5670 Menwis
1003 5604 1078 5665 bis
1101 5612 1302 5691 invenio
1329 5604 1628 5690 memoriam
1643 5604 1933 5691 'Apoliolnnii,

416 5675 735 5747 phikmonis
762 5695 1038 5751 martyrum
1070 5698 1184 5734 cum
1216 5681 1425 5751 diversis
1443 5678 1618 5751 sociis.
1636 5676 1812 5751 Primo
1836 5675 1925 5727 Η.

294 5804 300 5811 .
346 5761 669 5844 «quembris,
702 5758 787 5844 qui
829 5746 944 5808 sunt
966 5754 1029 5818 ii,
1064 5752 1125 5804 de
1154 5750 1331 5819 quibus
1368 5748 1697 5831 blartgrolog.
1746 5746 1931 5815 Roma-

2028 4622 2427 4687 abundantiam.
2460 4618 2683 4673 Dicebat
2708 4630 2836 4684 ergo
2861 4631 2875 4669 :
2904 4614 3176 4683 Siquidem
3200 4611 3399 4681 absque
3421 4612 3610 4665 mulie-

2029 4731 2146 4778 rum
2190 4710 2485 4784 phantasiis
2516 4709 2622 4764 tale
2649 4706 2849 4777 aliquid
2874 4705 3109 4771 eveniat,
3136 4719 3240 4758 non
3270 4717 3391 4759 esse
3423 4716 3610 4769 pecca-

2032 4819 2162 4873 tum,
2194 4802 2504 4875 congenitus
2524 4802 2667 4857 enim
2692 4800 2886 4855 humor
2916 4800 2966 4853 in
2997 4812 3245 4866 corpore,
3271 4795 3360 4850 ubi
3393 4795 3607 4865 prepria

2028 4894 2320 4966 repleverit
2366 4890 2765 4960 conceptacula,
2797 4889 2908 4944 su's
2941 4902 3160 4943 necesse
3197 4894 3303 4953 est,
3334 4893 3391 4941 ut
3419 4884 3611 4940 meati—

2034 4990 2131 5044 bus
2158 4995 2423 5057 egeratur,
2454 4992 2510 5039 et
2534 4982 2656 5039 ideo
2684 4995 2788 5036 non
2822 4980 3049 5034 trahitur
3078 4978 3143 5033 ad
3173 4986 3468 5047 peccatum.
3504 4975 3604 5030 Ubi

2034 5097 2162 5139 vero
2204 5080 2354 5134 visus
2387 5077 2693 5142 mulierum,
2723 5085 2776 5129 et
2807 5074 3164 5129 blandimenta
3210 5071 3387 5125 carnis
3413 5084 3606 5122 occur-

2036 5183 2180 5239 runt,
2209 5173 2261 5225 in
2291 5172 2390 5225 hoc
2412 5169 2523 5239 jam
2549 5166 2833 5224 desideriis
2854 5166 3046 5220 animm
3078 5176 3125 5219 ct
3154 5176 3279 5232 erga
3312 5158 3613 5229 huiusmodi

2036 5342 2157 5378 num
2190 5324 2242 5380 8.
2295 5326 2471 5377 Martii
2495 5325 2642 5392 agit;
2679 5322 2901 5376 secundo
2955 5318 3005 5371 6.
3256 5308 3616 5392 sedntteutribs

2035 5398 2163 5449 Actu
2189 5382 2563 5466 exprimuntur,
2594 5382 2648 5446 ut
2678 5393 2798 5466 inde
2823 5390 3037 5466 aliquod
3065 5387 3312 5466 indiciam
3350 5382 3462 5446 ﬁeri
3485 5393 3611 5443 pos-

2032 5467 2094 5518 sit
2119 5483 2136 5519 :
2164 5453 2296 5519 Vide
2316 5453 2665 5534 Nicephorum
2692 5461 2781 5513 lib.
2812 5453 2921 5534 1A".
2948 5475 3061 5534 cap.
3096 5458 3143 5509 1.
3229 5453 3584 5534 ξξιρδνχτςτγριίξτ

2104 5516 2130 5573 ιλ
2486 5516 2919 5605 sciomantia/ib.
2959 5516 3317 5605 V'I.“cap-.’:2'8;

2033 5624 2121 5661 rus
2569 5600 2656 5653 54.
2688 5598 3022 5652 Cassiodorus
3049 5586 3160 5646 Ιὶιγ.⁷
3182 5586 3344 5644 VIII.
3380 5586 3609 5665 Trirmt.

2046 5678 2175 5734 υἱεῖ.
2210 5693 2319 5746 cap.
2362 5676 2408 5728 1.
2441 5675 2787 5728 Boswsvuus.
