  <div class='ocr_page' id='page_1' title='image "/cluster/home/n/w/nwhite01/storage/ocr_20150623/21/hvd.32044015471360/229.png"; bbox 0 0 4166 6348; ppageno 0'>
   <div class='ocr_carea' id='block_1_1' title="bbox 536 320 636 383">
    <p class='ocr_par' dir='ltr' id='par_1_1' title="bbox 536 320 636 383">
     <span class='ocr_line' id='line_1_1' title="bbox 536 320 636 383; baseline -0.04 0"><span class='ocrx_word' id='word_1_1' title='bbox 536 320 636 383; x_wconf 70' lang='lat' dir='ltr'><strong>M7</strong></span> 
     </span>
    </p>
   </div>
   <div class='ocr_carea' id='block_1_2' title="bbox 1532 311 2744 385">
    <p class='ocr_par' dir='ltr' id='par_1_2' title="bbox 1532 311 2744 385">
     <span class='ocr_line' id='line_1_2' title="bbox 1532 311 2744 385; baseline -0.003 -12"><span class='ocrx_word' id='word_1_2' title='bbox 1532 319 1757 376; x_wconf 69' lang='lat' dir='ltr'><strong>fiL&#39;FlNl</strong></span> <span class='ocrx_word' id='word_1_3' title='bbox 1803 311 2275 385; x_wconf 69' lang='lat' dir='ltr'><strong>AQUILEIENSlS</strong></span> <span class='ocrx_word' id='word_1_4' title='bbox 2317 313 2744 370; x_wconf 69' lang='lat' dir='ltr'><strong>PRESBYTER]</strong></span> 
     </span>
    </p>
   </div>
   <div class='ocr_carea' id='block_1_3' title="bbox 3703 321 3809 379">
    <p class='ocr_par' dir='ltr' id='par_1_3' title="bbox 3703 321 3809 379">
     <span class='ocr_line' id='line_1_3' title="bbox 3703 321 3809 379; baseline 0 0"><span class='ocrx_word' id='word_1_5' title='bbox 3703 321 3809 379; x_wconf 68' lang='grc'><strong>448</strong></span> 
     </span>
    </p>
   </div>
   <div class='ocr_carea' id='block_1_4' title="bbox 536 428 3805 528">
    <p class='ocr_par' dir='ltr' id='par_1_4' title="bbox 536 428 3805 528">
     <span class='ocr_line' id='line_1_4' title="bbox 536 428 3805 528; baseline -0.003 -39"><span class='ocrx_word' id='word_1_6' title='bbox 536 453 641 507; x_wconf 87' lang='lat' dir='ltr'><strong>que</strong></span> <span class='ocrx_word' id='word_1_7' title='bbox 669 435 899 492; x_wconf 83' lang='lat' dir='ltr'><strong>eundem</strong></span> <span class='ocrx_word' id='word_1_8' title='bbox 930 435 1266 491; x_wconf 80' lang='lat' dir='ltr'><strong>Ammonium</strong></span> <span class='ocrx_word' id='word_1_9' title='bbox 1298 448 1491 505; x_wconf 82' lang='lat' dir='ltr'><strong>rogans</strong></span> <span class='ocrx_word' id='word_1_10' title='bbox 1512 433 1894 528; x_wconf 54' lang='lat' dir='ltr'><strong>,ficubiesset</strong></span> <span class='ocrx_word' id='word_1_11' title='bbox 1921 428 2111 482; x_wconf 81' lang='lat' dir='ltr'><strong>cellula</strong></span> <span class='ocrx_word' id='word_1_12' title='bbox 2144 453 2185 507; x_wconf 65' lang='grc' dir='ltr'><strong>Α</strong></span> <span class='ocrx_word' id='word_1_13' title='bbox 2218 458 2331 502; x_wconf 64' lang='lat' dir='ltr'><strong>em</strong></span> <span class='ocrx_word' id='word_1_14' title='bbox 2366 449 2572 504; x_wconf 64' lang='lat' dir='ltr'><strong>Domini</strong></span> <span class='ocrx_word' id='word_1_15' title='bbox 2604 451 2795 518; x_wconf 49' lang='grc' dir='ltr'><strong>εντηίῆ</strong></span> <span class='ocrx_word' id='word_1_16' title='bbox 2830 464 2985 519; x_wconf 57' lang='lat' dir='ltr'><strong>quam</strong></span> <span class='ocrx_word' id='word_1_17' title='bbox 3021 452 3071 505; x_wconf 63' lang='lat' dir='ltr'><strong>in</strong></span> <span class='ocrx_word' id='word_1_18' title='bbox 3102 466 3165 505; x_wconf 59' lang='grc' dir='ltr'>ευ</span> <span class='ocrx_word' id='word_1_19' title='bbox 3193 453 3353 509; x_wconf 56' lang='lat' dir='ltr'><strong>eum“</strong></span> <span class='ocrx_word' id='word_1_20' title='bbox 3384 458 3559 512; x_wconf 47' lang='lat' dir='ltr'><strong>vultus</strong></span> <span class='ocrx_word' id='word_1_21' title='bbox 3587 458 3702 528; x_wconf 45' lang='lat' dir='ltr'><strong>ip“;</strong></span> <span class='ocrx_word' id='word_1_22' title='bbox 3730 461 3805 514; x_wconf 59' lang='lat' dir='ltr'><strong>in-</strong></span> 
     </span>
    </p>
   </div>
   <div class='ocr_carea' id='block_1_5' title="bbox 539 520 2117 598">
    <p class='ocr_par' dir='ltr' id='par_1_5' title="bbox 539 520 2117 598">
     <span class='ocr_line' id='line_1_5' title="bbox 539 520 2117 598; baseline -0.007 -15"><span class='ocrx_word' id='word_1_23' title='bbox 539 544 739 585; x_wconf 89' lang='lat' dir='ltr'><strong>vacans</strong></span> <span class='ocrx_word' id='word_1_24' title='bbox 759 571 772 593; x_wconf 94' lang='lat'><strong>,</strong></span> <span class='ocrx_word' id='word_1_25' title='bbox 804 529 855 582; x_wconf 90' lang='lat' dir='ltr'><strong>in</strong></span> <span class='ocrx_word' id='word_1_26' title='bbox 886 543 988 598; x_wconf 91' lang='lat' dir='ltr'><strong>qua</strong></span> <span class='ocrx_word' id='word_1_27' title='bbox 1016 528 1254 582; x_wconf 80' lang='lat' dir='ltr'><strong>habitare</strong></span> <span class='ocrx_word' id='word_1_28' title='bbox 1287 535 1485 596; x_wconf 79' lang='lat' dir='ltr'><strong>posset.</strong></span> <span class='ocrx_word' id='word_1_29' title='bbox 1526 524 1675 578; x_wconf 88' lang='lat' dir='ltr'><strong>Tunc</strong></span> <span class='ocrx_word' id='word_1_30' title='bbox 1706 522 1795 576; x_wconf 90' lang='lat' dir='ltr'><strong>ille</strong></span> <span class='ocrx_word' id='word_1_31' title='bbox 1816 562 1830 585; x_wconf 94' lang='lat'><strong>,</strong></span> <span class='ocrx_word' id='word_1_32' title='bbox 1855 520 1965 589; x_wconf 87' lang='lat' dir='ltr'><strong>Ego</strong></span> <span class='ocrx_word' id='word_1_33' title='bbox 1985 557 2001 578; x_wconf 84' lang='lat'><strong>.</strong></span> <span class='ocrx_word' id='word_1_34' title='bbox 2034 534 2117 573; x_wconf 89' lang='lat' dir='ltr'><strong>tn-</strong></span> 
     </span>
    </p>
   </div>
   <div class='ocr_carea' id='block_1_6' title="bbox 536 611 2117 692">
    <p class='ocr_par' dir='ltr' id='par_1_6' title="bbox 536 611 2117 692">
     <span class='ocr_line' id='line_1_6' title="bbox 536 611 2117 692; baseline -0.007 -17"><span class='ocrx_word' id='word_1_35' title='bbox 536 624 673 692; x_wconf 92' lang='lat' dir='ltr'><strong>quit,</strong></span> <span class='ocrx_word' id='word_1_36' title='bbox 707 621 967 692; x_wconf 87' lang='lat' dir='ltr'><strong>inquiram</strong></span> <span class='ocrx_word' id='word_1_37' title='bbox 995 661 1009 688; x_wconf 95' lang='lat'><strong>,</strong></span> <span class='ocrx_word' id='word_1_38' title='bbox 1040 620 1132 675; x_wconf 90' lang='lat' dir='ltr'><strong>sed</strong></span> <span class='ocrx_word' id='word_1_39' title='bbox 1163 619 1332 673; x_wconf 90' lang='lat' dir='ltr'><strong>donec</strong></span> <span class='ocrx_word' id='word_1_40' title='bbox 1355 617 1653 681; x_wconf 83' lang='lat' dir='ltr'><strong>inveniam,</strong></span> <span class='ocrx_word' id='word_1_41' title='bbox 1686 615 1771 669; x_wconf 90' lang='lat' dir='ltr'><strong>hic</strong></span> <span class='ocrx_word' id='word_1_42' title='bbox 1794 622 1911 669; x_wconf 94' lang='lat' dir='ltr'><strong>esto</strong></span> <span class='ocrx_word' id='word_1_43' title='bbox 1935 613 1987 667; x_wconf 88' lang='lat' dir='ltr'><strong>in</strong></span> <span class='ocrx_word' id='word_1_44' title='bbox 2017 611 2117 665; x_wconf 87' lang='lat' dir='ltr'><strong>hoc</strong></span> 
     </span>
    </p>
   </div>
   <div class='ocr_carea' id='block_1_7' title="bbox 540 704 2114 780">
    <p class='ocr_par' dir='ltr' id='par_1_7' title="bbox 540 704 2114 780">
     <span class='ocr_line' id='line_1_7' title="bbox 540 704 2114 780; baseline -0.007 -13"><span class='ocrx_word' id='word_1_45' title='bbox 540 714 867 768; x_wconf 84' lang='lat' dir='ltr'><strong>monasterio</strong></span> <span class='ocrx_word' id='word_1_46' title='bbox 897 728 911 765; x_wconf 89' lang='lat'><strong>:</strong></span> <span class='ocrx_word' id='word_1_47' title='bbox 948 726 1045 780; x_wconf 87' lang='lat' dir='ltr'><strong>ego</strong></span> <span class='ocrx_word' id='word_1_48' title='bbox 1071 711 1213 765; x_wconf 92' lang='lat' dir='ltr'><strong>enim</strong></span> <span class='ocrx_word' id='word_1_49' title='bbox 1236 710 1346 779; x_wconf 91' lang='lat' dir='ltr'><strong>jam</strong></span> <span class='ocrx_word' id='word_1_50' title='bbox 1376 723 1517 763; x_wconf 91' lang='lat' dir='ltr'><strong>nunc</strong></span> <span class='ocrx_word' id='word_1_51' title='bbox 1539 706 1801 775; x_wconf 78' lang='lat' dir='ltr'><strong>egrediar,</strong></span> <span class='ocrx_word' id='word_1_52' title='bbox 1846 714 1901 759; x_wconf 92' lang='lat' dir='ltr'><strong>ut</strong></span> <span class='ocrx_word' id='word_1_53' title='bbox 1934 704 2114 772; x_wconf 91' lang='lat' dir='ltr'><strong>requi-</strong></span> 
     </span>
    </p>
   </div>
   <div class='ocr_carea' id='block_1_8' title="bbox 536 795 2112 873">
    <p class='ocr_par' dir='ltr' id='par_1_8' title="bbox 536 795 2112 873">
     <span class='ocr_line' id='line_1_8' title="bbox 536 795 2112 873; baseline -0.007 -15"><span class='ocrx_word' id='word_1_54' title='bbox 536 818 671 859; x_wconf 91' lang='lat' dir='ltr'><strong>ram.</strong></span> <span class='ocrx_word' id='word_1_55' title='bbox 694 804 755 857; x_wconf 83' lang='lat' dir='ltr'><strong>Et</strong></span> <span class='ocrx_word' id='word_1_56' title='bbox 783 803 1088 873; x_wconf 85' lang='lat' dir='ltr'><strong>relinquens</strong></span> <span class='ocrx_word' id='word_1_57' title='bbox 1111 804 1158 856; x_wconf 87' lang='lat' dir='ltr'><strong>ei</strong></span> <span class='ocrx_word' id='word_1_58' title='bbox 1181 800 1359 854; x_wconf 84' lang='lat' dir='ltr'><strong>omnia</strong></span> <span class='ocrx_word' id='word_1_59' title='bbox 1389 800 1587 868; x_wconf 89' lang='lat' dir='ltr'><strong>pariter</strong></span> <span class='ocrx_word' id='word_1_60' title='bbox 1612 813 1730 853; x_wconf 87' lang='lat' dir='ltr'><strong>cum</strong></span> <span class='ocrx_word' id='word_1_61' title='bbox 1761 795 2112 859; x_wconf 85' lang='lat' dir='ltr'><strong>monasterio,</strong></span> 
     </span>
    </p>
   </div>
   <div class='ocr_carea' id='block_1_9' title="bbox 537 886 2113 968">
    <p class='ocr_par' dir='ltr' id='par_1_9' title="bbox 537 886 2113 968">
     <span class='ocr_line' id='line_1_9' title="bbox 537 886 2113 968; baseline -0.009 -16"><span class='ocrx_word' id='word_1_62' title='bbox 537 898 652 967; x_wconf 89' lang='lat' dir='ltr'><strong>ipse</strong></span> <span class='ocrx_word' id='word_1_63' title='bbox 704 897 859 968; x_wconf 76' lang='lat'><strong>190</strong></span> <span class='ocrx_word' id='word_1_64' title='bbox 903 895 1084 965; x_wconf 91' lang='lat' dir='ltr'><strong>procul</strong></span> <span class='ocrx_word' id='word_1_65' title='bbox 1114 894 1181 947; x_wconf 92' lang='lat' dir='ltr'><strong>ab</strong></span> <span class='ocrx_word' id='word_1_66' title='bbox 1214 907 1280 948; x_wconf 90' lang='lat' dir='ltr'><strong>eo</strong></span> <span class='ocrx_word' id='word_1_67' title='bbox 1308 892 1430 946; x_wconf 92' lang='lat' dir='ltr'><strong>loco</strong></span> <span class='ocrx_word' id='word_1_68' title='bbox 1462 890 1833 961; x_wconf 89' lang='lat' dir='ltr'><strong>parvissimam</strong></span> <span class='ocrx_word' id='word_1_69' title='bbox 1866 886 2113 942; x_wconf 80' lang='lat' dir='ltr'><strong>cellulam</strong></span> 
     </span>
    </p>
   </div>
   <div class='ocr_carea' id='block_1_10' title="bbox 536 978 2112 1058">
    <p class='ocr_par' dir='ltr' id='par_1_10' title="bbox 536 978 2112 1058">
     <span class='ocr_line' id='line_1_10' title="bbox 536 978 2112 1058; baseline -0.009 -14"><span class='ocrx_word' id='word_1_70' title='bbox 536 990 755 1058; x_wconf 88' lang='lat' dir='ltr'><strong>reperit,</strong></span> <span class='ocrx_word' id='word_1_71' title='bbox 782 998 942 1056; x_wconf 87' lang='lat' dir='ltr'><strong>atque</strong></span> <span class='ocrx_word' id='word_1_72' title='bbox 963 987 1014 1040; x_wconf 93' lang='lat' dir='ltr'><strong>in</strong></span> <span class='ocrx_word' id='word_1_73' title='bbox 1045 1000 1105 1039; x_wconf 89' lang='lat' dir='ltr'><strong>ea</strong></span> <span class='ocrx_word' id='word_1_74' title='bbox 1137 1000 1194 1039; x_wconf 91' lang='lat' dir='ltr'><strong>se</strong></span> <span class='ocrx_word' id='word_1_75' title='bbox 1223 982 1522 1046; x_wconf 74' lang='lat' dir='ltr'><strong>constituit,</strong></span> <span class='ocrx_word' id='word_1_76' title='bbox 1555 980 1811 1049; x_wconf 87' lang='lat' dir='ltr'><strong>fratrique</strong></span> <span class='ocrx_word' id='word_1_77' title='bbox 1834 978 1920 1047; x_wconf 90' lang='lat' dir='ltr'><strong>qui</strong></span> <span class='ocrx_word' id='word_1_78' title='bbox 1948 991 2112 1045; x_wconf 83' lang='lat' dir='ltr'><strong>nuper</strong></span> 
     </span>
    </p>
   </div>
   <div class='ocr_carea' id='block_1_11' title="bbox 535 1067 2110 1146">
    <p class='ocr_par' dir='ltr' id='par_1_11' title="bbox 535 1067 2110 1146">
     <span class='ocr_line' id='line_1_11' title="bbox 535 1067 2110 1146; baseline -0.01 -11"><span class='ocrx_word' id='word_1_79' title='bbox 535 1082 841 1144; x_wconf 77' lang='lat' dir='ltr'><strong>advenerat,</strong></span> <span class='ocrx_word' id='word_1_80' title='bbox 876 1092 974 1133; x_wconf 88' lang='lat' dir='ltr'><strong>nec</strong></span> <span class='ocrx_word' id='word_1_81' title='bbox 1003 1075 1337 1146; x_wconf 89' lang='lat' dir='ltr'><strong>intelligenti,</strong></span> <span class='ocrx_word' id='word_1_82' title='bbox 1367 1089 1435 1129; x_wconf 80' lang='lat' dir='ltr'><strong>ex</strong></span> <span class='ocrx_word' id='word_1_83' title='bbox 1460 1074 1668 1141; x_wconf 89' lang='lat' dir='ltr'><strong>integro</strong></span> <span class='ocrx_word' id='word_1_84' title='bbox 1696 1086 1817 1123; x_wconf 84' lang='lat' dir='ltr'><strong>eum</strong></span> <span class='ocrx_word' id='word_1_85' title='bbox 1843 1067 2110 1131; x_wconf 91' lang='lat' dir='ltr'><strong>omnibus,</strong></span> 
     </span>
    </p>
   </div>
   <div class='ocr_carea' id='block_1_12' title="bbox 534 1162 2110 1242">
    <p class='ocr_par' dir='ltr' id='par_1_12' title="bbox 534 1162 2110 1242">
     <span class='ocr_line' id='line_1_12' title="bbox 534 1162 2110 1242; baseline -0.008 -14"><span class='ocrx_word' id='word_1_86' title='bbox 534 1190 654 1242; x_wconf 63' lang='lat' dir='ltr'><strong>quin</strong></span> <span class='ocrx_word' id='word_1_87' title='bbox 686 1175 735 1227; x_wconf 90' lang='lat' dir='ltr'><strong>in</strong></span> <span class='ocrx_word' id='word_1_88' title='bbox 763 1188 828 1228; x_wconf 87' lang='lat' dir='ltr'><strong>eo</strong></span> <span class='ocrx_word' id='word_1_89' title='bbox 852 1172 1095 1237; x_wconf 78' lang='lat' dir='ltr'><strong>fuerant,</strong></span> <span class='ocrx_word' id='word_1_90' title='bbox 1129 1172 1295 1225; x_wconf 87' lang='lat' dir='ltr'><strong>cessit</strong></span> <span class='ocrx_word' id='word_1_91' title='bbox 1325 1169 1672 1223; x_wconf 88' lang='lat' dir='ltr'><strong>monasterio.</strong></span> <span class='ocrx_word' id='word_1_92' title='bbox 1707 1165 1812 1222; x_wconf 86' lang='lat' dir='ltr'><strong>Sed</strong></span> <span class='ocrx_word' id='word_1_93' title='bbox 1844 1175 1896 1219; x_wconf 90' lang='lat' dir='ltr'><strong>et</strong></span> <span class='ocrx_word' id='word_1_94' title='bbox 1924 1164 1968 1219; x_wconf 90' lang='lat' dir='ltr'><strong>si</strong></span> <span class='ocrx_word' id='word_1_95' title='bbox 2001 1162 2110 1231; x_wconf 86' lang='lat' dir='ltr'><strong>plu-</strong></span> 
     </span>
    </p>
   </div>
   <div class='ocr_carea' id='block_1_13' title="bbox 536 1257 2111 1331">
    <p class='ocr_par' dir='ltr' id='par_1_13' title="bbox 536 1257 2111 1331">
     <span class='ocr_line' id='line_1_13' title="bbox 536 1257 2111 1331; baseline -0.008 -12"><span class='ocrx_word' id='word_1_96' title='bbox 536 1280 621 1320; x_wconf 76' lang='lat' dir='ltr'><strong>res</strong></span> <span class='ocrx_word' id='word_1_97' title='bbox 669 1266 931 1330; x_wconf 90' lang='lat' dir='ltr'><strong>fuissent,</strong></span> <span class='ocrx_word' id='word_1_98' title='bbox 974 1264 1063 1331; x_wconf 91' lang='lat' dir='ltr'><strong>qui</strong></span> <span class='ocrx_word' id='word_1_99' title='bbox 1116 1262 1253 1316; x_wconf 91' lang='lat' dir='ltr'><strong>forte</strong></span> <span class='ocrx_word' id='word_1_100' title='bbox 1283 1260 1559 1315; x_wconf 84' lang='lat' dir='ltr'><strong>venientes</strong></span> <span class='ocrx_word' id='word_1_101' title='bbox 1597 1257 1788 1311; x_wconf 78' lang='lat' dir='ltr'><strong>salvari</strong></span> <span class='ocrx_word' id='word_1_102' title='bbox 1834 1264 2111 1324; x_wconf 75' lang='lat' dir='ltr'><strong>cuperent,</strong></span> 
     </span>
    </p>
   </div>
   <div class='ocr_carea' id='block_1_14' title="bbox 530 1348 2105 1424">
    <p class='ocr_par' dir='ltr' id='par_1_14' title="bbox 530 1348 2105 1424">
     <span class='ocr_line' id='line_1_14' title="bbox 530 1348 2105 1424; baseline -0.005 -14"><span class='ocrx_word' id='word_1_103' title='bbox 530 1356 871 1424; x_wconf 84' lang='lat' dir='ltr'><strong>supradictus</strong></span> <span class='ocrx_word' id='word_1_104' title='bbox 900 1356 980 1410; x_wconf 90' lang='lat' dir='ltr'><strong>vir</strong></span> <span class='ocrx_word' id='word_1_105' title='bbox 1022 1353 1275 1409; x_wconf 79' lang='lat' dir='ltr'><strong>fratribus</strong></span> <span class='ocrx_word' id='word_1_106' title='bbox 1304 1350 1643 1421; x_wconf 75' lang='lat' dir='ltr'><strong>congregatis</strong></span> <span class='ocrx_word' id='word_1_107' title='bbox 1680 1348 1965 1412; x_wconf 90' lang='lat' dir='ltr'><strong>omnibus,</strong></span> <span class='ocrx_word' id='word_1_108' title='bbox 1990 1360 2105 1402; x_wconf 78' lang='lat' dir='ltr'><strong>cum</strong></span> 
     </span>
    </p>
   </div>
   <div class='ocr_carea' id='block_1_15' title="bbox 531 1442 2117 1519">
    <p class='ocr_par' dir='ltr' id='par_1_15' title="bbox 531 1442 2117 1519">
     <span class='ocr_line' id='line_1_15' title="bbox 531 1442 2117 1519; baseline -0.005 -18"><span class='ocrx_word' id='word_1_109' title='bbox 531 1449 808 1503; x_wconf 89' lang='lat' dir='ltr'><strong>alacritate</strong></span> <span class='ocrx_word' id='word_1_110' title='bbox 840 1447 1150 1519; x_wconf 89' lang='lat' dir='ltr'><strong>juvantibus</strong></span> <span class='ocrx_word' id='word_1_111' title='bbox 1182 1447 1280 1500; x_wconf 86' lang='lat' dir='ltr'><strong>sub</strong></span> <span class='ocrx_word' id='word_1_112' title='bbox 1306 1446 1391 1500; x_wconf 88' lang='lat' dir='ltr'><strong>die</strong></span> <span class='ocrx_word' id='word_1_113' title='bbox 1427 1460 1530 1499; x_wconf 89' lang='lat' dir='ltr'><strong>una</strong></span> <span class='ocrx_word' id='word_1_114' title='bbox 1566 1442 1949 1497; x_wconf 86' lang='lat' dir='ltr'><strong>monasterium</strong></span> <span class='ocrx_word' id='word_1_115' title='bbox 1988 1454 2117 1494; x_wconf 80' lang='lat' dir='ltr'><strong>con—</strong></span> 
     </span>
    </p>
   </div>
   <div class='ocr_carea' id='block_1_16' title="bbox 534 1531 2117 1608">
    <p class='ocr_par' dir='ltr' id='par_1_16' title="bbox 534 1531 2117 1608">
     <span class='ocr_line' id='line_1_16' title="bbox 534 1531 2117 1608; baseline -0.008 -13"><span class='ocrx_word' id='word_1_116' title='bbox 534 1540 792 1595; x_wconf 88' lang='lat' dir='ltr'><strong>struebat.</strong></span> <span class='ocrx_word' id='word_1_117' title='bbox 848 1540 909 1593; x_wconf 85' lang='lat' dir='ltr'><strong>Et</strong></span> <span class='ocrx_word' id='word_1_118' title='bbox 938 1554 1058 1593; x_wconf 91' lang='lat' dir='ltr'><strong>cum</strong></span> <span class='ocrx_word' id='word_1_119' title='bbox 1090 1536 1313 1608; x_wconf 77' lang='lat' dir='ltr'><strong>singulis</strong></span> <span class='ocrx_word' id='word_1_120' title='bbox 1336 1536 1639 1605; x_wconf 87' lang='lat' dir='ltr'><strong>quibusque</strong></span> <span class='ocrx_word' id='word_1_121' title='bbox 1666 1531 1987 1601; x_wconf 79' lang='lat' dir='ltr'><strong>explevisset</strong></span> <span class='ocrx_word' id='word_1_122' title='bbox 2020 1546 2117 1583; x_wconf 82' lang='lat' dir='ltr'><strong>nu-</strong></span> 
     </span>
    </p>
   </div>
   <div class='ocr_carea' id='block_1_17' title="bbox 533 1622 2113 1695">
    <p class='ocr_par' dir='ltr' id='par_1_17' title="bbox 533 1622 2113 1695">
     <span class='ocr_line' id='line_1_17' title="bbox 533 1622 2113 1695; baseline -0.007 -9"><span class='ocrx_word' id='word_1_123' title='bbox 533 1648 740 1688; x_wconf 88' lang='lat' dir='ltr'><strong>merum</strong></span> <span class='ocrx_word' id='word_1_124' title='bbox 771 1632 1243 1695; x_wconf 83' lang='lat' dir='ltr'><strong>monasteriorum,</strong></span> <span class='ocrx_word' id='word_1_125' title='bbox 1276 1628 1633 1682; x_wconf 88' lang='lat' dir='ltr'><strong>invitabantur</strong></span> <span class='ocrx_word' id='word_1_126' title='bbox 1656 1626 1728 1689; x_wconf 86' lang='lat' dir='ltr'><strong>lii,</strong></span> <span class='ocrx_word' id='word_1_127' title='bbox 1756 1624 1844 1694; x_wconf 89' lang='lat' dir='ltr'><strong>qui</strong></span> <span class='ocrx_word' id='word_1_128' title='bbox 1878 1622 2113 1676; x_wconf 87' lang='lat' dir='ltr'><strong>mansuri</strong></span> 
     </span>
    </p>
   </div>
   <div class='ocr_carea' id='block_1_18' title="bbox 535 1713 2114 1791">
    <p class='ocr_par' dir='ltr' id='par_1_18' title="bbox 535 1713 2114 1791">
     <span class='ocr_line' id='line_1_18' title="bbox 535 1713 2114 1791; baseline -0.008 -13"><span class='ocrx_word' id='word_1_129' title='bbox 535 1734 689 1779; x_wconf 87' lang='lat' dir='ltr'><strong>crant</strong></span> <span class='ocrx_word' id='word_1_130' title='bbox 716 1723 781 1777; x_wconf 90' lang='lat' dir='ltr'><strong>ad</strong></span> <span class='ocrx_word' id='word_1_131' title='bbox 812 1723 1137 1788; x_wconf 85' lang='lat' dir='ltr'><strong>Ecclesiam_</strong></span> <span class='ocrx_word' id='word_1_132' title='bbox 1177 1720 1329 1791; x_wconf 88' lang='lat' dir='ltr'><strong>quasi</strong></span> <span class='ocrx_word' id='word_1_133' title='bbox 1366 1718 1670 1775; x_wconf 86' lang='lat' dir='ltr'><strong>refectionis</strong></span> <span class='ocrx_word' id='word_1_134' title='bbox 1693 1717 1891 1783; x_wconf 80' lang='lat' dir='ltr'><strong>gratia,</strong></span> <span class='ocrx_word' id='word_1_135' title='bbox 1922 1713 2114 1782; x_wconf 60' lang='lat' dir='ltr'><strong>quibus</strong></span> 
     </span>
    </p>
   </div>
   <div class='ocr_carea' id='block_1_19' title="bbox 2221 539 3809 620">
    <p class='ocr_par' dir='ltr' id='par_1_19' title="bbox 2221 539 3809 620">
     <span class='ocr_line' id='line_1_19' title="bbox 2221 539 3809 620; baseline 0.007 -28"><span class='ocrx_word' id='word_1_136' title='bbox 2221 539 2449 594; x_wconf 86' lang='lat' dir='ltr'><strong>dicabat.</strong></span> <span class='ocrx_word' id='word_1_137' title='bbox 2470 540 2887 609; x_wconf 90' lang='lat' dir='ltr'><strong>llicscorpiones</strong></span> <span class='ocrx_word' id='word_1_138' title='bbox 2910 550 3230 611; x_wconf 84' lang='lat' dir='ltr'><strong>etcerastas,</strong></span> <span class='ocrx_word' id='word_1_139' title='bbox 3253 546 3301 599; x_wconf 89' lang='lat' dir='ltr'><strong>id</strong></span> <span class='ocrx_word' id='word_1_140' title='bbox 3330 557 3413 601; x_wconf 90' lang='lat' dir='ltr'><strong>est</strong></span> <span class='ocrx_word' id='word_1_141' title='bbox 3446 548 3645 604; x_wconf 87' lang='lat' dir='ltr'><strong>bestias</strong></span> <span class='ocrx_word' id='word_1_142' title='bbox 3675 565 3809 620; x_wconf 83' lang='lat' dir='ltr'><strong>quas</strong></span> 
     </span>
    </p>
   </div>
   <div class='ocr_carea' id='block_1_20' title="bbox 2219 635 3804 709">
    <p class='ocr_par' dir='ltr' id='par_1_20' title="bbox 2219 635 3804 709">
     <span class='ocr_line' id='line_1_20' title="bbox 2219 635 3804 709; baseline 0.008 -25"><span class='ocrx_word' id='word_1_143' title='bbox 2219 640 2468 685; x_wconf 89' lang='lat' dir='ltr'><strong>cornutas</strong></span> <span class='ocrx_word' id='word_1_144' title='bbox 2499 644 2707 697; x_wconf 82' lang='lat' dir='ltr'><strong>vocan&#39;,</strong></span> <span class='ocrx_word' id='word_1_145' title='bbox 2737 642 2790 687; x_wconf 90' lang='lat' dir='ltr'><strong>et</strong></span> <span class='ocrx_word' id='word_1_146' title='bbox 2813 646 3036 701; x_wconf 84' lang='lat' dir='ltr'><strong>angues,</strong></span> <span class='ocrx_word' id='word_1_147' title='bbox 3064 637 3151 703; x_wconf 91' lang='lat' dir='ltr'><strong>qui</strong></span> <span class='ocrx_word' id='word_1_148' title='bbox 3181 635 3233 689; x_wconf 93' lang='lat' dir='ltr'><strong>in</strong></span> <span class='ocrx_word' id='word_1_149' title='bbox 3270 637 3371 691; x_wconf 89' lang='lat' dir='ltr'><strong>illis</strong></span> <span class='ocrx_word' id='word_1_150' title='bbox 3398 639 3527 693; x_wconf 89' lang='lat' dir='ltr'><strong>locis</strong></span> <span class='ocrx_word' id='word_1_151' title='bbox 3560 656 3669 709; x_wconf 79' lang='lat' dir='ltr'><strong>pra:</strong></span> <span class='ocrx_word' id='word_1_152' title='bbox 3702 640 3804 696; x_wconf 75' lang='lat' dir='ltr'><strong>fer~</strong></span> 
     </span>
    </p>
   </div>
   <div class='ocr_carea' id='block_1_21' title="bbox 2220 723 3800 799">
    <p class='ocr_par' dir='ltr' id='par_1_21' title="bbox 2220 723 3800 799">
     <span class='ocr_line' id='line_1_21' title="bbox 2220 723 3800 799; baseline 0.006 -25"><span class='ocrx_word' id='word_1_153' title='bbox 2220 738 2347 777; x_wconf 89' lang='lat' dir='ltr'><strong>vorc</strong></span> <span class='ocrx_word' id='word_1_154' title='bbox 2391 723 2521 777; x_wconf 89' lang='lat' dir='ltr'><strong>solis</strong></span> <span class='ocrx_word' id='word_1_155' title='bbox 2547 723 2792 777; x_wconf 84' lang='lat' dir='ltr'><strong>acerrimi</strong></span> <span class='ocrx_word' id='word_1_156' title='bbox 2826 725 3108 791; x_wconf 89' lang='lat' dir='ltr'><strong>habentur,</strong></span> <span class='ocrx_word' id='word_1_157' title='bbox 3143 735 3413 795; x_wconf 86' lang='lat' dir='ltr'><strong>tamquam</strong></span> <span class='ocrx_word' id='word_1_158' title='bbox 3448 739 3606 783; x_wconf 57' lang='lat' dir='ltr'><strong>terra;</strong></span> <span class='ocrx_word' id='word_1_159' title='bbox 3645 747 3800 799; x_wconf 87' lang='lat' dir='ltr'><strong>quos-</strong></span> 
     </span>
    </p>
   </div>
   <div class='ocr_carea' id='block_1_22' title="bbox 2218 814 3797 893">
    <p class='ocr_par' dir='ltr' id='par_1_22' title="bbox 2218 814 3797 893">
     <span class='ocr_line' id='line_1_22' title="bbox 2218 814 3797 893; baseline 0.006 -24"><span class='ocrx_word' id='word_1_160' title='bbox 2218 814 2339 869; x_wconf 88' lang='lat' dir='ltr'><strong>dam</strong></span> <span class='ocrx_word' id='word_1_161' title='bbox 2365 815 2676 869; x_wconf 83' lang='lat' dir='ltr'><strong>vermiculos</strong></span> <span class='ocrx_word' id='word_1_162' title='bbox 2707 816 2929 884; x_wconf 82' lang='lat' dir='ltr'><strong>pedibus</strong></span> <span class='ocrx_word' id='word_1_163' title='bbox 2953 819 3323 883; x_wconf 87' lang='lat' dir='ltr'><strong>eonculcabat,</strong></span> <span class='ocrx_word' id='word_1_164' title='bbox 3354 830 3408 875; x_wconf 91' lang='lat' dir='ltr'><strong>et</strong></span> <span class='ocrx_word' id='word_1_165' title='bbox 3431 822 3501 875; x_wconf 88' lang='lat' dir='ltr'><strong>ita</strong></span> <span class='ocrx_word' id='word_1_166' title='bbox 3524 824 3797 893; x_wconf 65' lang='lat' dir='ltr'><strong>extingue-</strong></span> 
     </span>
    </p>
   </div>
   <div class='ocr_carea' id='block_1_23' title="bbox 2219 907 3353 977">
    <p class='ocr_par' dir='ltr' id='par_1_23' title="bbox 2219 907 3353 977">
     <span class='ocr_line' id='line_1_23' title="bbox 2219 907 3353 977; baseline 0.001 -16"><span class='ocrx_word' id='word_1_167' title='bbox 2219 909 2328 972; x_wconf 90' lang='lat' dir='ltr'><strong>bat,</strong></span> <span class='ocrx_word' id='word_1_168' title='bbox 2365 918 2418 962; x_wconf 90' lang='lat' dir='ltr'><strong>ut</strong></span> <span class='ocrx_word' id='word_1_169' title='bbox 2447 909 2577 961; x_wconf 86' lang='lat' dir='ltr'><strong>nihil</strong></span> <span class='ocrx_word' id='word_1_170' title='bbox 2612 907 2680 961; x_wconf 88' lang='lat' dir='ltr'><strong>ab</strong></span> <span class='ocrx_word' id='word_1_171' title='bbox 2708 908 2787 962; x_wconf 89' lang='lat' dir='ltr'><strong>eis</strong></span> <span class='ocrx_word' id='word_1_172' title='bbox 2816 909 3035 962; x_wconf 88' lang='lat' dir='ltr'><strong>omnino</strong></span> <span class='ocrx_word' id='word_1_173' title='bbox 3067 921 3353 977; x_wconf 80' lang='lat' dir='ltr'><strong>pateretur.</strong></span> 
     </span>
    </p>
   </div>
   <div class='ocr_carea' id='block_1_24' title="bbox 2686 1022 3337 1091">
    <p class='ocr_par' dir='ltr' id='par_1_24' title="bbox 2686 1022 3337 1091">
     <span class='ocr_line' id='line_1_24' title="bbox 2686 1022 3337 1091; baseline 0.006 -16"><span class='ocrx_word' id='word_1_174' title='bbox 2686 1022 2835 1091; x_wconf 80' lang='lat'><strong>191</strong></span> <span class='ocrx_word' id='word_1_175' title='bbox 2896 1022 3121 1077; x_wconf 70' lang='lat' dir='ltr'><strong>csrur</strong></span> <span class='ocrx_word' id='word_1_176' title='bbox 3173 1023 3337 1079; x_wconf 80' lang='lat' dir='ltr'><strong>xxv.</strong></span> 
     </span>
    </p>
   </div>
   <div class='ocr_carea' id='block_1_25' title="bbox 2830 1139 3195 1195">
    <p class='ocr_par' dir='ltr' id='par_1_25' title="bbox 2830 1139 3195 1195">
     <span class='ocr_line' id='line_1_25' title="bbox 2830 1139 3195 1195; baseline 0.008 -3"><span class='ocrx_word' id='word_1_177' title='bbox 2830 1155 2893 1192; x_wconf 63' lang='lat' dir='ltr'><strong>ore</strong></span> <span class='ocrx_word' id='word_1_178' title='bbox 2926 1139 2950 1175; x_wconf 67' lang='grc' dir='ltr'><strong>ι’</strong></span> <span class='ocrx_word' id='word_1_179' title='bbox 2982 1154 3195 1195; x_wconf 68' lang='grc' dir='ltr'><strong>ειιοκιο.</strong></span> 
     </span>
    </p>
   </div>
   <div class='ocr_carea' id='block_1_26' title="bbox 2220 1249 3806 1325">
    <p class='ocr_par' dir='ltr' id='par_1_26' title="bbox 2220 1249 3806 1325">
     <span class='ocr_line' id='line_1_26' title="bbox 2220 1249 3806 1325; baseline 0.004 -24"><span class='ocrx_word' id='word_1_180' title='bbox 2220 1249 2471 1319; x_wconf 78' lang='lat' dir='ltr'><strong>(Pu/luti.</strong></span> <span class='ocrx_word' id='word_1_181' title='bbox 2525 1265 2640 1318; x_wconf 86' lang='lat' dir='ltr'><strong>cap.</strong></span> <span class='ocrx_word' id='word_1_182' title='bbox 2687 1249 2757 1303; x_wconf 68' lang='grc'><strong>25</strong></span> <span class='ocrx_word' id='word_1_183' title='bbox 2805 1261 2849 1305; x_wconf 90' lang='lat' dir='ltr'><strong>el</strong></span> <span class='ocrx_word' id='word_1_184' title='bbox 2901 1253 2969 1305; x_wconf 81' lang='grc'><strong>89</strong></span> <span class='ocrx_word' id='word_1_185' title='bbox 3017 1253 3080 1305; x_wconf 87' lang='lat' dir='ltr'><strong>de</strong></span> <span class='ocrx_word' id='word_1_186' title='bbox 3128 1252 3329 1307; x_wconf 86' lang='lat' dir='ltr'><strong>Cronits</strong></span> <span class='ocrx_word' id='word_1_187' title='bbox 3376 1258 3459 1322; x_wconf 85' lang='lat' dir='ltr'><strong>qui</strong></span> <span class='ocrx_word' id='word_1_188' title='bbox 3511 1256 3613 1308; x_wconf 87' lang='lat' dir='ltr'><strong>nati</strong></span> <span class='ocrx_word' id='word_1_189' title='bbox 3664 1261 3806 1325; x_wconf 74' lang='lat' dir='ltr'><strong>[nere</strong></span> 
     </span>
    </p>
   </div>
   <div class='ocr_carea' id='block_1_27' title="bbox 2866 1344 3159 1412">
    <p class='ocr_par' dir='ltr' id='par_1_27' title="bbox 2866 1344 3159 1412">
     <span class='ocr_line' id='line_1_27' title="bbox 2866 1344 3159 1412; baseline 0 -17"><span class='ocrx_word' id='word_1_190' title='bbox 2866 1345 3107 1397; x_wconf 84' lang='lat' dir='ltr'><strong>Antonio.</strong></span> <span class='ocrx_word' id='word_1_191' title='bbox 3142 1344 3159 1412; x_wconf 92' lang='lat'><strong>)</strong></span> 
     </span>
    </p>
   </div>
   <div class='ocr_carea' id='block_1_28' title="bbox 2293 1458 3804 1530">
    <p class='ocr_par' dir='ltr' id='par_1_28' title="bbox 2293 1458 3804 1530">
     <span class='ocr_line' id='line_1_28' title="bbox 2293 1458 3804 1530; baseline 0.001 -18"><span class='ocrx_word' id='word_1_192' title='bbox 2293 1459 2529 1514; x_wconf 76' lang='lat' dir='ltr'><strong>Vidimus</strong></span> <span class='ocrx_word' id='word_1_193' title='bbox 2573 1458 2710 1526; x_wconf 89' lang='lat' dir='ltr'><strong>apud</strong></span> <span class='ocrx_word' id='word_1_194' title='bbox 2756 1472 2850 1512; x_wconf 89' lang='lat' dir='ltr'><strong>eos</strong></span> <span class='ocrx_word' id='word_1_195' title='bbox 2892 1468 2946 1513; x_wconf 87' lang='lat' dir='ltr'><strong>et</strong></span> <span class='ocrx_word' id='word_1_196' title='bbox 2997 1460 3159 1513; x_wconf 86' lang='lat' dir='ltr'><strong>alium</strong></span> <span class='ocrx_word' id='word_1_197' title='bbox 3208 1476 3430 1515; x_wconf 72' lang='lat' dir='ltr'><strong>summa:</strong></span> <span class='ocrx_word' id='word_1_198' title='bbox 3464 1461 3804 1530; x_wconf 70' lang='lat' dir='ltr'><strong>antiquitatis</strong></span> 
     </span>
    </p>
   </div>
   <div class='ocr_carea' id='block_1_29' title="bbox 2221 1550 3803 1619">
    <p class='ocr_par' dir='ltr' id='par_1_29' title="bbox 2221 1550 3803 1619">
     <span class='ocr_line' id='line_1_29' title="bbox 2221 1550 3803 1619; baseline 0.001 -18"><span class='ocrx_word' id='word_1_199' title='bbox 2221 1559 2444 1619; x_wconf 75' lang='lat' dir='ltr'><strong>patient,</strong></span> <span class='ocrx_word' id='word_1_200' title='bbox 2475 1552 2735 1605; x_wconf 87' lang='lat' dir='ltr'><strong>Cronium</strong></span> <span class='ocrx_word' id='word_1_201' title='bbox 2766 1552 2982 1606; x_wconf 87' lang='lat' dir='ltr'><strong>nomine</strong></span> <span class='ocrx_word' id='word_1_202' title='bbox 3014 1550 3064 1605; x_wconf 92' lang='lat' dir='ltr'><strong>iu</strong></span> <span class='ocrx_word' id='word_1_203' title='bbox 3098 1562 3377 1607; x_wconf 78' lang='lat' dir='ltr'><strong>senectute</strong></span> <span class='ocrx_word' id='word_1_204' title='bbox 3403 1552 3562 1617; x_wconf 87' lang='lat' dir='ltr'><strong>bona,</strong></span> <span class='ocrx_word' id='word_1_205' title='bbox 3596 1561 3648 1605; x_wconf 91' lang='lat' dir='ltr'><strong>et</strong></span> <span class='ocrx_word' id='word_1_206' title='bbox 3684 1568 3803 1619; x_wconf 84' lang='lat' dir='ltr'><strong>per-</strong></span> 
     </span>
    </p>
   </div>
   <div class='ocr_carea' id='block_1_30' title="bbox 2220 1643 3802 1714">
    <p class='ocr_par' dir='ltr' id='par_1_30' title="bbox 2220 1643 3802 1714">
     <span class='ocr_line' id='line_1_30' title="bbox 2220 1643 3802 1714; baseline -0.003 -15"><span class='ocrx_word' id='word_1_207' title='bbox 2220 1646 2353 1699; x_wconf 75' lang='lat' dir='ltr'><strong>fei-ta</strong></span> <span class='ocrx_word' id='word_1_208' title='bbox 2384 1655 2540 1700; x_wconf 73' lang='lat' dir='ltr'><strong>male</strong></span> <span class='ocrx_word' id='word_1_209' title='bbox 2583 1645 2865 1713; x_wconf 75' lang='lat' dir='ltr'><strong>durantem</strong></span> <span class='ocrx_word' id='word_1_210' title='bbox 2909 1660 2922 1699; x_wconf 89' lang='lat'>:</span> <span class='ocrx_word' id='word_1_211' title='bbox 2974 1658 3187 1699; x_wconf 83' lang='lat' dir='ltr'><strong>centum</strong></span> <span class='ocrx_word' id='word_1_212' title='bbox 3219 1660 3483 1714; x_wconf 80' lang='lat' dir='ltr'><strong>namque,</strong></span> <span class='ocrx_word' id='word_1_213' title='bbox 3525 1653 3578 1703; x_wconf 89' lang='lat' dir='ltr'><strong>et</strong></span> <span class='ocrx_word' id='word_1_214' title='bbox 3616 1643 3802 1697; x_wconf 89' lang='lat' dir='ltr'><strong>decem</strong></span> 
     </span>
    </p>
   </div>
   <div class='ocr_carea' id='block_1_31' title="bbox 2219 1733 3799 1806">
    <p class='ocr_par' dir='ltr' id='par_1_31' title="bbox 2219 1733 3799 1806">
     <span class='ocr_line' id='line_1_31' title="bbox 2219 1733 3799 1806; baseline -0.002 -18"><span class='ocrx_word' id='word_1_215' title='bbox 2219 1738 2391 1790; x_wconf 79' lang='lat' dir='ltr'><strong>a-titis</strong></span> <span class='ocrx_word' id='word_1_216' title='bbox 2436 1736 2628 1806; x_wconf 68' lang='lat' dir='ltr'><strong>agibat</strong></span> <span class='ocrx_word' id='word_1_217' title='bbox 2672 1751 2861 1789; x_wconf 87' lang='lat' dir='ltr'><strong>annos.</strong></span> <span class='ocrx_word' id='word_1_218' title='bbox 2913 1733 3008 1789; x_wconf 87' lang='lat' dir='ltr'><strong>llic</strong></span> <span class='ocrx_word' id='word_1_219' title='bbox 3040 1750 3102 1789; x_wconf 76' lang='lat' dir='ltr'><strong>ex</strong></span> <span class='ocrx_word' id='word_1_220' title='bbox 3148 1737 3423 1805; x_wconf 83' lang='lat' dir='ltr'><strong>discipulis</strong></span> <span class='ocrx_word' id='word_1_221' title='bbox 3454 1735 3630 1791; x_wconf 85' lang='lat' dir='ltr'><strong>adhuc</strong></span> <span class='ocrx_word' id='word_1_222' title='bbox 3662 1736 3799 1797; x_wconf 72' lang='lat' dir='ltr'><strong>beati</strong></span> 
     </span>
    </p>
   </div>
   <div class='ocr_carea' id='block_1_32' title="bbox 540 1804 3801 1898">
    <p class='ocr_par' dir='ltr' id='par_1_32' title="bbox 540 1804 3801 1898">
     <span class='ocr_line' id='line_1_32' title="bbox 540 1804 3801 1898; baseline -0.008 -33"><span class='ocrx_word' id='word_1_223' title='bbox 540 1812 671 1867; x_wconf 86' lang='lat' dir='ltr'><strong>inibi</strong></span> <span class='ocrx_word' id='word_1_224' title='bbox 701 1812 1008 1880; x_wconf 81' lang='lat' dir='ltr'><strong>occupatis,</strong></span> <span class='ocrx_word' id='word_1_225' title='bbox 1039 1812 1399 1879; x_wconf 84' lang='lat' dir='ltr'><strong>unusquiSque</strong></span> <span class='ocrx_word' id='word_1_226' title='bbox 1427 1808 1647 1861; x_wconf 77' lang='lat' dir='ltr'><strong>fratrum</strong></span> <span class='ocrx_word' id='word_1_227' title='bbox 1681 1806 1753 1898; x_wconf 86' lang='lat' dir='ltr'><strong>de</strong></span> <span class='ocrx_word' id='word_1_228' title='bbox 1779 1805 1983 1859; x_wconf 88' lang='lat' dir='ltr'><strong>cellulis</strong></span> <span class='ocrx_word' id='word_1_229' title='bbox 2005 1804 2113 1857; x_wconf 90' lang='lat' dir='ltr'><strong>suis</strong></span> <span class='ocrx_word' id='word_1_230' title='bbox 2148 1820 2192 1879; x_wconf 73' lang='grc' dir='ltr'>Β</span> <span class='ocrx_word' id='word_1_231' title='bbox 2224 1831 2438 1884; x_wconf 51' lang='grc' dir='ltr'>Δηιοηῆ</span> <span class='ocrx_word' id='word_1_232' title='bbox 2478 1804 2765 1898; x_wconf 34' lang='lat' dir='ltr'><strong>supererat</strong></span> <span class='ocrx_word' id='word_1_233' title='bbox 2798 1847 2810 1881; x_wconf 45' lang='grc' dir='ltr'>ε</span> <span class='ocrx_word' id='word_1_234' title='bbox 2845 1829 2997 1898; x_wconf 67' lang='lat' dir='ltr'><strong>cujus</strong></span> <span class='ocrx_word' id='word_1_235' title='bbox 3027 1829 3165 1883; x_wconf 54' lang='lat' dir='ltr'><strong>inter</strong></span> <span class='ocrx_word' id='word_1_236' title='bbox 3195 1804 3402 1887; x_wconf 55' lang='lat' dir='ltr'><strong>celéms</strong></span> <span class='ocrx_word' id='word_1_237' title='bbox 3432 1827 3597 1882; x_wconf 67' lang='lat' dir='ltr'><strong>animi</strong></span> <span class='ocrx_word' id='word_1_238' title='bbox 3637 1826 3801 1880; x_wconf 44' lang='lat' dir='ltr'><strong>“mh</strong></span> 
     </span>
    </p>
   </div>
   <div class='ocr_carea' id='block_1_33' title="bbox 536 1897 2113 1974">
    <p class='ocr_par' dir='ltr' id='par_1_33' title="bbox 536 1897 2113 1974">
     <span class='ocr_line' id='line_1_33' title="bbox 536 1897 2113 1974; baseline -0.006 -15"><span class='ocrx_word' id='word_1_239' title='bbox 536 1901 893 1974; x_wconf 87' lang='lat' dir='ltr'><strong>proferentes,</strong></span> <span class='ocrx_word' id='word_1_240' title='bbox 922 1920 1035 1972; x_wconf 72' lang='lat' dir='ltr'><strong>qua:</strong></span> <span class='ocrx_word' id='word_1_241' title='bbox 1061 1917 1297 1957; x_wconf 86' lang='lat' dir='ltr'><strong>necessai</strong></span> <span class='ocrx_word' id='word_1_242' title='bbox 1316 1902 1360 1954; x_wconf 91' lang='lat' dir='ltr'><strong>ia</strong></span> <span class='ocrx_word' id='word_1_243' title='bbox 1385 1908 1559 1965; x_wconf 85' lang='lat' dir='ltr'><strong>erant,</strong></span> <span class='ocrx_word' id='word_1_244' title='bbox 1590 1897 1915 1967; x_wconf 82' lang='lat' dir='ltr'><strong>singulorum</strong></span> <span class='ocrx_word' id='word_1_245' title='bbox 1949 1911 2113 1950; x_wconf 88' lang='lat' dir='ltr'><strong>novas</strong></span> 
     </span>
    </p>
   </div>
   <div class='ocr_carea' id='block_1_34' title="bbox 532 1988 2109 2059">
    <p class='ocr_par' dir='ltr' id='par_1_34' title="bbox 532 1988 2109 2059">
     <span class='ocr_line' id='line_1_34' title="bbox 532 1988 2109 2059; baseline -0.007 -8"><span class='ocrx_word' id='word_1_246' title='bbox 532 1998 754 2051; x_wconf 74' lang='lat' dir='ltr'><strong>cellulas</strong></span> <span class='ocrx_word' id='word_1_247' title='bbox 799 1995 1151 2059; x_wconf 83' lang='lat' dir='ltr'><strong>instruebant,</strong></span> <span class='ocrx_word' id='word_1_248' title='bbox 1200 1995 1271 2048; x_wconf 86' lang='lat' dir='ltr'><strong>ita</strong></span> <span class='ocrx_word' id='word_1_249' title='bbox 1315 2002 1376 2047; x_wconf 84' lang='lat' dir='ltr'><strong>ut.</strong></span> <span class='ocrx_word' id='word_1_250' title='bbox 1421 2008 1485 2047; x_wconf 82' lang='lat' dir='ltr'><strong>ex</strong></span> <span class='ocrx_word' id='word_1_251' title='bbox 1528 1991 1810 2047; x_wconf 90' lang='lat' dir='ltr'><strong>collatione</strong></span> <span class='ocrx_word' id='word_1_252' title='bbox 1854 1988 2109 2051; x_wconf 74' lang='lat' dir='ltr'><strong>caritatis,</strong></span> 
     </span>
    </p>
   </div>
   <div class='ocr_carea' id='block_1_35' title="bbox 536 2080 2115 2151">
    <p class='ocr_par' dir='ltr' id='par_1_35' title="bbox 536 2080 2115 2151">
     <span class='ocr_line' id='line_1_35' title="bbox 536 2080 2115 2151; baseline -0.005 -10"><span class='ocrx_word' id='word_1_253' title='bbox 536 2086 665 2141; x_wconf 88' lang='lat' dir='ltr'><strong>nihil</strong></span> <span class='ocrx_word' id='word_1_254' title='bbox 694 2087 945 2149; x_wconf 91' lang='lat' dir='ltr'><strong>omnino,</strong></span> <span class='ocrx_word' id='word_1_255' title='bbox 980 2086 1060 2140; x_wconf 84' lang='lat' dir='ltr'><strong>vel</strong></span> <span class='ocrx_word' id='word_1_256' title='bbox 1085 2085 1414 2151; x_wconf 90' lang='lat' dir='ltr'><strong>utensilium,</strong></span> <span class='ocrx_word' id='word_1_257' title='bbox 1450 2084 1531 2138; x_wconf 91' lang='lat' dir='ltr'><strong>vel</strong></span> <span class='ocrx_word' id='word_1_258' title='bbox 1558 2098 1677 2151; x_wconf 70' lang='lat' dir='ltr'><strong>qua:</strong></span> <span class='ocrx_word' id='word_1_259' title='bbox 1702 2082 1766 2135; x_wconf 92' lang='lat' dir='ltr'><strong>ad</strong></span> <span class='ocrx_word' id='word_1_260' title='bbox 1793 2080 1990 2135; x_wconf 89' lang='lat' dir='ltr'><strong>vietum</strong></span> <span class='ocrx_word' id='word_1_261' title='bbox 2026 2096 2115 2134; x_wconf 70' lang='lat' dir='ltr'><strong>re-</strong></span> 
     </span>
    </p>
   </div>
   <div class='ocr_carea' id='block_1_36' title="bbox 531 2172 2112 2245">
    <p class='ocr_par' dir='ltr' id='par_1_36' title="bbox 531 2172 2112 2245">
     <span class='ocr_line' id='line_1_36' title="bbox 531 2172 2112 2245; baseline -0.004 -13"><span class='ocrx_word' id='word_1_262' title='bbox 531 2178 814 2245; x_wconf 88' lang='lat' dir='ltr'><strong>quiruntur</strong></span> <span class='ocrx_word' id='word_1_263' title='bbox 838 2177 1067 2238; x_wconf 88' lang='lat' dir='ltr'><strong>deesset.</strong></span> <span class='ocrx_word' id='word_1_264' title='bbox 1099 2191 1196 2231; x_wconf 89' lang='lat' dir='ltr'><strong>nec</strong></span> <span class='ocrx_word' id='word_1_265' title='bbox 1227 2184 1401 2230; x_wconf 90' lang='lat' dir='ltr'><strong>tamen</strong></span> <span class='ocrx_word' id='word_1_266' title='bbox 1427 2173 1706 2229; x_wconf 87' lang='lat' dir='ltr'><strong>manifesta</strong></span> <span class='ocrx_word' id='word_1_267' title='bbox 1736 2173 1888 2227; x_wconf 88' lang='lat' dir='ltr'><strong>fieret</strong></span> <span class='ocrx_word' id='word_1_268' title='bbox 1924 2172 2112 2226; x_wconf 88' lang='lat' dir='ltr'><strong>unius-</strong></span> 
     </span>
    </p>
   </div>
   <div class='ocr_carea' id='block_1_37' title="bbox 530 2266 2115 2340">
    <p class='ocr_par' dir='ltr' id='par_1_37' title="bbox 530 2266 2115 2340">
     <span class='ocr_line' id='line_1_37' title="bbox 530 2266 2115 2340; baseline -0.006 -16"><span class='ocrx_word' id='word_1_269' title='bbox 530 2269 789 2339; x_wconf 81' lang='lat' dir='ltr'><strong>cujusque</strong></span> <span class='ocrx_word' id='word_1_270' title='bbox 817 2270 1036 2329; x_wconf 87' lang='lat' dir='ltr'><strong>oblatio.</strong></span> <span class='ocrx_word' id='word_1_271' title='bbox 1067 2269 1311 2340; x_wconf 78' lang='lat' dir='ltr'><strong>Regressi</strong></span> <span class='ocrx_word' id='word_1_272' title='bbox 1342 2285 1469 2339; x_wconf 89' lang='lat' dir='ltr'><strong>ergo</strong></span> <span class='ocrx_word' id='word_1_273' title='bbox 1492 2268 1555 2322; x_wconf 88' lang='lat' dir='ltr'><strong>ad</strong></span> <span class='ocrx_word' id='word_1_274' title='bbox 1590 2282 1886 2336; x_wconf 74' lang='lat' dir='ltr'><strong>vc~peram,</strong></span> <span class='ocrx_word' id='word_1_275' title='bbox 1914 2266 1964 2319; x_wconf 92' lang='lat' dir='ltr'><strong>in</strong></span> <span class='ocrx_word' id='word_1_276' title='bbox 1998 2266 2115 2337; x_wconf 60' lang='lat' dir='ltr'><strong>quis</strong></span> 
     </span>
    </p>
   </div>
   <div class='ocr_carea' id='block_1_38' title="bbox 533 2357 2110 2431">
    <p class='ocr_par' dir='ltr' id='par_1_38' title="bbox 533 2357 2110 2431">
     <span class='ocr_line' id='line_1_38' title="bbox 533 2357 2110 2431; baseline -0.004 -16"><span class='ocrx_word' id='word_1_277' title='bbox 533 2361 631 2416; x_wconf 91' lang='lat' dir='ltr'><strong>bus</strong></span> <span class='ocrx_word' id='word_1_278' title='bbox 672 2362 879 2417; x_wconf 91' lang='lat' dir='ltr'><strong>fuerant</strong></span> <span class='ocrx_word' id='word_1_279' title='bbox 908 2362 1117 2417; x_wconf 69' lang='lat' dir='ltr'><strong>cellula:</strong></span> <span class='ocrx_word' id='word_1_280' title='bbox 1159 2375 1504 2431; x_wconf 65' lang='lat' dir='ltr'><strong>prirparatm,</strong></span> <span class='ocrx_word' id='word_1_281' title='bbox 1550 2360 1903 2421; x_wconf 87' lang='lat' dir='ltr'><strong>inveniebant</strong></span> <span class='ocrx_word' id='word_1_282' title='bbox 1944 2357 2110 2425; x_wconf 89' lang='lat' dir='ltr'><strong>posita</strong></span> 
     </span>
    </p>
   </div>
   <div class='ocr_carea' id='block_1_39' title="bbox 529 2450 2111 2522">
    <p class='ocr_par' dir='ltr' id='par_1_39' title="bbox 529 2450 2111 2522">
     <span class='ocr_line' id='line_1_39' title="bbox 529 2450 2111 2522; baseline -0.003 -18"><span class='ocrx_word' id='word_1_283' title='bbox 529 2452 709 2505; x_wconf 89' lang='lat' dir='ltr'><strong>omnia</strong></span> <span class='ocrx_word' id='word_1_284' title='bbox 737 2468 855 2522; x_wconf 83' lang='lat' dir='ltr'><strong>quae</strong></span> <span class='ocrx_word' id='word_1_285' title='bbox 879 2452 944 2508; x_wconf 91' lang='lat' dir='ltr'><strong>ad</strong></span> <span class='ocrx_word' id='word_1_286' title='bbox 971 2469 1099 2507; x_wconf 90' lang='lat' dir='ltr'><strong>usus</strong></span> <span class='ocrx_word' id='word_1_287' title='bbox 1122 2462 1275 2507; x_wconf 88' lang='lat' dir='ltr'><strong>erant</strong></span> <span class='ocrx_word' id='word_1_288' title='bbox 1305 2451 1608 2507; x_wconf 88' lang='lat' dir='ltr'><strong>necessaria</strong></span> <span class='ocrx_word' id='word_1_289' title='bbox 1628 2492 1641 2515; x_wconf 97' lang='lat'><strong>,</strong></span> <span class='ocrx_word' id='word_1_290' title='bbox 1668 2459 1721 2505; x_wconf 92' lang='lat' dir='ltr'><strong>et</strong></span> <span class='ocrx_word' id='word_1_291' title='bbox 1751 2450 1821 2503; x_wconf 83' lang='lat' dir='ltr'><strong>ita</strong></span> <span class='ocrx_word' id='word_1_292' title='bbox 1855 2450 2111 2503; x_wconf 88' lang='lat' dir='ltr'><strong>instructa</strong></span> 
     </span>
    </p>
   </div>
   <div class='ocr_carea' id='block_1_40' title="bbox 532 2544 1979 2613">
    <p class='ocr_par' dir='ltr' id='par_1_40' title="bbox 532 2544 1979 2613">
     <span class='ocr_line' id='line_1_40' title="bbox 532 2544 1979 2613; baseline -0.004 -15"><span class='ocrx_word' id='word_1_293' title='bbox 532 2544 855 2610; x_wconf 87' lang='lat' dir='ltr'><strong>habitacula,</strong></span> <span class='ocrx_word' id='word_1_294' title='bbox 887 2554 945 2600; x_wconf 87' lang='lat' dir='ltr'><strong>ut</strong></span> <span class='ocrx_word' id='word_1_295' title='bbox 972 2544 1099 2600; x_wconf 87' lang='lat' dir='ltr'><strong>nihil</strong></span> <span class='ocrx_word' id='word_1_296' title='bbox 1133 2560 1351 2612; x_wconf 92' lang='lat' dir='ltr'><strong>prorsus</strong></span> <span class='ocrx_word' id='word_1_297' title='bbox 1379 2544 1567 2598; x_wconf 89' lang='lat' dir='ltr'><strong>deesse</strong></span> <span class='ocrx_word' id='word_1_298' title='bbox 1594 2549 1979 2613; x_wconf 74' lang='lat' dir='ltr'><strong>persmccretit.</strong></span> 
     </span>
    </p>
   </div>
   <div class='ocr_carea' id='block_1_41' title="bbox 1095 2659 1565 2717">
    <p class='ocr_par' dir='ltr' id='par_1_41' title="bbox 1095 2659 1565 2717">
     <span class='ocr_line' id='line_1_41' title="bbox 1095 2659 1565 2717; baseline 0 -2"><span class='ocrx_word' id='word_1_299' title='bbox 1095 2659 1320 2717; x_wconf 66' lang='lat' dir='ltr'><strong>CiPUT</strong></span> <span class='ocrx_word' id='word_1_300' title='bbox 1380 2662 1565 2715; x_wconf 70' lang='lat' dir='ltr'><strong>XXIV.</strong></span> 
     </span>
    </p>
   </div>
   <div class='ocr_carea' id='block_1_42' title="bbox 1140 2783 1500 2829">
    <p class='ocr_par' dir='ltr' id='par_1_42' title="bbox 1140 2783 1500 2829">
     <span class='ocr_line' id='line_1_42' title="bbox 1140 2783 1500 2829; baseline -0.003 -2"><span class='ocrx_word' id='word_1_301' title='bbox 1140 2790 1204 2828; x_wconf 79' lang='lat' dir='ltr'><strong>DE</strong></span> <span class='ocrx_word' id='word_1_302' title='bbox 1236 2783 1259 2809; x_wconf 68' lang='grc'><strong><em>⁸</em></strong></span> <span class='ocrx_word' id='word_1_303' title='bbox 1290 2791 1500 2829; x_wconf 76' lang='lat' dir='ltr'><strong>DIDYIO.</strong></span> 
     </span>
    </p>
   </div>
   <div class='ocr_carea' id='block_1_43' title="bbox 768 2887 1888 2961">
    <p class='ocr_par' dir='ltr' id='par_1_43' title="bbox 768 2887 1888 2961">
     <span class='ocr_line' id='line_1_43' title="bbox 768 2887 1888 2961; baseline 0.003 -19"><span class='ocrx_word' id='word_1_304' title='bbox 768 2888 950 2957; x_wconf 85' lang='lat' dir='ltr'><strong>(Deest</strong></span> <span class='ocrx_word' id='word_1_305' title='bbox 982 2887 1063 2942; x_wconf 85' lang='lat' dir='ltr'><strong>hic</strong></span> <span class='ocrx_word' id='word_1_306' title='bbox 1107 2888 1344 2943; x_wconf 86' lang='lat' dir='ltr'><strong>Pa&#39;ladio</strong></span> <span class='ocrx_word' id='word_1_307' title='bbox 1372 2891 1433 2944; x_wconf 87' lang='lat' dir='ltr'><strong>de</strong></span> <span class='ocrx_word' id='word_1_308' title='bbox 1460 2889 1683 2961; x_wconf 80' lang='lat' dir='ltr'><strong>Didyme</strong></span> <span class='ocrx_word' id='word_1_309' title='bbox 1714 2894 1888 2957; x_wconf 73' lang='lat' dir='ltr'><strong>eirea.)</strong></span> 
     </span>
    </p>
   </div>
   <div class='ocr_carea' id='block_1_44' title="bbox 506 2999 2106 3079">
    <p class='ocr_par' dir='ltr' id='par_1_44' title="bbox 506 2999 2106 3079">
     <span class='ocr_line' id='line_1_44' title="bbox 506 2999 2106 3079; baseline 0.007 -29"><span class='ocrx_word' id='word_1_310' title='bbox 506 3078 511 3079; x_wconf 12' lang='grc' dir='ltr'><em>γ</em></span> <span class='ocrx_word' id='word_1_311' title='bbox 604 3000 841 3055; x_wconf 81' lang='lat' dir='ltr'><strong>Vidimus</strong></span> <span class='ocrx_word' id='word_1_312' title='bbox 862 2999 1395 3069; x_wconf 85' lang='lat' dir='ltr'><strong>quemdam(Pullad.</strong></span> <span class='ocrx_word' id='word_1_313' title='bbox 1436 3020 1550 3069; x_wconf 95' lang='lat' dir='ltr'><strong>cap.</strong></span> <span class='ocrx_word' id='word_1_314' title='bbox 1580 3001 1658 3072; x_wconf 66' lang='lat' dir='ltr'><strong>li.)</strong></span> <span class='ocrx_word' id='word_1_315' title='bbox 1678 3004 1815 3057; x_wconf 87' lang='lat' dir='ltr'><strong>inter</strong></span> <span class='ocrx_word' id='word_1_316' title='bbox 1846 3021 2013 3061; x_wconf 77' lang='lat' dir='ltr'><strong>eosex</strong></span> <span class='ocrx_word' id='word_1_317' title='bbox 2029 3021 2106 3061; x_wconf 91' lang='lat' dir='ltr'><strong>se-</strong></span> 
     </span>
    </p>
   </div>
   <div class='ocr_carea' id='block_1_45' title="bbox 534 3093 2109 3165">
    <p class='ocr_par' dir='ltr' id='par_1_45' title="bbox 534 3093 2109 3165">
     <span class='ocr_line' id='line_1_45' title="bbox 534 3093 2109 3165; baseline 0.004 -19"><span class='ocrx_word' id='word_1_318' title='bbox 534 3093 772 3147; x_wconf 80' lang='lat' dir='ltr'><strong>nioribus</strong></span> <span class='ocrx_word' id='word_1_319' title='bbox 787 3096 955 3148; x_wconf 76' lang='lat' dir='ltr'><strong>v&#39;rum</strong></span> <span class='ocrx_word' id='word_1_320' title='bbox 971 3093 1188 3159; x_wconf 89' lang='lat' dir='ltr'><strong>bonum,</strong></span> <span class='ocrx_word' id='word_1_321' title='bbox 1208 3093 1422 3148; x_wconf 82' lang='lat' dir='ltr'><strong>nomine</strong></span> <span class='ocrx_word' id='word_1_322' title='bbox 1442 3094 1809 3164; x_wconf 77' lang='lat' dir='ltr'><strong>Didymum,in</strong></span> <span class='ocrx_word' id='word_1_323' title='bbox 1826 3113 1931 3165; x_wconf 90' lang='lat' dir='ltr'><strong>quo</strong></span> <span class='ocrx_word' id='word_1_324' title='bbox 1948 3099 2109 3152; x_wconf 89' lang='lat' dir='ltr'><strong>multa</strong></span> 
     </span>
    </p>
   </div>
   <div class='ocr_carea' id='block_1_46' title="bbox 2220 1920 3512 1993">
    <p class='ocr_par' dir='ltr' id='par_1_46' title="bbox 2220 1920 3512 1993">
     <span class='ocr_line' id='line_1_46' title="bbox 2220 1920 3512 1993; baseline -0.001 -17"><span class='ocrx_word' id='word_1_325' title='bbox 2220 1933 2298 1976; x_wconf 83' lang='lat' dir='ltr'><strong>tes</strong></span> <span class='ocrx_word' id='word_1_326' title='bbox 2326 1921 2637 1977; x_wconf 90' lang='lat' dir='ltr'><strong>humilitatis</strong></span> <span class='ocrx_word' id='word_1_327' title='bbox 2664 1922 2885 1993; x_wconf 81' lang='lat' dir='ltr'><strong>gratiam</strong></span> <span class='ocrx_word' id='word_1_328' title='bbox 2912 1920 3142 1975; x_wconf 88' lang='lat' dir='ltr'><strong>vidimus</strong></span> <span class='ocrx_word' id='word_1_329' title='bbox 3174 1920 3512 1976; x_wconf 88' lang='lat' dir='ltr'><strong>immensam.</strong></span> 
     </span>
    </p>
   </div>
   <div class='ocr_carea' id='block_1_47' title="bbox 2772 2055 3241 2111">
    <p class='ocr_par' dir='ltr' id='par_1_47' title="bbox 2772 2055 3241 2111">
     <span class='ocr_line' id='line_1_47' title="bbox 2772 2055 3241 2111; baseline -0.004 0"><span class='ocrx_word' id='word_1_330' title='bbox 2772 2056 3001 2111; x_wconf 81' lang='lat' dir='ltr'><strong>CAPUT</strong></span> <span class='ocrx_word' id='word_1_331' title='bbox 3051 2055 3241 2111; x_wconf 81' lang='lat' dir='ltr'><strong>XXVI.</strong></span> 
     </span>
    </p>
   </div>
   <div class='ocr_carea' id='block_1_48' title="bbox 2809 2182 3210 2229">
    <p class='ocr_par' dir='ltr' id='par_1_48' title="bbox 2809 2182 3210 2229">
     <span class='ocr_line' id='line_1_48' title="bbox 2809 2182 3210 2229; baseline 0.002 -4"><span class='ocrx_word' id='word_1_332' title='bbox 2809 2187 2876 2226; x_wconf 77' lang='lat' dir='ltr'><strong>DE</strong></span> <span class='ocrx_word' id='word_1_333' title='bbox 2909 2182 2930 2210; x_wconf 68' lang='grc'><strong><em>⁸</em></strong></span> <span class='ocrx_word' id='word_1_334' title='bbox 2964 2186 3210 2229; x_wconf 72' lang='grc' dir='ltr'><strong>οιιιῦεΝΕ.</strong></span> 
     </span>
    </p>
   </div>
   <div class='ocr_carea' id='block_1_49' title="bbox 2293 2287 3797 2358">
    <p class='ocr_par' dir='ltr' id='par_1_49' title="bbox 2293 2287 3797 2358">
     <span class='ocr_line' id='line_1_49' title="bbox 2293 2287 3797 2358; baseline -0.003 -14"><span class='ocrx_word' id='word_1_335' title='bbox 2293 2290 2417 2344; x_wconf 80' lang='lat' dir='ltr'><strong>Erat</strong></span> <span class='ocrx_word' id='word_1_336' title='bbox 2449 2298 2625 2343; x_wconf 88' lang='lat' dir='ltr'><strong>autem</strong></span> <span class='ocrx_word' id='word_1_337' title='bbox 2658 2296 2711 2342; x_wconf 89' lang='lat' dir='ltr'><strong>et</strong></span> <span class='ocrx_word' id='word_1_338' title='bbox 2742 2287 2879 2343; x_wconf 87' lang='lat' dir='ltr'><strong>alius</strong></span> <span class='ocrx_word' id='word_1_339' title='bbox 2926 2290 3101 2344; x_wconf 89' lang='lat' dir='ltr'><strong>adhuc</strong></span> <span class='ocrx_word' id='word_1_340' title='bbox 3141 2304 3205 2342; x_wconf 79' lang='lat' dir='ltr'><strong>ex</strong></span> <span class='ocrx_word' id='word_1_341' title='bbox 3240 2289 3515 2358; x_wconf 91' lang='lat' dir='ltr'><strong>discipulis</strong></span> <span class='ocrx_word' id='word_1_342' title='bbox 3557 2290 3797 2355; x_wconf 75' lang='lat' dir='ltr'><strong>Antonii,</strong></span> 
     </span>
    </p>
   </div>
   <div class='ocr_carea' id='block_1_50' title="bbox 2217 2377 3802 2449">
    <p class='ocr_par' dir='ltr' id='par_1_50' title="bbox 2217 2377 3802 2449">
     <span class='ocr_line' id='line_1_50' title="bbox 2217 2377 3802 2449; baseline 0.001 -17"><span class='ocrx_word' id='word_1_343' title='bbox 2217 2381 2473 2449; x_wconf 60' lang='lat' dir='ltr'><strong>Origenes</strong></span> <span class='ocrx_word' id='word_1_344' title='bbox 2507 2377 2745 2444; x_wconf 84' lang='lat' dir='ltr'><strong>nomine,</strong></span> <span class='ocrx_word' id='word_1_345' title='bbox 2780 2378 2858 2431; x_wconf 91' lang='lat' dir='ltr'><strong>vir</strong></span> <span class='ocrx_word' id='word_1_346' title='bbox 2891 2394 2983 2445; x_wconf 86' lang='lat' dir='ltr'><strong>per</strong></span> <span class='ocrx_word' id='word_1_347' title='bbox 3011 2379 3191 2432; x_wconf 92' lang='lat' dir='ltr'><strong>omnia</strong></span> <span class='ocrx_word' id='word_1_348' title='bbox 3221 2380 3553 2449; x_wconf 80' lang='lat' dir='ltr'><strong>magnilicus,</strong></span> <span class='ocrx_word' id='word_1_349' title='bbox 3580 2390 3631 2433; x_wconf 92' lang='lat' dir='ltr'><strong>et</strong></span> <span class='ocrx_word' id='word_1_350' title='bbox 3655 2395 3802 2441; x_wconf 62' lang='lat' dir='ltr'><strong>sum;</strong></span> 
     </span>
    </p>
   </div>
   <div class='ocr_carea' id='block_1_51' title="bbox 2219 2467 3827 2538">
    <p class='ocr_par' dir='ltr' id='par_1_51' title="bbox 2219 2467 3827 2538">
     <span class='ocr_line' id='line_1_51' title="bbox 2219 2467 3827 2538; baseline -0.001 -14"><span class='ocrx_word' id='word_1_351' title='bbox 2219 2486 2317 2527; x_wconf 67' lang='lat' dir='ltr'><strong>mae</strong></span> <span class='ocrx_word' id='word_1_352' title='bbox 2348 2468 2663 2538; x_wconf 68' lang='lat' dir='ltr'><strong>prudentiae,</strong></span> <span class='ocrx_word' id='word_1_353' title='bbox 2694 2467 2848 2538; x_wconf 87' lang='lat' dir='ltr'><strong>cujus</strong></span> <span class='ocrx_word' id='word_1_354' title='bbox 2876 2483 3056 2523; x_wconf 87' lang='lat' dir='ltr'><strong>sermo</strong></span> <span class='ocrx_word' id='word_1_355' title='bbox 3082 2479 3137 2523; x_wconf 93' lang='lat' dir='ltr'><strong>et</strong></span> <span class='ocrx_word' id='word_1_356' title='bbox 3168 2468 3404 2525; x_wconf 83' lang='lat' dir='ltr'><strong>narratio</strong></span> <span class='ocrx_word' id='word_1_357' title='bbox 3425 2470 3491 2522; x_wconf 90' lang='lat' dir='ltr'><strong>de</strong></span> <span class='ocrx_word' id='word_1_358' title='bbox 3516 2468 3827 2534; x_wconf 63' lang='lat' dir='ltr'><strong>virtutibus</strong></span> 
     </span>
    </p>
   </div>
   <div class='ocr_carea' id='block_1_52' title="bbox 2217 2560 3795 2632">
    <p class='ocr_par' dir='ltr' id='par_1_52' title="bbox 2217 2560 3795 2632">
     <span class='ocr_line' id='line_1_52' title="bbox 2217 2560 3795 2632; baseline -0.002 -15"><span class='ocrx_word' id='word_1_359' title='bbox 2217 2563 2404 2632; x_wconf 86' lang='lat' dir='ltr'><strong>optimi</strong></span> <span class='ocrx_word' id='word_1_360' title='bbox 2435 2562 2671 2632; x_wconf 82' lang='lat' dir='ltr'><strong>magistri</strong></span> <span class='ocrx_word' id='word_1_361' title='bbox 2695 2602 2709 2627; x_wconf 89' lang='lat'><strong>,</strong></span> <span class='ocrx_word' id='word_1_362' title='bbox 2741 2560 2971 2615; x_wconf 89' lang='lat' dir='ltr'><strong>hominis</strong></span> <span class='ocrx_word' id='word_1_363' title='bbox 3006 2561 3121 2626; x_wconf 87' lang='lat' dir='ltr'><strong>Dei,</strong></span> <span class='ocrx_word' id='word_1_364' title='bbox 3150 2560 3450 2617; x_wconf 64' lang='lat' dir='ltr'><strong>aedificabat</strong></span> <span class='ocrx_word' id='word_1_365' title='bbox 3483 2577 3669 2615; x_wconf 89' lang='lat' dir='ltr'><strong>omnes</strong></span> <span class='ocrx_word' id='word_1_366' title='bbox 3700 2576 3795 2614; x_wconf 87' lang='lat' dir='ltr'><strong>:itt-</strong></span> 
     </span>
    </p>
   </div>
   <div class='ocr_carea' id='block_1_53' title="bbox 2222 2652 3801 2724">
    <p class='ocr_par' dir='ltr' id='par_1_53' title="bbox 2222 2652 3801 2724">
     <span class='ocr_line' id='line_1_53' title="bbox 2222 2652 3801 2724; baseline -0.003 -13"><span class='ocrx_word' id='word_1_367' title='bbox 2222 2656 2444 2719; x_wconf 86' lang='lat' dir='ltr'><strong>dientes,</strong></span> <span class='ocrx_word' id='word_1_368' title='bbox 2490 2666 2545 2709; x_wconf 90' lang='lat' dir='ltr'><strong>et</strong></span> <span class='ocrx_word' id='word_1_369' title='bbox 2591 2652 2953 2708; x_wconf 87' lang='lat' dir='ltr'><strong>inflammabat</strong></span> <span class='ocrx_word' id='word_1_370' title='bbox 3004 2653 3367 2717; x_wconf 89' lang='lat' dir='ltr'><strong>vehementer,</strong></span> <span class='ocrx_word' id='word_1_371' title='bbox 3423 2655 3491 2707; x_wconf 87' lang='lat' dir='ltr'><strong>ita</strong></span> <span class='ocrx_word' id='word_1_372' title='bbox 3539 2664 3589 2707; x_wconf 93' lang='lat' dir='ltr'><strong>ut</strong></span> <span class='ocrx_word' id='word_1_373' title='bbox 3645 2653 3801 2724; x_wconf 75' lang='lat'><strong>192</strong></span> 
     </span>
    </p>
   </div>
   <div class='ocr_carea' id='block_1_54' title="bbox 2218 2744 3585 2817">
    <p class='ocr_par' dir='ltr' id='par_1_54' title="bbox 2218 2744 3585 2817">
     <span class='ocr_line' id='line_1_54' title="bbox 2218 2744 3585 2817; baseline -0.002 -14"><span class='ocrx_word' id='word_1_374' title='bbox 2218 2747 2386 2803; x_wconf 88' lang='lat' dir='ltr'><strong>oculis</strong></span> <span class='ocrx_word' id='word_1_375' title='bbox 2409 2744 2576 2813; x_wconf 85' lang='lat' dir='ltr'><strong>cerni,</strong></span> <span class='ocrx_word' id='word_1_376' title='bbox 2612 2760 2728 2816; x_wconf 64' lang='lat' dir='ltr'><strong>quae</strong></span> <span class='ocrx_word' id='word_1_377' title='bbox 2750 2746 2817 2800; x_wconf 88' lang='lat' dir='ltr'><strong>ab</strong></span> <span class='ocrx_word' id='word_1_378' title='bbox 2842 2761 2908 2800; x_wconf 92' lang='lat' dir='ltr'><strong>eo</strong></span> <span class='ocrx_word' id='word_1_379' title='bbox 2938 2745 3321 2814; x_wconf 88' lang='lat' dir='ltr'><strong>narrabantur,</strong></span> <span class='ocrx_word' id='word_1_380' title='bbox 3350 2756 3585 2817; x_wconf 82' lang='lat' dir='ltr'><strong>putares.</strong></span> 
     </span>
    </p>
   </div>
   <div class='ocr_carea' id='block_1_55' title="bbox 2762 2864 3255 2923">
    <p class='ocr_par' dir='ltr' id='par_1_55' title="bbox 2762 2864 3255 2923">
     <span class='ocr_line' id='line_1_55' title="bbox 2762 2864 3255 2923; baseline -0.006 -2"><span class='ocrx_word' id='word_1_381' title='bbox 2762 2864 2986 2923; x_wconf 79' lang='lat' dir='ltr'><strong>CAPUT</strong></span> <span class='ocrx_word' id='word_1_382' title='bbox 3041 2864 3255 2919; x_wconf 70' lang='lat' dir='ltr'><strong>XXVII.</strong></span> 
     </span>
    </p>
   </div>
   <div class='ocr_carea' id='block_1_56' title="bbox 2807 2974 3205 3043">
    <p class='ocr_par' dir='ltr' id='par_1_56' title="bbox 2807 2974 3205 3043">
     <span class='ocr_line' id='line_1_56' title="bbox 2807 2974 3205 3043; baseline -0.003 -12"><span class='ocrx_word' id='word_1_383' title='bbox 2807 2992 2873 3031; x_wconf 77' lang='lat' dir='ltr'><strong>DE</strong></span> <span class='ocrx_word' id='word_1_384' title='bbox 2906 2974 2932 3013; x_wconf 80' lang='grc' dir='ltr'>ά</span> <span class='ocrx_word' id='word_1_385' title='bbox 2962 2992 3205 3043; x_wconf 65' lang='lat' dir='ltr'><strong>avsonio.</strong></span> 
     </span>
    </p>
   </div>
   <div class='ocr_carea' id='block_1_57' title="bbox 2288 3090 3813 3165">
    <p class='ocr_par' dir='ltr' id='par_1_57' title="bbox 2288 3090 3813 3165">
     <span class='ocr_line' id='line_1_57' title="bbox 2288 3090 3813 3165; baseline 0.001 -20"><span class='ocrx_word' id='word_1_386' title='bbox 2288 3092 2529 3147; x_wconf 78' lang='lat' dir='ltr'><strong>Vidimus</strong></span> <span class='ocrx_word' id='word_1_387' title='bbox 2560 3091 2629 3146; x_wconf 90' lang='lat' dir='ltr'><strong>ibi</strong></span> <span class='ocrx_word' id='word_1_388' title='bbox 2663 3090 2899 3161; x_wconf 86' lang='lat' dir='ltr'><strong>(Pallad.</strong></span> <span class='ocrx_word' id='word_1_389' title='bbox 2948 3108 3063 3161; x_wconf 83' lang='lat' dir='ltr'><strong>cap.</strong></span> <span class='ocrx_word' id='word_1_390' title='bbox 3120 3091 3236 3163; x_wconf 89' lang='lat'><strong>86.)</strong></span> <span class='ocrx_word' id='word_1_391' title='bbox 3267 3102 3319 3147; x_wconf 90' lang='lat' dir='ltr'><strong>et</strong></span> <span class='ocrx_word' id='word_1_392' title='bbox 3349 3092 3813 3165; x_wconf 74' lang='lat' dir='ltr'><strong>sapientissimum</strong></span> 
     </span>
    </p>
   </div>
   <div class='ocr_carea' id='block_1_58' title="bbox 601 3202 3803 3279">
    <p class='ocr_par' dir='ltr' id='par_1_58' title="bbox 601 3202 3803 3279">
     <span class='ocr_line' id='line_1_58' title="bbox 601 3202 3803 3279; baseline -0 -19"><span class='ocrx_word' id='word_1_393' title='bbox 601 3215 626 3279; x_wconf 62' lang='grc' dir='ltr'><strong>ιξι</strong></span> <span class='ocrx_word' id='word_1_394' title='bbox 667 3202 958 3279; x_wconf 17' lang='lat' dir='ltr'><strong>Did‘ymo.]</strong></span> <span class='ocrx_word' id='word_1_395' title='bbox 987 3205 1062 3279; x_wconf 84' lang='lat' dir='ltr'><strong>De</strong></span> <span class='ocrx_word' id='word_1_396' title='bbox 1092 3206 1187 3260; x_wconf 90' lang='lat' dir='ltr'><strong>hoc</strong></span> <span class='ocrx_word' id='word_1_397' title='bbox 1220 3204 1441 3279; x_wconf 76' lang='lat' dir='ltr'><strong>Didyme</strong></span> <span class='ocrx_word' id='word_1_398' title='bbox 1467 3206 1597 3260; x_wconf 65' lang='lat' dir='ltr'><strong>nfhil</strong></span> <span class='ocrx_word' id='word_1_399' title='bbox 1617 3210 1757 3278; x_wconf 88' lang='lat' dir='ltr'><strong>apud</strong></span> <span class='ocrx_word' id='word_1_400' title='bbox 1786 3206 2105 3269; x_wconf 82' lang='lat' dir='ltr'><strong>Palladium.</strong></span> <span class='ocrx_word' id='word_1_401' title='bbox 2140 3207 2184 3269; x_wconf 90' lang='lat' dir='ltr'>C</span> <span class='ocrx_word' id='word_1_402' title='bbox 2290 3210 2351 3262; x_wconf 82' lang='lat' dir='ltr'><strong>At</strong></span> <span class='ocrx_word' id='word_1_403' title='bbox 2396 3209 2699 3263; x_wconf 73' lang='lat' dir='ltr'><strong>a’stimemus</strong></span> <span class='ocrx_word' id='word_1_404' title='bbox 2733 3206 3010 3279; x_wconf 78' lang='lat' dir='ltr'><strong>Evagriu_nt</strong></span> <span class='ocrx_word' id='word_1_405' title='bbox 3061 3224 3088 3261; x_wconf 88' lang='lat' dir='ltr'><strong>e</strong></span> <span class='ocrx_word' id='word_1_406' title='bbox 3138 3208 3357 3277; x_wconf 81' lang='lat' dir='ltr'><strong>propriis</strong></span> <span class='ocrx_word' id='word_1_407' title='bbox 3394 3204 3599 3279; x_wconf 77' lang='lat' dir='ltr'><strong>pretiis,</strong></span> <span class='ocrx_word' id='word_1_408' title='bbox 3642 3206 3803 3275; x_wconf 80' lang='lat' dir='ltr'><strong>fuisse</strong></span> 
     </span>
    </p>
   </div>
   <div class='ocr_carea' id='block_1_59' title="bbox 527 3276 2107 3349">
    <p class='ocr_par' dir='ltr' id='par_1_59' title="bbox 527 3276 2107 3349">
     <span class='ocr_line' id='line_1_59' title="bbox 527 3276 2107 3349; baseline 0.004 -20"><span class='ocrx_word' id='word_1_409' title='bbox 527 3277 618 3349; x_wconf 75' lang='lat' dir='ltr'><strong>sed</strong></span> <span class='ocrx_word' id='word_1_410' title='bbox 638 3278 706 3349; x_wconf 86' lang='lat' dir='ltr'><strong>de</strong></span> <span class='ocrx_word' id='word_1_411' title='bbox 718 3276 823 3330; x_wconf 89' lang='lat' dir='ltr'><strong>alio</strong></span> <span class='ocrx_word' id='word_1_412' title='bbox 843 3276 1344 3349; x_wconf 52' lang='lat' dir='ltr'><strong>cwcoiglexttndrino</strong></span> <span class='ocrx_word' id='word_1_413' title='bbox 1359 3319 1371 3339; x_wconf 90' lang='lat'><strong>,</strong></span> <span class='ocrx_word' id='word_1_414' title='bbox 1401 3278 1464 3331; x_wconf 90' lang='lat' dir='ltr'><strong>de</strong></span> <span class='ocrx_word' id='word_1_415' title='bbox 1478 3280 1629 3349; x_wconf 89' lang='lat' dir='ltr'><strong>cujus</strong></span> <span class='ocrx_word' id='word_1_416' title='bbox 1644 3276 1866 3349; x_wconf 69' lang='lat' dir='ltr'><strong>ca&#39;citate</strong></span> <span class='ocrx_word' id='word_1_417' title='bbox 1882 3282 1968 3334; x_wconf 88' lang='lat' dir='ltr'><strong>lib.</strong></span> <span class='ocrx_word' id='word_1_418' title='bbox 1988 3280 2015 3333; x_wconf 88' lang='grc' dir='ltr'><em>Ι</em></span> <span class='ocrx_word' id='word_1_419' title='bbox 2024 3282 2047 3335; x_wconf 90' lang='lat' dir='ltr'><strong>l</strong></span> <span class='ocrx_word' id='word_1_420' title='bbox 2057 3280 2084 3334; x_wconf 92' lang='grc'><em>1</em></span> <span class='ocrx_word' id='word_1_421' title='bbox 2094 3322 2107 3335; x_wconf 92' lang='grc'><strong>.</strong></span> 
     </span>
    </p>
   </div>
   <div class='ocr_carea' id='block_1_60' title="bbox 527 3346 2110 3418">
    <p class='ocr_par' dir='ltr' id='par_1_60' title="bbox 527 3346 2110 3418">
     <span class='ocr_line' id='line_1_60' title="bbox 527 3346 2110 3418; baseline 0.004 -18"><span class='ocrx_word' id='word_1_422' title='bbox 527 3346 705 3415; x_wconf 76' lang='lat' dir='ltr'><strong>Ruﬁni</strong></span> <span class='ocrx_word' id='word_1_423' title='bbox 753 3364 895 3401; x_wconf 85' lang='lat' dir='ltr'><strong>nunt.</strong></span> <span class='ocrx_word' id='word_1_424' title='bbox 938 3346 1065 3400; x_wconf 72' lang='grc'><strong>218.</strong></span> <span class='ocrx_word' id='word_1_425' title='bbox 1112 3346 1286 3418; x_wconf 74' lang='lat' dir='ltr'><strong>Hujus</strong></span> <span class='ocrx_word' id='word_1_426' title='bbox 1316 3346 1613 3418; x_wconf 77' lang='lat' dir='ltr'><strong>memoriam</strong></span> <span class='ocrx_word' id='word_1_427' title='bbox 1650 3351 1702 3402; x_wconf 86' lang='lat' dir='ltr'><strong>in</strong></span> <span class='ocrx_word' id='word_1_428' title='bbox 1732 3348 1905 3405; x_wconf 80' lang='lat' dir='ltr'><strong>Fastis</strong></span> <span class='ocrx_word' id='word_1_429' title='bbox 1948 3354 2110 3406; x_wconf 85' lang='lat' dir='ltr'><strong>sacris</strong></span> 
     </span>
    </p>
   </div>
   <div class='ocr_carea' id='block_1_61' title="bbox 527 3416 2112 3488">
    <p class='ocr_par' dir='ltr' id='par_1_61' title="bbox 527 3416 2112 3488">
     <span class='ocr_line' id='line_1_61' title="bbox 527 3416 2112 3488; baseline 0.004 -18"><span class='ocrx_word' id='word_1_430' title='bbox 527 3434 629 3470; x_wconf 83' lang='lat' dir='ltr'><strong>non</strong></span> <span class='ocrx_word' id='word_1_431' title='bbox 650 3419 837 3481; x_wconf 84' lang='lat' dir='ltr'><strong>inveni,</strong></span> <span class='ocrx_word' id='word_1_432' title='bbox 862 3416 1206 3488; x_wconf 43' lang='lat' dir='ltr'><strong>pra&#39;terquam&#39;</strong></span> <span class='ocrx_word' id='word_1_433' title='bbox 1234 3420 1284 3471; x_wconf 89' lang='lat' dir='ltr'><strong>in</strong></span> <span class='ocrx_word' id='word_1_434' title='bbox 1320 3416 1561 3471; x_wconf 78' lang='lat' dir='ltr'><strong>Florario</strong></span> <span class='ocrx_word' id='word_1_435' title='bbox 1588 3419 1900 3474; x_wconf 84' lang='lat' dir='ltr'><strong>Sanctorum</strong></span> <span class='ocrx_word' id='word_1_436' title='bbox 1930 3440 2112 3476; x_wconf 80' lang='lat' dir='ltr'><strong>manu-</strong></span> 
     </span>
    </p>
   </div>
   <div class='ocr_carea' id='block_1_62' title="bbox 526 3489 2112 3558">
    <p class='ocr_par' dir='ltr' id='par_1_62' title="bbox 526 3489 2112 3558">
     <span class='ocr_line' id='line_1_62' title="bbox 526 3489 2112 3558; baseline 0.006 -19"><span class='ocrx_word' id='word_1_437' title='bbox 526 3489 715 3554; x_wconf 89' lang='lat' dir='ltr'><strong>scripto</strong></span> <span class='ocrx_word' id='word_1_438' title='bbox 752 3492 805 3542; x_wconf 85' lang='lat' dir='ltr'><strong>ll</strong></span> <span class='ocrx_word' id='word_1_439' title='bbox 844 3489 1055 3558; x_wconf 72' lang='lat' dir='ltr'><strong>Aprilis,</strong></span> <span class='ocrx_word' id='word_1_440' title='bbox 1093 3490 1151 3542; x_wconf 91' lang='lat' dir='ltr'><strong>S.</strong></span> <span class='ocrx_word' id='word_1_441' title='bbox 1182 3489 1391 3558; x_wconf 75' lang='lat' dir='ltr'><strong>Didymi</strong></span> <span class='ocrx_word' id='word_1_442' title='bbox 1418 3490 1685 3558; x_wconf 61' lang='lat' dir='ltr'><strong>Eretnitie.</strong></span> <span class='ocrx_word' id='word_1_443' title='bbox 1717 3490 1793 3544; x_wconf 89' lang='lat' dir='ltr'><strong>De</strong></span> <span class='ocrx_word' id='word_1_444' title='bbox 1818 3492 1917 3547; x_wconf 74' lang='lat' dir='ltr'><strong>hoc</strong></span> <span class='ocrx_word' id='word_1_445' title='bbox 1936 3496 2112 3547; x_wconf 87' lang='lat' dir='ltr'><strong>eodem</strong></span> 
     </span>
    </p>
   </div>
   <div class='ocr_carea' id='block_1_63' title="bbox 528 3556 2111 3634">
    <p class='ocr_par' dir='ltr' id='par_1_63' title="bbox 528 3556 2111 3634">
     <span class='ocr_line' id='line_1_63' title="bbox 528 3556 2111 3634; baseline 0.006 -25"><span class='ocrx_word' id='word_1_446' title='bbox 528 3560 763 3634; x_wconf 61' lang='lat' dir='ltr'><strong>.Socrates</strong></span> <span class='ocrx_word' id='word_1_447' title='bbox 785 3556 936 3634; x_wconf 77' lang='lat' dir='ltr'><strong>lib._I</strong></span> <span class='ocrx_word' id='word_1_448' title='bbox 949 3558 1018 3634; x_wconf 83' lang='lat' dir='ltr'><strong>V,_</strong></span> <span class='ocrx_word' id='word_1_449' title='bbox 1028 3576 1145 3634; x_wconf 87' lang='lat' dir='ltr'><strong>cap.</strong></span> <span class='ocrx_word' id='word_1_450' title='bbox 1170 3556 1494 3634; x_wconf 56' lang='lat' dir='ltr'><strong>l8._di8opac</strong></span> <span class='ocrx_word' id='word_1_451' title='bbox 1526 3557 1693 3623; x_wconf 76' lang='grc' dir='ltr'><strong>ἄλλος.</strong></span> <span class='ocrx_word' id='word_1_452' title='bbox 1711 3558 1860 3623; x_wconf 73' lang='grc' dir='ltr'><strong>οὗτος</strong></span> <span class='ocrx_word' id='word_1_453' title='bbox 1881 3568 2111 3634; x_wconf 81' lang='grc' dir='ltr'><strong>μοναχός</strong></span> 
     </span>
    </p>
   </div>
   <div class='ocr_carea' id='block_1_64' title="bbox 528 3628 2113 3716">
    <p class='ocr_par' dir='ltr' id='par_1_64' title="bbox 528 3628 2113 3716">
     <span class='ocr_line' id='line_1_64' title="bbox 528 3628 2113 3716; baseline 0.008 -39"><span class='ocrx_word' id='word_1_454' title='bbox 528 3630 837 3716; x_wconf 55' lang='grc' dir='ltr'><strong>ἐννενήξοντα</strong></span> <span class='ocrx_word' id='word_1_455' title='bbox 872 3628 1130 3716; x_wconf 47' lang='grc' dir='ltr'><strong>ἶτξζριούς</strong></span> <span class='ocrx_word' id='word_1_456' title='bbox 1150 3671 1163 3693; x_wconf 86' lang='grc'><strong>,</strong></span> <span class='ocrx_word' id='word_1_457' title='bbox 1194 3629 1354 3716; x_wconf 39' lang='lat' dir='ltr'><strong>auderi.</strong></span> <span class='ocrx_word' id='word_1_458' title='bbox 1381 3628 1626 3713; x_wconf 52' lang='grc' dir='ltr'><strong>ἇνᾷρὼςτῳ</strong></span> <span class='ocrx_word' id='word_1_459' title='bbox 1662 3628 1949 3716; x_wconf 50' lang='grc' dir='ltr'><strong>συνέμειξεν</strong></span> <span class='ocrx_word' id='word_1_460' title='bbox 1978 3628 2113 3716; x_wconf 51' lang='grc' dir='ltr'><strong>ἆξρι</strong></span> 
     </span>
    </p>
   </div>
   <div class='ocr_carea' id='block_1_65' title="bbox 529 3700 2108 3771">
    <p class='ocr_par' dir='ltr' id='par_1_65' title="bbox 529 3700 2108 3771">
     <span class='ocr_line' id='line_1_65' title="bbox 529 3700 2108 3771; baseline 0.004 -19"><span class='ocrx_word' id='word_1_461' title='bbox 529 3707 620 3759; x_wconf 80' lang='grc' dir='ltr'><strong>τῆς</strong></span> <span class='ocrx_word' id='word_1_462' title='bbox 640 3701 876 3760; x_wconf 75' lang='grc' dir='ltr'><strong>τελευτῆς</strong></span> <span class='ocrx_word' id='word_1_463' title='bbox 896 3716 908 3751; x_wconf 86' lang='lat'><strong>:</strong></span> <span class='ocrx_word' id='word_1_464' title='bbox 927 3700 1179 3771; x_wconf 79' lang='lat' dir='ltr'><strong>Didymus</strong></span> <span class='ocrx_word' id='word_1_465' title='bbox 1201 3703 1358 3763; x_wconf 89' lang='lat' dir='ltr'><strong>alius,</strong></span> <span class='ocrx_word' id='word_1_466' title='bbox 1377 3700 1647 3771; x_wconf 79' lang='lat' dir='ltr'><strong>quietiam</strong></span> <span class='ocrx_word' id='word_1_467' title='bbox 1677 3700 1967 3760; x_wconf 83' lang='lat' dir='ltr'><strong>monachus</strong></span> <span class='ocrx_word' id='word_1_468' title='bbox 1990 3700 2108 3769; x_wconf 68' lang='lat' dir='ltr'><strong>fuit,</strong></span> 
     </span>
    </p>
   </div>
   <div class='ocr_carea' id='block_1_66' title="bbox 532 3770 2111 3842">
    <p class='ocr_par' dir='ltr' id='par_1_66' title="bbox 532 3770 2111 3842">
     <span class='ocr_line' id='line_1_66' title="bbox 532 3770 2111 3842; baseline 0.006 -21"><span class='ocrx_word' id='word_1_469' title='bbox 532 3771 923 3842; x_wconf 84' lang='lat' dir='ltr'><strong>nonagintaque</strong></span> <span class='ocrx_word' id='word_1_470' title='bbox 958 3770 1191 3826; x_wconf 84' lang='lat' dir='ltr'><strong>confecit</strong></span> <span class='ocrx_word' id='word_1_471' title='bbox 1211 3785 1399 3835; x_wconf 82' lang='lat' dir='ltr'><strong>annus,</strong></span> <span class='ocrx_word' id='word_1_472' title='bbox 1427 3787 1520 3839; x_wconf 89' lang='lat' dir='ltr'><strong>per</strong></span> <span class='ocrx_word' id='word_1_473' title='bbox 1541 3782 1707 3828; x_wconf 90' lang='lat' dir='ltr'><strong>totum</strong></span> <span class='ocrx_word' id='word_1_474' title='bbox 1732 3775 1851 3827; x_wconf 72' lang='lat' dir='ltr'><strong>vita:</strong></span> <span class='ocrx_word' id='word_1_475' title='bbox 1883 3776 2111 3842; x_wconf 87' lang='lat' dir='ltr'><strong>spatium</strong></span> 
     </span>
    </p>
   </div>
   <div class='ocr_carea' id='block_1_67' title="bbox 536 3839 2112 3909">
    <p class='ocr_par' dir='ltr' id='par_1_67' title="bbox 536 3839 2112 3909">
     <span class='ocr_line' id='line_1_67' title="bbox 536 3839 2112 3909; baseline 0.004 -18"><span class='ocrx_word' id='word_1_476' title='bbox 536 3839 732 3894; x_wconf 89' lang='lat' dir='ltr'><strong>nullius</strong></span> <span class='ocrx_word' id='word_1_477' title='bbox 781 3855 1013 3909; x_wconf 89' lang='lat' dir='ltr'><strong>unquam</strong></span> <span class='ocrx_word' id='word_1_478' title='bbox 1061 3842 1289 3895; x_wconf 87' lang='lat' dir='ltr'><strong>hominis</strong></span> <span class='ocrx_word' id='word_1_479' title='bbox 1333 3843 1589 3897; x_wconf 87' lang='lat' dir='ltr'><strong>societate</strong></span> <span class='ocrx_word' id='word_1_480' title='bbox 1634 3853 1686 3895; x_wconf 91' lang='lat' dir='ltr'><strong>ct</strong></span> <span class='ocrx_word' id='word_1_481' title='bbox 1724 3839 2112 3899; x_wconf 77' lang='lat' dir='ltr'><strong>consuetudine</strong></span> 
     </span>
    </p>
   </div>
   <div class='ocr_carea' id='block_1_68' title="bbox 531 3910 2109 3985">
    <p class='ocr_par' dir='ltr' id='par_1_68' title="bbox 531 3910 2109 3985">
     <span class='ocr_line' id='line_1_68' title="bbox 531 3910 2109 3985; baseline 0.006 -24"><span class='ocrx_word' id='word_1_482' title='bbox 531 3925 657 3985; x_wconf 67' lang='lat' dir='ltr'><strong>usus</strong></span> <span class='ocrx_word' id='word_1_483' title='bbox 685 3920 789 3985; x_wconf 82' lang='lat' dir='ltr'><strong>est.</strong></span> <span class='ocrx_word' id='word_1_484' title='bbox 823 3912 948 3985; x_wconf 62' lang='lat' dir='ltr'><strong>Quae</strong></span> <span class='ocrx_word' id='word_1_485' title='bbox 976 3910 1043 3985; x_wconf 86' lang='lat' dir='ltr'><strong>ad</strong></span> <span class='ocrx_word' id='word_1_486' title='bbox 1073 3911 1277 3985; x_wconf 75' lang='lat' dir='ltr'><strong>verbum</strong></span> <span class='ocrx_word' id='word_1_487' title='bbox 1302 3914 1569 3985; x_wconf 69' lang='lat' dir='ltr'><strong>exscripsit</strong></span> <span class='ocrx_word' id='word_1_488' title='bbox 1612 3912 1804 3967; x_wconf 89' lang='lat' dir='ltr'><strong>Suidas</strong></span> <span class='ocrx_word' id='word_1_489' title='bbox 1824 3915 1879 3985; x_wconf 82' lang='lat' dir='ltr'><strong>in</strong></span> <span class='ocrx_word' id='word_1_490' title='bbox 1898 3916 2109 3985; x_wconf 63' lang='lat' dir='ltr'><strong>’ipabg.</strong></span> 
     </span>
    </p>
   </div>
   <div class='ocr_carea' id='block_1_69' title="bbox 531 3976 2108 4054">
    <p class='ocr_par' dir='ltr' id='par_1_69' title="bbox 531 3976 2108 4054">
     <span class='ocr_line' id='line_1_69' title="bbox 531 3976 2108 4054; baseline 0.005 -23"><span class='ocrx_word' id='word_1_491' title='bbox 531 3976 779 4054; x_wconf 7' lang='lat' dir='ltr'><strong>Huncqin</strong></span> <span class='ocrx_word' id='word_1_492' title='bbox 831 3981 977 4036; x_wconf 87' lang='lat' dir='ltr'><strong>Scete</strong></span> <span class='ocrx_word' id='word_1_493' title='bbox 1001 3984 1237 4051; x_wconf 84' lang='lat' dir='ltr'><strong>ﬂoruisse</strong></span> <span class='ocrx_word' id='word_1_494' title='bbox 1282 3983 1438 4039; x_wconf 86' lang='lat' dir='ltr'><strong>tradit</strong></span> <span class='ocrx_word' id='word_1_495' title='bbox 1470 3976 1819 4054; x_wconf 47' lang='lat' dir='ltr'><strong>&#39;Sazomenus,</strong></span> <span class='ocrx_word' id='word_1_496' title='bbox 1861 3976 1968 4037; x_wconf 56' lang='lat' dir='ltr'><strong>lib.&#39;</strong></span> <span class='ocrx_word' id='word_1_497' title='bbox 2003 3976 2108 4054; x_wconf 75' lang='lat' dir='ltr'><strong>IV,</strong></span> 
     </span>
    </p>
   </div>
   <div class='ocr_carea' id='block_1_70' title="bbox 525 4052 2035 4116">
    <p class='ocr_par' dir='ltr' id='par_1_70' title="bbox 525 4052 2035 4116">
     <span class='ocr_line' id='line_1_70' title="bbox 525 4052 2035 4116; baseline 0.005 -14"><span class='ocrx_word' id='word_1_498' title='bbox 525 4066 640 4116; x_wconf 88' lang='lat' dir='ltr'><strong>cap.</strong></span> <span class='ocrx_word' id='word_1_499' title='bbox 672 4052 761 4107; x_wconf 78' lang='lat'><strong>50.</strong></span> <span class='ocrx_word' id='word_1_500' title='bbox 1692 4052 2035 4110; x_wconf 78' lang='lat' dir='ltr'><strong>Roswevons.</strong></span> 
     </span>
    </p>
   </div>
   <div class='ocr_carea' id='block_1_71' title="bbox 602 4122 2109 4201">
    <p class='ocr_par' dir='ltr' id='par_1_71' title="bbox 602 4122 2109 4201">
     <span class='ocr_line' id='line_1_71' title="bbox 602 4122 2109 4201; baseline 0.005 -26"><span class='ocrx_word' id='word_1_501' title='bbox 602 4122 626 4159; x_wconf 77' lang='grc' dir='ltr'>δ</span> <span class='ocrx_word' id='word_1_502' title='bbox 649 4122 867 4201; x_wconf 58' lang='lat' dir='ltr'><strong>Omnia:</strong></span> <span class='ocrx_word' id='word_1_503' title='bbox 884 4122 906 4201; x_wconf 79' lang='lat'>]</span> <span class='ocrx_word' id='word_1_504' title='bbox 932 4123 1245 4201; x_wconf 74' lang='lat' dir='ltr'><strong>Sesomenus</strong></span> <span class='ocrx_word' id='word_1_505' title='bbox 1276 4124 1362 4177; x_wconf 89' lang='lat' dir='ltr'><strong>lib.</strong></span> <span class='ocrx_word' id='word_1_506' title='bbox 1390 4122 1489 4201; x_wconf 67' lang='lat' dir='ltr'><strong>Vi,</strong></span> <span class='ocrx_word' id='word_1_507' title='bbox 1512 4140 1627 4201; x_wconf 76' lang='lat' dir='ltr'><strong>cap.</strong></span> <span class='ocrx_word' id='word_1_508' title='bbox 1644 4124 1732 4201; x_wconf 63' lang='grc' dir='ltr'><strong>ὄρ.</strong></span> <span class='ocrx_word' id='word_1_509' title='bbox 1759 4131 1969 4201; x_wconf 75' lang='grc' dir='ltr'><strong>κρανίων</strong></span> <span class='ocrx_word' id='word_1_510' title='bbox 1988 4131 2109 4201; x_wconf 64' lang='grc' dir='ltr'><strong>τοὺς</strong></span> 
     </span>
    </p>
   </div>
   <div class='ocr_carea' id='block_1_72' title="bbox 526 4194 2107 4267">
    <p class='ocr_par' dir='ltr' id='par_1_72' title="bbox 526 4194 2107 4267">
     <span class='ocr_line' id='line_1_72' title="bbox 526 4194 2107 4267; baseline 0.004 -21"><span class='ocrx_word' id='word_1_511' title='bbox 526 4194 703 4267; x_wconf 46' lang='grc' dir='ltr'><strong>ἑκατὸν</strong></span> <span class='ocrx_word' id='word_1_512' title='bbox 726 4199 807 4249; x_wconf 82' lang='grc' dir='ltr'><strong>καὶ</strong></span> <span class='ocrx_word' id='word_1_513' title='bbox 838 4194 957 4251; x_wconf 80' lang='grc' dir='ltr'><strong>δέκα</strong></span> <span class='ocrx_word' id='word_1_514' title='bbox 986 4198 1249 4253; x_wconf 79' lang='grc' dir='ltr'><strong>ἐνιαυτοὺς</strong></span> <span class='ocrx_word' id='word_1_515' title='bbox 1278 4197 1516 4267; x_wconf 72' lang='grc' dir='ltr'><strong>γεγονώς.</strong></span> <span class='ocrx_word' id='word_1_516' title='bbox 1550 4194 1979 4267; x_wconf 58' lang='lat' dir='ltr'><strong>Oroni0ii&#39;annus</strong></span> <span class='ocrx_word' id='word_1_517' title='bbox 1997 4198 2107 4267; x_wconf 86' lang='lat' dir='ltr'><strong>jam</strong></span> 
     </span>
    </p>
   </div>
   <div class='ocr_carea' id='block_1_73' title="bbox 524 4263 2105 4337">
    <p class='ocr_par' dir='ltr' id='par_1_73' title="bbox 524 4263 2105 4337">
     <span class='ocr_line' id='line_1_73' title="bbox 524 4263 2105 4337; baseline 0.004 -22"><span class='ocrx_word' id='word_1_518' title='bbox 524 4263 755 4337; x_wconf 58' lang='lat' dir='ltr'><strong>circiter</strong></span> <span class='ocrx_word' id='word_1_519' title='bbox 776 4266 963 4320; x_wconf 88' lang='lat' dir='ltr'><strong>decem</strong></span> <span class='ocrx_word' id='word_1_520' title='bbox 1010 4274 1062 4321; x_wconf 92' lang='lat' dir='ltr'><strong>et</strong></span> <span class='ocrx_word' id='word_1_521' title='bbox 1096 4263 1312 4337; x_wconf 81' lang='lat' dir='ltr'><strong>centum</strong></span> <span class='ocrx_word' id='word_1_522' title='bbox 1345 4263 1523 4337; x_wconf 78' lang='lat' dir='ltr'><strong>natus.</strong></span> <span class='ocrx_word' id='word_1_523' title='bbox 1566 4263 1841 4321; x_wconf 88' lang='lat' dir='ltr'><strong>Palladius</strong></span> <span class='ocrx_word' id='word_1_524' title='bbox 1868 4263 2105 4337; x_wconf 57' lang='lat' dir='ltr'><strong>cap.&#39;25,</strong></span> 
     </span>
    </p>
   </div>
   <div class='ocr_carea' id='block_1_74' title="bbox 523 4333 2108 4407">
    <p class='ocr_par' dir='ltr' id='par_1_74' title="bbox 523 4333 2108 4407">
     <span class='ocr_line' id='line_1_74' title="bbox 523 4333 2108 4407; baseline 0.006 -22"><span class='ocrx_word' id='word_1_525' title='bbox 523 4333 671 4407; x_wconf 79' lang='lat' dir='ltr'><strong>habet</strong></span> <span class='ocrx_word' id='word_1_526' title='bbox 700 4334 990 4390; x_wconf 89' lang='lat' dir='ltr'><strong>Chronium</strong></span> <span class='ocrx_word' id='word_1_527' title='bbox 1013 4335 1359 4407; x_wconf 79' lang='lat' dir='ltr'><strong>presbyterum</strong></span> <span class='ocrx_word' id='word_1_528' title='bbox 1387 4334 1574 4407; x_wconf 63' lang='grc' dir='ltr'><strong>Νῦν-ἕω</strong></span> <span class='ocrx_word' id='word_1_529' title='bbox 1598 4346 1643 4390; x_wconf 89' lang='lat' dir='ltr'><strong>et</strong></span> <span class='ocrx_word' id='word_1_530' title='bbox 1673 4354 1787 4405; x_wconf 88' lang='lat' dir='ltr'><strong>cap.</strong></span> <span class='ocrx_word' id='word_1_531' title='bbox 1815 4338 1907 4393; x_wconf 74' lang='lat'><strong>89.</strong></span> <span class='ocrx_word' id='word_1_532' title='bbox 1931 4333 2108 4393; x_wconf 74' lang='lat' dir='ltr'><strong>Chro-</strong></span> 
     </span>
    </p>
   </div>
   <div class='ocr_carea' id='block_1_75' title="bbox 526 4404 2105 4477">
    <p class='ocr_par' dir='ltr' id='par_1_75' title="bbox 526 4404 2105 4477">
     <span class='ocr_line' id='line_1_75' title="bbox 526 4404 2105 4477; baseline 0.003 -20"><span class='ocrx_word' id='word_1_533' title='bbox 526 4404 671 4458; x_wconf 90' lang='lat' dir='ltr'><strong>ninm</strong></span> <span class='ocrx_word' id='word_1_534' title='bbox 714 4423 911 4475; x_wconf 88' lang='lat' dir='ltr'><strong>quoque</strong></span> <span class='ocrx_word' id='word_1_535' title='bbox 959 4404 1615 4477; x_wconf 74' lang='lat' dir='ltr'><strong>presbyterunt,_abbatem</strong></span> <span class='ocrx_word' id='word_1_536' title='bbox 1645 4404 1977 4462; x_wconf 60' lang='lat' dir='ltr'><strong>trecentorum</strong></span> <span class='ocrx_word' id='word_1_537' title='bbox 2009 4427 2105 4477; x_wconf 81' lang='lat' dir='ltr'><strong>pa-</strong></span> 
     </span>
    </p>
   </div>
   <div class='ocr_carea' id='block_1_76' title="bbox 527 4474 2102 4545">
    <p class='ocr_par' dir='ltr' id='par_1_76' title="bbox 527 4474 2102 4545">
     <span class='ocr_line' id='line_1_76' title="bbox 527 4474 2102 4545; baseline 0.005 -19"><span class='ocrx_word' id='word_1_538' title='bbox 527 4484 661 4545; x_wconf 84' lang='lat' dir='ltr'><strong>trum</strong></span> <span class='ocrx_word' id='word_1_539' title='bbox 688 4474 740 4529; x_wconf 87' lang='lat' dir='ltr'><strong>in</strong></span> <span class='ocrx_word' id='word_1_540' title='bbox 765 4474 966 4530; x_wconf 82' lang='lat' dir='ltr'><strong>deserto</strong></span> <span class='ocrx_word' id='word_1_541' title='bbox 988 4481 1125 4545; x_wconf 85' lang='lat' dir='ltr'><strong>apud</strong></span> <span class='ocrx_word' id='word_1_542' title='bbox 1150 4478 1311 4529; x_wconf 80' lang='lat' dir='ltr'><strong>vicum</strong></span> <span class='ocrx_word' id='word_1_543' title='bbox 1336 4474 1614 4543; x_wconf 61' lang='lat' dir='ltr'><strong>Phoenica},</strong></span> <span class='ocrx_word' id='word_1_544' title='bbox 1642 4480 1775 4532; x_wconf 88' lang='lat' dir='ltr'><strong>unde</strong></span> <span class='ocrx_word' id='word_1_545' title='bbox 1805 4488 1947 4533; x_wconf 87' lang='lat' dir='ltr'><strong>ortus</strong></span> <span class='ocrx_word' id='word_1_546' title='bbox 1976 4474 2102 4535; x_wconf 77' lang='lat' dir='ltr'><strong>erat.</strong></span> 
     </span>
    </p>
   </div>
   <div class='ocr_carea' id='block_1_77' title="bbox 528 4544 2105 4610">
    <p class='ocr_par' dir='ltr' id='par_1_77' title="bbox 528 4544 2105 4610">
     <span class='ocr_line' id='line_1_77' title="bbox 528 4544 2105 4610; baseline 0.004 -12"><span class='ocrx_word' id='word_1_547' title='bbox 528 4544 809 4610; x_wconf 86' lang='lat' dir='ltr'><strong>Utrumque</strong></span> <span class='ocrx_word' id='word_1_548' title='bbox 830 4548 1050 4600; x_wconf 80' lang='lat' dir='ltr'><strong>Antonio</strong></span> <span class='ocrx_word' id='word_1_549' title='bbox 1072 4556 1245 4600; x_wconf 84' lang='lat' dir='ltr'><strong>nolunt</strong></span> <span class='ocrx_word' id='word_1_550' title='bbox 1263 4548 1335 4597; x_wconf 91' lang='lat' dir='ltr'><strong>ait</strong></span> <span class='ocrx_word' id='word_1_551' title='bbox 1362 4544 1654 4600; x_wconf 81' lang='lat' dir='ltr'><strong>Palladius.</strong></span> <span class='ocrx_word' id='word_1_552' title='bbox 1677 4550 1752 4600; x_wconf 84' lang='lat' dir='ltr'><strong>An</strong></span> <span class='ocrx_word' id='word_1_553' title='bbox 1779 4549 1910 4602; x_wconf 82' lang='lat' dir='ltr'><strong>alter</strong></span> <span class='ocrx_word' id='word_1_554' title='bbox 1928 4568 2105 4604; x_wconf 86' lang='lat' dir='ltr'><strong>earum</strong></span> 
     </span>
    </p>
   </div>
   <div class='ocr_carea' id='block_1_78' title="bbox 522 4590 2190 4682">
    <p class='ocr_par' dir='ltr' id='par_1_78' title="bbox 522 4590 2190 4682">
     <span class='ocr_line' id='line_1_78' title="bbox 522 4590 2190 4682; baseline 0.005 -15"><span class='ocrx_word' id='word_1_555' title='bbox 522 4616 655 4668; x_wconf 88' lang='lat' dir='ltr'><strong>idem</strong></span> <span class='ocrx_word' id='word_1_556' title='bbox 677 4590 791 4669; x_wconf 53' lang='lat' dir='ltr'><strong>cum</strong></span> <span class='ocrx_word' id='word_1_557' title='bbox 1027 4590 1221 4669; x_wconf 71' lang='lat' dir='ltr'><strong>dubito.</strong></span> <span class='ocrx_word' id='word_1_558' title='bbox 1250 4590 2105 4682; x_wconf 37' lang='lat' dir='ltr'><strong>Noste‘rnh-i‘c&#39;iri</strong></span> <span class='ocrx_word' id='word_1_559' title='bbox 2137 4590 2190 4648; x_wconf 71' lang='grc' dir='ltr'><strong><em>Β</em></strong></span> 
     </span>
    </p>
   </div>
   <div class='ocr_carea' id='block_1_79' title="bbox 525 4689 2033 4753">
    <p class='ocr_par' dir='ltr' id='par_1_79' title="bbox 525 4689 2033 4753">
     <span class='ocr_line' id='line_1_79' title="bbox 525 4689 2033 4753; baseline 0.003 -14"><span class='ocrx_word' id='word_1_560' title='bbox 525 4702 735 4740; x_wconf 77' lang='lat' dir='ltr'><strong>zomeno</strong></span> <span class='ocrx_word' id='word_1_561' title='bbox 760 4689 954 4753; x_wconf 82' lang='lat' dir='ltr'><strong>ﬂoruit.</strong></span> <span class='ocrx_word' id='word_1_562' title='bbox 1687 4690 2033 4745; x_wconf 67' lang='lat' dir='ltr'><strong>lioswsvnus.</strong></span> 
     </span>
    </p>
   </div>
   <div class='ocr_carea' id='block_1_80' title="bbox 598 4756 2107 4835">
    <p class='ocr_par' dir='ltr' id='par_1_80' title="bbox 598 4756 2107 4835">
     <span class='ocr_line' id='line_1_80' title="bbox 598 4756 2107 4835; baseline 0.003 -25"><span class='ocrx_word' id='word_1_563' title='bbox 598 4770 618 4792; x_wconf 63' lang='grc' dir='ltr'><strong><em>ν</em></strong></span> <span class='ocrx_word' id='word_1_564' title='bbox 658 4758 908 4835; x_wconf 68' lang='lat' dir='ltr'><strong>Origene.</strong></span> <span class='ocrx_word' id='word_1_565' title='bbox 941 4756 959 4827; x_wconf 91' lang='lat'>]</span> <span class='ocrx_word' id='word_1_566' title='bbox 992 4756 1302 4835; x_wconf 65' lang='lat' dir='ltr'><strong>_Sozomenus</strong></span> <span class='ocrx_word' id='word_1_567' title='bbox 1330 4757 1418 4835; x_wconf 76' lang='lat' dir='ltr'><strong>lib.</strong></span> <span class='ocrx_word' id='word_1_568' title='bbox 1454 4756 1549 4835; x_wconf 57' lang='lat' dir='ltr'><strong>i’l,</strong></span> <span class='ocrx_word' id='word_1_569' title='bbox 1583 4774 1697 4835; x_wconf 81' lang='lat' dir='ltr'><strong>cap.</strong></span> <span class='ocrx_word' id='word_1_570' title='bbox 1730 4760 1817 4813; x_wconf 79' lang='lat'><strong>50.</strong></span> <span class='ocrx_word' id='word_1_571' title='bbox 1861 4763 2107 4835; x_wconf 76' lang='grc' dir='ltr'><strong>Γηραλέος</strong></span> 
     </span>
    </p>
   </div>
   <div class='ocr_carea' id='block_1_81' title="bbox 525 4826 2106 4913">
    <p class='ocr_par' dir='ltr' id='par_1_81' title="bbox 525 4826 2106 4913">
     <span class='ocr_line' id='line_1_81' title="bbox 525 4826 2106 4913; baseline 0.003 -34"><span class='ocrx_word' id='word_1_572' title='bbox 525 4830 613 4897; x_wconf 74' lang='grc' dir='ltr'><strong>μέν</strong></span> <span class='ocrx_word' id='word_1_573' title='bbox 658 4826 955 4901; x_wconf 45' lang='grc' dir='ltr'><strong>Ὠριγένηςί</strong></span> <span class='ocrx_word' id='word_1_574' title='bbox 984 4830 1154 4913; x_wconf 53' lang='grc' dir='ltr'><strong>ἑνεςῷν</strong></span> <span class='ocrx_word' id='word_1_575' title='bbox 1196 4829 1432 4897; x_wconf 77' lang='grc' dir='ltr'><strong>μαϐητῶν</strong></span> <span class='ocrx_word' id='word_1_576' title='bbox 1468 4826 1707 4887; x_wconf 75' lang='grc' dir='ltr'><strong>’Λντονίου</strong></span> <span class='ocrx_word' id='word_1_577' title='bbox 1752 4838 1864 4913; x_wconf 74' lang='grc' dir='ltr'><strong>’τοῦ¹</strong></span> <span class='ocrx_word' id='word_1_578' title='bbox 1886 4826 2106 4913; x_wconf 63' lang='grc' dir='ltr'><strong>μὲγὰλον</strong></span> 
     </span>
    </p>
   </div>
   <div class='ocr_carea' id='block_1_82' title="bbox 530 4899 2109 4972">
    <p class='ocr_par' dir='ltr' id='par_1_82' title="bbox 530 4899 2109 4972">
     <span class='ocr_line' id='line_1_82' title="bbox 530 4899 2109 4972; baseline 0.004 -23"><span class='ocrx_word' id='word_1_579' title='bbox 530 4899 975 4972; x_wconf 56' lang='grc' dir='ltr'><strong>περιειλξιμμένοςι</strong></span> <span class='ocrx_word' id='word_1_580' title='bbox 1025 4899 1282 4972; x_wconf 65' lang='lat' dir='ltr'><strong>Origenes</strong></span> <span class='ocrx_word' id='word_1_581' title='bbox 1331 4912 1492 4950; x_wconf 78' lang='lat' dir='ltr'><strong>senex</strong></span> <span class='ocrx_word' id='word_1_582' title='bbox 1547 4914 1682 4951; x_wconf 90' lang='lat' dir='ltr'><strong>unus</strong></span> <span class='ocrx_word' id='word_1_583' title='bbox 1715 4899 2109 4972; x_wconf 26' lang='lat' dir='ltr'><strong>exutlist-ipulis</strong></span> 
     </span>
    </p>
   </div>
   <div class='ocr_carea' id='block_1_83' title="bbox 526 4967 744 5020">
    <p class='ocr_par' dir='ltr' id='par_1_83' title="bbox 526 4967 744 5020">
     <span class='ocr_line' id='line_1_83' title="bbox 526 4967 744 5020; baseline 0.005 -1"><span class='ocrx_word' id='word_1_584' title='bbox 526 4967 744 5020; x_wconf 77' lang='lat' dir='ltr'><strong>Alilmtii</strong></span> 
     </span>
    </p>
   </div>
   <div class='ocr_carea' id='block_1_84' title="bbox 522 5038 725 5090">
    <p class='ocr_par' dir='ltr' id='par_1_84' title="bbox 522 5038 725 5090">
     <span class='ocr_line' id='line_1_84' title="bbox 522 5038 725 5090; baseline 0.005 -1"><span class='ocrx_word' id='word_1_585' title='bbox 522 5038 725 5090; x_wconf 75' lang='lat' dir='ltr'><strong>uixisse.</strong></span> 
     </span>
    </p>
   </div>
   <div class='ocr_carea' id='block_1_85' title="bbox 596 5104 2102 5176">
    <p class='ocr_par' dir='ltr' id='par_1_85' title="bbox 596 5104 2102 5176">
     <span class='ocr_line' id='line_1_85' title="bbox 596 5104 2102 5176; baseline 0.004 -19"><span class='ocrx_word' id='word_1_586' title='bbox 596 5104 622 5157; x_wconf 59' lang='grc' dir='ltr'><strong>ιι</strong></span> <span class='ocrx_word' id='word_1_587' title='bbox 638 5105 911 5176; x_wconf 63' lang='lat' dir='ltr'><strong>Evagrio]</strong></span> <span class='ocrx_word' id='word_1_588' title='bbox 932 5106 1028 5170; x_wconf 84' lang='lat' dir='ltr'><strong>Qui</strong></span> <span class='ocrx_word' id='word_1_589' title='bbox 1046 5122 1123 5159; x_wconf 84' lang='lat' dir='ltr'><strong>res</strong></span> <span class='ocrx_word' id='word_1_590' title='bbox 1140 5104 1350 5175; x_wconf 79' lang='lat' dir='ltr'><strong>Evagrii</strong></span> <span class='ocrx_word' id='word_1_591' title='bbox 1367 5124 1543 5175; x_wconf 86' lang='lat' dir='ltr'><strong>parum</strong></span> <span class='ocrx_word' id='word_1_592' title='bbox 1562 5118 1847 5175; x_wconf 75' lang='lat' dir='ltr'><strong>perspectas</strong></span> <span class='ocrx_word' id='word_1_593' title='bbox 1860 5112 2102 5174; x_wconf 83' lang='lat' dir='ltr'><strong>habuere,</strong></span> 
     </span>
    </p>
   </div>
   <div class='ocr_carea' id='block_1_86' title="bbox 522 5176 2102 5245">
    <p class='ocr_par' dir='ltr' id='par_1_86' title="bbox 522 5176 2102 5245">
     <span class='ocr_line' id='line_1_86' title="bbox 522 5176 2102 5245; baseline 0.004 -15"><span class='ocrx_word' id='word_1_594' title='bbox 522 5180 691 5241; x_wconf 79' lang='lat' dir='ltr'><strong>ipsum</strong></span> <span class='ocrx_word' id='word_1_595' title='bbox 719 5176 1021 5244; x_wconf 81' lang='lat' dir='ltr'><strong>quandoque</strong></span> <span class='ocrx_word' id='word_1_596' title='bbox 1050 5176 1349 5235; x_wconf 85' lang='lat' dir='ltr'><strong>laudant,ut</strong></span> <span class='ocrx_word' id='word_1_597' title='bbox 1378 5177 1615 5233; x_wconf 87' lang='lat' dir='ltr'><strong>Socrates</strong></span> <span class='ocrx_word' id='word_1_598' title='bbox 1638 5178 1981 5245; x_wconf 64' lang='grc' dir='ltr'><strong>Νουιιιὶαηιιι,</strong></span> <span class='ocrx_word' id='word_1_599' title='bbox 2010 5180 2102 5237; x_wconf 84' lang='lat' dir='ltr'><strong>lib.</strong></span> 
     </span>
    </p>
   </div>
   <div class='ocr_carea' id='block_1_87' title="bbox 526 5246 2104 5317">
    <p class='ocr_par' dir='ltr' id='par_1_87' title="bbox 526 5246 2104 5317">
     <span class='ocr_line' id='line_1_87' title="bbox 526 5246 2104 5317; baseline 0.003 -16"><span class='ocrx_word' id='word_1_600' title='bbox 526 5248 629 5301; x_wconf 86' lang='lat' dir='ltr'><strong>IV.</strong></span> <span class='ocrx_word' id='word_1_601' title='bbox 656 5247 853 5301; x_wconf 77' lang='lat' dir='ltr'><strong>Hister.</strong></span> <span class='ocrx_word' id='word_1_602' title='bbox 878 5246 1214 5317; x_wconf 15' lang='lat' dir='ltr'><strong>Eccles.icap_.</strong></span> <span class='ocrx_word' id='word_1_603' title='bbox 1244 5247 1325 5308; x_wconf 77' lang='lat'><strong>18,</strong></span> <span class='ocrx_word' id='word_1_604' title='bbox 1354 5260 1399 5301; x_wconf 92' lang='lat' dir='ltr'><strong>et</strong></span> <span class='ocrx_word' id='word_1_605' title='bbox 1427 5248 1743 5302; x_wconf 82' lang='lat' dir='ltr'><strong>Sozomenus</strong></span> <span class='ocrx_word' id='word_1_606' title='bbox 1764 5266 1903 5317; x_wconf 78' lang='lat' dir='ltr'><strong>teque</strong></span> <span class='ocrx_word' id='word_1_607' title='bbox 1929 5251 1979 5304; x_wconf 88' lang='grc' dir='ltr'><strong><em>Ν</em></strong></span> <span class='ocrx_word' id='word_1_608' title='bbox 1986 5268 2104 5305; x_wconf 83' lang='lat' dir='ltr'><strong>ova-</strong></span> 
     </span>
    </p>
   </div>
   <div class='ocr_carea' id='block_1_88' title="bbox 524 5315 2099 5393">
    <p class='ocr_par' dir='ltr' id='par_1_88' title="bbox 524 5315 2099 5393">
     <span class='ocr_line' id='line_1_88' title="bbox 524 5315 2099 5393; baseline 0.004 -22"><span class='ocrx_word' id='word_1_609' title='bbox 524 5322 701 5393; x_wconf 66' lang='lat' dir='ltr'><strong>tianus</strong></span> <span class='ocrx_word' id='word_1_610' title='bbox 720 5320 809 5373; x_wconf 88' lang='lat' dir='ltr'><strong>lib.</strong></span> <span class='ocrx_word' id='word_1_611' title='bbox 822 5316 920 5393; x_wconf 54' lang='lat' dir='ltr'><strong>Kl,</strong></span> <span class='ocrx_word' id='word_1_612' title='bbox 942 5334 1053 5393; x_wconf 83' lang='lat' dir='ltr'><strong>cap.</strong></span> <span class='ocrx_word' id='word_1_613' title='bbox 1072 5316 1159 5393; x_wconf 62' lang='lat' dir='ltr'><strong>Eli.</strong></span> <span class='ocrx_word' id='word_1_614' title='bbox 1180 5315 1203 5369; x_wconf 89' lang='grc'><em>1</em></span> <span class='ocrx_word' id='word_1_615' title='bbox 1211 5319 1322 5393; x_wconf 80' lang='lat' dir='ltr'><strong>dem</strong></span> <span class='ocrx_word' id='word_1_616' title='bbox 1335 5320 1454 5393; x_wconf 79' lang='lat' dir='ltr'><strong>facit</strong></span> <span class='ocrx_word' id='word_1_617' title='bbox 1472 5318 1768 5393; x_wconf 69' lang='lat' dir='ltr'><strong>Gennadius</strong></span> <span class='ocrx_word' id='word_1_618' title='bbox 1782 5315 1835 5374; x_wconf 78' lang='lat' dir='ltr'><strong>in</strong></span> <span class='ocrx_word' id='word_1_619' title='bbox 1846 5323 2099 5393; x_wconf 82' lang='lat' dir='ltr'><strong>catalogo,</strong></span> 
     </span>
    </p>
   </div>
   <div class='ocr_carea' id='block_1_89' title="bbox 521 5389 2098 5460">
    <p class='ocr_par' dir='ltr' id='par_1_89' title="bbox 521 5389 2098 5460">
     <span class='ocr_line' id='line_1_89' title="bbox 521 5389 2098 5460; baseline 0.004 -19"><span class='ocrx_word' id='word_1_620' title='bbox 521 5392 606 5457; x_wconf 85' lang='lat' dir='ltr'><strong>qui</strong></span> <span class='ocrx_word' id='word_1_621' title='bbox 636 5390 789 5460; x_wconf 75' lang='lat' dir='ltr'><strong>etiam</strong></span> <span class='ocrx_word' id='word_1_622' title='bbox 820 5389 1038 5460; x_wconf 85' lang='lat' dir='ltr'><strong>Evagrio</strong></span> <span class='ocrx_word' id='word_1_623' title='bbox 1068 5389 1315 5440; x_wconf 86' lang='lat' dir='ltr'><strong>miracula</strong></span> <span class='ocrx_word' id='word_1_624' title='bbox 1340 5390 1549 5450; x_wconf 83' lang='lat' dir='ltr'><strong>tribuit;</strong></span> <span class='ocrx_word' id='word_1_625' title='bbox 1581 5391 1669 5442; x_wconf 82' lang='lat' dir='ltr'><strong>sed</strong></span> <span class='ocrx_word' id='word_1_626' title='bbox 1693 5390 1988 5447; x_wconf 81' lang='lat' dir='ltr'><strong>Gennadius</strong></span> <span class='ocrx_word' id='word_1_627' title='bbox 2014 5389 2098 5447; x_wconf 47' lang='lat' dir='ltr'><strong>iii;</strong></span> 
     </span>
    </p>
   </div>
   <div class='ocr_carea' id='block_1_90' title="bbox 522 5458 2101 5530">
    <p class='ocr_par' dir='ltr' id='par_1_90' title="bbox 522 5458 2101 5530">
     <span class='ocr_line' id='line_1_90' title="bbox 522 5458 2101 5530; baseline 0.004 -19"><span class='ocrx_word' id='word_1_628' title='bbox 522 5462 682 5513; x_wconf 84' lang='lat' dir='ltr'><strong>mium</strong></span> <span class='ocrx_word' id='word_1_629' title='bbox 709 5458 1005 5530; x_wconf 75' lang='lat' dir='ltr'><strong>Pelagianis</strong></span> <span class='ocrx_word' id='word_1_630' title='bbox 1024 5461 1217 5529; x_wconf 79' lang='lat' dir='ltr'><strong>favens,</strong></span> <span class='ocrx_word' id='word_1_631' title='bbox 1249 5459 1378 5512; x_wconf 82' lang='lat' dir='ltr'><strong>nihil</strong></span> <span class='ocrx_word' id='word_1_632' title='bbox 1400 5461 1603 5517; x_wconf 88' lang='lat' dir='ltr'><strong>mirum.</strong></span> <span class='ocrx_word' id='word_1_633' title='bbox 1629 5462 1673 5513; x_wconf 90' lang='lat' dir='ltr'><strong>si</strong></span> <span class='ocrx_word' id='word_1_634' title='bbox 1699 5460 2101 5530; x_wconf 82' lang='lat' dir='ltr'><strong>Pelagianorum</strong></span> 
     </span>
    </p>
   </div>
   <div class='ocr_carea' id='block_1_91' title="bbox 520 5530 2101 5601">
    <p class='ocr_par' dir='ltr' id='par_1_91' title="bbox 520 5530 2101 5601">
     <span class='ocr_line' id='line_1_91' title="bbox 520 5530 2101 5601; baseline 0.003 -19"><span class='ocrx_word' id='word_1_635' title='bbox 520 5542 774 5598; x_wconf 78' lang='lat' dir='ltr'><strong>parentem</strong></span> <span class='ocrx_word' id='word_1_636' title='bbox 802 5530 1075 5601; x_wconf 72' lang='lat' dir='ltr'><strong>Evagtium</strong></span> <span class='ocrx_word' id='word_1_637' title='bbox 1093 5530 1332 5601; x_wconf 74' lang='lat' dir='ltr'><strong>laudibus</strong></span> <span class='ocrx_word' id='word_1_638' title='bbox 1354 5531 1573 5595; x_wconf 88' lang='lat' dir='ltr'><strong>tollat,et</strong></span> <span class='ocrx_word' id='word_1_639' title='bbox 1589 5531 1720 5597; x_wconf 79' lang='lat' dir='ltr'><strong>falsa</strong></span> <span class='ocrx_word' id='word_1_640' title='bbox 1732 5532 1991 5601; x_wconf 79' lang='lat' dir='ltr'><strong>adscribat</strong></span> <span class='ocrx_word' id='word_1_641' title='bbox 2008 5537 2101 5587; x_wconf 90' lang='lat' dir='ltr'><strong>mi-</strong></span> 
     </span>
    </p>
   </div>
   <div class='ocr_carea' id='block_1_92' title="bbox 520 5598 2103 5672">
    <p class='ocr_par' dir='ltr' id='par_1_92' title="bbox 520 5598 2103 5672">
     <span class='ocr_line' id='line_1_92' title="bbox 520 5598 2103 5672; baseline 0.004 -21"><span class='ocrx_word' id='word_1_642' title='bbox 520 5602 718 5654; x_wconf 85' lang='lat' dir='ltr'><strong>racula.</strong></span> <span class='ocrx_word' id='word_1_643' title='bbox 750 5601 823 5655; x_wconf 89' lang='lat' dir='ltr'><strong>De</strong></span> <span class='ocrx_word' id='word_1_644' title='bbox 849 5598 1091 5656; x_wconf 57' lang='lat' dir='ltr'><strong>Palladia</strong></span> <span class='ocrx_word' id='word_1_645' title='bbox 1111 5598 1319 5665; x_wconf 74' lang='lat' dir='ltr'><strong>Celata,</strong></span> <span class='ocrx_word' id='word_1_646' title='bbox 1343 5603 1427 5671; x_wconf 90' lang='lat' dir='ltr'><strong>qui</strong></span> <span class='ocrx_word' id='word_1_647' title='bbox 1449 5601 1679 5672; x_wconf 84' lang='lat' dir='ltr'><strong>eumdem</strong></span> <span class='ocrx_word' id='word_1_648' title='bbox 1706 5600 1980 5672; x_wconf 82' lang='lat' dir='ltr'><strong>Evagrium</strong></span> <span class='ocrx_word' id='word_1_649' title='bbox 2005 5609 2103 5658; x_wconf 84' lang='lat' dir='ltr'><strong>nti-</strong></span> 
     </span>
    </p>
   </div>
   <div class='ocr_carea' id='block_1_93' title="bbox 519 5671 2104 5742">
    <p class='ocr_par' dir='ltr' id='par_1_93' title="bbox 519 5671 2104 5742">
     <span class='ocr_line' id='line_1_93' title="bbox 519 5671 2104 5742; baseline 0.005 -21"><span class='ocrx_word' id='word_1_650' title='bbox 519 5672 660 5735; x_wconf 82' lang='lat' dir='ltr'><strong>ri/ire</strong></span> <span class='ocrx_word' id='word_1_651' title='bbox 684 5673 970 5740; x_wconf 77' lang='lat' dir='ltr'><strong>celebravit,</strong></span> <span class='ocrx_word' id='word_1_652' title='bbox 984 5674 1187 5727; x_wconf 88' lang='lat' dir='ltr'><strong>silemus</strong></span> <span class='ocrx_word' id='word_1_653' title='bbox 1201 5675 1371 5738; x_wconf 85' lang='lat' dir='ltr'><strong>modo,</strong></span> <span class='ocrx_word' id='word_1_654' title='bbox 1387 5678 1521 5742; x_wconf 39' lang='lat' dir='ltr'><strong>quo&#39;l</strong></span> <span class='ocrx_word' id='word_1_655' title='bbox 1544 5671 1703 5723; x_wconf 88' lang='lat' dir='ltr'><strong>eidem</strong></span> <span class='ocrx_word' id='word_1_656' title='bbox 1719 5674 1769 5723; x_wconf 92' lang='lat' dir='ltr'><strong>in</strong></span> <span class='ocrx_word' id='word_1_657' title='bbox 1782 5671 2040 5737; x_wconf 87' lang='lat' dir='ltr'><strong>impietate</strong></span> <span class='ocrx_word' id='word_1_658' title='bbox 2055 5685 2104 5729; x_wconf 88' lang='lat' dir='ltr'><strong>et</strong></span> 
     </span>
    </p>
   </div>
   <div class='ocr_carea' id='block_1_94' title="bbox 520 5742 2102 5815">
    <p class='ocr_par' dir='ltr' id='par_1_94' title="bbox 520 5742 2102 5815">
     <span class='ocr_line' id='line_1_94' title="bbox 520 5742 2102 5815; baseline 0.006 -26"><span class='ocrx_word' id='word_1_659' title='bbox 520 5742 700 5793; x_wconf 61' lang='lat' dir='ltr'><strong>heresi</strong></span> <span class='ocrx_word' id='word_1_660' title='bbox 715 5759 830 5815; x_wconf 82' lang='lat' dir='ltr'><strong>par,</strong></span> <span class='ocrx_word' id='word_1_661' title='bbox 844 5745 1166 5815; x_wconf 76' lang='lat' dir='ltr'><strong>ejusdemque</strong></span> <span class='ocrx_word' id='word_1_662' title='bbox 1178 5743 1460 5811; x_wconf 82' lang='lat' dir='ltr'><strong>discipulus</strong></span> <span class='ocrx_word' id='word_1_663' title='bbox 1472 5742 1713 5815; x_wconf 71' lang='lat' dir='ltr'><strong>existens,</strong></span> <span class='ocrx_word' id='word_1_664' title='bbox 1730 5742 1897 5815; x_wconf 80' lang='lat' dir='ltr'><strong>mulus</strong></span> <span class='ocrx_word' id='word_1_665' title='bbox 1911 5746 2102 5815; x_wconf 75' lang='lat' dir='ltr'><strong>mulum</strong></span> 
     </span>
    </p>
   </div>
   <div class='ocr_carea' id='block_1_95' title="bbox 522 5811 2027 5883">
    <p class='ocr_par' dir='ltr' id='par_1_95' title="bbox 522 5811 2027 5883">
     <span class='ocr_line' id='line_1_95' title="bbox 522 5811 2027 5883; baseline 0.005 -24"><span class='ocrx_word' id='word_1_666' title='bbox 522 5823 695 5879; x_wconf 72' lang='lat' dir='ltr'><strong>mutuo</strong></span> <span class='ocrx_word' id='word_1_667' title='bbox 727 5811 903 5883; x_wconf 70' lang='lat' dir='ltr'><strong>scabit.</strong></span> <span class='ocrx_word' id='word_1_668' title='bbox 934 5814 1169 5877; x_wconf 82' lang='lat' dir='ltr'><strong>Dicemus</strong></span> <span class='ocrx_word' id='word_1_669' title='bbox 1200 5817 1261 5869; x_wconf 78' lang='lat' dir='ltr'><strong>tle</strong></span> <span class='ocrx_word' id='word_1_670' title='bbox 1288 5815 1377 5868; x_wconf 91' lang='lat' dir='ltr'><strong>illo</strong></span> <span class='ocrx_word' id='word_1_671' title='bbox 1408 5831 1501 5868; x_wconf 87' lang='lat' dir='ltr'><strong>suo</strong></span> <span class='ocrx_word' id='word_1_672' title='bbox 1526 5813 1638 5867; x_wconf 80' lang='lat' dir='ltr'><strong>loco</strong></span> <span class='ocrx_word' id='word_1_673' title='bbox 1671 5814 1822 5881; x_wconf 80' lang='lat' dir='ltr'><strong>(libro</strong></span> <span class='ocrx_word' id='word_1_674' title='bbox 1863 5811 2027 5883; x_wconf 79' lang='lat' dir='ltr'><strong><em>VIII)</em></strong></span> 
     </span>
    </p>
   </div>
   <div class='ocr_carea' id='block_1_96' title="bbox 838 4967 2111 5035">
    <p class='ocr_par' dir='ltr' id='par_1_96' title="bbox 838 4967 2111 5035">
     <span class='ocr_line' id='line_1_96' title="bbox 838 4967 2111 5035; baseline 0.004 -15"><span class='ocrx_word' id='word_1_675' title='bbox 838 4967 982 5035; x_wconf 83' lang='lat' dir='ltr'><strong>agni,</strong></span> <span class='ocrx_word' id='word_1_676' title='bbox 1026 4967 1114 5035; x_wconf 86' lang='lat' dir='ltr'><strong>qui</strong></span> <span class='ocrx_word' id='word_1_677' title='bbox 1160 4983 1189 5018; x_wconf 91' lang='lat' dir='ltr'><strong>a</strong></span> <span class='ocrx_word' id='word_1_678' title='bbox 1213 4967 1334 5017; x_wconf 86' lang='lat' dir='ltr'><strong>tliue</strong></span> <span class='ocrx_word' id='word_1_679' title='bbox 1369 4982 1649 5035; x_wconf 86' lang='lat' dir='ltr'><strong>supererat</strong></span> <span class='ocrx_word' id='word_1_680' title='bbox 1690 4970 1845 5022; x_wconf 83' lang='lat' dir='ltr'><strong>Addit</strong></span> <span class='ocrx_word' id='word_1_681' title='bbox 1875 4972 1925 5022; x_wconf 87' lang='lat' dir='ltr'><strong>in</strong></span> <span class='ocrx_word' id='word_1_682' title='bbox 1954 4974 2111 5026; x_wconf 81' lang='lat' dir='ltr'><strong>Seete</strong></span> 
     </span>
    </p>
   </div>
   <div class='ocr_carea' id='block_1_97' title="bbox 1684 5038 2033 5097">
    <p class='ocr_par' dir='ltr' id='par_1_97' title="bbox 1684 5038 2033 5097">
     <span class='ocr_line' id='line_1_97' title="bbox 1684 5038 2033 5097; baseline 0.009 -7"><span class='ocrx_word' id='word_1_683' title='bbox 1684 5038 2033 5097; x_wconf 72' lang='lat' dir='ltr'><strong>ttoswetous.</strong></span> 
     </span>
    </p>
   </div>
   <div class='ocr_carea' id='block_1_98' title="bbox 2214 3276 3798 3349">
    <p class='ocr_par' dir='ltr' id='par_1_98' title="bbox 2214 3276 3798 3349">
     <span class='ocr_line' id='line_1_98' title="bbox 2214 3276 3798 3349; baseline 0 -19"><span class='ocrx_word' id='word_1_684' title='bbox 2214 3279 2503 3333; x_wconf 76' lang='lat' dir='ltr'><strong>htereticunt</strong></span> <span class='ocrx_word' id='word_1_685' title='bbox 2533 3276 2874 3349; x_wconf 71' lang='lat' dir='ltr'><strong>()rigenistam</strong></span> <span class='ocrx_word' id='word_1_686' title='bbox 2896 3318 2912 3342; x_wconf 94' lang='lat'><strong>,</strong></span> <span class='ocrx_word' id='word_1_687' title='bbox 2938 3276 3332 3349; x_wconf 84' lang='lat' dir='ltr'><strong>Pelagianisque</strong></span> <span class='ocrx_word' id='word_1_688' title='bbox 3349 3276 3551 3331; x_wconf 81' lang='lat' dir='ltr'><strong>errandi</strong></span> <span class='ocrx_word' id='word_1_689' title='bbox 3580 3278 3798 3347; x_wconf 86' lang='lat' dir='ltr'><strong>amplis-</strong></span> 
     </span>
    </p>
   </div>
   <div class='ocr_carea' id='block_1_99' title="bbox 2212 3348 3795 3412">
    <p class='ocr_par' dir='ltr' id='par_1_99' title="bbox 2212 3348 3795 3412">
     <span class='ocr_line' id='line_1_99' title="bbox 2212 3348 3795 3412; baseline -0.002 -9"><span class='ocrx_word' id='word_1_690' title='bbox 2212 3352 2396 3403; x_wconf 87' lang='lat' dir='ltr'><strong>simam</strong></span> <span class='ocrx_word' id='word_1_691' title='bbox 2427 3348 2713 3403; x_wconf 71' lang='lat' dir='ltr'><strong>erhibuisse</strong></span> <span class='ocrx_word' id='word_1_692' title='bbox 2740 3350 3041 3412; x_wconf 90' lang='lat' dir='ltr'><strong>materiam,</strong></span> <span class='ocrx_word' id='word_1_693' title='bbox 3072 3348 3265 3402; x_wconf 75' lang='lat' dir='ltr'><strong>mirum</strong></span> <span class='ocrx_word' id='word_1_694' title='bbox 3288 3348 3331 3401; x_wconf 90' lang='lat' dir='ltr'><strong>si</strong></span> <span class='ocrx_word' id='word_1_695' title='bbox 3362 3349 3465 3410; x_wconf 80' lang='lat' dir='ltr'><strong>iam</strong></span> <span class='ocrx_word' id='word_1_696' title='bbox 3495 3364 3593 3400; x_wconf 90' lang='lat' dir='ltr'><strong>non</strong></span> <span class='ocrx_word' id='word_1_697' title='bbox 3623 3349 3795 3402; x_wconf 89' lang='lat' dir='ltr'><strong>omni-</strong></span> 
     </span>
    </p>
   </div>
   <div class='ocr_carea' id='block_1_100' title="bbox 2216 3416 3793 3487">
    <p class='ocr_par' dir='ltr' id='par_1_100' title="bbox 2216 3416 3793 3487">
     <span class='ocr_line' id='line_1_100' title="bbox 2216 3416 3793 3487; baseline -0.001 -15"><span class='ocrx_word' id='word_1_698' title='bbox 2216 3420 2307 3473; x_wconf 90' lang='lat' dir='ltr'><strong>bus</strong></span> <span class='ocrx_word' id='word_1_699' title='bbox 2335 3423 2398 3473; x_wconf 91' lang='lat' dir='ltr'><strong>sit</strong></span> <span class='ocrx_word' id='word_1_700' title='bbox 2430 3420 2916 3487; x_wconf 77' lang='lat' dir='ltr'><strong>exploratissimum.</strong></span> <span class='ocrx_word' id='word_1_701' title='bbox 2958 3421 3242 3472; x_wconf 79' lang='lat' dir='ltr'><strong>Audiamus</strong></span> <span class='ocrx_word' id='word_1_702' title='bbox 3262 3419 3384 3486; x_wconf 84' lang='lat' dir='ltr'><strong>quid</strong></span> <span class='ocrx_word' id='word_1_703' title='bbox 3411 3420 3474 3471; x_wconf 89' lang='lat' dir='ltr'><strong>de</strong></span> <span class='ocrx_word' id='word_1_704' title='bbox 3499 3434 3559 3469; x_wconf 79' lang='lat' dir='ltr'><strong>eo</strong></span> <span class='ocrx_word' id='word_1_705' title='bbox 3590 3416 3793 3471; x_wconf 82' lang='lat' dir='ltr'><strong>Patres.</strong></span> 
     </span>
    </p>
   </div>
   <div class='ocr_carea' id='block_1_101' title="bbox 2217 3487 3796 3559">
    <p class='ocr_par' dir='ltr' id='par_1_101' title="bbox 2217 3487 3796 3559">
     <span class='ocr_line' id='line_1_101' title="bbox 2217 3487 3796 3559; baseline -0.003 -15"><span class='ocrx_word' id='word_1_706' title='bbox 2217 3490 2277 3545; x_wconf 87' lang='lat' dir='ltr'><strong>S.</strong></span> <span class='ocrx_word' id='word_1_707' title='bbox 2311 3490 2656 3559; x_wconf 82' lang='lat' dir='ltr'><strong>Hieronymus</strong></span> <span class='ocrx_word' id='word_1_708' title='bbox 2683 3490 2833 3558; x_wconf 85' lang='lat' dir='ltr'><strong>epist.</strong></span> <span class='ocrx_word' id='word_1_709' title='bbox 2864 3490 2931 3542; x_wconf 86' lang='lat' dir='ltr'><strong>ad</strong></span> <span class='ocrx_word' id='word_1_710' title='bbox 2955 3489 3329 3553; x_wconf 60' lang='lat' dir='ltr'><strong>Ctesiphoiitem</strong></span> <span class='ocrx_word' id='word_1_711' title='bbox 3352 3489 3461 3542; x_wconf 76' lang='lat' dir='ltr'><strong>hcet:</strong></span> <span class='ocrx_word' id='word_1_712' title='bbox 3489 3488 3552 3540; x_wconf 91' lang='lat' dir='ltr'><strong>de</strong></span> <span class='ocrx_word' id='word_1_713' title='bbox 3575 3487 3796 3559; x_wconf 63' lang='lat' dir='ltr'><strong>Evagrio</strong></span> 
     </span>
    </p>
   </div>
   <div class='ocr_carea' id='block_1_102' title="bbox 2216 3558 3816 3630">
    <p class='ocr_par' dir='ltr' id='par_1_102' title="bbox 2216 3558 3816 3630">
     <span class='ocr_line' id='line_1_102' title="bbox 2216 3558 3816 3630; baseline -0.002 -14"><span class='ocrx_word' id='word_1_714' title='bbox 2216 3561 2363 3616; x_wconf 81' lang='lat' dir='ltr'><strong>habet</strong></span> <span class='ocrx_word' id='word_1_715' title='bbox 2395 3576 2413 3614; x_wconf 90' lang='lat'><strong><em>:</em></strong></span> <span class='ocrx_word' id='word_1_716' title='bbox 2438 3558 2696 3630; x_wconf 81' lang='lat' dir='ltr'><strong>Evagrius</strong></span> <span class='ocrx_word' id='word_1_717' title='bbox 2721 3560 2971 3614; x_wconf 80' lang='lat' dir='ltr'><strong>Ponticus</strong></span> <span class='ocrx_word' id='word_1_718' title='bbox 2995 3559 3371 3630; x_wconf 84' lang='lat' dir='ltr'><strong>Hyperborita,</strong></span> <span class='ocrx_word' id='word_1_719' title='bbox 3403 3559 3490 3628; x_wconf 91' lang='lat' dir='ltr'><strong>qui</strong></span> <span class='ocrx_word' id='word_1_720' title='bbox 3514 3558 3702 3614; x_wconf 84' lang='lat' dir='ltr'><strong>scribit</strong></span> <span class='ocrx_word' id='word_1_721' title='bbox 3728 3560 3816 3613; x_wconf 66' lang='lat' dir='ltr'><strong>ad.</strong></span> 
     </span>
    </p>
   </div>
   <div class='ocr_carea' id='block_1_103' title="bbox 2217 3629 3805 3700">
    <p class='ocr_par' dir='ltr' id='par_1_103' title="bbox 2217 3629 3805 3700">
     <span class='ocr_line' id='line_1_103' title="bbox 2217 3629 3805 3700; baseline 0.001 -20"><span class='ocrx_word' id='word_1_722' title='bbox 2217 3631 2482 3700; x_wconf 78' lang='lat' dir='ltr'><strong>virgines,</strong></span> <span class='ocrx_word' id='word_1_723' title='bbox 2517 3629 2704 3685; x_wconf 80' lang='lat' dir='ltr'><strong>seribit</strong></span> <span class='ocrx_word' id='word_1_724' title='bbox 2743 3631 2810 3683; x_wconf 90' lang='lat' dir='ltr'><strong>ad</strong></span> <span class='ocrx_word' id='word_1_725' title='bbox 2851 3629 3162 3699; x_wconf 77' lang='lat' dir='ltr'><strong>monachos,</strong></span> <span class='ocrx_word' id='word_1_726' title='bbox 3193 3629 3374 3685; x_wconf 86' lang='lat' dir='ltr'><strong>scribit</strong></span> <span class='ocrx_word' id='word_1_727' title='bbox 3402 3630 3467 3682; x_wconf 90' lang='lat' dir='ltr'><strong>ad</strong></span> <span class='ocrx_word' id='word_1_728' title='bbox 3499 3645 3614 3682; x_wconf 86' lang='lat' dir='ltr'><strong>eam</strong></span> <span class='ocrx_word' id='word_1_729' title='bbox 3645 3631 3805 3700; x_wconf 83' lang='lat' dir='ltr'><strong>cujus</strong></span> 
     </span>
    </p>
   </div>
   <div class='ocr_carea' id='block_1_104' title="bbox 2221 3699 3791 3769">
    <p class='ocr_par' dir='ltr' id='par_1_104' title="bbox 2221 3699 3791 3769">
     <span class='ocr_line' id='line_1_104' title="bbox 2221 3699 3791 3769; baseline -0.001 -15"><span class='ocrx_word' id='word_1_730' title='bbox 2221 3699 2414 3757; x_wconf 78' lang='lat' dir='ltr'><strong>nomen</strong></span> <span class='ocrx_word' id='word_1_731' title='bbox 2447 3701 2737 3769; x_wconf 89' lang='lat' dir='ltr'><strong>nigrediuis</strong></span> <span class='ocrx_word' id='word_1_732' title='bbox 2775 3710 2996 3755; x_wconf 71' lang='lat' dir='ltr'><strong>te:tatur</strong></span> <span class='ocrx_word' id='word_1_733' title='bbox 3038 3702 3273 3769; x_wconf 76' lang='lat' dir='ltr'><strong>perfidia:</strong></span> <span class='ocrx_word' id='word_1_734' title='bbox 3322 3700 3570 3754; x_wconf 85' lang='lat' dir='ltr'><strong>tenebras</strong></span> <span class='ocrx_word' id='word_1_735' title='bbox 3599 3699 3791 3768; x_wconf 80' lang='lat' dir='ltr'><strong>(Mela-</strong></span> 
     </span>
    </p>
   </div>
   <div class='ocr_carea' id='block_1_105' title="bbox 2216 3771 3796 3845">
    <p class='ocr_par' dir='ltr' id='par_1_105' title="bbox 2216 3771 3796 3845">
     <span class='ocr_line' id='line_1_105' title="bbox 2216 3771 3796 3845; baseline 0.001 -21"><span class='ocrx_word' id='word_1_736' title='bbox 2216 3772 2651 3845; x_wconf 82' lang='lat' dir='ltr'><strong>niamintelligit),</strong></span> <span class='ocrx_word' id='word_1_737' title='bbox 2680 3773 2849 3825; x_wconf 90' lang='lat' dir='ltr'><strong>edidit</strong></span> <span class='ocrx_word' id='word_1_738' title='bbox 2878 3772 3072 3845; x_wconf 78' lang='lat' dir='ltr'><strong>librum</strong></span> <span class='ocrx_word' id='word_1_739' title='bbox 3104 3781 3157 3827; x_wconf 91' lang='lat' dir='ltr'><strong>et</strong></span> <span class='ocrx_word' id='word_1_740' title='bbox 3182 3771 3472 3845; x_wconf 72' lang='lat' dir='ltr'><strong>sententias</strong></span> <span class='ocrx_word' id='word_1_741' title='bbox 3502 3775 3623 3845; x_wconf 70' lang='lat' dir='ltr'><strong>rupi</strong></span> <span class='ocrx_word' id='word_1_742' title='bbox 3655 3774 3796 3845; x_wconf 66' lang='grc' dir='ltr'><strong>ἀπα-</strong></span> 
     </span>
    </p>
   </div>
   <div class='ocr_carea' id='block_1_106' title="bbox 2215 3842 3788 3911">
    <p class='ocr_par' dir='ltr' id='par_1_106' title="bbox 2215 3842 3788 3911">
     <span class='ocr_line' id='line_1_106' title="bbox 2215 3842 3788 3911; baseline -0.001 -16"><span class='ocrx_word' id='word_1_743' title='bbox 2215 3844 2371 3907; x_wconf 75' lang='grc' dir='ltr'><strong>θείας,</strong></span> <span class='ocrx_word' id='word_1_744' title='bbox 2401 3842 2559 3911; x_wconf 84' lang='lat' dir='ltr'><strong>quam</strong></span> <span class='ocrx_word' id='word_1_745' title='bbox 2587 3859 2683 3897; x_wconf 91' lang='lat' dir='ltr'><strong>nos</strong></span> <span class='ocrx_word' id='word_1_746' title='bbox 2714 3843 3192 3910; x_wconf 81' lang='lat' dir='ltr'><strong>inipassihilitatem</strong></span> <span class='ocrx_word' id='word_1_747' title='bbox 3226 3842 3308 3896; x_wconf 89' lang='lat' dir='ltr'><strong>vel</strong></span> <span class='ocrx_word' id='word_1_748' title='bbox 3348 3842 3788 3909; x_wconf 74' lang='lat' dir='ltr'><strong>imperturbitio-</strong></span> 
     </span>
    </p>
   </div>
   <div class='ocr_carea' id='block_1_107' title="bbox 2216 3912 3813 3983">
    <p class='ocr_par' dir='ltr' id='par_1_107' title="bbox 2216 3912 3813 3983">
     <span class='ocr_line' id='line_1_107' title="bbox 2216 3912 3813 3983; baseline 0 -17"><span class='ocrx_word' id='word_1_749' title='bbox 2216 3928 2336 3967; x_wconf 90' lang='lat' dir='ltr'><strong>nem</strong></span> <span class='ocrx_word' id='word_1_750' title='bbox 2362 3927 2648 3983; x_wconf 89' lang='lat' dir='ltr'><strong>possumus</strong></span> <span class='ocrx_word' id='word_1_751' title='bbox 2674 3912 2875 3976; x_wconf 89' lang='lat' dir='ltr'><strong>dicere,</strong></span> <span class='ocrx_word' id='word_1_752' title='bbox 2900 3914 3116 3982; x_wconf 90' lang='lat' dir='ltr'><strong>quando</strong></span> <span class='ocrx_word' id='word_1_753' title='bbox 3140 3927 3427 3980; x_wconf 89' lang='lat' dir='ltr'><strong>numquam</strong></span> <span class='ocrx_word' id='word_1_754' title='bbox 3448 3913 3658 3967; x_wconf 87' lang='lat' dir='ltr'><strong>animus</strong></span> <span class='ocrx_word' id='word_1_755' title='bbox 3687 3914 3813 3970; x_wconf 79' lang='lat' dir='ltr'><strong>ulla.</strong></span> 
     </span>
    </p>
   </div>
   <div class='ocr_carea' id='block_1_108' title="bbox 2216 3983 3796 4051">
    <p class='ocr_par' dir='ltr' id='par_1_108' title="bbox 2216 3983 3796 4051">
     <span class='ocr_line' id='line_1_108' title="bbox 2216 3983 3796 4051; baseline -0.003 -14"><span class='ocrx_word' id='word_1_756' title='bbox 2216 3983 2639 4049; x_wconf 89' lang='lat' dir='ltr'><strong>perturbationis</strong></span> <span class='ocrx_word' id='word_1_757' title='bbox 2681 3983 2808 4039; x_wconf 88' lang='lat' dir='ltr'><strong>vitio</strong></span> <span class='ocrx_word' id='word_1_758' title='bbox 2852 3994 3245 4048; x_wconf 86' lang='lat' dir='ltr'><strong>commovetur,</strong></span> <span class='ocrx_word' id='word_1_759' title='bbox 3286 3994 3341 4037; x_wconf 86' lang='lat' dir='ltr'><strong>et</strong></span> <span class='ocrx_word' id='word_1_760' title='bbox 3386 3991 3438 4035; x_wconf 91' lang='lat' dir='ltr'><strong>ut</strong></span> <span class='ocrx_word' id='word_1_761' title='bbox 3482 3983 3796 4051; x_wconf 85' lang='lat' dir='ltr'><strong>simpliciter</strong></span> 
     </span>
    </p>
   </div>
   <div class='ocr_carea' id='block_1_109' title="bbox 2216 4052 3797 4121">
    <p class='ocr_par' dir='ltr' id='par_1_109' title="bbox 2216 4052 3797 4121">
     <span class='ocr_line' id='line_1_109' title="bbox 2216 4052 3797 4121; baseline 0.001 -16"><span class='ocrx_word' id='word_1_762' title='bbox 2216 4052 2389 4108; x_wconf 87' lang='lat' dir='ltr'><strong>dicam</strong></span> <span class='ocrx_word' id='word_1_763' title='bbox 2412 4094 2427 4119; x_wconf 93' lang='lat'><strong>,</strong></span> <span class='ocrx_word' id='word_1_764' title='bbox 2462 4054 2541 4107; x_wconf 86' lang='lat' dir='ltr'><strong>vel</strong></span> <span class='ocrx_word' id='word_1_765' title='bbox 2575 4069 2797 4121; x_wconf 80' lang='lat' dir='ltr'><strong>saxum,</strong></span> <span class='ocrx_word' id='word_1_766' title='bbox 2840 4054 2917 4107; x_wconf 91' lang='lat' dir='ltr'><strong>vel</strong></span> <span class='ocrx_word' id='word_1_767' title='bbox 2965 4054 3104 4108; x_wconf 86' lang='lat' dir='ltr'><strong>Deus</strong></span> <span class='ocrx_word' id='word_1_768' title='bbox 3134 4062 3234 4108; x_wconf 91' lang='lat' dir='ltr'><strong>est.</strong></span> <span class='ocrx_word' id='word_1_769' title='bbox 3288 4052 3458 4121; x_wconf 86' lang='lat' dir='ltr'><strong>Hujus</strong></span> <span class='ocrx_word' id='word_1_770' title='bbox 3495 4053 3657 4107; x_wconf 91' lang='lat' dir='ltr'><strong>libros</strong></span> <span class='ocrx_word' id='word_1_771' title='bbox 3704 4069 3797 4117; x_wconf 81' lang='lat' dir='ltr'><strong>per</strong></span> 
     </span>
    </p>
   </div>
   <div class='ocr_carea' id='block_1_110' title="bbox 2214 4122 3795 4192">
    <p class='ocr_par' dir='ltr' id='par_1_110' title="bbox 2214 4122 3795 4192">
     <span class='ocr_line' id='line_1_110' title="bbox 2214 4122 3795 4192; baseline -0.001 -15"><span class='ocrx_word' id='word_1_772' title='bbox 2214 4125 2485 4179; x_wconf 88' lang='lat' dir='ltr'><strong>Orientem</strong></span> <span class='ocrx_word' id='word_1_773' title='bbox 2526 4122 2742 4178; x_wconf 74' lang='lat' dir='ltr'><strong>Grzeeos</strong></span> <span class='ocrx_word' id='word_1_774' title='bbox 2767 4162 2786 4190; x_wconf 87' lang='lat'><strong>,</strong></span> <span class='ocrx_word' id='word_1_775' title='bbox 2831 4135 2883 4179; x_wconf 88' lang='lat' dir='ltr'><strong>et</strong></span> <span class='ocrx_word' id='word_1_776' title='bbox 2916 4125 3207 4189; x_wconf 88' lang='lat' dir='ltr'><strong>interprete</strong></span> <span class='ocrx_word' id='word_1_777' title='bbox 3253 4124 3513 4192; x_wconf 86' lang='lat' dir='ltr'><strong>discipulo</strong></span> <span class='ocrx_word' id='word_1_778' title='bbox 3542 4124 3659 4191; x_wconf 86' lang='lat' dir='ltr'><strong>ejus</strong></span> <span class='ocrx_word' id='word_1_779' title='bbox 3687 4122 3795 4176; x_wconf 84' lang='lat' dir='ltr'><strong>Ru-</strong></span> 
     </span>
    </p>
   </div>
   <div class='ocr_carea' id='block_1_111' title="bbox 2214 4194 3790 4263">
    <p class='ocr_par' dir='ltr' id='par_1_111' title="bbox 2214 4194 3790 4263">
     <span class='ocr_line' id='line_1_111' title="bbox 2214 4194 3790 4263; baseline 0 -16"><span class='ocrx_word' id='word_1_780' title='bbox 2214 4194 2341 4260; x_wconf 84' lang='lat' dir='ltr'><strong>fino,</strong></span> <span class='ocrx_word' id='word_1_781' title='bbox 2393 4195 2613 4249; x_wconf 89' lang='lat' dir='ltr'><strong>Latinos</strong></span> <span class='ocrx_word' id='word_1_782' title='bbox 2658 4195 2892 4263; x_wconf 85' lang='lat' dir='ltr'><strong>plerique</strong></span> <span class='ocrx_word' id='word_1_783' title='bbox 2942 4196 2992 4247; x_wconf 93' lang='lat' dir='ltr'><strong>in</strong></span> <span class='ocrx_word' id='word_1_784' title='bbox 3032 4195 3320 4250; x_wconf 85' lang='lat' dir='ltr'><strong>Occidente</strong></span> <span class='ocrx_word' id='word_1_785' title='bbox 3367 4194 3641 4259; x_wconf 87' lang='lat' dir='ltr'><strong>lectitant,</strong></span> <span class='ocrx_word' id='word_1_786' title='bbox 3685 4204 3790 4249; x_wconf 89' lang='lat' dir='ltr'><strong>etc.</strong></span> 
     </span>
    </p>
   </div>
   <div class='ocr_carea' id='block_1_112' title="bbox 2214 4263 3797 4335">
    <p class='ocr_par' dir='ltr' id='par_1_112' title="bbox 2214 4263 3797 4335">
     <span class='ocr_line' id='line_1_112' title="bbox 2214 4263 3797 4335; baseline 0 -18"><span class='ocrx_word' id='word_1_787' title='bbox 2214 4265 2343 4335; x_wconf 61' lang='grc' dir='ltr'><strong>Πανί)</strong></span> <span class='ocrx_word' id='word_1_788' title='bbox 2369 4266 2425 4321; x_wconf 92' lang='lat' dir='ltr'><strong>S.</strong></span> <span class='ocrx_word' id='word_1_789' title='bbox 2466 4265 2677 4319; x_wconf 86' lang='lat' dir='ltr'><strong>Hieron.</strong></span> <span class='ocrx_word' id='word_1_790' title='bbox 2717 4267 2817 4332; x_wconf 86' lang='lat' dir='ltr'><strong>Qui</strong></span> <span class='ocrx_word' id='word_1_791' title='bbox 2856 4267 3005 4319; x_wconf 89' lang='lat' dir='ltr'><strong>etiam</strong></span> <span class='ocrx_word' id='word_1_792' title='bbox 3040 4264 3257 4335; x_wconf 72' lang='lat' dir='ltr'><strong>Prwfat.</strong></span> <span class='ocrx_word' id='word_1_793' title='bbox 3296 4266 3349 4316; x_wconf 89' lang='lat' dir='ltr'><strong>in</strong></span> <span class='ocrx_word' id='word_1_794' title='bbox 3390 4266 3478 4318; x_wconf 92' lang='lat' dir='ltr'><strong>lib.</strong></span> <span class='ocrx_word' id='word_1_795' title='bbox 3511 4263 3618 4329; x_wconf 86' lang='lat' dir='ltr'><strong>IV,</strong></span> <span class='ocrx_word' id='word_1_796' title='bbox 3646 4281 3797 4334; x_wconf 85' lang='lat' dir='ltr'><strong>super</strong></span> 
     </span>
    </p>
   </div>
   <div class='ocr_carea' id='block_1_113' title="bbox 2211 4334 3791 4391">
    <p class='ocr_par' dir='ltr' id='par_1_113' title="bbox 2211 4334 3791 4391">
     <span class='ocr_line' id='line_1_113' title="bbox 2211 4334 3791 4391; baseline 0.001 -4"><span class='ocrx_word' id='word_1_797' title='bbox 2211 4334 2491 4389; x_wconf 84' lang='lat' dir='ltr'><strong>Jeremiam</strong></span> <span class='ocrx_word' id='word_1_798' title='bbox 2528 4338 2625 4389; x_wconf 82' lang='lat' dir='ltr'><strong>ista</strong></span> <span class='ocrx_word' id='word_1_799' title='bbox 2670 4337 2842 4388; x_wconf 81' lang='lat' dir='ltr'><strong>scribit</strong></span> <span class='ocrx_word' id='word_1_800' title='bbox 2879 4352 2896 4390; x_wconf 88' lang='lat'>:</span> <span class='ocrx_word' id='word_1_801' title='bbox 2943 4334 3372 4391; x_wconf 83' lang='lat' dir='ltr'><strong>Commentarios</strong></span> <span class='ocrx_word' id='word_1_802' title='bbox 3414 4337 3465 4389; x_wconf 91' lang='lat' dir='ltr'><strong>in</strong></span> <span class='ocrx_word' id='word_1_803' title='bbox 3505 4336 3791 4390; x_wconf 83' lang='lat' dir='ltr'><strong>.leremiam</strong></span> 
     </span>
    </p>
   </div>
   <div class='ocr_carea' id='block_1_114' title="bbox 2216 4405 3794 4475">
    <p class='ocr_par' dir='ltr' id='par_1_114' title="bbox 2216 4405 3794 4475">
     <span class='ocr_line' id='line_1_114' title="bbox 2216 4405 3794 4475; baseline 0.001 -18"><span class='ocrx_word' id='word_1_804' title='bbox 2216 4422 2307 4474; x_wconf 86' lang='lat' dir='ltr'><strong>per</strong></span> <span class='ocrx_word' id='word_1_805' title='bbox 2333 4407 2616 4461; x_wconf 82' lang='lat' dir='ltr'><strong>intervalla</strong></span> <span class='ocrx_word' id='word_1_806' title='bbox 2646 4405 2932 4469; x_wconf 79' lang='lat' dir='ltr'><strong>dictabam,</strong></span> <span class='ocrx_word' id='word_1_807' title='bbox 2972 4417 3027 4459; x_wconf 92' lang='lat' dir='ltr'><strong>ut</strong></span> <span class='ocrx_word' id='word_1_808' title='bbox 3057 4406 3199 4475; x_wconf 84' lang='lat' dir='ltr'><strong>quod</strong></span> <span class='ocrx_word' id='word_1_809' title='bbox 3229 4407 3411 4460; x_wconf 87' lang='lat' dir='ltr'><strong>deerat</strong></span> <span class='ocrx_word' id='word_1_810' title='bbox 3443 4408 3575 4472; x_wconf 84' lang='lat' dir='ltr'><strong>otio,</strong></span> <span class='ocrx_word' id='word_1_811' title='bbox 3608 4422 3794 4469; x_wconf 81' lang='lat' dir='ltr'><strong>super-</strong></span> 
     </span>
    </p>
   </div>
   <div class='ocr_carea' id='block_1_115' title="bbox 2212 4475 3794 4546">
    <p class='ocr_par' dir='ltr' id='par_1_115' title="bbox 2212 4475 3794 4546">
     <span class='ocr_line' id='line_1_115' title="bbox 2212 4475 3794 4546; baseline 0 -17"><span class='ocrx_word' id='word_1_812' title='bbox 2212 4488 2355 4533; x_wconf 83' lang='lat' dir='ltr'><strong>esset</strong></span> <span class='ocrx_word' id='word_1_813' title='bbox 2384 4475 2697 4541; x_wconf 74' lang='lat' dir='ltr'><strong>iudus:ria:;</strong></span> <span class='ocrx_word' id='word_1_814' title='bbox 2744 4491 2864 4530; x_wconf 92' lang='lat' dir='ltr'><strong>cum</strong></span> <span class='ocrx_word' id='word_1_815' title='bbox 2907 4477 3083 4530; x_wconf 89' lang='lat' dir='ltr'><strong>subito</strong></span> <span class='ocrx_word' id='word_1_816' title='bbox 3130 4478 3351 4530; x_wconf 67' lang='lat' dir='ltr'><strong>haeresis</strong></span> <span class='ocrx_word' id='word_1_817' title='bbox 3399 4476 3711 4546; x_wconf 78' lang='lat' dir='ltr'><strong>Pythagora:</strong></span> <span class='ocrx_word' id='word_1_818' title='bbox 3739 4487 3794 4529; x_wconf 89' lang='lat' dir='ltr'><strong>et</strong></span> 
     </span>
    </p>
   </div>
   <div class='ocr_carea' id='block_1_116' title="bbox 2214 4546 3793 4623">
    <p class='ocr_par' dir='ltr' id='par_1_116' title="bbox 2214 4546 3793 4623">
     <span class='ocr_line' id='line_1_116' title="bbox 2214 4546 3793 4623; baseline -0.002 -22"><span class='ocrx_word' id='word_1_819' title='bbox 2214 4548 2443 4623; x_wconf 62' lang='lat' dir='ltr'><strong>Zetionis</strong></span> <span class='ocrx_word' id='word_1_820' title='bbox 2469 4550 2717 4623; x_wconf 63' lang='grc' dir='ltr'><strong>ἁπᾳθείας·</strong></span> <span class='ocrx_word' id='word_1_821' title='bbox 2747 4549 3283 4623; x_wconf 22' lang='grc' dir='ltr'><strong>καὶβάναμαρτηᾳξίαςᾼ,</strong></span> <span class='ocrx_word' id='word_1_822' title='bbox 3318 4546 3379 4623; x_wconf 47' lang='grc' dir='ltr'>ἧς</span> <span class='ocrx_word' id='word_1_823' title='bbox 3410 4557 3522 4623; x_wconf 81' lang='lat' dir='ltr'><strong>est,</strong></span> <span class='ocrx_word' id='word_1_824' title='bbox 3548 4548 3793 4623; x_wconf 73' lang='lat' dir='ltr'><strong>itltpa~_si-</strong></span> 
     </span>
    </p>
   </div>
   <div class='ocr_carea' id='block_1_117' title="bbox 2218 4616 3794 4686">
    <p class='ocr_par' dir='ltr' id='par_1_117' title="bbox 2218 4616 3794 4686">
     <span class='ocr_line' id='line_1_117' title="bbox 2218 4616 3794 4686; baseline -0.001 -15"><span class='ocrx_word' id='word_1_825' title='bbox 2218 4619 2433 4672; x_wconf 73' lang='lat' dir='ltr'><strong>bLlitatis</strong></span> <span class='ocrx_word' id='word_1_826' title='bbox 2457 4628 2510 4673; x_wconf 94' lang='lat' dir='ltr'><strong>ct</strong></span> <span class='ocrx_word' id='word_1_827' title='bbox 2542 4619 2925 4685; x_wconf 69' lang='lat' dir='ltr'><strong>impeccantiin,</strong></span> <span class='ocrx_word' id='word_1_828' title='bbox 2956 4616 3075 4686; x_wconf 71' lang='lat' dir='ltr'><strong>quin</strong></span> <span class='ocrx_word' id='word_1_829' title='bbox 3100 4619 3225 4671; x_wconf 86' lang='lat' dir='ltr'><strong>olim</strong></span> <span class='ocrx_word' id='word_1_830' title='bbox 3258 4619 3311 4671; x_wconf 92' lang='lat' dir='ltr'><strong>in</strong></span> <span class='ocrx_word' id='word_1_831' title='bbox 3342 4616 3589 4685; x_wconf 78' lang='lat' dir='ltr'><strong>Origene,</strong></span> <span class='ocrx_word' id='word_1_832' title='bbox 3615 4626 3670 4671; x_wconf 89' lang='lat' dir='ltr'><strong>et</strong></span> <span class='ocrx_word' id='word_1_833' title='bbox 3697 4618 3794 4671; x_wconf 85' lang='lat' dir='ltr'><strong>du-</strong></span> 
     </span>
    </p>
   </div>
   <div class='ocr_carea' id='block_1_118' title="bbox 2218 4688 3795 4757">
    <p class='ocr_par' dir='ltr' id='par_1_118' title="bbox 2218 4688 3795 4757">
     <span class='ocr_line' id='line_1_118' title="bbox 2218 4688 3795 4757; baseline -0.001 -15"><span class='ocrx_word' id='word_1_834' title='bbox 2218 4690 2344 4742; x_wconf 90' lang='lat' dir='ltr'><strong>dum</strong></span> <span class='ocrx_word' id='word_1_835' title='bbox 2399 4690 2451 4741; x_wconf 90' lang='lat' dir='ltr'><strong>in</strong></span> <span class='ocrx_word' id='word_1_836' title='bbox 2480 4689 2758 4757; x_wconf 87' lang='lat' dir='ltr'><strong>discipulis</strong></span> <span class='ocrx_word' id='word_1_837' title='bbox 2801 4689 2918 4756; x_wconf 88' lang='lat' dir='ltr'><strong>ejus</strong></span> <span class='ocrx_word' id='word_1_838' title='bbox 2960 4689 3233 4752; x_wconf 83' lang='lat' dir='ltr'><strong>Grunnio,</strong></span> <span class='ocrx_word' id='word_1_839' title='bbox 3274 4688 3607 4756; x_wconf 81' lang='lat' dir='ltr'><strong>Evagrioque</strong></span> <span class='ocrx_word' id='word_1_840' title='bbox 3658 4688 3795 4747; x_wconf 62' lang='lat' dir='ltr'><strong>Pun-</strong></span> 
     </span>
    </p>
   </div>
   <div class='ocr_carea' id='block_1_119' title="bbox 2220 4758 3794 4827">
    <p class='ocr_par' dir='ltr' id='par_1_119' title="bbox 2220 4758 3794 4827">
     <span class='ocr_line' id='line_1_119' title="bbox 2220 4758 3794 4827; baseline 0.001 -17"><span class='ocrx_word' id='word_1_841' title='bbox 2220 4763 2345 4821; x_wconf 84' lang='lat' dir='ltr'><strong>tico,</strong></span> <span class='ocrx_word' id='word_1_842' title='bbox 2378 4774 2426 4812; x_wconf 73' lang='lat' dir='ltr'><strong>et</strong></span> <span class='ocrx_word' id='word_1_843' title='bbox 2453 4759 2477 4811; x_wconf 74' lang='grc' dir='ltr'><strong>,Ι</strong></span> <span class='ocrx_word' id='word_1_844' title='bbox 2507 4760 2735 4812; x_wconf 69' lang='grc' dir='ltr'><strong>ρνὶηἰθηο</strong></span> <span class='ocrx_word' id='word_1_845' title='bbox 2760 4758 3001 4827; x_wconf 82' lang='lat' dir='ltr'><strong>jugulata</strong></span> <span class='ocrx_word' id='word_1_846' title='bbox 3032 4768 3146 4822; x_wconf 83' lang='lat' dir='ltr'><strong>est,</strong></span> <span class='ocrx_word' id='word_1_847' title='bbox 3178 4760 3341 4826; x_wconf 73' lang='lat' dir='ltr'><strong>cmpit</strong></span> <span class='ocrx_word' id='word_1_848' title='bbox 3365 4758 3707 4820; x_wconf 83' lang='lat' dir='ltr'><strong>reviviscere.</strong></span> <span class='ocrx_word' id='word_1_849' title='bbox 3739 4769 3794 4814; x_wconf 84' lang='lat' dir='ltr'><strong>et.</strong></span> 
     </span>
    </p>
   </div>
   <div class='ocr_carea' id='block_1_120' title="bbox 2221 4828 3793 4896">
    <p class='ocr_par' dir='ltr' id='par_1_120' title="bbox 2221 4828 3793 4896">
     <span class='ocr_line' id='line_1_120' title="bbox 2221 4828 3793 4896; baseline 0.003 -16"><span class='ocrx_word' id='word_1_850' title='bbox 2221 4845 2323 4882; x_wconf 90' lang='lat' dir='ltr'><strong>non</strong></span> <span class='ocrx_word' id='word_1_851' title='bbox 2355 4830 2527 4882; x_wconf 87' lang='lat' dir='ltr'><strong>solum</strong></span> <span class='ocrx_word' id='word_1_852' title='bbox 2560 4832 2609 4882; x_wconf 92' lang='lat' dir='ltr'><strong>iu</strong></span> <span class='ocrx_word' id='word_1_853' title='bbox 2631 4829 2969 4892; x_wconf 85' lang='lat' dir='ltr'><strong>Occidentis,</strong></span> <span class='ocrx_word' id='word_1_854' title='bbox 2996 4829 3088 4883; x_wconf 87' lang='lat' dir='ltr'><strong>sed</strong></span> <span class='ocrx_word' id='word_1_855' title='bbox 3119 4840 3173 4883; x_wconf 90' lang='lat' dir='ltr'><strong>et</strong></span> <span class='ocrx_word' id='word_1_856' title='bbox 3204 4830 3254 4882; x_wconf 93' lang='lat' dir='ltr'><strong>iu</strong></span> <span class='ocrx_word' id='word_1_857' title='bbox 3284 4828 3514 4883; x_wconf 73' lang='lat' dir='ltr'><strong>Orientis</strong></span> <span class='ocrx_word' id='word_1_858' title='bbox 3554 4828 3793 4896; x_wconf 89' lang='lat' dir='ltr'><strong>partibus</strong></span> 
     </span>
    </p>
   </div>
   <div class='ocr_carea' id='block_1_121' title="bbox 2216 4899 3790 4966">
    <p class='ocr_par' dir='ltr' id='par_1_121' title="bbox 2216 4899 3790 4966">
     <span class='ocr_line' id='line_1_121' title="bbox 2216 4899 3790 4966; baseline 0.003 -15"><span class='ocrx_word' id='word_1_859' title='bbox 2216 4900 2384 4952; x_wconf 86' lang='lat' dir='ltr'><strong>sibila.</strong></span> <span class='ocrx_word' id='word_1_860' title='bbox 2400 4914 2452 4961; x_wconf 88' lang='lat' dir='ltr'><strong>e,</strong></span> <span class='ocrx_word' id='word_1_861' title='bbox 2476 4909 2529 4953; x_wconf 90' lang='lat' dir='ltr'><strong>et</strong></span> <span class='ocrx_word' id='word_1_862' title='bbox 2558 4899 2610 4951; x_wconf 91' lang='lat' dir='ltr'><strong>in</strong></span> <span class='ocrx_word' id='word_1_863' title='bbox 2633 4899 2948 4966; x_wconf 77' lang='lat' dir='ltr'><strong>quibusdam</strong></span> <span class='ocrx_word' id='word_1_864' title='bbox 2967 4900 3175 4965; x_wconf 83' lang='lat' dir='ltr'><strong>insulis,</strong></span> <span class='ocrx_word' id='word_1_865' title='bbox 3200 4900 3572 4965; x_wconf 71' lang='lat' dir='ltr'><strong>przecipuequc</strong></span> <span class='ocrx_word' id='word_1_866' title='bbox 3594 4899 3790 4955; x_wconf 73' lang='lat' dir='ltr'><strong>Siciliae</strong></span> 
     </span>
    </p>
   </div>
   <div class='ocr_carea' id='block_1_122' title="bbox 2218 4968 3805 5039">
    <p class='ocr_par' dir='ltr' id='par_1_122' title="bbox 2218 4968 3805 5039">
     <span class='ocr_line' id='line_1_122' title="bbox 2218 4968 3805 5039; baseline 0.002 -17"><span class='ocrx_word' id='word_1_867' title='bbox 2218 4978 2272 5023; x_wconf 87' lang='lat' dir='ltr'><strong>et</strong></span> <span class='ocrx_word' id='word_1_868' title='bbox 2305 4969 2475 5023; x_wconf 75' lang='lat' dir='ltr'><strong>Rhodi</strong></span> <span class='ocrx_word' id='word_1_869' title='bbox 2520 4970 2789 5023; x_wconf 87' lang='lat' dir='ltr'><strong>maculare</strong></span> <span class='ocrx_word' id='word_1_870' title='bbox 2820 4970 3121 5039; x_wconf 88' lang='lat' dir='ltr'><strong>plerosque,</strong></span> <span class='ocrx_word' id='word_1_871' title='bbox 3169 4978 3223 5024; x_wconf 90' lang='lat' dir='ltr'><strong>et</strong></span> <span class='ocrx_word' id='word_1_872' title='bbox 3262 4983 3508 5022; x_wconf 89' lang='lat' dir='ltr'><strong>crescere</strong></span> <span class='ocrx_word' id='word_1_873' title='bbox 3557 4984 3649 5035; x_wconf 90' lang='lat' dir='ltr'><strong>per</strong></span> <span class='ocrx_word' id='word_1_874' title='bbox 3675 4968 3805 5029; x_wconf 81' lang='lat' dir='ltr'><strong>dies,</strong></span> 
     </span>
    </p>
   </div>
   <div class='ocr_carea' id='block_1_123' title="bbox 2217 5039 3790 5109">
    <p class='ocr_par' dir='ltr' id='par_1_123' title="bbox 2217 5039 3790 5109">
     <span class='ocr_line' id='line_1_123' title="bbox 2217 5039 3790 5109; baseline 0.002 -18"><span class='ocrx_word' id='word_1_875' title='bbox 2217 5042 2471 5109; x_wconf 79' lang='lat' dir='ltr'><strong>singulos,</strong></span> <span class='ocrx_word' id='word_1_876' title='bbox 2505 5039 2631 5093; x_wconf 88' lang='lat' dir='ltr'><strong>dum</strong></span> <span class='ocrx_word' id='word_1_877' title='bbox 2674 5050 2886 5095; x_wconf 89' lang='lat' dir='ltr'><strong>secreto</strong></span> <span class='ocrx_word' id='word_1_878' title='bbox 2914 5040 3141 5106; x_wconf 86' lang='lat' dir='ltr'><strong>docent,</strong></span> <span class='ocrx_word' id='word_1_879' title='bbox 3174 5050 3227 5095; x_wconf 93' lang='lat' dir='ltr'><strong>et</strong></span> <span class='ocrx_word' id='word_1_880' title='bbox 3252 5039 3463 5109; x_wconf 85' lang='lat' dir='ltr'><strong>publice</strong></span> <span class='ocrx_word' id='word_1_881' title='bbox 3493 5050 3709 5108; x_wconf 85' lang='lat' dir='ltr'><strong>negant,</strong></span> <span class='ocrx_word' id='word_1_882' title='bbox 3743 5052 3790 5094; x_wconf 90' lang='lat' dir='ltr'><strong>et</strong></span> 
     </span>
    </p>
   </div>
   <div class='ocr_carea' id='block_1_124' title="bbox 2210 5109 3237 5177">
    <p class='ocr_par' dir='ltr' id='par_1_124' title="bbox 2210 5109 3237 5177">
     <span class='ocr_line' id='line_1_124' title="bbox 2210 5109 3237 5177; baseline 0.002 -16"><span class='ocrx_word' id='word_1_883' title='bbox 2210 5109 2315 5165; x_wconf 85' lang='lat' dir='ltr'><strong>alia</strong></span> <span class='ocrx_word' id='word_1_884' title='bbox 2344 5110 2549 5177; x_wconf 87' lang='lat' dir='ltr'><strong>subjicit</strong></span> <span class='ocrx_word' id='word_1_885' title='bbox 2580 5112 2630 5162; x_wconf 93' lang='lat' dir='ltr'><strong>in</strong></span> <span class='ocrx_word' id='word_1_886' title='bbox 2662 5111 2889 5164; x_wconf 87' lang='lat' dir='ltr'><strong>eamdem</strong></span> <span class='ocrx_word' id='word_1_887' title='bbox 2919 5112 3237 5167; x_wconf 86' lang='lat' dir='ltr'><strong>sententiam.</strong></span> 
     </span>
    </p>
   </div>
   <div class='ocr_carea' id='block_1_125' title="bbox 2279 5179 3789 5250">
    <p class='ocr_par' dir='ltr' id='par_1_125' title="bbox 2279 5179 3789 5250">
     <span class='ocr_line' id='line_1_125' title="bbox 2279 5179 3789 5250; baseline -0.001 -16"><span class='ocrx_word' id='word_1_888' title='bbox 2279 5182 2343 5234; x_wconf 77' lang='lat' dir='ltr'><strong>At</strong></span> <span class='ocrx_word' id='word_1_889' title='bbox 2366 5182 2544 5250; x_wconf 87' lang='lat' dir='ltr'><strong>quanti</strong></span> <span class='ocrx_word' id='word_1_890' title='bbox 2575 5197 2773 5245; x_wconf 84' lang='lat' dir='ltr'><strong>semper</strong></span> <span class='ocrx_word' id='word_1_891' title='bbox 2808 5182 2978 5250; x_wconf 77' lang='lat' dir='ltr'><strong>fecerit</strong></span> <span class='ocrx_word' id='word_1_892' title='bbox 3007 5179 3240 5235; x_wconf 85' lang='lat' dir='ltr'><strong>Ecclesia</strong></span> <span class='ocrx_word' id='word_1_893' title='bbox 3282 5179 3511 5250; x_wconf 71' lang='lat' dir='ltr'><strong>Romana</strong></span> <span class='ocrx_word' id='word_1_894' title='bbox 3534 5180 3789 5249; x_wconf 84' lang='lat' dir='ltr'><strong>judicium</strong></span> 
     </span>
    </p>
   </div>
   <div class='ocr_carea' id='block_1_126' title="bbox 2210 5248 3807 5321">
    <p class='ocr_par' dir='ltr' id='par_1_126' title="bbox 2210 5248 3807 5321">
     <span class='ocr_line' id='line_1_126' title="bbox 2210 5248 3807 5321; baseline 0 -15"><span class='ocrx_word' id='word_1_895' title='bbox 2210 5251 2268 5306; x_wconf 86' lang='lat' dir='ltr'><strong>S.</strong></span> <span class='ocrx_word' id='word_1_896' title='bbox 2303 5248 2602 5319; x_wconf 79' lang='lat' dir='ltr'><strong>Hieronymi</strong></span> <span class='ocrx_word' id='word_1_897' title='bbox 2626 5252 2677 5303; x_wconf 91' lang='lat' dir='ltr'><strong>in</strong></span> <span class='ocrx_word' id='word_1_898' title='bbox 2704 5248 3057 5321; x_wconf 45' lang='lat' dir='ltr'><strong>his,&#39;qua:ipse</strong></span> <span class='ocrx_word' id='word_1_899' title='bbox 3076 5253 3138 5307; x_wconf 80' lang='lat' dir='ltr'><strong>de</strong></span> <span class='ocrx_word' id='word_1_900' title='bbox 3168 5252 3374 5319; x_wconf 80' lang='lat' dir='ltr'><strong>liuﬁno,</strong></span> <span class='ocrx_word' id='word_1_901' title='bbox 3394 5248 3639 5320; x_wconf 54' lang='lat' dir='ltr'><strong>Evagrio,</strong></span> <span class='ocrx_word' id='word_1_902' title='bbox 3672 5250 3807 5311; x_wconf 61' lang='lat' dir='ltr'><strong>Pal.-~</strong></span> 
     </span>
    </p>
   </div>
   <div class='ocr_carea' id='block_1_127' title="bbox 2206 5322 3788 5392">
    <p class='ocr_par' dir='ltr' id='par_1_127' title="bbox 2206 5322 3788 5392">
     <span class='ocr_line' id='line_1_127' title="bbox 2206 5322 3788 5392; baseline -0.001 -16"><span class='ocrx_word' id='word_1_903' title='bbox 2206 5325 2378 5387; x_wconf 78' lang='lat' dir='ltr'><strong>lndio,</strong></span> <span class='ocrx_word' id='word_1_904' title='bbox 2427 5324 2641 5389; x_wconf 88' lang='lat' dir='ltr'><strong>aliisque</strong></span> <span class='ocrx_word' id='word_1_905' title='bbox 2684 5322 2919 5388; x_wconf 86' lang='lat' dir='ltr'><strong>plurimis</strong></span> <span class='ocrx_word' id='word_1_906' title='bbox 2946 5324 3107 5389; x_wconf 79' lang='lat' dir='ltr'><strong>(quos</strong></span> <span class='ocrx_word' id='word_1_907' title='bbox 3144 5324 3251 5392; x_wconf 71' lang='lat' dir='ltr'><strong>ipse</strong></span> <span class='ocrx_word' id='word_1_908' title='bbox 3290 5323 3443 5389; x_wconf 89' lang='lat' dir='ltr'><strong>probe</strong></span> <span class='ocrx_word' id='word_1_909' title='bbox 3485 5324 3622 5374; x_wconf 86' lang='lat' dir='ltr'><strong>intus</strong></span> <span class='ocrx_word' id='word_1_910' title='bbox 3662 5323 3788 5392; x_wconf 61' lang='lat' dir='ltr'><strong>etin</strong></span> 
     </span>
    </p>
   </div>
   <div class='ocr_carea' id='block_1_128' title="bbox 2208 5390 3790 5462">
    <p class='ocr_par' dir='ltr' id='par_1_128' title="bbox 2208 5390 3790 5462">
     <span class='ocr_line' id='line_1_128' title="bbox 2208 5390 3790 5462; baseline -0.001 -16"><span class='ocrx_word' id='word_1_911' title='bbox 2208 5405 2321 5447; x_wconf 89' lang='lat' dir='ltr'><strong>cnte</strong></span> <span class='ocrx_word' id='word_1_912' title='bbox 2349 5394 2583 5462; x_wconf 84' lang='lat' dir='ltr'><strong>noverat)</strong></span> <span class='ocrx_word' id='word_1_913' title='bbox 2612 5408 2883 5458; x_wconf 83' lang='lat' dir='ltr'><strong>earumque</strong></span> <span class='ocrx_word' id='word_1_914' title='bbox 2912 5396 3115 5462; x_wconf 69' lang='lat' dir='ltr'><strong>scriptis</strong></span> <span class='ocrx_word' id='word_1_915' title='bbox 3144 5390 3418 5453; x_wconf 83' lang='lat' dir='ltr'><strong>censuerit,</strong></span> <span class='ocrx_word' id='word_1_916' title='bbox 3450 5393 3581 5444; x_wconf 88' lang='lat' dir='ltr'><strong>audi</strong></span> <span class='ocrx_word' id='word_1_917' title='bbox 3605 5394 3670 5453; x_wconf 46' lang='grc' dir='ltr'><strong>εκ</strong></span> <span class='ocrx_word' id='word_1_918' title='bbox 3697 5390 3790 5445; x_wconf 80' lang='lat' dir='ltr'><strong>Ge-</strong></span> 
     </span>
    </p>
   </div>
   <div class='ocr_carea' id='block_1_129' title="bbox 2208 5461 3788 5532">
    <p class='ocr_par' dir='ltr' id='par_1_129' title="bbox 2208 5461 3788 5532">
     <span class='ocr_line' id='line_1_129' title="bbox 2208 5461 3788 5532; baseline -0.001 -15"><span class='ocrx_word' id='word_1_919' title='bbox 2208 5467 2392 5517; x_wconf 84' lang='lat' dir='ltr'><strong>lasium</strong></span> <span class='ocrx_word' id='word_1_920' title='bbox 2417 5461 2634 5529; x_wconf 85' lang='lat' dir='ltr'><strong>primum</strong></span> <span class='ocrx_word' id='word_1_921' title='bbox 2662 5463 2713 5514; x_wconf 87' lang='lat' dir='ltr'><strong>in</strong></span> <span class='ocrx_word' id='word_1_922' title='bbox 2742 5461 2967 5516; x_wconf 81' lang='lat' dir='ltr'><strong>Concilio</strong></span> <span class='ocrx_word' id='word_1_923' title='bbox 2999 5461 3229 5515; x_wconf 81' lang='lat' dir='ltr'><strong>Romano</strong></span> <span class='ocrx_word' id='word_1_924' title='bbox 3249 5463 3567 5531; x_wconf 84' lang='lat' dir='ltr'><strong>septuaginta</strong></span> <span class='ocrx_word' id='word_1_925' title='bbox 3593 5463 3788 5532; x_wconf 84' lang='lat' dir='ltr'><strong>episco-</strong></span> 
     </span>
    </p>
   </div>
   <div class='ocr_carea' id='block_1_130' title="bbox 2208 5532 3789 5605">
    <p class='ocr_par' dir='ltr' id='par_1_130' title="bbox 2208 5532 3789 5605">
     <span class='ocr_line' id='line_1_130' title="bbox 2208 5532 3789 5605; baseline -0.001 -18"><span class='ocrx_word' id='word_1_926' title='bbox 2208 5551 2408 5605; x_wconf 87' lang='lat' dir='ltr'><strong>porunt,</strong></span> <span class='ocrx_word' id='word_1_927' title='bbox 2446 5538 2825 5605; x_wconf 80' lang='lat' dir='ltr'><strong>memorandum</strong></span> <span class='ocrx_word' id='word_1_928' title='bbox 2860 5533 3018 5605; x_wconf 83' lang='lat' dir='ltr'><strong>istam</strong></span> <span class='ocrx_word' id='word_1_929' title='bbox 3061 5532 3360 5605; x_wconf 87' lang='lat' dir='ltr'><strong>sententiam</strong></span> <span class='ocrx_word' id='word_1_930' title='bbox 3397 5535 3736 5605; x_wconf 75' lang='lat' dir='ltr'><strong>proferentem</strong></span> <span class='ocrx_word' id='word_1_931' title='bbox 3773 5547 3789 5605; x_wconf 68' lang='grc' dir='ltr'><strong><em>ζ</em></strong></span> 
     </span>
    </p>
   </div>
   <div class='ocr_carea' id='block_1_131' title="bbox 2212 5604 3807 5671">
    <p class='ocr_par' dir='ltr' id='par_1_131' title="bbox 2212 5604 3807 5671">
     <span class='ocr_line' id='line_1_131' title="bbox 2212 5604 3807 5671; baseline -0.001 -12"><span class='ocrx_word' id='word_1_932' title='bbox 2212 5604 2339 5659; x_wconf 75' lang='lat' dir='ltr'><strong>Item</strong></span> <span class='ocrx_word' id='word_1_933' title='bbox 2396 5604 2615 5657; x_wconf 86' lang='lat' dir='ltr'><strong>llnliuus</strong></span> <span class='ocrx_word' id='word_1_934' title='bbox 2671 5604 2749 5656; x_wconf 91' lang='lat' dir='ltr'><strong>vir</strong></span> <span class='ocrx_word' id='word_1_935' title='bbox 2797 5604 3078 5671; x_wconf 69' lang='lat' dir='ltr'><strong>religiosus</strong></span> <span class='ocrx_word' id='word_1_936' title='bbox 3128 5604 3384 5671; x_wconf 89' lang='lat' dir='ltr'><strong>plurimos</strong></span> <span class='ocrx_word' id='word_1_937' title='bbox 3432 5604 3807 5663; x_wconf 66' lang='lat' dir='ltr'><strong>ecclesiastici~</strong></span> 
     </span>
    </p>
   </div>
   <div class='ocr_carea' id='block_1_132' title="bbox 2209 5673 3788 5742">
    <p class='ocr_par' dir='ltr' id='par_1_132' title="bbox 2209 5673 3788 5742">
     <span class='ocr_line' id='line_1_132' title="bbox 2209 5673 3788 5742; baseline -0.001 -15"><span class='ocrx_word' id='word_1_938' title='bbox 2209 5676 2385 5742; x_wconf 87' lang='lat' dir='ltr'><strong>operis</strong></span> <span class='ocrx_word' id='word_1_939' title='bbox 2414 5674 2579 5727; x_wconf 90' lang='lat' dir='ltr'><strong>edidit</strong></span> <span class='ocrx_word' id='word_1_940' title='bbox 2611 5673 2773 5727; x_wconf 79' lang='lat' dir='ltr'><strong>libros</strong></span> <span class='ocrx_word' id='word_1_941' title='bbox 2794 5713 2807 5737; x_wconf 90' lang='lat'><strong>,</strong></span> <span class='ocrx_word' id='word_1_942' title='bbox 2859 5675 3139 5726; x_wconf 85' lang='lat' dir='ltr'><strong>nonnullas</strong></span> <span class='ocrx_word' id='word_1_943' title='bbox 3168 5674 3329 5728; x_wconf 90' lang='lat' dir='ltr'><strong>etiam</strong></span> <span class='ocrx_word' id='word_1_944' title='bbox 3374 5674 3676 5741; x_wconf 81' lang='lat' dir='ltr'><strong>Scripturas</strong></span> <span class='ocrx_word' id='word_1_945' title='bbox 3708 5674 3788 5727; x_wconf 86' lang='lat' dir='ltr'><strong>iti-</strong></span> 
     </span>
    </p>
   </div>
   <div class='ocr_carea' id='block_1_133' title="bbox 2210 5743 3807 5812">
    <p class='ocr_par' dir='ltr' id='par_1_133' title="bbox 2210 5743 3807 5812">
     <span class='ocr_line' id='line_1_133' title="bbox 2210 5743 3807 5812; baseline 0 -15"><span class='ocrx_word' id='word_1_946' title='bbox 2210 5752 2536 5811; x_wconf 85' lang='lat' dir='ltr'><strong>terpretatus</strong></span> <span class='ocrx_word' id='word_1_947' title='bbox 2567 5752 2649 5798; x_wconf 90' lang='lat' dir='ltr'><strong>est</strong></span> <span class='ocrx_word' id='word_1_948' title='bbox 2682 5760 2692 5794; x_wconf 90' lang='lat'><strong>:</strong></span> <span class='ocrx_word' id='word_1_949' title='bbox 2724 5747 2814 5812; x_wconf 84' lang='lat' dir='ltr'><strong>sed</strong></span> <span class='ocrx_word' id='word_1_950' title='bbox 2840 5744 3089 5809; x_wconf 83' lang='lat' dir='ltr'><strong>quoniam</strong></span> <span class='ocrx_word' id='word_1_951' title='bbox 3117 5744 3173 5796; x_wconf 85' lang='lat' dir='ltr'><strong>B.</strong></span> <span class='ocrx_word' id='word_1_952' title='bbox 3206 5743 3561 5812; x_wconf 80' lang='lat' dir='ltr'><strong>Hieronymus</strong></span> <span class='ocrx_word' id='word_1_953' title='bbox 3581 5759 3702 5796; x_wconf 90' lang='lat' dir='ltr'><strong>eum</strong></span> <span class='ocrx_word' id='word_1_954' title='bbox 3733 5747 3807 5808; x_wconf 61' lang='lat' dir='ltr'><strong>iii,</strong></span> 
     </span>
    </p>
   </div>
   <div class='ocr_carea' id='block_1_134' title="bbox 2212 5811 3787 5891">
    <p class='ocr_par' dir='ltr' id='par_1_134' title="bbox 2212 5811 3787 5891">
     <span class='ocr_line' id='line_1_134' title="bbox 2212 5811 3787 5891; baseline -0.002 -20"><span class='ocrx_word' id='word_1_955' title='bbox 2212 5816 2477 5885; x_wconf 80' lang='lat' dir='ltr'><strong>aliquibus</strong></span> <span class='ocrx_word' id='word_1_956' title='bbox 2502 5812 2566 5871; x_wconf 85' lang='lat' dir='ltr'><strong>de</strong></span> <span class='ocrx_word' id='word_1_957' title='bbox 2595 5811 2801 5869; x_wconf 86' lang='lat' dir='ltr'><strong>arbitrii</strong></span> <span class='ocrx_word' id='word_1_958' title='bbox 2831 5812 3073 5870; x_wconf 81' lang='lat' dir='ltr'><strong>libertate</strong></span> <span class='ocrx_word' id='word_1_959' title='bbox 3108 5816 3337 5880; x_wconf 83' lang='lat' dir='ltr'><strong>notavit;</strong></span> <span class='ocrx_word' id='word_1_960' title='bbox 3377 5811 3464 5869; x_wconf 81' lang='lat' dir='ltr'><strong>illa</strong></span> <span class='ocrx_word' id='word_1_961' title='bbox 3494 5815 3787 5891; x_wconf 64' lang='lat' dir='ltr'><strong>sentimus1t</strong></span> 
     </span>
    </p>
   </div>
  </div>
