4166 6348
296 376 404 435 449

1512 362 1830 420 HISTORIA
1868 358 2365 419 MONACHORUM.

3467 368 3573 447 sse

296 472 468 546 γίτυιη
490 530 503 551 ,
547 501 608 540 ac
658 499 750 554 per
784 483 957 537 entnia
994 480 1295 535 mirabilem
1323 518 1337 543 ,
1396 469 1684 545 Evagrinm
1717 475 1735 507 ¹
1783 488 1879 527 no-
1912 477 1961 534 A
1988 474 2093 527 duo
2125 474 2360 539 Macarii,
2385 472 2534 542 quasi
2557 472 2662 527 duo
2684 474 2802 530 cmli
2828 475 3110 531 luminaria
3136 475 3483 545 refulsissent,
3509 498 3577 536 ex

301 582 444 637 mine
475 597 489 633 :
523 579 607 634 cui
661 579 801 631 inter
830 586 1038 630 ceteras
1080 573 1243 628 anitni
1298 574 1521 624 virtutes
1570 577 1713 622 tanta
1758 582 1887 621 (ξοη-

301 690 448 729 cessa
485 682 567 728 est
595 671 765 743 gratia
796 667 1270 723 discernendornut
1308 663 1593 731 spirituum
1618 701 1631 725 ,
1666 667 1721 713 et
1756 657 1887 729 pu'r-

302 766 592 838 garidarum
640 764 817 834 (sicut
847 759 1133 829 Apostolus
1175 753 1789 824 dicit)'cogitationutu,
1834 759 1891 803 ut

305 856 636 913 nullusalius
681 860 959 926 putaretur
983 870 1047 909 ex
1078 852 1335 907 fratribus
1367 849 1433 905 ad
1473 857 1672 902 tantam
1717 847 1889 902 subli-

308 955 431 1007 linm
463 960 516 1006 et
545 950 903 1021 spiritualium
929 963 1105 1003 rerum
1128 947 1405 1003 scientiam
1432 943 1763 1014 pervenisse.
1790 940 1887 996 Cui

305 1048 547 1116 quamvis
594 1045 754 1101 rebus
782 1046 942 1115 ipsis,
980 1040 1033 1100 et
1076 1040 1492 1111 experimentis,
1526 1049 1582 1094 et
1612 1031 1779 1109 (quod
1810 1048 1893 1093 est

305 1154 464 1206 super
490 1137 707 1207 omnia)
748 1153 842 1205 per
887 1137 1111 1205 gratiam
1144 1134 1233 1189 Dei
1270 1147 1463 1204 magna
1504 1132 1697 1186 collata
1731 1129 1890 1184 fuerit

305 1228 688 1299 intelligentia;
733 1227 958 1281 accessit
989 1237 1162 1281 tamen
1191 1234 1243 1279 et
1282 1224 1382 1277 hoc
1403 1262 1418 1288 ,
1461 1229 1519 1275 nt
1551 1223 1719 1275 multa
1754 1220 1888 1274 tem-

308 1336 435 1390 pore
465 1322 758 1375 instructus
801 1318 963 1373 fuerit
1003 1334 1031 1373 a
1064 1319 1218 1373 beato
1244 1315 1506 1377 Macario,
1540 1314 1894 1385 quem‘famo-

306 1414 574 1467 si-‘sTmum
611 1412 663 1465 in
695 1410 785 1464 Dei
814 1410 1012 1481 gratia,
1047 1408 1317 1479 signisque
1353 1412 1408 1463 et
1438 1406 1725 1461 virtutibus
1756 1406 1888 1461 insi-

306 1506 461 1577 gnem
480 1502 676 1565 fuisse,
706 1503 954 1557 Omnibus
986 1510 1167 1554 notum
1198 1507 1299 1554 est.

384 1587 540 1669 193
580 1596 678 1651 IIic
722 1610 848 1665 ergo
894 1594 1151 1664 Evagrius
1192 1588 1523 1647 incredibilis
1569 1599 1684 1644 erat
1722 1589 1890 1643 absti—

307 1690 500 1745 nentia:
527 1732 540 1753 ,
571 1695 731 1758 super
754 1687 934 1743 omnia
981 1698 1156 1740 tamen
1190 1686 1439 1739 monebat
1471 1684 1694 1748 fratres,
1728 1684 1771 1736 si
1804 1682 1892 1753 qui

309 1782 446 1836 forte
476 1776 710 1834 studium
734 1780 1015 1849 gererent,
1047 1778 1127 1832 vel
1159 1776 1471 1830 ltutniliandi
1491 1775 1737 1846 corporis
1759 1818 1773 1840 ,
1811 1773 1892 1827 v.l

1997 564 2189 633 quibus
2208 580 2342 617 unus
2359 565 2423 618 1E
2432 567 2641 636 gyptins
2659 581 2877 635 genere,
2893 577 2945 621 et
2958 567 3246 638 discipulus
3266 571 3406 624 beati
3427 571 3578 624 Anto-

1994 657 2065 709 nii
2095 656 2207 720 fuit,
2238 657 2373 711 alius
2403 658 2815 713 Alexandrinus.
2848 659 3051 727 Quibus
3091 670 3147 715 ut
3184 663 3441 717 vocabula
3475 679 3572 718 no-

1995 748 2173 816 minis,
2202 748 2270 801 ita
2302 748 2522 804 virtutes
2553 750 2715 803 animi
2744 760 2796 806 et
2823 754 3118 807 cmlestiuut
3143 755 3431 825 gratiarum
3464 770 3576 809 tna-

1995 840 2297 911 gnilicentia
2347 843 2727 897 concordabat.
2785 845 3017 913 Uterque
3064 848 3205 902 enim
3266 848 3573 915 Macarius,
3640 846 3651 853 ’

1998 943 2219 1002 uterque
2283 934 2617 991 abstinentiae
2662 940 2930 993 exercitiis
2976 950 3028 993 et
3082 941 3363 997 virtutibus
3412 944 3579 997 animi

1997 1029 2272 1097 :rqualiter
2299 1029 2503 1098 pollens
2528 1072 2541 1095 ,
2591 1032 2692 1087 hoc
2720 1034 2837 1088 solo
2880 1035 3015 1088 alius
3050 1038 3362 1102 praecellens
3386 1078 3400 1102 ,
3433 1040 3572 1107 quod

1997 1121 2148 1189 quasi
2195 1119 2544 1177 hereditatem
2572 1126 2863 1193 gratiarum
2896 1136 2948 1182 et
2983 1129 3234 1183 virtutum
3273 1129 3328 1182 Ii.
3366 1133 3577 1186 Antonii

1999 1210 2322 1284 possidebat.

2069 1299 2202 1360 lIinc
2230 1304 2457 1376 denique
2492 1300 2699 1376 ferunt,
2741 1309 3027 1379 aliquando
3072 1327 3191 1367 cum
3235 1315 3578 1370 homicidium

1999 1399 2049 1452 in
2079 1398 2210 1453 locis
2242 1398 2433 1454 vicinis
2475 1400 2657 1456 fuisset
2695 1401 3023 1467 admissum,
3068 1413 3123 1458 et
3158 1405 3426 1460 innocenti
3469 1408 3581 1461 cui-

1998 1489 2119 1544 dam
2168 1488 2554 1561 impingeretur
2600 1492 2803 1547 crimen
2854 1493 3108 1563 admissi,
3160 1498 3465 1567 confugisse
3512 1500 3578 1553 ad

1998 1582 2113 1649 ejus
2137 1583 2383 1635 cellulam
2413 1598 2555 1647 eum,
2590 1584 2681 1652 qni
2712 1585 3029 1639 calumniam
3065 1588 3364 1656 patiebatur
3396 1588 3571 1660 (Deest

1999 1671 2092 1724 hoc
2127 1670 2389 1741 Palladio)
2417 1690 2429 1735 ;
2462 1670 2677 1729 affuisse
2705 1674 2868 1729 etiam
2904 1691 3027 1745 eos,
3061 1676 3167 1745 fqni
3201 1680 3577 1749 perurgebant,

1999 1763 2291 1833 allegantes
2320 1771 2374 1817 et
2401 1762 2642 1819 dicentes
2689 1766 2977 1835 periclitari
3016 1767 3253 1838 seipsos,
3298 1770 3400 1825 nisi
3432 1786 3579 1826 com-

314 1864 625 1941 νῖηιητιείέη
664 1871 731 1923 ab
779 1884 845 1924 eo
895 1869 1200 1922 άωηιοηυιη
1234 1865 1597 1935 ριιορειιεηάί,
1631 1881 1697 1920 ne
1730 1866 1780 1918 in
1815 1864 1891 1919 bi-
1925 1856 1972 1917 B
2000 1855 2319 1923 prehensum
2349 1852 2553 1925 legibus
2584 1858 2858 1913 traderent
2889 1858 3232 1915 homicidam.
3267 1861 3314 1916 Is
3343 1878 3469 1917 veru
3493 1863 3580 1917 cui

311 1965 483 2021 benda
532 1978 669 2032 aqua
721 1962 950 2033 largiore
999 1976 1250 2016 mensura
1309 1967 1626 2025 uterentur;
1682 1959 1893 2013 dicebat

315 2056 459 2111 enim
491 2072 503 2107 :
540 2054 673 2122 Quia
702 2056 744 2107 si
772 2068 906 2121 aqua
941 2052 1107 2107 multa
1137 2066 1330 2120 corpus
1368 2051 1693 2115 infundatur,
1726 2049 1893 2119 majo-

315 2162 400 2203 res
426 2146 734 2215 pliantasias
762 2153 1018 2216 generat,
1064 2153 1119 2199 et
1150 2145 1378 2214 largiora
1418 2138 1754 2211 receptacula
1785 2142 1893 2194 da;-

313 2240 559 2294 tnonibus
602 2237 827 2309 praebet.
877 2236 981 2291 Sed
1023 2246 1076 2291 et
1117 2236 1281 2289 multa
1311 2235 1411 2289 alia
1455 2234 1521 2288 de
1548 2233 1889 2299 abstinentia,

310 2346 515 2385 summa
555 2344 677 2384 eum
701 2326 1087 2383 deliberatione
1114 2326 1393 2381 edocebat.
1440 2324 1557 2392 Ipse
1578 2331 1755 2378 autem
1788 2339 1891 2376 non

308 2424 478 2478 solum
508 2435 645 2491 aqua
678 2419 983 2488 pareissima
1015 2418 1283 2483 utebatur,
1311 2416 1402 2471 sed
1428 2420 1485 2471 ct
1517 2418 1653 2484 pane
1680 2415 1893 2482 penitus

308 2516 634 2572 abstinebat.
686 2512 787 2565 Alii
841 2522 969 2565 Vero
1011 2510 1101 2579 qui
1146 2510 1200 2563 in
1229 2508 1335 2563 illis
1372 2510 1503 2562 locis
1548 2506 1895 2561 morabantur

307 2605 523 2672 fratres,
558 2605 693 2675 pan'e
712 2604 833 2659 solo
861 2612 914 2659 et
936 2602 1048 2657 sale
1080 2601 1317 2656 contenti
1345 2610 1520 2663 erant,
1545 2599 1617 2651 ita
1646 2607 1702 2651 ut
1729 2599 1781 2651 itt
1804 2597 1895 2652 illa

309 2702 452 2756 omni
484 2699 858 2762 multitudine,
905 2699 989 2750 vix
1034 2694 1300 2750 inVenires
1346 2694 1579 2759 aliqu‘em
1606 2734 1621 2757 ,
1656 2692 1743 2762 Qui
1775 2692 1896 2746 ole‘o

306 2793 496 2847 saltem
553 2792 813 2845 uteretur.
867 2788 1055 2843 Plures
1094 2797 1271 2842 autem
1314 2782 1364 2840 in
1395 2784 1473 2840 eis
1520 2799 1617 2839 nec
1654 2784 1896 2851 iacentes

307 2899 591 2947 somnum,
635 2883 729 2937 sed
759 2878 1042 2946 sedentes,
1075 2889 1130 2936 et
1168 2879 1259 2951 (ut
1293 2878 1364 2931 ita
1395 2877 1602 2946 dicam)
1644 2872 1693 2930 in
1733 2875 1897 2931 inedi-

309 2976 512 3031 latione
540 2975 841 3030 divinorum
872 2974 1001 3029 verb
1024 2989 1153 3027 trum
1182 2970 1336 3040 positi
1363 2970 1668 3039 capiebant.

856 3108 1082 3166 CAPUT
1124 3111 1353 3166 XXVIII.

1997 1946 2197 2000 crimen
2237 1947 2647 2018 itupingebatur,
2698 1964 2819 2003 eum
2865 1951 3216 2006 sacramentis
3255 1952 3413 2024 194
3437 1953 3585 2007 affir-

1998 2036 2199 2103 mabat,
2228 2040 2502 2095 censeium
2528 2053 2587 2094 se
2613 2055 2715 2095 non
2738 2055 2858 2096 esse
2884 2043 3157 2113 sanguinis
3180 2044 3341 2100 illius.
3373 2047 3436 2101 Et
3454 2061 3608 2101 cum.

1996 2128 2086 2182 diu
2117 2128 2183 2182 ab
2211 2132 2437 2200 utraque
2462 2134 2613 2201 parte
2640 2140 2912 2186 certamen
2947 2134 3255 2201 haberetur,
3283 2136 3581 2209 interroga-

1999 2220 2086 2274 bat
2116 2231 2330 2275 sanctus
2362 2219 2622 2277 Macarius
2649 2222 2738 2277 ubi
2770 2224 3009 2296 sepultus
3028 2236 3173 2282 esset
3196 2268 3211 2293 ,
3244 2228 3334 2297 qui
3364 2228 3583 2284 diceba-

2002 2321 2086 2365 tnr
2106 2313 2335 2365 occisus.
2366 2310 2608 2378 Cumque
2628 2313 3004 2384 designassent
3031 2316 3227 2387 locum,
3253 2332 3374 2374 cum
3408 2322 3583 2374 omni-

2002 2401 2098 2455 bns
2128 2403 2217 2471 qui
2256 2402 2320 2455 ad
2365 2404 2756 2474 perurgendum
2793 2406 3062 2461 hominem
3088 2419 3375 2471 venerant,
3411 2412 3583 2479 pergit

1997 2493 2065 2548 ad
2095 2494 2418 2563 sepulcrum,
2441 2504 2601 2563 atque
2632 2495 2699 2550 ibi
2733 2496 2851 2551 lixis
2880 2497 3107 2568 genibus
3145 2499 3390 2555 inrocatn
3423 2510 3435 2551 t
3465 2503 3581 2556 lni~

1999 2587 2067 2640 sti
2102 2587 2313 2641 nomine
2334 2629 2347 2653 ,
2387 2588 2460 2641 ait
2498 2587 2565 2641 ad
2595 2602 2687 2642 eos
2711 2589 2799 2658 qui
2830 2590 3077 2645 astabant
3105 2608 3115 2642 :
3151 2590 3301 2644 Nune
3328 2591 3583 2647 Dominus

2000 2685 2265 2750 ostendet,
2296 2688 2339 2739 si
2363 2699 2489 2740 vere
2520 2699 2642 2740 reus
2670 2695 2751 2740 est
2768 2684 2874 2753 hic,
2894 2686 2984 2756 qni
3014 2695 3329 2758 perurgetur
3348 2702 3378 2742 a
3401 2688 3575 2744 vobis.

2004 2775 2070 2829 Et
2098 2777 2301 2831 elevata
2326 2790 2477 2840 voce,
2506 2792 2571 2831 ex
2602 2778 2819 2832 nomine
2841 2778 3039 2832 clamat
3060 2778 3387 2835 defunctum.
3418 2779 3577 2835 Cum-

2001 2882 2104 2936 que
2150 2868 2199 2922 ei
2257 2867 2325 2923 de
2391 2869 2641 2938 sepulcro
2692 2879 2913 2926 vocatus
2960 2872 3351 2940 respondiSSet,
3401 2875 3476 2927 ait
3516 2874 3584 2928 ad

2002 2971 2124 3013 eum
2160 2976 2172 3011 '.
2218 2959 2322 3015 Per
2354 2959 2509 3014 fidem
2551 2957 2746 3015 Οιιινίςιί
2776 2971 2828 3016 te
2867 2962 3134 3028 obtestor,
3165 2974 3222 3017 nt
3251 2963 3400 3019 dicas
3440 2964 3485 3018 si
3519 2965 3587 3018 ab

2004 3048 2105 3104 h'oe
2135 3048 2374 3115 homine,
2402 3051 2490 3119 qui
2521 3050 2840 3105 calumniam
2864 3052 3080 3121 patitur,
3105 3054 3312 3108 oecisus
3332 3070 3410 3109 es.
3435 3054 3586 3109 Tune

2002 3141 2093 3196 ille
2122 3140 2190 3196 de
2211 3142 2459 3210 sepulcro
2485 3140 2626 3195 clara
2657 3154 2787 3197 voce
2816 3143 3118 3212 respondit,
3151 3144 3332 3199 dieens
3356 3186 3369 3210 ,
3398 3160 3500 3198 non
3526 3154 3588 3200 se

314 3258 379 3299 DE
426 3254 451 3281 ἰ
499 3257 700 3299 nuoaus
754 3258 1042 3303 lucanus,
1105 3258 1171 3297 ετ
1225 3259 1421 3305 ramo,
1477 3260 1542 3298 οε
1588 3242 1616 3281 δ
1666 3243 1896 3298 uacautn

2005 3246 2124 3286 esse
2147 3231 2213 3285 ab
2241 3244 2306 3285 eo
2331 3230 2691 3288 interfectum.
2726 3232 2789 3287 Et
2816 3246 2939 3289 cum
2968 3235 3250 3305 smpel‘acti
3278 3250 3465 3290 omnes
3488 3237 3577 3291 de-

768 3329 1035 3375 FEGYP'I'IO,
1078 3329 1173 3367 εει]
1213 3329 1454 3369 SENIORE.

388 3421 689 3476 Naﬁabant
735 3432 910 3475 autem
951 3420 1185 3491 (Pallad.
1245 3434 1360 3492 cap.
1413 3423 1475 3476 19
1506 3422 1698 3493 e120.)
1747 3422 1898 3477 uoltis

324 3514 537 3585 quidam
561 3530 624 3569 ex
655 3516 896 3584 putt-ibus
925 3515 1011 3584 qui
1046 3515 1114 3569 ibi
1150 3520 1301 3569 erant
1325 3555 1340 3582 ,
1383 3517 1520 3585 quod
1554 3518 1603 3571 in
1636 3518 1767 3573 locis
1797 3517 1901 3572 illis

321 3682 437 3738 quae
467 3666 777 3740 prtedictum
809 3668 1021 3740 beatum
1063 3668 1449 3740 Hieronymum
1472 3671 1671 3725 sentire
1704 3685 1902 3740 cogun-

319 3740 541 3793 scimns.
595 3738 661 3792 Et
697 3755 800 3792 non
830 3738 1001 3793 solum
1043 3738 1110 3793 de
1146 3738 1370 3805 Itulino,
1412 3741 1504 3796 sed
1536 3742 1695 3796 etiam
1728 3738 1794 3796 de
1821 3742 1899 3795 di-

329 3810 520 3873 versis,
546 3824 680 3879 quos
725 3809 807 3862 vir
843 3810 1041 3875 sa'pins
1071 3824 1395 3865 memoratus
1425 3811 1540 3866 zelo
1572 3812 1662 3866 Dei
1691 3821 1747 3868 et
1777 3813 1899 3866 fidei

326 3880 588 3948 religione
615 3879 975 3953 reprehendit.
1029 3879 1156 3934 Haec
1179 3881 1238 3933 S.
1286 3880 1542 3947 Gelasius,
1569 3885 1717 3953 cujus
1742 3885 1902 3936 docu-

321 3960 542 4004 mentum
564 3966 622 4003 eo
651 3952 875 4003 tenacius
906 3960 1071 4004 mente
1094 3952 1471 4021 suscipiendum
1495 3969 1555 4005 ac
1581 3952 1901 4007 retinendmn

321 4022 519 4092 uidetur
540 4063 555 4087 ,
589 4022 725 4089 quod
756 4022 927 4074 divina
958 4022 1277 4088 providentia
1308 4025 1499 4089 factum
1530 4027 1718 4092 fuerit,
1752 4037 1804 4077 ut
1838 4025 1898 4080 Ε.

324 4090 671 4165 Hieronymus
689 4093 1000 4165 multorum,
1028 4092 1116 4161 qui
1146 4098 1237 4145 suo
1269 4102 1491 4165 tempore
1517 4090 1610 4147 sub
1640 4096 1903 4165 religionis

324 4169 372 4235 et
396 4162 596 4235 pietatis
613 4162 785 4235 habitu
812 4162 1058 4216 hwresum
1082 4177 1270 4235 uenena
1292 4163 1592 4235 fundebant,
1622 4162 1901 4235 ipse'frau—

325 4232 456 4304 des,
480 4232 702 4304 technas,
748 4234 918 4298 dolos,
949 4238 1148 4286 err'ores
1180 4232 1517 4301 deprehensos
1548 4235 1599 4287 in
1642 4232 1903 4304 publicum

326 4302 628 4375 prodiderit,
652 4306 863 4375 ejusque
887 4320 947 4356 ea
975 4304 1027 4357 in
1054 4319 1108 4357 re
1123 4305 1379 4374 judicium
1413 4302 1651 4358 Romana
1673 4303 1826 4358 Eoi-le
1855 4308 1904 4358 ia

324 4374 638 4443 probaverit.
686 4390 749 4445 ne
785 4374 1020 4445 deinceps
1053 4384 1157 4427 tam
1185 4376 1332 4429 multi
1368 4375 1477 4443 lupi
1517 4376 1570 4429 in
1601 4376 1904 4430 vestimentis

327 4442 496 4496 ovium
522 4445 663 4515 gregi
696 4442 971 4498 Dominico'
994 4446 1328 4515 imponerent,
1352 4442 1684 4513 eamdemque
1713 4458 1905 4499 macta-

324 4524 459 4581 rent,
491 4531 605 4567 cum
627 4515 815 4582 alioqui
845 4516 997 4568 etiam
1019 4516 1339 4569 cautissimas
1364 4527 1408 4569 et
1432 4518 1787 4585 sagacissimus
1814 4520 1903 4571 de-

326 4584 490 4656 cipere
533 4586 785 4649 pomerint
813 4601 831 4638 :
871 4585 1123 4656 ejusmodi
1175 4590 1315 4654 fuere
1348 4584 1596 4651 lia/inus.
1635 4586 1900 4655 E:'agrius,

328 4652 621 4722 Palladius,
642 4666 686 4708 et
705 4656 793 4728 alii
810 4652 1047 4728 monac/ii
1068 4652 1387 4728 Origenistw,
1415 4672 1538 4726 quos
1565 4658 1625 4711 S.
1652 4652 1905 4728 lIie'rony-

329 4729 459 4789 mus,
492 4735 546 4779 ut
568 4742 727 4789 nuper
747 4727 983 4790 vidimus,
1007 4727 1269 4782 indicavit.

400 4795 511 4851 Sed.
527 4797 594 4848 ad
626 4794 905 4868 Evagrith
931 4797 1195 4851 redeamus
1219 4840 1233 4863 ,
1272 4797 1334 4851 de
1355 4810 1455 4868 quo
1483 4798 1590 4852 lucc
1618 4815 1813 4867 quoque
1843 4798 1902 4854 S.

328 4863 552 4921 Joannes
579 4863 781 4921 Clinias:
810 4882 828 4921 :
856 4865 1064 4920 Putavit
1092 4868 1344 4935 Evagrius
1368 4863 1818 4937 sapientissimum
1848 4886 1906 4925 se

332 4937 570 5009 omnium
603 4938 903 5009 alacritate,
929 4952 1117 4992 sensus
1142 4937 1251 4991 ﬁeri
1278 4956 1290 4991 :
1324 4939 1417 4993 sed
1450 4938 1688 4994 fraudem
1720 4956 1907 5009 passus

332 5007 430 5062 sibi
456 5007 706 5062 mentitus
729 5019 813 5061 est
835 5008 1028 5073 miser;
1055 5009 1412 5077 insipientium
1440 5007 1906 5077 insipierttiésitnus

332 5094 396 5150 e_x
428 5078 529 5150 hoc
558 5078 675 5147 ipso
703 5088 954 5150 ostensus
981 5088 1084 5132 est.
1116 5076 1244 5132 Ηιεε
1290 5081 1479 5133 idcirco
1506 5076 1737 5145 Cliniam,
1773 5084 1908 5150 quod

334 5146 587 5222 Euagrius
610 5146 874 5222 apatltia_m
897 5150 1275 5222 introduceret.
1310 5150 1474 5203 Porro
1505 5146 1907 5222 Eragrium'una

332 5234 448 5271 cum
482 5218 703 5290 Origene
729 5228 776 5271 et
805 5218 1025 5290 Didyme
1045 5219 1392 5273 Alexandrino
1422 5218 1678 5287 tamquam
1706 5222 1909 5276 lucretio

332 5305 448 5341 cum
467 5292 881 5361 condemnatum,
899 5295 1107 5360 ejusque
1120 5305 1312 5361 errores
1331 5292 1641 5361 proscriptos
1659 5294 1707 5345 in
1732 5294 1913 5361 quinta

332 5359 561 5433 generali
586 5360 822 5433 Synodo,
855 5359 1082 5433 auctores
1109 5370 1226 5433 sunt
1253 5360 1315 5417 S.
1348 5360 1625 5433 Thgarasius
1650 5359 1911 5433 episcopus

333 5428 930 5503 Constantinopoiitanus
950 5429 1324 5503 ,_Confessione
1353 5431 1503 5500 ﬁdei,
1546 5428 1912 5503 quaa'halietur

334 5502 659 5574 infecundo
699 5499 918 5553 Niceno
947 5499 1199 5574 concilio,
1249 5499 1449 5555 actium
1495 5499 1568 5566 5,
1608 5503 1827 5574 Niceph.
1867 5505 1909 5559 1.

339 5569 531 5625 XVII.
566 5564 767 5624 Hister.
805 5585 917 5637 cap.
963 5569 1054 5624 '27.
1086 5564 1341 5625 Cedrenus
1387 5574 1438 5625 in
1470 5564 1656 5627 Annal.
1699 5564 1751 5627 in
1791 5574 1914 5628 Jus-

340 5642 548 5715 tiniano.
584 5639 839 5715 Eumdem
867 5641 1019 5715 etiam
1046 5639 1322 5715 Eragrium
1345 5657 1456 5715 cum
1479 5646 1664 5697 eisdem
1696 5645 1913 5715 Didyme

337 5722 381 5782 et
420 5712 639 5782 Origene
667 5711 931 5782 damnavit
967 5710 1027 5765 S.
1078 5711 1183 5764 Mai
1198 5713 1335 5782 tinus
1376 5711 1526 5778 Papa
1555 5725 1601 5768 et
1632 5710 1825 5781 martyr
1856 5718 1907 5769 in

339 5780 567 5837 Concilio
599 5781 957 5845 Lateranrnsi,
994 5782 1281 5834 Secretario
1308 5781 1369 5849 5,
1400 5782 1604 5837 Canone
1636 5785 1722 5845 18,
1745 5788 1833 5837 sed
1864 5798 1909 5838 et

337 5850 622 5909 Antiochus
644 5850 943 5917 monachus,
967 5853 1051 5915 qui
1073 5851 1163 5906 sub
1190 5850 1430 5906 llrraclio
1454 5854 1592 5923 vixit,
1621 5853 1830 5909 homilia
1848 5858 1909 5911 de

1939 4625 1986 4684 D

2005 3323 2262 3378 cidissent
2296 3324 2363 3377 ad
2401 3330 2599 3378 terram
2626 3365 2640 3391 ,
2669 3340 2732 3380 ae
2754 3326 2977 3395 pedibus
3005 3326 3121 3397 ejus
3150 3327 3567 3385 advolverentu‘r

2003 3431 2190 3487 rogare
2219 3426 2514 3484 caruerunt,
2543 3427 2600 3472 ut
2626 3417 3120 3489 interrogareteum
3148 3436 3175 3475 a
3201 3436 3304 3491 quo
3330 3432 3475 3477 esset
3495 3440 3591 3477 oc-

1998 3508 2165 3562 eisus.
2199 3508 2347 3563 Tunc
2380 3508 2464 3563 ille
2495 3523 2509 3563 :
2543 3507 2674 3575 lloc,
2707 3509 2900 3578 inquit,
2928 3518 3031 3565 non
3064 3511 3441 3582 interrogabo:
3472 3514 3586 3567 sul-

2005 3684 2182 3738 regno,
2231 3684 2345 3738 quia
2374 3678 2446 3723 est
2485 3669 2589 3725 150
2631 3670 2939 3724 enumeratis
2989 3671 3164 3723 multis
3213 3670 3589 3737 haresiarclus,

2005 3739 2114 3794 lucc
2138 3741 2305 3793 subdit
2335 3756 2352 3794 :
2378 3740 2504 3793 Post
2532 3740 2645 3795 haec
2674 3740 2949 3796 h.creseon
2984 3750 3224 3805 portenta
3260 3739 3475 3795 fuerunt
3511 3743 3586 3805 hi,

2010 3810 2268 3879 Evagrius
2292 3820 2345 3865 et
2376 3809 2655 3880 Didymus,
2686 3811 2773 3878 qui
2804 3809 3094 3867 secundum
3125 3812 3315 3881 dogma
3347 3811 3593 3881 Origenis

2004 3892 2132 3949 puta
2163 3882 2613 3948 prmexistentiam
2653 3882 2829 3935 rerum
2866 3891 3025 3950 atque
3066 3898 3247 3937 earum
3296 3881 3593 3937 restitutio-

2008 3965 2130 4006 nem
2155 3960 2455 4006 senserunt.
2492 3950 2621 4005 Herc
2648 3952 2754 4006 ille.
2789 3951 2868 4004 Er
2898 3954 3078 4022 quibus
3108 3953 3375 4019 omnibus,
3404 3964 3450 4006 et
3474 3954 3591 4007 aliis

2006 4037 2131 4093 qua;
2167 4023 2477 4093 omittimus,
2512 4023 2666 4093 [acile
2708 4023 2919 4093 quisque
2964 4024 3231 4093 dispiciet,
3264 4039 3364 4093 quo
3384 4022 3503 4093 loco
3544 4032 3593 4076 ei

2006 4039 2120 4089 qua:
2167 4039 2477 4084 onmnmus,
2512 4039 2666 4090 ιιισιιε
2708 4039 2919 4144 quinae
2964 4039 3231 4093 aisptctet,
3264 4039 3503 4090 quameo
3544 4039 3584 4076 et

2006 4092 2167 4161 pretio
2218 4092 2469 4162 Euagrius
2520 4092 2766 4162 Ponticus
2854 4093 3148 4162 yperborita
3189 4094 3255 4146 sit
3303 4092 3584 4159 habendus,

2008 4160 2271 4215 Hactenus
2297 4160 2365 4231 Ir.
2394 4160 2483 4215 Jo.
2515 4161 2707 4225 Maria,
2738 4160 2976 4231 nugister
2996 4164 3128 4216 sacri
3160 4163 3365 4228 palatii.

3160 4232 3513 4287 Roswnrnus.

2078 4311 2103 4339 ἰ
2148 4301 2363 4373 Duobus
2392 4302 2652 4373 Macariis.
2684 4300 2703 4373 ]
2745 4302 2855 4355 Duo
2876 4312 2996 4356 sunt
3037 4301 3254 4354 Macarii
3282 4302 3502 4373 celebres
3534 4306 3585 4356 in

2012 4373 2239 4426 Romano
2270 4371 2661 4442 Martyrologio,
2687 4371 2905 4442 uterque
2936 4373 3235 4443 /Egyptius.
3267 4372 3371 4425 Sed
3400 4374 3463 4426 de
3491 4382 3590 4442 quo

2010 4445 2090 4495 hic
2117 4444 2309 4512 agitur,
2333 4453 2380 4497 et
2400 4441 2701 4511 simpliciter
2728 4454 2773 4495 et
2803 4441 3090 4513 signiﬁcate
3122 4441 3402 4511 [Egyptius
3425 4441 3590 4498 dictus

2004 4524 2100 4577 est,
2126 4514 2257 4566 alter
2286 4529 2401 4566 vero
2431 4512 3009 4581 Alexandrinus,’quod
3031 4515 3082 4566 in
3108 4513 3337 4567 Ecclesia
3366 4513 3591 4569 Alexan-

2008 4584 2159 4637 drina
2179 4587 2381 4651 functas
2415 4589 2545 4637 esset
2576 4583 2905 4653 presbyterio,
2946 4594 2998 4636 ut
3028 4594 3101 4637 est
3130 4585 3269 4653 apud
3294 4582 3590 4640 Palladium

2010 4653 2227 4723 cap.20.
2249 4654 2560 4707 Sozomenus
2588 4654 2674 4725 lib.
2695 4654 2940 4721 ll!,cap.
2969 4656 3056 4719 l3,
3077 4656 3143 4706 itst
3168 4655 3257 4708 hos
3277 4656 3543 4725 distinguit
3573 4673 3590 4710 .·

2011 4737 2065 4798 '_0
2086 4728 2175 4798 μὲν
2204 4727 2497 4797 Αἰγύπτιος,
2533 4724 2557 4779 ὁ
2597 4723 2650 4780 δέ
2676 4727 2931 4798 πᾼολιέτικός
2970 4730 3036 4787 ὡς
3078 4728 3255 4798 ἀστόςξ
3277 4723 3561 4796 ὠνομάζετο
3582 4773 3593 4792 ,

2010 4794 2463 4871 ἧξγάρμτῷγγὲνει
2504 4796 2906 4871 Ἀλεξανδρεύς)
2945 4798 3179 4871 Quorum
3205 4796 3345 4871 alter
3370 4794 3427 4871 in
3450 4799 3595 4871 agris

2013 4867 2248 4938 lEg'ypti,
2281 4867 2414 4921 alter
2437 4870 2485 4920 iu
2512 4868 2640 4922 urbe
2681 4867 2835 4920 natus
2862 4868 2996 4936 (erat
3019 4868 3160 4922 enim
3190 4867 3590 4924 Alexandrinus

2010 4939 2229 5008 genere)
2260 4947 2314 4993 et
2356 4938 2427 4992 ita
2454 4938 2709 4993 institutis
2743 4939 2986 4993 civilibus
3008 4940 3291 5005 educatus,
3321 4948 3379 4993 ut
3407 4943 3594 5004 ἀστὸς.

2012 5010 2064 5063 id
2094 5018 2198 5070 est.
2233 5009 2789 5079 urbanusrdirert-tur.
2834 5010 3137 5079 Signantius
3164 5012 3319 5063 etiam
3351 5010 3588 5064 Socrates

2014 5080 2103 5152 iib.
2132 5078 2233 5145 ιν,
2267 5095 2380 5144 cap.
2430 5078 2516 5152 18.
2548 5078 2639 5133 Ὧν
2676 5082 2701 5136 ὁ
2732 5084 2821 5151 μὲν
2851 5078 3013 5142 iaci-ri;
3038 5080 3139 5136 ἅνω
3172 5082 3427 5152 Αἰγύπτου
3450 5081 3528 5145 ἦν,
3563 5082 3587 5136 ὁ

2011 5151 2064 5225 δέ
2093 5154 2148 5207 ἐκ
2172 5161 2263 5225 eg;
2286 5149 2647 5225 Ἀλέξανδρὲων
2670 5149 2859 5225 πόλεως
2882 5169 2894 5206 :
2920 5153 3159 5225 Quorum
3183 5149 3315 5225 alter
3345 5168 3409 5225 ett
3432 5164 3595 5221 supe—

2012 5223 2155 5278 riore
2182 5222 2434 5293 Aigypto,
2467 5222 2604 5277 alter
2623 5239 2689 5278 ex
2711 5224 2843 5279 urbe
2862 5224 3189 5278 Alexandria
3217 5223 3493 5278 oriundus.

3169 5292 3493 5345 Roswsvnus

3216 5306 3517 5347 OSWEYDUS.

2086 5361 2112 5401 δ
2153 5362 2383 5417 Macario
2410 5359 2723 5435 Egyptio.]
2758 5363 3040 5435 [Egyptius
3069 5364 3151 5435 hic
3198 5362 3416 5435 ocatgrit
3452 5359 3594 5435 apud

2016 5435 2441 5509 Martyrologium
2475 5422 2760 5509 Romanum
2791 5422 3121 5509 iiivjanuarii
3149 5445 3168 5485 :
3190 5433 3253 5509 _ln
3276 5422 3508 5509 Egypto
3533 5429 3592 5482 S.

2017 5504 2231 5559 Macarii
2259 5504 2489 5569 abbatis,
2518 5503 2763 5568 discipuli
2791 5504 2850 5557 Β.
2882 5504 3118 5567 Antonii,
3153 5504 3256 5554 vita
3287 5509 3341 5569 ei
3362 5503 3592 5554 tniraeu-

2018 5576 2083 5631 lis
2097 5574 2457 5629 celeberrimi.
2477 5566 2550 5627 De
2570 5566 2667 5626 hoc
2683 5577 2732 5626 in
2759 5573 3050 5642 Menologio
3067 5574 3129 5625 ll)
3152 5570 3279 5642 Jan.
3302 5566 3431 5642 Vide
3455 5570 3591 5642 infra

2017 5648 2071 5700 in
2106 5644 2334 5698 Macario
2364 5645 2728 5698 Alexandrino.
2775 5642 2901 5712 (Fuit
2945 5636 3042 5712 liic
3068 5641 3309 5712 magister
3357 5636 3591 5712 Euagri,

2016 5726 2070 5769 ut
2107 5715 2283 5769 scribit
2326 5713 2582 5776 Socrates,
2617 5713 2655 5766 ι.
2706 5711 2808 5777 ιγ,
2842 5728 2958 5781 cap.
2992 5711 3056 5765 18
3097 5708 3175 5781 ειί
3190 5708 3486 5763 Gennadius
3531 5708 3589 5762 de

2017 5787 2134 5839 viris
2165 5783 2364 5837 Illustr.
2395 5801 2507 5851 cap.
2536 5784 2565 5835 'i
2580 5784 2630 5851 li.
3167 5780 3517 5836 lioswavntts.

2091 5859 2103 5886 ¹
2148 5850 2563 5924 Origenistaltic
2594 5850 2706 5919 fuit,
2740 5859 2870 5907 teste
2904 5851 3116 5907 Ilicron.
