4166 6348
549 386 640 440 431
1599 392 1825 448 ΙῖϋΗΝΙ
1867 393 2342 459 AQtilLElENSIS
2379 397 2808 457 PllESBYTEIlI

3661 409 3666 415 ’
3713 413 3839 469 452-

549 502 655 556 ﬁeit
679 503 819 557 enim
851 504 997 567 mihi,
1035 513 1088 558 ιιι
1117 505 1372 559 innocens
1403 504 1672 567 liberetur,
1695 518 1799 556 non
1831 512 1914 558 est
1937 512 2117 559 autem
2151 509 2196 566 Α
2225 507 2366 563 viros
2392 513 2745 578 conversuio,
2767 513 2964 583 altser
2993 515 3237 572 feminea
3262 493 3586 588 suspicioni,
3619 526 3803 582 0b,”-

547 610 748 660 meum,
776 605 831 649 ut
861 611 983 648 reus
1015 599 1289 664 prodatur.

618 684 774 739 Aliud
799 700 1007 754 quoque
1049 685 1280 756 (Pallad.
1331 701 1442 756 cap.
1495 682 1605 754 l9.)
1633 684 1747 754 ejus
1771 700 1936 755 genus
1968 685 2129 741 mira-

498 829 504 837 _
547 775 654 832 culi
684 776 972 832 ferebatur.
1006 776 1293 846 Cujusdam
1327 778 1378 828 in
1407 775 1584 843 vicino
1626 775 1822 845 oppido
1849 778 2014 846 patris
2046 777 2126 832 fa-

549 867 720 922 milias
758 870 906 937 virgo
943 867 1046 923 ﬁlia
1089 884 1182 938 per
1227 869 1530 935 plthtasias
1572 868 1806 938 magicas
1849 869 2126 922 videbatur

548 959 851 1014 hominibus
893 962 943 1014 in
993 959 1244 1028 equinum
1286 959 1476 1012 animal
1523 973 1708 1024 versa,
1751 967 1810 1012 ut
1855 966 2124 1025 putaretur

544 1070 679 1123 equa
709 1069 854 1114 esse,
889 1064 942 1109 et
973 1068 1075 1108 nou
1110 1053 1304 1122 puella.
1341 1053 1485 1107 illuc
1513 1053 1856 1107 adduxerunt
1882 1051 1949 1107 ad
1979 1067 2124 1108 cum.

545 1146 693 1198 'l‘unc
725 1145 812 1199 ille
842 1154 1248 1214 percunctatus,
1274 1144 1398 1212 quid
1429 1143 1664 1198 vellent?
1700 1143 1852 1198 aiunt
1884 1154 2126 1214 parentes

543 1235 659 1304 ejus
689 1253 700 1287 :
737 1235 884 1304 Equa
918 1235 1032 1288 bare
1061 1252 1221 1304 quam
1249 1235 1434 1289 vident
1461 1235 1601 1307 oculi
1638 1236 1749 1298 tui,
1785 1235 1958 1304 puella
1983 1236 2126 1304 virgo

541 1337 592 1381 et
625 1327 728 1381 ﬁlia
760 1329 925 1382 nostri
956 1328 1072 1389 fuit,
1106 1327 1198 1381 sed
1238 1329 1481 1382 homines
1504 1329 1754 1397 pessimi,
1786 1328 2005 1398 magicis
2039 1343 2126 1382 ar-

544 1418 682 1473 tibus
723 1419 774 1474 in
814 1419 1007 1474 animal
1051 1420 1150 1475 hoc
1194 1419 1334 1489 quod
1390 1419 1538 1474 vides
1588 1429 1935 1474 mutaverunt
1984 1435 2122 1475 eam.

541 1514 809 1583 Rogamus
839 1531 989 1585 ergo,
1022 1526 1079 1569 ut
1110 1531 1232 1570 ores
1268 1516 1570 1580 Dominum,
1600 1529 1655 1570 ut
1685 1526 1977 1572 commutet
2005 1533 2125 1572 cam

540 1605 597 1659 in
626 1605 726 1661 hoc
751 1605 897 1676 quod
936 1606 1055 1662 fuit.
1088 1610 1158 1663 At
1196 1607 1286 1663 ille
1315 1607 1424 1662 ait:
1461 1608 1570 1678 Ego
1593 1611 1726 1662 hanc
1756 1623 1913 1676 quam
1947 1618 2124 1662 osten-

539 1696 669 1752 ditis
699 1699 831 1753 mihi
865 1699 1095 1768 puellam
1121 1699 1310 1766 video,
1344 1700 1476 1755 nihil
1504 1701 1556 1753 in
1586 1715 1644 1754 se
1675 1699 1891 1768 pecudis
1921 1699 2125 1755 haben-

540 1797 646 1842 tem
676 1804 690 1841 :
721 1788 822 1843 hoc
845 1801 1023 1844 autem
1063 1789 1206 1860 quod
1251 1790 1460 1855 dicitis,
1496 1806 1598 1844 non
1629 1801 1709 1845 est
1748 1791 1798 1844 iu
1848 1789 1964 1859 ejus
2001 1805 2123 1844 cor-

543 1893 673 1947 pore
693 1920 708 1945 ,
759 1880 854 1935 sed

539 1973 844 2026 dxemonum
877 1983 995 2026 sunt
1026 1973 1170 2037 ista},
1205 1989 1306 2026 non
1339 1974 1534 2028 veritas
1561 1989 1760 2028 rcrmn.
1796 1975 2005 2030 Etcum
2037 1976 2121 2030 iu-

541 2063 865 2116 Iroduxisset
889 2077 1030 2126 eam,
1062 2077 1180 2116 cum
1206 2064 1516 2131 parentibus
1541 2065 1650 2118 suis
1679 2065 1818 2120 intra
1849 2066 2118 2133 cellulam,

538 2151 656 2204 ﬁxis
681 2153 904 2222 genibus
931 2167 1087 2206 Orare
1121 2153 1402 2206 Dominum
1440 2156 1597 2223 carpit
1616 2196 1630 2220 ,
1663 2155 1928 2225 simulque
1955 2167 2009 2211 et
2035 2172 2123 2225 pa-

535 2256 714 2300 rentes
754 2256 904 2316 rogat
933 2255 1116 2301 secum
1148 2247 1375 2300 Domino
1405 2248 1738 2315 supplicare,
1772 2258 1824 2302 et
1867 2258 1990 2318 post
2020 2249 2122 2304 hoc

535 2355 835 2410 pertingens
860 2356 976 2396 eam
1006 2343 1127 2396 oleo
1159 2344 1210 2396 in
1242 2344 1456 2396 nomine
1500 2343 1733 2407 Domini,
1785 2345 1938 2416 195
1978 2348 2123 2400 omni

535 2429 742 2483 fallacia
772 2430 913 2484 visus
943 2446 1046 2498 exp
1068 2432 1162 2484 tlsa
1184 2473 1198 2496 ,
1250 2433 1506 2500 virginem
1540 2433 1706 2487 videri
1740 2435 1986 2489 omnibus
2009 2475 2024 2500 ,
2064 2445 2124 2489 ut

535 2520 699 2573 etiam
731 2519 833 2574 sibi
868 2520 1166 2586 videbatur,
1196 2522 1390 2576 effecit.

604 2633 718 2687 Alia
751 2648 962 2703 quoque
1001 2633 1174 2700 (Deest
1202 2634 1296 2686 hoc
1339 2632 1607 2704 Palladio)
1640 2637 1814 2690 minor
1841 2638 2015 2706 puella
2047 2639 2112 2693 ad

535 2737 655 2777 eum
704 2722 929 2778 deducta
960 2735 1042 2778 est
1063 2765 1077 2788 ,
1111 2725 1262 2793 cujus
1311 2723 1562 2780 obscaena
1604 2730 1843 2796 corporis
1873 2729 1942 2782 ita
1973 2717 2139 2784 omni

534 2830 596 2869 ex
645 2825 794 2884 parte
842 2824 1317 2884 computrueraut,
1368 2824 1427 2870 ut
1472 2818 1804 2885 consumptis
1845 2821 2119 2886 carnibus,

533 2909 786 2964 Interiora
837 2925 1047 2978 quoque
1091 2919 1144 2962 et
1188 2918 1394 2963 secreta
1444 2919 1649 2965 natura:
1684 2911 2029 2982 nudarentur,
2058 2929 2122 2969 ac

535 3001 798 3055 vermium
847 2999 1096 3054 ebulliret
1146 2999 1269 3053 inde
1299 2999 1580 3055 innumera
1627 3002 1928 3069 multitudo,
1956 3004 2028 3058 ita
2064 3015 2118 3059 ut

533 3108 632 3147 nec
678 3093 938 3148 accedere
969 3093 1181 3162 quidem
1215 3095 1494 3162 quisquam
1524 3096 1588 3148 ad
1619 3111 1737 3150 eam
1787 3110 1968 3165 posset
2013 3116 2118 3168 pra:

533 3185 737 3240 fmtoris
761 3187 1001 3241 horrore.
1030 3186 1292 3240 llzeectun
1322 3187 1481 3241 allata
1505 3203 1534 3240 a
1559 3189 1891 3257 parentibus,
1914 3199 1970 3246 et
1995 3207 2116 3260 pro-
2144 3249 2186 3270 η

922 1883 975 1936 in
1022 1881 1190 1937 oculis
1237 1883 1578 1937 intuentium.
1638 1882 1934 1939 Phantasia;
1981 1885 2122 1938 enim
2157 1878 2203 1937 Β

2233 597 2372 652 culo.

2306 693 2531 747 Aiebam
2578 706 2837 764 praeterea
2862 697 3045 769 (Deest
3077 704 3171 756 hoc
3212 701 3502 776 Palladio),
3530 708 3817 779 aliquando

2233 785 2443 841 venisse
2458 789 2522 842 ad
2545 804 2665 843 eum
2691 789 2999 848 htercticum
3017 797 3301 864 quemdam
3323 799 3656 868 hieracitam,
3674 804 3813 869 quod

2229 891 2397 946 genus
2426 879 2692 934 haereseos
2735 882 3003 939 invenitur
3043 887 3182 954 apud
3213 887 3524 959 Egyptum.
3559 893 3656 948 llic
3693 909 3812 948 cum

2235 983 2326 1036 per
2369 970 2585 1024 multam
2631 973 2880 1042 loquendi
2923 985 3091 1030 artem
3148 978 3406 1047 plurimos
3459 981 3681 1038 fratrum
3725 985 3815 1054 qui

2231 1065 2539 1120 habitabant
2587 1068 2638 1122 in
2690 1084 2892 1135 eremo,
2928 1073 3302 1140 conturbaret,
3335 1089 3495 1129 ausus
3527 1087 3608 1131 est
3652 1078 3811 1132 etiam

2231 1171 2410 1211 coram
2457 1159 2572 1228 ipso
2603 1159 2723 1214 ﬁdei
2754 1177 2864 1216 sure
2907 1176 3150 1218 asserere
3175 1165 3515 1233 pravitatem.
3564 1167 3659 1221 Cui
3691 1182 3811 1223 cum

2232 1250 2508 1306 resisteret
2551 1254 2750 1316 senior,
2783 1263 2838 1308 et
2867 1256 3260 1311 contradiceret
3289 1257 3396 1322 ille,
3427 1259 3586 1312 verba
3609 1259 3812 1328 Simpli-

2231 1342 2310 1396 cia
2355 1344 2683 1412 argumentis
2713 1345 2921 1401 callidis
2969 1347 3236 1402 eludebat.
3286 1349 3390 1404 Sed
3439 1365 3559 1403 cum
3610 1349 3814 1405 videret

2233 1446 2446 1490 sanctus
2490 1436 2644 1490 ﬁdem
2693 1437 2911 1492 fratrum
2955 1439 3282 1508 periclitari,
3345 1439 3481 1506 Quid
3531 1455 3666 1508 opus
3705 1451 3810 1507 est,

2231 1532 2418 1602 inquit,
2452 1548 2547 1588 nos
2593 1533 2768 1588 verbis
2801 1535 3128 1589 contendere
3175 1534 3241 1588 ad
3292 1535 3692 1589 snbversionem
3721 1551 3811 1588 au-

2230 1626 2508 1680 dientium.
2563 1625 2830 1681 Exeamus
2877 1626 2941 1681 ad
2985 1627 3230 1695 sepulcra
3278 1625 3538 1690 fratrum,
3579 1627 3667 1693 qui
3716 1640 3811 1679 nos

2231 1727 2617 1785 prmeesserunt
2645 1716 2696 1769 in
2724 1716 2947 1770 Domino
2977 1733 2994 1771 ι
3027 1725 3080 1770 et
3110 1717 3194 1769 cui
3217 1726 3457 1770 nostrum
3489 1714 3811 1769 concesserit

2234 1807 2490 1861 Dominus
2517 1808 2674 1879 196
2694 1807 2954 1862 suscitare
2976 1817 3242 1860 mortuum
3265 1805 3332 1860 de
3353 1805 3620 1875 sepulcro,
3641 1805 3810 1860 sciant

2229 1913 2442 1962 omnes,
2465 1899 2584 1968 quia
2618 1899 2761 1953 illius
2811 1898 2946 1953 ﬁdes
2997 1900 3248 1966 probatur
3278 1913 3307 1950 a
3341 1897 3470 1952 Deo.
3506 1896 3695 1951 Sermo
3726 1897 3809 1951 hic

2227 1990 2476 2044 omnibus
2505 1990 2594 2059 qui
2624 1991 2845 2045 aderant
2877 1988 3125 2043 fratribus
3159 1989 3378 2058 placuit.
3429 1977 3833 2043 l’rocesscrunt'

2227 2082 2290 2136 ad
2338 2083 2618 2151 sep.;!cra,
2653 2092 2708 2137 et
2757 2083 3000 2135 hortatur
3047 2081 3307 2136 Macarius
3357 2080 3665 2135 hicracitam
3695 2122 3708 2144 ,
3754 2089 3812 2134 ut

2227 2183 2476 2229 evocaret
2515 2184 2780 2228 mortuum
2830 2173 2881 2227 in
2921 2173 3137 2228 nomine
3185 2171 3417 2227 Domini.
3465 2172 3672 2236 Atille,
3706 2173 3806 2240 Tu,

2228 2265 2419 2334 inquit,
2454 2264 2690 2331 domine,
2721 2267 2809 2336 qui
2840 2265 3187 2335 proposuisti,
3215 2265 3361 2334 prior
3387 2279 3570 2320 evoca.
3604 2261 3671 2318 Et
3698 2263 3809 2319 Ma-

2226 2358 2402 2412 carius
2434 2368 2778 2426 prosternens
2823 2373 2880 2411 se
2924 2357 2974 2411 in
3022 2357 3321 2412 orationem
3353 2367 3475 2412 ante
3507 2357 3806 2422 Dominum,

2228 2449 2314 2504 tibi
2355 2449 2687 2504 sufficienter
2715 2449 2909 2514 oravit,
2938 2450 3158 2504 elevatis
3202 2464 3415 2504 sursum
3461 2449 3631 2503 oculis
3675 2449 3807 2514 suis,

2225 2546 2298 2599 ait
2323 2545 2389 2599 ad
2421 2544 2699 2598 Dominum
2732 2561 2746 2598 :
2778 2544 2878 2612 Tu,
2913 2543 3105 2614 inquit,
3136 2543 3386 2608 Domine,
3420 2542 3540 2611 quis
3569 2557 3636 2597 ex
3676 2541 3808 2596 duo-

2226 2636 2326 2689 bus
2379 2636 2534 2690 nob's
2587 2645 2787 2690 rectam
2842 2636 2998 2689 ﬁdem
3044 2644 3255 2704 teneat,
3305 2635 3554 2701 ostende,
3603 2634 3808 2690 elevato

2225 2736 2435 2781 mortuo
2463 2727 2584 2781 hoc.
2635 2726 2697 2780 Et
2739 2742 2859 2780 eum
2906 2727 3021 2781 haec
3049 2727 3293 2794 dixisset,
3325 2725 3504 2779 fratris
3533 2725 3808 2795 cujusdam

2225 2834 2442 2880 nomen,
2475 2819 2563 2888 qui
2607 2834 2773 2888 nuper
2803 2819 2974 2874 fuerat
2999 2819 3259 2888 sepultus,
3291 2817 3556 2872 evocavit.
3590 2818 3687 2872 Cui
3718 2819 3806 2872 ille

2223 2925 2341 2963 cmn
2371 2910 2442 2965 de
2470 2911 2672 2966 tmnulo
2700 2910 3084 2980 respondisset,
3114 2910 3429 2966 accedentes
3460 2911 3651 2965 fratres
3680 2924 3810 2965 con-

2225 3000 2398 3065 tinuo,
2421 3016 2539 3069 qua:
2566 3000 2900 3070 superposita
2925 2998 3162 3066 fuerant,
3189 2999 3460 3069 auferunt,
3480 3011 3532 3054 et
3561 3001 3807 3055 eductum

2223 3108 2344 3148 cum
2392 3092 2459 3149 de
2503 3093 2772 3163 sepulcro,
2807 3104 2832 3131 α
2863 3093 3112 3148 resolutis
3163 3092 3398 3149 fasciolis
3438 3093 3628 3161 quibus
3677 3108 3806 3148 con-

2223 3185 2441 3239 strictus
2474 3194 2611 3248 erat,
2644 3185 3003 3239 exhibucrunt
3036 3184 3327 3239 viventem.
3364 3183 3627 3237 llieracita
3655 3197 3805 3246 vero,

531 3279 665 3344 iecta
696 3276 885 3333 fuisset
929 3287 1053 3332 ante
1088 3278 1232 3333 fores
1263 3277 1400 3347 ejus,
1433 3255 1701 3335 miserans
1743 3282 1966 3351 virginis
1995 3255 2116 3338 cru-
2143 3255 2186 3310 Β
2222 3279 2309 3333 ubi
2341 3279 2456 3333 haec
2480 3277 3047 3346 vidit,obstupefactus
3078 3277 3128 3330 in
3162 3278 3340 3348 fugam
3368 3277 3607 3332 vertitur.
3633 3276 3801 3342 Quem

531 3370 699 3424 ciatus
723 3389 737 3424 :
762 3369 938 3438 Aiquo
978 3370 1180 3435 animo,
1211 3369 1401 3438 inquit,
1432 3377 1566 3436 esto,
1603 3371 1734 3437 ﬁlia,
1767 3375 1882 3429 hinc
1927 3375 2020 3430 tibi
2049 3377 2116 3430 ad

532 3461 754 3515 salutem
784 3459 1059 3528 Dominus,
1081 3477 1186 3516 non
1217 3460 1282 3516 ad
1311 3461 1585 3517 interitum
1613 3462 1760 3518 dedit
1785 3481 1800 3519 :
1823 3465 1963 3521 unde
1991 3480 2116 3536 pro-

533 3551 814 3604 videndum
848 3561 931 3606 est
952 3554 1153 3621 magis,
1186 3562 1241 3606 ut
1267 3556 1468 3608 sanitas
1499 3561 1584 3609 tua
1618 3555 1818 3610 nullum
1852 3557 1946 3613 tibi
1973 3559 2117 3627 peri-

532 3643 705 3697 culum
753 3640 1020 3698 conferat.
1067 3643 1134 3698 Et
1177 3657 1300 3700 cum
1342 3644 1621 3700 institisset
1659 3646 1993 3702 orationibus
2023 3663 2118 3717 per

533 3744 732 3803 septem
764 3733 1046 3790 continuos
1086 3734 1222 3800 dles,
1253 3746 1308 3791 et
1355 3739 1534 3794 oleum
1567 3738 1911 3805 benedicens,
1940 3739 1992 3795 in
2022 3755 2118 3796 no-

532 3825 674 3879 mine
729 3824 940 3880 Domini
994 3838 1314 3898 perungeret
1367 3829 1607 3884 membra
1655 3823 1812 3898 ejus,
1870 3829 1941 3885 ita
1991 3846 2106 3888 eam

534 3931 716 3971 sanam
769 3917 1028 3988 reddidit,
1076 3928 1134 3974 ut
1187 3919 1462 3975 muliebris
1511 3920 1563 3974 in
1609 3933 1674 3974 ea
1722 3929 1924 3975 natura:
1977 3923 2114 3976 nulla

533 4008 726 4075 forma,
771 4011 916 4065 nulla
957 4012 1164 4081 species
1207 4023 1509 4084 appareret,
1557 4011 1652 4067 sed
1701 4022 1845 4067 esset
1884 4014 1937 4068 ei
1979 4015 2118 4070 inter

605 4197 630 4224 ει
663 4187 948 4262 Resolutis
974 4187 1214 4262 fasciolis
1253 4190 1444 4260 quibus
1487 4190 1810 4245 constrictus
1838 4190 1999 4262 erat.]
2030 4193 2118 4248 Sic
2159 4239 2163 4244 .

530 4257 724 4313 Joann.
757 4276 812 4333 ιι.
843 4277 890 4313 v.
923 4258 1014 4313 M.
1045 4257 1456 4333 Ligatus’pedes
1486 4271 1538 4315 et
1568 4276 1776 4333 manus,
1810 4264 1958 4333 cujus
1981 4257 2116 4318 ritus

530 4347 703 4402 pauca
737 4332 840 4384 alia
877 4332 1111 4398 exempla
1131 4331 1348 4402 internini
1369 4332 1553 4402 legere.
1583 4331 1931 4402 Rosvvtzvuus.

599 4399 628 4439 1³
660 4400 890 4475 Macario
907 4401 1275 4475 Alexandrino
1289 4416 1388 4475 seu
1400 4399 1668 4475 iuniore]
1685 4401 2116 4475 Martyrologium

531 4471 819 4524 Romanum
851 4472 906 4525 2.
949 4471 1236 4524 Januarii:
1263 4470 1318 4524 In
1350 4471 1620 4526 Thebaide
1650 4470 1705 4527 S.
1740 4470 1953 4528 Macarii
1975 4470 2114 4529 ’Λιθ-

531 4541 775 4612 xandrini
808 4541 1035 4612 abbatis.
1062 4540 1416 4612 Menoloyium
1443 4545 1506 4596 de
1528 4554 1739 4611 utroque
1764 4543 1997 4597 Macario
2027 4545 2113 4598 19.

2219 3369 2411 3426 fratres
2462 3385 2675 3440 quoque
2724 3383 2914 3424 omnes
2963 3369 3342 3436 insequentes,
3371 3378 3518 3424 extra
3550 3366 3807 3422 termiros

2219 3468 2376 3514 terra:
2407 3458 2546 3512 illius
2574 3457 3044 3534 exturbaverunta

2291 3551 2450 3603 Multa
2491 3551 2652 3604 etiam
2683 3559 2734 3604 et
2763 3549 2868 3602 alia
2914 3548 3226 3603 ferebantur
3271 3553 3339 3603 de
3383 3563 3468 3615 eo,
3499 3562 3615 3616 quat
3646 3547 3806 3600 nimis

2220 3643 2423 3710 prolixa
2447 3647 2573 3695 sunt
2595 3641 2660 3694 ad
2689 3639 3064 3694 scribendum:
3088 3640 3182 3694 sed
3208 3657 3276 3694 ex
3300 3641 3385 3695 his
3409 3639 3610 3708 paucis,
3643 3639 3807 3695 etiam

2217 3744 2393 3789 cetera
2425 3733 2542 3802 ejus
2583 3747 2744 3802 opera
2775 3744 3086 3787 noscuntur.

2791 3823 3014 3880 CAPUT
3047 3822 3241 3879 XXIX.

2397 3935 2463 3974 us
2507 3915 2532 3955 δ
2574 3931 2805 3972 ιιΑοΑιιιο
2843 3931 3220 3971 ALEXANDRINO
3257 3929 3354 3971 seu
3392 3928 3636 3970 JUNIORB.

2289 4011 2441 4066 Alius
2460 4024 2590 4065 vero
2619 4007 2852 4082 (Pallad.
2876 4023 2990 4079 cap.
3016 4009 3080 4062 19
3103 4016 3149 4062 et
3165 4006 3287 4077 20.)
3309 4016 3524 4062 sanctus
3546 4003 3807 4060 Macarius

2223 4188 2374 4254 Ionii,
2401 4187 2508 4240 vita
2559 4194 2613 4240 et
2657 4183 2949 4254 miraculis
2970 4182 3350 4254 celeberriml._
3378 4179 3807 4254 Martyrologium

2225 4250 2510 4312 Romanum
2543 4255 2808 4319 Calesinii,
2829 4254 2890 4322 2.
2917 4253 3162 4309 Januarii
3187 4270 3204 4307 :
3231 4253 3284 4307 In
3311 4250 3669 4322 Thebaides.
3699 4250 3804 4304 Ma-

2219 4330 2349 4383 (ιιι-ιι
2382 4325 2723 4381 Alexandrini
2773 4321 3110 4381 abbatis.l5.
3149 4323 3508 4377 Januarii:lu
3533 4321 3806 4376 Thebaide

2221 4400 2280 4454 S.
2317 4396 2529 4452 Macarii
2557 4395 2764 4450 abbatis
2786 4437 2800 4459 ,
2835 4397 2921 4449 hie
2951 4397 3010 4449 ll.
3045 4395 3262 4448 Antonii
3313 4394 3626 4461 discipulus.
3660 4390 3805 4444 Mar-

2221 4469 2541 4540 tyrologium
2580 4467 2868 4540 Romanum
2926 4465 3140 4540 Baronii
3272 4463 3512 4540 Januarii
3526 4479 3556 4540 _:
3582 4462 3636 4515 ln
3668 4461 3805 4540 Tlte-

2223 4533 2464 4594 liaide'S.
2497 4537 2709 4592 Macarii
2741 4537 3084 4590 Alexandrini
3131 4535 3359 4590 abbatis.
3394 4535 3480 4588 15.
3510 4533 3755 4587 Januarii
3784 4547 3803 4586 :

530 4609 769 4685 Januarii
796 4627 821 4685 εξ
837 4611 1085 4685 Memoria
1127 4611 1226 4685 SS.
1261 4603 1475 4685 l'fatrum
1519 4603 1732 4685 Macarii
1765 4613 2029 4685 Egyptii,
2062 4627 2117 4671 et
2147 4620 2192 4678 ι)
2224 4613 2276 4685 In
2302 4610 2539 4685 Egyplo
2576 4609 2634 4664 S-
2667 4607 2879 4685 Macarii
2907 4605 3154 4685 _abbatis,
3187 4604 3433 4685 discipuli
3468 4605 3524 4658 Β.
3545 4603 3800 4685 Antonii.

530 4681 745 4736 Macarii
797 4682 1176 4740 Alexandrini.
1209 4682 1297 4742 qui
1352 4683 1741 4738 exercitatione
1789 4681 2108 4750 monastica,

530 4752 659 4814 vita,
694 4752 955 4820 moribus,
1006 4751 1302 4805 admirabili
1347 4751 1690 4816 abstinentia,
1738 4762 1793 4807 et
1840 4754 2114 4810 miraculis

531 4821 764 4892 illustres
791 4821 962 4892 fu_ere.
987 4821 1255 4892 Palladius
1275 4837 1389 4888 cap.
1425 4822 1512 4876 l9.
1544 4823 1665 4875 dicit
1691 4825 1825 4877 hunc
1851 4824 2114 4892 aliquanto

531 4889 1166 4965 iunioretn/Eggptio._0e
1194 4901 1405 4965 utroque
1433 4889 1963 4965 §ocralestibro_lV'.
1996 4911 2110 4965 cap.

533 4959 621 5014 l8.
655 4959 984 5014 SozomJib.
1027 4960 1121 5013 VI.
1150 4977 1265 5028 cap.
1294 4962 1385 5016 29.
1421 4963 1601 5026 Ruﬁn.
1649 4961 1740 5016 lib.
1787 4962 1872 5018 ll.
1911 4959 2108 5019 Hislo'r.
2179 4990 2186 4991 η

531 5045 650 5101 cap.
693 5028 755 5101 4:
800 5029 1147 5101 Hieronymus
1177 5033 1323 5101 epist.
1355 5032 1442 5086 27.
1474 5031 1711 5088 Cassiau.
1737 5031 1922 5090 Collul.
1963 5034 2029 5088 V.
2061 5053 2109 5088 c.

447 5157 450 5160 Α
533 5095 623 5174 ίίῇι
647 5109 692 5153 et
714 5095 1149 5174 Collat.__XI_V.
1173 5095 1287 5170 cap.
1318 5101 1403 5174 i5.
1433 5101 1706 5174 Palladius
1733 5119 1850 5174 cap.
1872 5104 1997 5160 l9el
2019 5103 2110 5161 20.

531 5169 860 5241 Nicepltorus
887 5171 975 5225 lib.
1020 5169 1126 5226 IX.
1152 5169 1265 5241 cap.
1291 5172 1379 5229 M.
1415 5172 1627 5239 Suidas,
1654 5172 1766 5227 alii.

601 5239 854 5294 lntricala
880 5244 1028 5315 plane
1048 5259 1128 5296 res
1153 5239 1434 5299 de'duobus
1463 5243 1729 5315 Macariis,
1757 5252 1812 5297 ut
1840 5246 2112 5315 dignosca-

529 5319 636 5375 ων,
659 5322 774 5384 uter
802 5315 952 5382 fuerit
997 5313 1058 5370 S.
1090 5314 1298 5368 Antonii
1328 5314 1640 5384 discipulus,
1669 5329 1718 5366 et
1752 5314 1827 5368 ila
1860 5313 1985 5369 certi
2018 5317 2116 5372 ali-

527 5384 654 5456 quid
685 5383 750 5456 de
776 5385 937 5437 natali
955 5401 1130 5439 eorum
1159 5385 1319 5438 statui
1346 5383 1525 5455 possit.
1554 5384 1925 5456 Martyrologia
1948 5396 2114 5441 vetera

528 5454 662 5509 duos
693 5453 952 5510 Macarios
993 5465 1276 5525 agnoscunt
1295 5499 1310 5524 ,
1338 5453 1428 5511 nec
1452 5472 1613 5511 unum
1641 5453 1708 5508 ait
1733 5453 2013 5511 alio'aliter
2034 5459 2115 5511 di-

528 5527 816 5598 stinguunt,
843 5543 997 5597 quam
1037 5528 1175 5597 quod
1207 5543 1391 5584 eorum
1431 5529 1647 5582 alterum
1684 5530 1862 5580 vocent
1893 5531 2110 5583 Antonii

529 5593 872 5668 discipulum.
923 5596 1350 5668 Martyrologium
1397 5598 1690 5668 Romanum
1730 5606 1888 5668 vetus,
1919 5598 1977 5654 2.
2012 5597 2108 5652 Ja-

856 5637 872 5653 ο
923 5628 1350 5664 ωαιιεμυιυεμιυη
1397 5628 1690 5651 .uuruuuuru
1733 5628 1888 5664 υιςιαο,
1922 5628 1977 5654 Β.
2012 5628 2108 5652 ιιι·-

530 5615 872 5678 utsetputum.
923 5615 1350 5678 martyrotogtum
1397 5615 1690 5651 rtomanum
1730 5615 1888 5678 verus,
1919 5615 1977 5654 κ.
2012 5615 2103 5652 Ja-

530 5680 702 5720 nuarn
733 5686 744 5720 :
779 5666 841 5720 B.
872 5669 1112 5725 Macarii.
1153 5668 1242 5724 15.
1292 5666 1532 5722 Januarii
1562 5683 1582 5722 :
1611 5667 1829 5722 Macarii
1876 5669 2103 5730 abbatis,

529 5736 747 5809 Antonii
792 5737 1056 5809 discipuli.
1095 5739 1522 5809 Martyrologium
1567 5738 2104 5809 Romannm__Bellini,

528 5803 584 5859 2.
636 5807 796 5860 Jan.:
837 5807 893 5861 In
931 5803 1206 5864 Thebaida
1233 5803 1291 5865 S.
1325 5803 1538 5865 Macarii
1569 5809 1799 5864 abbatis.
1828 5807 1916 5863 15.
1948 5803 2103 5864 Jan.i

531 5876 686 5944 Apud
717 5877 1094 5949 :Egyptumb’.
1129 5880 1339 5933 Macarii
1374 5881 1600 5940 abbatis.
1633 5880 1878 5951 discipuli
1913 5881 1971 5935 Β.
2000 5881 2107 5936 An-

2224 4682 2329 4734 vita
2377 4672 2742 4735 Ei'miraculis
2790 4677 3151 4732 celeberrimi.
3199 4674 3266 4729 In
3314 4672 3493 4739 Beda,
3541 4672 3802 4734 Usuardo.

2220 4751 2418 4813 Adone,
2454 4749 2678 4803 Notkero
2705 4746 2850 4800 nulla
2871 4756 2944 4800 est
2974 4748 3073 4800 loci
3100 4747 3382 4800 distinctio.
3412 4743 3803 4813 Distinetipnem
3877 4793 3879 4796 .

2223 4810 2570 4874 Alexandrini
2598 4828 2652 4872 et
2694 4817 2930 4888 Egypti
2975 4827 3194 4874 statuere
3215 4814 3504 4870 Galesinius
3541 4824 3587 4867 ct
3632 4810 3799 4866 Baro-

2221 4907 2272 4942 nt
2282 4907 2357 4944 ηε.

2297 4960 2446 5027 Quod
2467 4961 2509 5013 si
2535 4959 2724 5028 Ruﬁno
2747 4960 2828 5013 ltic
2850 4959 2998 5028 ﬁdes,
3020 4959 3107 5028 qui
3133 4958 3275 5011 initio
3306 4953 3634 5028 prwcedentis
3664 4958 3804 5028 capi-

2223 5026 2646 5100 tis,£gyptium
2685 5026 2978 5083 Macariurn
3006 5026 3186 5082 asserit
3213 5027 3428 5100 Atttpnii
3462 5026 3802 5100 discipulum,

2221 5115 2272 5155 et
2296 5095 2518 5154 'virtt'tii's
2542 5102 2657 5166 ejus
2690 5101 2978 5163 lucredem,
2997 5108 3130 5152 recte
3159 5114 3246 5166 per
3275 5095 3802 5166 MacariumrAntonii

2223 5170 2550 5242 discipulum.
2576 5164 2673 5242 -1-5.
2715 5169 2855 5242 Jan;
2872 5171 2925 5222 in
2957 5164 3643 5242 Martyrologialfgyptius
3672 5164 3804 5218 desi-

2221 5235 2426 5314 gnatur.
2456 5242 2545 5296 Sic
2591 5240 2791 5314 Petrus
2810 5235 3166 5314 Equilinus'in
3200 5235 3452 5314 clatatogo'
3477 5235 3804 5314 sanctor-uin

2219 5305 2309 5368 lib.
2337 5311 2422 5366 II.
2452 5329 2567 5381 cap.
2586 5313 2668 5382 55
2689 5320 2735 5363 et
2765 5305 3154 5365 8|.Llfacarium
3198 5306 3510 5382 Egyptians
3538 5306 3662 5375 facit
3691 5305 3802 5358 Att-

2219 5386 2344 5438 Ionii
2374 5380 2702 5450 discipulum.

2289 5454 2394 5508 Sed
2419 5443 2715 5516 videndum,
2740 5467 2862 5503 nstin
2899 5448 3116 5517 (lu/inus
3164 5446 3461 5502 Palladium
3492 5446 3512 5478 ί
3545 5445 3622 5498 vel
3641 5443 3802 5517 alium

2214 5541 2361 5595 quem
2400 5523 2581 5595 Latine
2625 5515 2894 5595 adpressit,
2927 5515 3058 5573 male
3105 5519 3312 5595 ceperit,
3348 5517 3492 5595 Certe
3536 5527 3583 5595 et
3629 5515 3802 5595 H-gra-

2215 5584 2358 5659 elidi,
2385 5601 2430 5648 et
2455 5584 2700 5666 Palladio
2728 5584 2952 5666 reteriet
2975 5606 3104 5666 uoco
3126 5584 3262 5666 deest
3286 5589 3338 5640 in
3369 5585 3604 5666 Macario
3632 5584 3804 5666 zEgy-

2216 5667 2322 5733 ptio
2348 5657 2488 5733 quod
2519 5663 2670 5733 fuerit
2715 5660 3008 5733 discipulus
3039 5658 3254 5733 Antonii
3275 5697 3294 5733 ,
3320 5667 3375 5711 et
3403 5657 3656 5733 virtutum
3687 5657 3804 5724 ejus

2216 5726 2408 5791 literas.
2438 5726 2554 5786 lm'o
2579 5726 2863 5785 Palladius
2896 5746 3053 5783 novus
3083 5727 3294 5781 Herveti
3332 5743 3450 5795 cap.
3480 5726 3570 5780 20.
3607 5735 3803 5779 ulrum~

2214 5823 2311 5876 que
2332 5804 2428 5876 [Ioc
2461 5801 2692 5856 Macario
2721 5799 3071 5876 Aleatandrino
3097 5798 3293 5876 tribuit.
3327 5797 3679 5876 Roswuxnus.
3744 5867 3773 5876 ,Δ
3811 5864 3814 5867 _

2288 5876 2302 5906 ¹
2329 5875 2440 5929 lmo
2471 5887 2617 5940 vero,
2650 5887 2775 5926 num
2819 5869 3081 5925 Palladius
3109 5868 3359 5924 Ruﬁnum
3394 5868 3529 5920 bene
3559 5867 3780 5934 ca-perit
