4166 6348
297 370 404 427 455

1502 355 1819 414 HISTORIA
1863 352 2358 412 MONACHOBUM.

3462 361 3570 422 454

296 484 606 556 magnificas
657 483 820 537 etiam
868 482 1090 536 virtutes
1139 477 1553 540 consummavit,
1586 476 1650 528 de
1694 476 1889 544 quibus
1918 470 1964 525 A
1996 471 2095 535 bis,
2125 475 2213 543 qui
2239 490 2306 529 ex
2332 489 2426 529 ore
2447 475 2561 543 ejus
2587 474 3044 543 audierant,quod
3071 476 3299 546 quodam
3328 488 3569 548 tempore

294 590 343 633 et
375 578 459 631 alii
492 575 742 630 nonnulla
771 573 1123 642 scripaerunt,
1159 586 1278 640 quae
1309 569 1559 624 sufficere
1584 567 1788 636 possint
1814 567 1880 621 ad

294 672 545 723 virtutum
600 666 719 735 ejus
766 661 1183 732 magnitudinem
1230 657 1623 717 contuenilam.
1657 666 1712 711 et
1760 657 1880 712 ideo

291 774 388 813 nos
421 773 481 814 ea
514 754 833 824 compendio
862 754 1218 823 praeterimus.

368 850 629 905 Ferebant
652 856 828 901 tamen
858 861 977 899 eum
1010 853 1301 898 amatorem
1335 842 1499 897 fuisse
1526 840 1691 896 eremi
1716 854 1880 909 super

289 956 482 995 omnes
524 949 759 1004 ceteros,
791 939 860 990 ita
891 945 944 988 nt
986 935 1145 991 etiam
1190 934 1374 987 ultima
1406 943 1461 988 et
1490 930 1878 987 inaccessibilia

290 1030 488 1084 deserti
541 1037 910 1098 perscrutatus
957 1024 1023 1080 sit
1080 1025 1232 1092 loca,
1287 1038 1564 1093 usqtteqtto
1612 1022 1879 1077 inveniret

299 1123 452 1197 197
486 1122 667 1177 locum
694 1120 978 1191 quemdam
1005 1120 1056 1172 in
1088 1119 1285 1172 ultimis
1311 1118 1474 1172 eremi
1506 1118 1875 1185 conintutum,

298 1215 521 1269 diversis
565 1213 842 1283 pomiferis
889 1211 1166 1266 arh0tibus
1208 1210 1493 1273 consitum,
1525 1220 1576 1265 et
1630 1212 1877 1265 omnibus

297 1305 448 1360 bonis
476 1304 740 1374 repletum
765 1320 780 1357 :
807 1304 893 1359 ubi
927 1304 1087 1358 etiam
1116 1301 1250 1358 duos
1281 1302 1474 1356 fratres
1502 1303 1767 1357 invenisse
1794 1301 1875 1356 fe-

298 1395 529 1462 rebatur,
559 1411 695 1467 quos
725 1410 844 1450 cum
876 1405 1120 1466 rogaret,
1152 1404 1210 1447 ut
1253 1404 1562 1463 paterentur
1601 1395 1666 1446 ad
1698 1410 1758 1449 se
1785 1394 1877 1450 de-

295 1488 414 1541 duci
442 1487 567 1541 illuc
598 1487 911 1553 manarbos,
947 1498 1002 1539 ut
1033 1486 1101 1539 ibi
1134 1485 1454 1550 habitarent,
1475 1486 1722 1554 quoniam
1754 1488 1875 1555 qui-

296 1580 413 1634 dem
442 1579 588 1634 locus
613 1579 702 1632 ille
724 1590 776 1632 et
801 1593 1043 1632 amamus
1069 1588 1234 1643 esset,
1260 1590 1314 1632 et
1333 1578 1609 1632 abundans
1633 1579 1683 1631 in
1708 1578 1878 1632 omni-

296 1671 395 1725 bus
443 1670 792 1733 necessariis;
843 1668 1263 1737 reSponderunt,
1320 1684 1426 1722 non
1480 1683 1634 1736 posse
1686 1669 1877 1723 adduci

297 1760 421 1816 illuc
449 1759 645 1829 plures,
673 1775 741 1814 ne
772 1756 910 1813 forte
939 1759 1214 1813 venientes
1247 1774 1338 1827 per
1366 1774 1601 1813 eremum
1624 1774 1652 1813 a
1680 1760 1878 1815 damno-

1988 570 2159 618 nnctls
2189 568 2399 619 memon
2430 568 2495 620 ad
2536 569 2728 622 ostium
2756 569 2961 623 cellula:
2990 568 3107 639 ejus
3135 572 3449 639 pulsaverit,
3482 573 3565 627 di-

1982 671 2143 711 cens:
2169 656 2362 728 Surge,
2395 659 2528 713 abba
2574 659 2791 725 Macari,
2825 670 2877 716 et
2908 676 3095 717 eamus
3142 663 3208 717 ad
3259 664 3562 731 collectam,

1984 749 2068 802 ubi
2122 747 2310 805 fratres
2359 749 2423 804 ad
2470 751 2677 820 vigilias
2721 761 3136 824 congregantur.
3194 755 3301 810 Sed
3333 756 3442 819 ilie.
3474 759 3567 826 qui

1982 838 2150 910 gratia
2174 841 2264 896 Dei
2291 842 2521 910 repletus
2545 842 2653 897 falli
2676 859 2789 913 non
2824 856 3049 914 poterat,
3074 848 3327 903 intellexit
3360 849 3562 903 diaboli

1991 947 2110 987 esse
2141 929 2426 995 fallaciam,
2446 945 2498 987 et
2526 936 2597 988 ait
2624 953 2635 987 :
2661 936 2706 990 0
2729 937 2954 991 mendax
2978 946 3032 993 et
3056 939 3292 994 veritatis
3316 939 3563 996 inimice!

1981 1024 2108 1092 quid
2139 1025 2281 1079 enim
2316 1026 2410 1079 tibi
2439 1028 2720 1094 consortii,
2753 1030 2876 1099 quid
2912 1032 3185 1087 societatis
3208 1043 3289 1087 est
3313 1048 3433 1088 cum
3457 1037 3563 1090 col-

1983 1116 2113 1170 lecta
2164 1126 2219 1169 et
2259 1119 2672 1188 congregatione
2727 1124 3074 1175 sanctorum?
3121 1125 3188 1176 At
3233 1124 3367 1180 ille:
3414 1126 3567 1181 Latet

1980 1222 2109 1279 ergo
2140 1216 2212 1275 te,
2244 1208 2432 1279 inquit,
2463 1225 2496 1263 ο
2520 1209 2735 1276 Macari,
2768 1213 2909 1281 quod
2938 1215 3055 1268 sine
3085 1215 3238 1269 nobis
3268 1218 3412 1271 nulla
3444 1219 3561 1279 col-

1982 1299 2118 1354 lecta
2165 1302 2374 1369 agitur,
2427 1302 2675 1372 nullaque
2734 1308 3078 1375 congregatio
3133 1311 3562 1366 monachorum?

1982 1390 2112 1447 Veni
2156 1391 2409 1461 denique,
2452 1404 2510 1448 et
2554 1394 2760 1450 videbis
2808 1413 2968 1466 opera
3021 1413 3221 1454 nostra.
3273 1402 3423 1458 Tune
3453 1403 3561 1467 ille,

1982 1481 2226 1552 Imperet,
2259 1485 2451 1554 inquit,
2481 1486 2570 1539 tibi
2600 1484 2845 1541 Dominus
2876 1487 3054 1555 (Judw
3079 1490 3182 1560 9.).
3214 1491 3421 1547 daemon
3456 1495 3564 1545 int-

1980 1579 2199 1633 munde.
2253 1580 2321 1633 Et
2373 1595 2663 1636 Conversus
2710 1582 2774 1634 ad
2827 1587 3159 1649 orationem,
3190 1586 3341 1654 petiit
3379 1601 3409 1641 a
3463 1587 3565 1640 Do-

1982 1672 2147 1736 mino,
2175 1681 2233 1727 ut
2260 1674 2362 1727 sibi
2393 1675 2724 1737 ostenderet,
2759 1677 2803 1730 si
2852 1679 2951 1739 hoc
2998 1694 3183 1732 verum
3228 1688 3389 1742 eSSet,
3421 1680 3563 1749 quod

1979 1761 2237 1830 gloriatus
2269 1772 2352 1818 est
2379 1764 2610 1820 daemon.
2656 1768 2800 1821 Abiit
2837 1783 2965 1837 ergo
2991 1767 3056 1822 ad
3086 1770 3385 1835 collectam,
3418 1770 3506 1825 ubi
3534 1784 3564 1823 a

296 1852 452 1906 nibus
479 1852 879 1919 deciperentur.
937 1850 1129 1904 Multos
1158 1850 1298 1905 enim
1339 1850 1553 1905 aiebant
1598 1865 1719 1906 esse
1766 1852 1887 1907 (ιω-
1912 1851 1958 1911 Β
1988 1849 2239 1905 fratribus
2282 1853 2477 1920 vigilite
2514 1853 2874 1919 celebrantur,
2904 1866 2958 1910 et
3001 1857 3191 1911 iterum
3242 1860 3294 1912 in
3323 1860 3567 1913 oratione

292 1955 480 1997 mones
498 1942 554 1996 in
587 1940 821 2005 deserto,
856 1957 917 1994 ac.
964 1950 1219 2004 monstra,
1250 1957 1478 2011 quorum
1521 1942 1795 1997 molestias
1824 1953 1877 1997 et

294 2034 607 2089 calliditates
652 2032 793 2088 ferre
842 2033 1124 2088 multitudo
1155 2034 1359 2087 insueta
1391 2048 1495 2087 non
1528 2043 1729 2101 posset.
1776 2034 1874 2090 lie-

293 2139 508 2194 gressus
555 2136 728 2179 tamen
761 2124 826 2178 ad
861 2125 1084 2187 fratres,
1122 2138 1243 2177 cum
1274 2123 1562 2179 indicasset
1590 2124 1656 2178 de
1684 2139 1876 2193 Oppor-

294 2219 518 2274 tunitate
562 2218 682 2284 loci,
722 2221 1009 2273 multorum
1063 2217 1375 2271 inﬂammati
1426 2226 1551 2270 sunt
1596 2218 1791 2282 animi,
1825 2228 1879 2269 nt

296 2322 577 2381 pergerent
605 2312 732 2366 illuc
756 2327 875 2366 cum
905 2325 992 2366 eo.
1018 2310 1123 2366 Sed
1148 2310 1233 2363 ubi
1264 2321 1443 2378 patres
1468 2310 1659 2378 reliqui
1691 2325 1877 2365 sense-

296 2411 419 2459 runt
460 2404 670 2457 animos
711 2402 965 2472 iuvenum
1008 2403 1330 2465 concitatos,
1363 2411 1735 2470 represserunt
1784 2417 1876 2457 eos

294 2495 588 2551 salub:iore
614 2493 860 2562 consilio,
892 2494 1133 2549 dicentes
1164 2511 1176 2547 :
1208 2494 1379 2549 Locus
1410 2493 1508 2547 iste
1549 2494 1592 2548 si
1643 2509 1789 2559 vere,
1824 2502 1879 2547 ut

296 2589 543 2661 iactator,
574 2603 601 2642 a
633 2587 821 2644 Jamne
846 2596 901 2642 ct
928 2586 1165 2641 Mambre
1188 2586 1425 2645 consitus
1457 2595 1562 2651 est,
1598 2602 1701 2639 non
1731 2587 1875 2641 aliud

297 2682 367 2738 de
406 2696 471 2736 eo
514 2679 839 2736 credendum
884 2686 1002 2743 est,
1036 2679 1136 2733 nisi
1181 2678 1321 2747 quod
1367 2678 1563 2733 diaboli
1607 2693 1771 2746 opere
1812 2680 1876 2733 ad

297 2773 667 2842 deceptionem
708 2781 942 2828 nostram
980 2780 1310 2841 praeparatus
1333 2770 1421 2823 sit.
1468 2768 1524 2824 Si
1556 2770 1696 2824 enim
1731 2785 1876 2837 vere,

301 2873 361 2919 ut
393 2864 690 2933 perhibent,
720 2862 1007 2918 deiiciosus
1038 2871 1120 2916 est
1150 2870 1205 2915 et
1238 2859 1547 2922 abundans;
1590 2859 1713 2928 quid
1762 2874 1881 2925 spe-

302 2959 538 3015 rabimus
569 2960 618 3012 in
647 2958 821 3014 futuro
853 2957 1072 3022 saecnlo,
1097 2958 1140 3010 si
1171 2955 1257 3010 hic
1283 2955 1487 3009 deliciis
1515 2956 1783 3008 fruimur?
1817 2955 1882 3008 Et

305 3054 420 3110 ha‘c
449 3064 605 3123 atque
633 3054 737 3108 alia
764 3051 1067 3122 bujusmodi
1098 3051 1357 3113 dicentes,
1382 3046 1642 3117 j-tvenum
1675 3048 1883 3104 ferren-

309 3153 386 3202 tes
412 3148 619 3202 animos
648 3153 1037 3213 represserunt.

1986 1939 2269 1995 Dominum
2297 1942 2641 2010 deprecatur,
2677 1954 2733 1997 ut
2780 1946 2882 1999 sibi
2917 1949 3194 2001 veritatem
3225 1949 3374 2005 verbi
3404 1947 3565 2019 hujus

1982 2032 2248 2086 ostendat.
2283 2030 2347 2087 Et
2373 2047 2499 2089 ecce
2553 2034 2681 2088 vidit
2715 2051 2808 2104 per
2860 2046 3021 2091 totam
3071 2037 3383 2103 Ectlesiam,
3414 2039 3566 2109 quasi

1984 2125 2232 2191 parvulos
2260 2125 2518 2194 quosdam
2554 2128 2807 2196 puerulos
2840 2128 3123 2198 ΑΞιΙιίορθε
3157 2139 3322 2185 tetros
3353 2129 3563 2187 discur-

1984 2232 2108 2270 rere
2142 2217 2240 2269 ltuc
2276 2226 2435 2282 atque
2466 2217 2612 2283 illuc,
2643 2228 2695 2272 et
2726 2218 2869 2275 velut
2900 2219 3171 2275 volitando
3200 2218 3416 2275 deferri.
3445 2221 3559 2281 Mo-

1985 2307 2056 2358 ris
2090 2317 2170 2360 est
2199 2318 2374 2360 autem
2426 2308 2575 2373 inibi,
2607 2310 2920 2364 sedentibus
2949 2311 3156 2365 cnnctis
3180 2351 3194 2375 ,
3228 2312 3295 2365 ab
3325 2328 3430 2367 uno
3459 2312 3564 2366 dici

1987 2397 2277 2463 l‘saltnnm,
2304 2399 2521 2463 cttteris,
2552 2399 2634 2452 vel
2685 2400 3049 2473 audientibus,
3084 2401 3164 2456 vel
3194 2402 3564 2469 respondenti-

1984 2490 2099 2544 bus.
2139 2490 2508 2544 Iiiscurrentes
2530 2505 2658 2561 ergo
2681 2491 2756 2544 illi
2778 2490 3060 2560 Ethiopes
3082 2492 3312 2559 pueruli,
3338 2494 3562 2561 singulis

1982 2579 2282 2648 quibusque
2334 2580 2648 2635 sedentibus
2689 2580 3000 2635 ailudebant
3025 2621 3039 2647 ,
3069 2590 3124 2635 et
3151 2583 3193 2636 si
3225 2583 3311 2636 cui
3359 2582 3564 2636 duobus

1984 2670 2226 2740 digitulis
2271 2672 2457 2725 oculos
2489 2672 2960 2739 compressissent,
2992 2673 3170 2726 statim
3201 2671 3561 2726 dormitabat:

1986 2763 2030 2816 si
2063 2767 2147 2816 cui
2178 2779 2305 2817 vero
2335 2764 2386 2818 in
2416 2750 2475 2818 os
2508 2764 2897 2819 immersissent
2926 2765 3172 2835 digitum,
3192 2767 3424 2821 oscilare
3442 2782 3562 2821 eum

1989 2854 2272 2910 faciebant.
2319 2857 2415 2912 Ubi
2468 2870 2593 2909 vero
2635 2871 2753 2925 p051
2785 2857 3051 2912 Psalmum
3093 2858 3159 2913 ad
3206 2860 3467 2914 orandum
3507 2875 3567 2915 se

1988 2945 2338 3013 projecissent
2382 2943 2596 3010 fratres,
2622 2947 3010 3015 percurrebant
3056 2948 3401 3005 nihilominus
3451 2950 3562 3005 sin-

1984 3042 2158 3109 gulos,
2191 3051 2244 3095 et
2272 3050 2396 3096 ante
2423 3041 2584 3095 alium
2609 3041 2875 3110 iacentem
2899 3042 2948 3096 in
2975 3044 3241 3109 oratione,
3265 3045 3415 3115 quasi
3445 3060 3559 3100 ntu-

1990 3130 2181 3184 lierutn
2213 3129 2392 3199 specie
2421 3130 2752 3196 ferebantur,
2778 3140 2902 3184 ante
2927 3130 3088 3186 alium
3114 3136 3264 3202 quasi
3295 3134 3568 3189 ardiflcan-

380 3237 548 3293 Locus
596 3246 771 3292 autem
824 3234 1027 3305 (Joan,
1074 3234 1232 3289 tibetl,
1274 3233 1389 3301 111,
1438 3250 1576 3289 num,
1632 3235 1716 3288 15,
1749 3235 1790 3304 ),
1826 3234 1877 3286 in
1909 3214 1955 3276 C
1989 3232 2067 3276 tes
2099 3230 2255 3291 atque
2279 3231 2554 3289 portantes
2581 3221 2802 3290 aliquid,
2827 3237 2886 3275 ac
2912 3224 3121 3278 diversa
3143 3238 3369 3292 quaeque
3407 3238 3566 3294 agen-

308 3344 412 3399 quo
452 3328 726 3384 habitabat
768 3328 882 3395 ipse
920 3338 1136 3381 sanctus
1168 3327 1450 3391 Macarius,
1481 3325 1740 3381 Scitbiutu
1790 3340 1884 3392 ap—

307 3422 550 3492 pellatur.
582 3419 675 3473 Est
699 3429 872 3473 autem
903 3419 953 3471 in
978 3432 1159 3472 eremo
1192 3417 1498 3471 vastissima
1525 3416 1748 3483 positus,
1778 3415 1880 3468 diei

307 3524 361 3569 ct
389 3514 558 3569 noctis
604 3512 705 3567 iter
743 3510 945 3564 habens
981 3509 1046 3562 dc
1088 3509 1272 3562 Nitriae
1305 3506 1670 3573 monasteriis;
1703 3516 1755 3560 et
1785 3506 1885 3559 hoc

309 3606 449 3660 nulla
480 3604 698 3669 semita,
732 3616 903 3670 neque
940 3601 1171 3655 terrenis
1210 3599 1476 3669 aliquibus
1506 3598 1772 3668 colligitur
1801 3598 1883 3650 vel

313 3709 639 3757 monstratur
667 3700 900 3765 indiciis,
933 3698 1024 3753 sed
1056 3698 1332 3753 stellarum
1363 3697 1527 3765 signis
1559 3706 1611 3751 et
1641 3693 1887 3751 cursibus

309 3794 566 3865 pergitnr.
598 3793 745 3861 Aqua
771 3806 894 3845 raro
927 3790 1215 3855 invenitur,
1244 3799 1294 3844 et
1323 3788 1492 3843 sicubi
1527 3788 1737 3841 inventa
1769 3785 1883 3839 fue-

312 3888 400 3948 rit,
426 3884 607 3940 odoris
634 3883 845 3953 quidem
894 3880 1149 3935 dirissimi
1179 3891 1279 3943 est,
1309 3890 1357 3935 et
1388 3877 1537 3949 quasi
1569 3878 1883 3943 bituminea,

308 3977 401 4033 sed
431 3977 635 4047 saporis
666 3976 889 4031 innoxii.
923 3974 1061 4029 Sunt
1088 3989 1213 4041 ergo
1243 3974 1311 4025 ibi
1345 3972 1442 4026 viri
1485 3970 1638 4026 valde
1665 3970 1884 4039 perfecti

312 4069 437 4136 (nec
462 4069 602 4123 enim
632 4067 828 4136 patitur
870 4075 976 4121 tam
1022 4064 1273 4120 terribilis
1322 4064 1491 4130 locus,
1522 4062 1623 4118 nisi
1665 4061 1885 4132 perfecti

312 4156 570 4226 propositi
601 4156 924 4211 habitatores
958 4168 1291 4222 summasque
1320 4152 1660 4215 constantia)
1691 4150 1886 4207 carita-

311 4249 380 4303 tis
410 4256 588 4315 tamen
617 4248 753 4304 inter
792 4263 852 4303 se
875 4256 930 4302 et
958 4261 1085 4316 erga
1110 4259 1317 4308 omnes,
1343 4244 1387 4298 si
1417 4244 1507 4313 qui
1538 4244 1675 4298 forte
1698 4243 1765 4297 ad
1792 4257 1886 4297 eos

310 4350 672 4410 accesserunt,
703 4356 969 4404 summum
996 4338 1226 4395 studium
1251 4346 1462 4409 gerunt.

378 4434 569 4492 Fertur
614 4435 848 4506 denique
889 4432 1145 4507 (Pallad.
1203 4450 1320 4497 cap.
1350 4431 1488 4500 20.)
1531 4446 1650 4486 eum
1698 4439 1886 4487 sancto

309 4526 535 4581 Macario
573 4540 727 4581 uvam
758 4527 878 4596 quis
907 4524 1193 4594 aliquando
1223 4524 1534 4585 detulisset,
1567 4522 1657 4577 ille
1682 4522 1768 4591 qui
1795 4534 1881 4577 8e-

308 4619 539 4674 eundum
566 4618 867 4681 caritatem,
897 4633 1004 4672 non
1030 4629 1150 4685 qua:
1177 4630 1271 4669 sua
1297 4623 1442 4679 sunt,
1474 4613 1567 4669 sed
1589 4628 1708 4682 qua:
1748 4614 1879 4668 alte-

307 4709 420 4763 rius
444 4709 703 4781 cogitaret
728 4708 800 4779 (l.
836 4706 956 4761 Cor.
988 4706 1122 4775 10.),
1155 4703 1217 4757 ad
1250 4704 1412 4757 alium
1458 4703 1671 4757 fratrem
1699 4701 1892 4758 detulit

310 4815 448 4868 eam,
478 4802 568 4872 qui
598 4802 749 4871 quasi
777 4802 1039 4855 infirmior
1069 4798 1370 4854 videbatur.
1395 4798 1546 4852 Tunc
1570 4796 1660 4852 ille
1690 4799 1891 4867 gratias

311 4895 415 4964 egit
447 4893 555 4949 Deo
585 4907 680 4962 pro
710 4893 889 4957 fratris
914 4891 1124 4956 olticio,
1159 4890 1251 4944 sed
1296 4897 1351 4944 ct
1398 4889 1513 4958 ipse
1544 4888 1889 4944 nihilominus

313 4985 429 5054 plus
454 4983 523 5039 de
572 4984 841 5053 proximo,
867 4999 1023 5050 quam
1073 4982 1139 5035 de
1184 4981 1476 5050 aetnetipso
1519 4980 1789 5049 cogitans,
1821 4979 1885 5032 ad

308 5080 469 5135 alium
520 5079 758 5149 pertulit,
789 5087 842 5133 et
888 5077 981 5131 ille
1036 5076 1163 5131 item
1213 5076 1279 5130 ad
1327 5074 1510 5139 alium,
1540 5084 1592 5130 et
1617 5076 1695 5129 sic
1733 5075 1892 5145 198

308 5183 402 5238 per
424 5183 615 5225 omnes
641 5166 889 5231 cellulas,
914 5180 1033 5234 quae
1064 5165 1220 5234 longe
1242 5180 1268 5214 τι
1298 5163 1607 5233 semetipsis
1636 5178 1735 5232 per
1771 5175 1891 5219 ere-

308 5277 451 5316 mum
481 5261 745 5330 dispersa:
791 5266 973 5322 erant,
1009 5272 1107 5310 uva
1138 5256 1449 5311 circumlata
1476 5265 1578 5321 est,
1607 5254 1891 5326 ignoranti-

307 5352 404 5410 bus
439 5354 542 5420 eis,
575 5353 696 5424 quis
723 5366 843 5407 eam
876 5351 1047 5419 primo
1093 5348 1366 5415 misisset;
1406 5348 1472 5404 ad
1512 5348 1758 5403 ultimum
1786 5346 1888 5415 ipsi

309 5445 566 5509 defertur,
589 5444 681 5513 qui
710 5456 830 5499 eam
856 5442 1094 5496 miserat.
1116 5439 1427 5496 Gratulatus
1451 5448 1535 5495 est
1562 5448 1740 5495 autem
1765 5452 1884 5493 san-

308 5545 422 5589 ctus
448 5533 733 5596 Macarius,
757 5532 897 5600 quod
926 5538 1122 5582 tantam
1152 5530 1368 5586 viderat
1395 5530 1447 5585 in
1466 5528 1723 5584 fratribus
1751 5542 1880 5582 con-

311 5624 612 5692 tinentiam,
660 5630 972 5690 tantamque
997 5619 1294 5684 caritatem,
1323 5621 1391 5675 ad
1435 5621 1641 5676 acriora
1688 5626 1885 5673 semet-

305 5717 475 5788 ipsum
500 5713 763 5788 spiritalis
793 5713 915 5768 vita:
957 5711 1200 5767 extendit
1229 5714 1504 5769 exercitia.

374 5808 455 5867 Ad
483 5808 643 5866 fidem
671 5816 907 5873 namque
936 5801 1307 5872 confirmatum
1336 5804 1487 5859 nobis
1519 5802 1586 5858 de
1612 5816 1678 5858 eo
1706 5810 1787 5859 est
1817 5801 1884 5856 ab

1986 3327 2065 3370 tes
2080 3314 2427 3384 apparebant.
2451 3315 2512 3368 Et
2524 3329 2870 3384 qttmcumque
2882 3316 3151 3371 daemones
3166 3318 3313 3384 quasi
3339 3317 3568 3372 ludendo

1989 3409 2324 3470 forma-sent,
2368 3405 2478 3460 hzec
2505 3416 2719 3460 orantes
2743 3406 2813 3459 illi
2843 3408 2892 3461 in
2923 3407 3101 3462 cordis
3141 3408 3223 3463 sui
3246 3409 3569 3478 cogitatione

1990 3504 2272 3555 versatam
2300 3518 2310 3552 :
2338 3516 2365 3552 a
2411 3500 2678 3553 nonnullis
2731 3511 2936 3565 tamen,
2982 3500 3071 3555 ubi
3117 3501 3317 3570 aliquid
3374 3501 3563 3558 horutn

1995 3594 2151 3665 199
2179 3608 2334 3663 agere
2358 3593 2661 3661 ca-pissent,
2687 3594 2835 3661 quasi
2857 3592 2909 3646 vi
2928 3592 3157 3664 quadam
3185 3594 3405 3663 repulsi,
3431 3609 3565 3663 prm-
3654 3623 3655 3626 η

1987 3687 2176 3753 cipites
2204 3684 2612 3755 dv-jiciebantur,
2662 3684 2735 3739 ita
2768 3694 2825 3739 ut
2865 3699 2963 3740 nec
3000 3695 3143 3740 stare
3174 3685 3386 3754 quidem
3415 3701 3569 3756 pror-

1989 3793 2102 3843 sus,
2135 3788 2226 3833 aut
2270 3778 2501 3832 transire
2517 3779 2665 3847 juxta
2686 3790 2780 3834 eos
2800 3776 3060 3832 auderent
3082 3794 3096 3830 :
3120 3775 3239 3833 aliis
3258 3791 3384 3833 vero
3404 3778 3566 3832 etiam

1990 3872 2214 3925 infirmis
2247 3870 2502 3925 fratribus
2531 3886 2692 3939 supra
2726 3870 2991 3934 cervices.
3030 3880 3081 3925 et
3111 3870 3269 3926 dorsa
3296 3872 3568 3939 ludebant,

1990 3966 2108 4032 quia
2142 3978 2246 4017 non
2275 3970 2430 4017 erant
2458 3963 2512 4015 in
2543 3963 2785 4017 oratione
2806 3976 2903 4015 sua
2932 3963 3139 4016 intenti.
3195 3964 3317 4017 Ibec
3346 3978 3465 4017 cum
3492 3960 3570 4015 vi-

1989 4057 2157 4112 disset
2186 4065 2400 4109 sanctus
2433 4055 2717 4117 Macarius,
2751 4054 3006 4123 ingemuit
3028 4056 3281 4124 graviter,
3314 4066 3365 4109 et
3399 4054 3569 4124 lacry-

1992 4162 2106 4201 mas
2138 4145 2464 4213 profundens
2492 4144 2556 4196 ad
2593 4143 2894 4206 Dominum,
2924 4142 3154 4213 Respice,
3182 4144 3275 4205 ait,
3326 4143 3567 4207 Domine,

1992 4248 2036 4291 et
2067 4254 2127 4291 ne
2159 4237 2329 4297 sileas,
2360 4249 2517 4300 neque
2544 4218 2810 4299 mitigeris,
2839 4229 2976 4283 Deus
3002 4230 3173 4298 (Pani.
3199 4233 3340 4301 δί).
3374 4231 3570 4286 Eum-

1990 4345 2069 4399 ge,
2104 4335 2159 4379 ut
2183 4326 2542 4393 disperguntur
2581 4322 2776 4375 inimici
2808 4322 2901 4385 tui,
2934 4331 2981 4374 et
3025 4332 3078 4373 ut
3118 4322 3322 4391 fugiant
3364 4339 3395 4374 a
3443 4323 3572 4389 facie

1992 4430 2080 4473 tua
2109 4436 2126 4483 ;
2155 4415 2393 4483 quoniam
2412 4415 2585 4468 anima
2607 4420 2781 4467 nostra
2802 4412 3026 4483 repletur
3051 4410 3376 4465 illusionibus
3396 4410 3568 4479 (Psal.

1993 4507 2130 4578 67.).
2154 4510 2274 4563 Post
2294 4508 2591 4562 orationem
2612 4513 2787 4560 tamen
2810 4505 3175 4560 examinandae
3196 4504 3435 4559 veritatis
3447 4520 3571 4575 gra-

1913 4580 1963 4639 D
1998 4603 2065 4656 tia
2110 4615 2353 4657 seorsum
2398 4599 2635 4654 evocatis
2682 4595 2906 4667 singulis
2952 4595 3247 4665 quibusque
3296 4595 3570 4659 fratribus,

1993 4702 2117 4750 ante
2145 4709 2373 4763 quorum
2407 4690 2595 4744 faciem
2624 4688 2828 4744 viderat
2855 4686 3127 4742 daemones
3154 4686 3367 4741 diverso
3389 4686 3570 4740 habitu

1994 4800 2046 4842 et
2076 4785 2237 4840 variis
2281 4784 2598 4853 imaginibus
2645 4781 2911 4847 ludentes,
2960 4779 3183 4849 requirit
3211 4780 3281 4833 ab
3309 4779 3410 4842 eis,
3442 4778 3486 4833 si
3518 4777 3570 4832 in

1993 4879 2254 4942 or:tione,
2290 4876 2371 4930 vel
2418 4872 2717 4941 tedifieandi
2759 4872 3113 4942 cogitationes
3154 4869 3457 4932 habuerint.
3489 4871 3571 4925 vel

1994 4972 2094 5024 iter
2116 4967 2327 5037 agendi,
2360 4967 2441 5020 vel
2465 4966 2563 5027 alia
2591 4964 2955 5034 diversa,qua:
2983 4963 3266 5033 unicuique
3287 4963 3569 5032 imaginata

1995 5075 2089 5129 per
2110 5060 2381 5113 daemones
2412 5057 2615 5113 viderat
2642 5072 2653 5108 :
2680 5065 2736 5111 et
2762 5055 2959 5125 singuli
2994 5068 3180 5109 eorum
3227 5055 3299 5108 ita
3344 5055 3572 5108 confite-

1994 5149 2186 5205 bantur
2212 5150 2264 5203 in
2290 5148 2453 5203 corde
2481 5161 2578 5202 suo
2606 5146 2789 5215 fuisse,
2817 5155 2877 5199 ut
2906 5145 2997 5199 ille
3025 5143 3320 5214 arguebat:
3365 5150 3420 5196 et
3452 5151 3575 5195 tunc

1994 5243 2320 5298 intellectum
2346 5250 2450 5306 est,
2480 5240 2624 5311 quod
2668 5252 2857 5295 omnes
2886 5253 3037 5292 vana:
3067 5246 3122 5291 et
3160 5234 3447 5304 superﬂuae
3478 5247 3571 5284 co—

1992 5336 2297 5406 gitationes,
2327 5349 2459 5405 quas
2488 5333 2571 5389 vel
2602 5333 2952 5402 psalmorum,
2984 5330 3067 5384 vel
3088 5328 3392 5383 orationum
3439 5332 3575 5376 tein-

1996 5440 2126 5496 pnre
2155 5415 2519 5495 unusquisque
2543 5420 2875 5491 conceperit,
2903 5436 2967 5472 ex
2994 5418 3244 5471 illusione
3271 5415 3575 5471 dasntonum

1996 5516 2124 5570 fiant
2149 5534 2161 5569 :
2193 5517 2261 5573 ab
2289 5516 2372 5572 his
2400 5524 2578 5569 autem
2609 5514 2697 5581 qui
2722 5513 2865 5565 omni
2892 5506 3131 5561 custodia
3160 5519 3254 5559 cor
3280 5518 3435 5557 suum
3460 5516 3574 5555 ser-

1997 5608 2143 5674 vant,
2194 5609 2317 5665 tetri
2369 5606 2698 5677 repelluntur
2746 5601 3047 5665 Aitniopes.
3100 5596 3212 5649 Deo
3256 5595 3398 5649 enim
3444 5609 3572 5649 con-

1992 5704 2176 5773 juncta
2208 5714 2381 5764 mens,
2410 5709 2465 5755 et
2492 5700 2545 5753 in
2573 5698 2705 5765 ipso,
2746 5689 3283 5759 temporepraaeipue
3316 5686 3575 5743 orationis

1999 5801 2220 5863 intenta,
2255 5792 2384 5848 nihil
2415 5791 2665 5856 alienum,
2700 5783 2833 5838 nihil
2862 5780 3187 5852 superﬂuunt
3218 5778 3431 5848 recipit.
