4166 6348
574 392 679 451 ιῖἱῢ

1582 392 1809 450 RUFINI
1851 393 2330 461 AQUILEIENSIS
2370 395 2809 455 PRESBYTERI

3751 406 3849 461 4-36

650 504 805 558 Aliud
836 517 1044 574 quoque
1078 503 1243 557 multo
1298 502 1584 557 terribilius
1616 503 1867 567 addebat,
1893 504 2034 572 quod
2067 504 2146 557 vi-
2182 505 2232 567 Α
2263 516 2347 560 tur
2376 508 2601 562 Ammon
2630 509 2985 578 locupletibus
3010 492 3073 565 et
3095 513 3371 580 generosis
3416 518 3726 587 [ιαλίξηιὼιις
3761 536 3849 571 ua-

576 594 745 648 disset
772 608 837 648 eo
871 602 1127 660 tempore,
1160 608 1264 662 quo
1293 593 1482 646 fratres
1508 592 1835 648 accedebant
1876 595 1939 648 ad
1971 610 2151 648 sacra-

577 693 778 741 menta.
826 684 924 739 Ubi
976 685 1341 753 porrexisseut
1388 683 1452 736 ad
1485 683 1879 754 suscipiendum
1930 690 2150 754 palmas,

575 777 630 831 in
659 777 1030 831 nonnullorum
1076 776 1323 829 manibus
1375 775 1764 851 praevenientes
1831 776 2151 845 Etltiopes,

574 868 1157 937 carbones‘deponere,
1186 867 1393 934 Corpus
1418 876 1618 932 autem,
1643 868 1784 937 quod
1811 866 1942 922 tradi
1968 869 2152 924 Sacer-

572 959 714 1015 dotis
743 958 986 1012 manibus
1012 956 1312 1017 videbatur,
1343 956 1521 1011 redire
1541 958 1607 1011 ad
1638 957 1805 1029 altare
1831 975 1844 1023 ;
1878 959 1995 1013 aliis
2026 975 2152 1014 vero

572 1068 710 1123 quos
741 1052 1021 1106 meliorum
1053 1052 1239 1105 merita
1266 1051 1544 1118 juvabant,
1594 1050 2005 1106 extendentibus
2036 1065 2151 1105 ma-

571 1160 671 1201 nus
696 1144 763 1199 ad
789 1146 976 1211 altare,
1003 1145 1158 1211 longe
1186 1144 1439 1198 recedere
1468 1144 1759 1206 daemones.
1805 1154 1861 1199 et
1902 1160 2022 1200 cum
2071 1147 2150 1198 iu-

569 1237 713 1306 genti
737 1248 882 1291 metu
909 1236 1157 1304 refugere
1185 1253 1195 1285 :
1224 1234 1487 1304 Angelum
1510 1235 1649 1288 enim
1673 1236 1877 1289 Domini
1901 1236 2151 1291 assistere

567 1328 822 1382 cernebat
855 1327 1029 1391 altari,
1065 1328 1151 1395 qui
1182 1341 1304 1380 eum
1334 1325 1627 1380 sacerdotis
1654 1338 1810 1380 manu
1839 1342 1986 1381 Slllm
2020 1336 2151 1397 quo-

567 1434 673 1487 que
704 1433 920 1471 manum
949 1419 1000 1471 in
1032 1417 1504 1471 Sacramentorum
1544 1417 1920 1473 disuibutiouc
1961 1434 2148 1488 super-

568 1523 810 1582 poneret.
844 1512 921 1565 Ex
952 1512 1053 1565 hoc
1075 1511 1183 1579 jam
1218 1510 1508 1579 permansit
1536 1512 1699 1581 200
1720 1511 1767 1564 ei
1798 1527 1825 1563 a
1854 1512 1961 1565 Deo
1985 1513 2150 1580 gratia

568 1606 687 1669 ista,
721 1612 777 1657 ut
826 1604 876 1656 in
908 1602 1105 1671 vigiliis
1153 1599 1400 1667 fratrum,
1456 1603 1778 1672 psalmorum
1809 1612 1861 1657 et
1891 1604 2150 1657 orationis

569 1706 810 1764 tempore
837 1694 881 1747 si
914 1693 1035 1763 quis
1076 1692 1218 1746 aliud
1262 1690 1461 1761 aliquid
1510 1693 1800 1747 secundum
1847 1693 2148 1747 illus'onem

568 1788 869 1841 daemonum
902 1787 954 1839 in
984 1783 1147 1839 corde
1186 1784 1492 1853 cogitasset,
1544 1796 1886 1855 agnosceret,
1919 1794 1972 1839 ct
2000 1800 2151 1840 acce-

2263 606 2345 648 tus
2369 606 2470 661 est,
2496 613 2524 650 a
2555 600 2748 666 quibus
2780 600 2974 653 invitus
3004 602 3163 672 201
3196 604 3261 655 ad
3292 606 3501 673 nuptias
3528 610 3844 678 cogebatur.

2262 687 2472 743 Etcum
2506 691 2609 744 vim
2638 704 2918 759 parentum
2953 710 3056 748 non
3092 707 3271 763 posset
3310 698 3569 771 effugere,
3618 716 3845 776 accepta

2257 779 2482 851 virgine,
2513 798 2634 836 cum
2668 783 2805 837 intra
2837 787 3099 853 nuptiales
3144 790 3403 845 thalamos
3434 798 3837 863 convenissent.

2256 882 2308 925 et
2338 875 2458 926 data
2491 875 2568 928 eis
2593 886 2773 929 essent
2801 877 3032 932 cubiculi
3058 890 3262 934 secreta
3288 882 3841 958 silentia,'alloquitur

2256 963 2487 1032 puellam
2519 965 2587 1020 de
2620 968 2893 1036 pudicitia,
2939 979 2993 1024 et
3036 971 3103 1024 de
3128 976 3497 1029 conservanda
3532 977 3838 1048 virginitate

2253 1054 2415 1123 cmpit
2452 1056 2747 1125 cohortari,
2782 1058 3003 1113 dicens:
3040 1061 3173 1129 Quia
3203 1066 3473 1133 corruptio
3521 1069 3640 1124 siue
3677 1071 3837 1125 dubio

2256 1145 2455 1199 invenit
2481 1149 2902 1217 corruptionem,
2939 1151 3268 1227 incurruptio
3305 1172 3431 1210 vero
3480 1158 3835 1229 incorruptio-

2255 1250 2373 1290 nem
2394 1248 2592 1304 sperat.
2621 1238 2783 1293 Multo
2796 1254 2923 1309 ergo
2942 1244 3131 1296 melius
3154 1256 3257 1309 ρει,
3280 1247 3322 1299 si
3350 1256 3574 1317 uterque
3596 1262 3832 1307 nostrum

2254 1325 2304 1377 in
2336 1326 2637 1393 virginitate
2666 1330 2953 1396 perduret,
3004 1348 3158 1397 quam
3193 1344 3248 1388 ut
3289 1338 3424 1391 alter
3457 1350 3832 1411 corrumpatur

2253 1429 2316 1467 ex
2346 1414 2534 1470 altero.
2570 1416 2873 1486 Acquiescit
2901 1420 2949 1474 ei
2984 1424 3147 1493 virgo,
3183 1426 3398 1483 silentio
3430 1431 3625 1500 tegitur
3657 1432 3831 1488 incor-

2253 1504 2515 1571 ruptionis
2543 1508 2846 1563 thesaurus.
2869 1511 3107 1581 Cumque
3138 1515 3370 1582 plurimo
3399 1528 3644 1589 tempore
3672 1523 3834 1579 solius

2256 1596 2349 1651 Dei
2376 1602 2615 1655 contenti
2657 1605 2989 1670 testimooio,
3023 1609 3211 1675 Spiritu
3241 1612 3408 1680 magis
3444 1623 3647 1679 essent,
3678 1632 3831 1685 quam

2252 1704 2415 1744 carne
2442 1694 2805 1765 sanguineque
2834 1696 3126 1767 conjuncti,
3170 1714 3288 1770 post
3318 1702 3522 1758 obitum
3553 1707 3831 1762 amborum

2256 1792 2561 1849 parentum,
2606 1784 2693 1840 ille
2722 1788 2960 1855 quidem,
2995 1792 3060 1845 ad
3111 1795 3342 1849 Vit‘illum
3383 1798 3579 1852 deserti
3629 1801 3835 1855 secedit

569 1876 808 1931 dentium
839 1877 903 1929 ad
936 1874 1126 1943 altare,
1162 1875 1244 1929 vel
1272 1874 1612 1945 indignitates
1642 1888 1786 1943 eum,
1841 1876 1921 1930 vel
1967 1877 2150 1931 merita
2187 1874 2231 1932 B
2262 1871 2457 1937 locum,
2490 1875 2642 1946 virgo
2673 1893 2802 1935 vero
2829 1881 2967 1935 intra
2992 1883 3206 1937 domum
3234 1886 3495 1953 residens.
3526 1889 3576 1942 ει,
3607 1888 3756 1945 brevi
3781 1896 3834 1946 ει

568 1984 673 2023 non
701 1971 945 2023 laterent.

640 2062 878 2129 Quodam
924 2070 1098 2114 autem
1132 2070 1371 2129 tempore
1402 2057 1703 2131 (Palladius
1731 2075 1846 2131 cap.
1882 2059 1967 2114 19.
1991 2060 2147 2114 e120.

567 2152 723 2208 Joan.
754 2153 924 2208 libello
946 2152 1067 2217 111,
1100 2170 1154 2209 n.
1190 2153 1303 2223 15.)
1327 2154 1485 2207 ambo
1520 2152 1731 2208 Macarii
1762 2153 2003 2210 homines
2034 2149 2148 2219 Dei,

565 2256 685 2299 cum
728 2224 909 2299 fratris
952 2244 1231 2314 cujusdam
1287 2245 1503 2300 videndi
1546 2246 1718 2315 gratia
1766 2247 1866 2301 iter
1906 2256 2146 2315 agerent,

564 2334 924 2390 ascenderunt
964 2334 1255 2406 navigium,
1288 2351 1394 2406 quo
1421 2336 1611 2390 ﬂuvius
1645 2337 1858 2392 transiri
1889 2340 2046 2403 solet,
2098 2340 2149 2392 in

564 2439 672 2496 quo
703 2425 912 2497 navigio
938 2434 1093 2482 erant
1116 2425 1272 2481 simul
1314 2426 1527 2495 quidam
1572 2428 1790 2491 tribuni,
1820 2426 2013 2482 divites
2056 2429 2151 2482 Ito-

568 2520 737 2574 mines
768 2529 819 2574 et
850 2527 1229 2588 praepotentes,
1254 2534 1420 2587 equos
1458 2520 1717 2588 plurimos
1747 2535 1809 2574 ac
1839 2535 2049 2587 pleros,
2097 2529 2151 2576 et

564 2610 727 2665 multa
759 2624 940 2665 secum
966 2608 1263 2665 ministeria
1296 2608 1572 2665 habentes.
1605 2610 1803 2665 llorum
1832 2627 1993 2678 unus,
2028 2627 2147 2665 cum

565 2703 772 2757 videret
815 2703 866 2757 in
912 2702 1094 2757 ultima
1142 2702 1337 2772 navigii
1380 2714 1531 2772 parte
1578 2702 1770 2756 vilibus
1802 2703 2146 2768 indumentis,

564 2803 724 2864 atque
774 2794 840 2847 ad
891 2794 1069 2848 omnia
1100 2794 1377 2864 Expeditos
1404 2795 1584 2862 jacvre
1628 2794 1940 2859 nmnacltos,
1971 2797 2047 2849 ait
2083 2793 2148 2850 ad

565 2896 699 2942 eus:
735 2886 881 2941 Beati
908 2889 1039 2941 estis
1068 2901 1183 2951 vos,
1209 2886 1297 2956 qui
1329 2887 1449 2941 liuie
1474 2888 1673 2941 sa-culo
1696 2886 1936 2952 illuditis,
1967 2896 2020 2941 et
2057 2903 2150 2941 ne-

565 2988 830 3050 quaquam
857 2995 920 3034 ex
953 2996 1017 3034 eo
1042 2980 1311 3049 requiritis
1339 3020 1354 3046 ,
1397 2980 1496 3032 nisi
1544 2979 1909 3034 indumentum
1950 2977 2147 3034 vilissi-

568 3081 712 3124 mum
745 3078 799 3124 et
830 3068 1200 3138 paréiSsimttm
1234 3071 1432 3124 victum
1484 3071 1631 3125 Tunc
1661 3088 1795 3125 unus
1822 3072 1888 3126 de
1910 3072 2149 3127 Macariis

569 3162 846 3234 respondit
869 3164 931 3217 ad
960 3179 1080 3218 eum
1108 3183 1119 3219 :
1157 3163 1293 3219 Vere
1323 3164 1558 3234 quidem,
1594 3174 1648 3219 ut
1674 3165 1829 3231 dicis,
1860 3166 1948 3235 qui
1979 3162 2145 3221 Deum

2256 1964 2367 2031 ipsa
2400 1965 2768 2023 multitudines
2798 1969 3084 2040 virginum,
3115 1972 3169 2029 et
3200 1975 3286 2029 ille
3312 1978 3676 2035 multitudines
3705 1995 3833 2035 con-

2252 2060 2436 2127 gregat
2458 2060 2861 2115 monachorum.

2323 2149 2564 2220 Cumque
2592 2152 2701 2218 jam
2734 2166 2972 2210 secretus
3003 2156 3210 2213 sederet
3235 2161 3285 2215 in
3301 2164 3831 2231 cremo,adolescens

2253 2240 2491 2307 qhitlam,
2526 2242 2614 2311 qui
2647 2258 2824 2299 morsu
2850 2249 2997 2301 canis
3020 2243 3188 2304 rabidi
3214 2252 3263 2305 in
3294 2254 3495 2309 rabiem
3522 2270 3706 2311 versus
3726 2268 3828 2320 est,

2257 2333 2437 2388 nmltis
2466 2336 2676 2391 vinctus
2703 2338 2909 2393 catenis
2936 2340 2999 2393 ad
3030 2356 3149 2395 eum
3179 2343 3477 2411 deducitur,
3507 2362 3831 2417 prosequen-

2255 2423 2392 2478 tibtts
2416 2440 2535 2479 erm
2566 2430 2871 2495 parentibus
2894 2433 3023 2499 suis,
3055 2444 3108 2488 et
3159 2438 3465 2505 rogantibus
3514 2455 3609 2507 pro
3648 2456 3738 2499 eo.
3770 2432 3829 2493 At

2254 2513 2344 2569 ille
2372 2516 2505 2570 dixit
2529 2519 2640 2572 eis:
2692 2520 2827 2587 Quid
2861 2524 2989 2578 mihi
3022 2524 3233 2581 molesti
3271 2531 3421 2594 estis,
3470 2545 3502 2586 ο
3546 2526 3832 2586 homines?

2253 2617 2331 2665 su,
2356 2617 2411 2659 ra
2443 2608 2628 2661 meriti
2661 2624 2777 2664 mea
2816 2621 2929 2678 est,
2965 2616 3105 2683 quod
3140 2616 3359 2684 petit’s;
3408 2620 3502 2674 sed
3532 2631 3703 2677 tamen
3734 2622 3833 2677 hoc

2256 2695 2404 2749 vobis
2435 2695 2671 2754 iudicare
2713 2707 2926 2769 pessum
2946 2746 2958 2766 ,
3005 2708 3147 2773 quad
3183 2708 3234 2761 in
3264 2710 3509 2766 manibus
3535 2714 3725 2768 vestris
3752 2708 3833 2770 est

2255 2786 2374 2853 ejus
2402 2789 2621 2845 Sanitas.
2661 2787 2881 2848 Reddite
2908 2795 3082 2850 vidute
3115 2798 3304 2852 bovein
3345 2815 3518 2865 suum,
3564 2819 3720 2873 quem
3754 2805 3834 2859 fu--

2256 2880 2354 2933 rati
2386 2882 2537 2947 estis,
2563 2892 2617 2937 et
2640 2898 2801 2939 sanus
2826 2886 3079 2942 reddetur
3109 2891 3260 2945 vobis
3284 2892 3419 2947 filius
3443 2904 3636 2949 vester.
3663 2898 3732 2951 At
3759 2898 3829 2952 illi

2252 2971 2615 3028 extimu'erunt
2635 2974 2849 3045 quidem
2874 2978 3047 3042 valde,
3073 2982 3215 3050 quod
3239 2997 3299 3036 ea
3325 3000 3438 3052 quae
3461 2993 3667 3043 secrete
3683 2988 3830 3058 gesta

2252 3074 2398 3130 sunt,
2421 3081 2527 3119 non
2550 3068 2818 3124 latuerunt
2837 3071 3106 3128 hominem
3133 3074 3246 3129 Dei.
3279 3075 3454 3133 Gavisi
3482 3090 3604 3134 sunt
3630 3092 3830 3145 tamctt,

2253 3156 2398 3224 quod
2428 3157 2567 3213 hanc
2596 3160 2675 3215 eis
2702 3160 2838 3216 viam
2866 3163 3053 3218 salutis
3084 3168 3341 3231 ostendit,
3366 3177 3419 3223 et
3442 3170 3554 3225 sine
3582 3186 3751 3238 mora,
3776 3166 3833 3226 ul

565 3267 887 3326 εθςυυηιυν,
923 3254 1153 3311 mnuum
1183 3256 1420 3323 mundo;
1474 3259 1565 3312 sed
1602 3258 1918 3314 ηιῖεοηςηηη·
1961 3261 2147 3327 vestri,
2176 3248 2220 3309 C
2258 3251 2850 3323 reddiderantdircpta,
2881 3268 3069 3312 orante
3102 3258 3319 3315 homize
3343 3261 3453 3327 Dei,
3476 3262 3633 3318 etiam
3654 3264 3830 3333 juveni

566 3348 711 3418 quod
745 3349 896 3404 vobis
924 3351 1229 3406 econtrario
1258 3350 1487 3406 mundus
1512 3352 1700 3408 il'udit.
1722 3353 1867 3407 Tunc
1896 3353 1982 3408 ille
2000 3369 2147 3409 com-

566 3448 797 3507 punctus
820 3454 981 3510 super
1008 3441 1150 3496 hunc
1172 3456 1498 3508 sermonem,
1530 3445 1710 3498 statim
1742 3452 1798 3497 ut
1822 3446 2061 3513 pervenit
2082 3446 2146 3500 ad

566 3530 783 3584 domum
814 3545 987 3595 suam,
1016 3532 1290 3586 derelictis
1313 3534 1580 3596 omnibus,
1614 3532 1697 3588 vel
1732 3534 2000 3589 distractis
2031 3550 2147 3603 quae

567 3618 815 3685 habebat,
848 3630 902 3674 et
928 3622 1247 3690 pauperibus
1272 3623 1430 3689 datis,
1457 3625 1570 3693 ipse
1595 3625 1757 3678 Demu
1780 3628 1929 3696 sequi
1960 3630 2145 3697 cmpit,

566 3716 621 3763 et
646 3707 712 3761 ad
739 3711 1122 3765 monachorum
1153 3712 1408 3767 exercitia
1439 3716 1761 3783 properavit.

635 3798 739 3854 Sed
767 3808 818 3852 et
848 3800 1033 3865 multa,
1062 3808 1120 3853 ut
1148 3800 1400 3865 diximus,
1455 3804 1554 3856 alia
1596 3804 1662 3858 de
1697 3806 1951 3873 operibus
1977 3810 2146 3862 sancti

569 3892 785 3948 Macarii
829 3892 1171 3947 Alexandrini
1216 3894 1475 3947 mirabilia
1523 3895 1783 3959 feruntur,
1844 3914 1905 3952 ex
1956 3902 2149 3970 quibus

570 3986 820 4039 nonnulla
854 3986 904 4038 in
934 3984 1001 4037 XI
1034 3984 1171 4038 libro
1202 3986 1219 4016 ί
1252 3985 1638 4041 Ecelesiastica:
1662 3990 1897 4045 historia:
1922 3992 2144 4059 inserta,

567 4078 655 4153 qui
690 4076 916 4149 requitit
938 4076 1193 4134 inveniet.

1124 4192 1346 4248 CAPUT
1388 4186 1554 4249 XXX.

813 4320 879 4362 υε
906 4316 930 4344 ⁸
966 4322 1204 4372 ΑΜΒΟΝΕ,
1240 4323 1399 4361 PRIMO
1425 4324 1620 4363 Μτῆιῶ
1644 4327 1908 4368 ὶιωΝΑοηο.

636 4423 844 4478 Initium
867 4437 996 4476 sane
1023 4420 1262 4492 (Pallad.
1296 4436 1346 4477 c.
1390 4421 1443 4476 8.
1494 4423 1669 4494 Supra
1714 4427 1764 4479 in
1820 4429 1938 4483 Vita
1983 4432 2148 4483 sancti

569 4516 782 4568 Antonii
812 4529 859 4569 c.
887 4514 1004 4581 52.)
1036 4514 1374 4569 habitationis
1425 4518 1890 4585 monasteriorum,
1934 4532 2050 4589 quze
2092 4525 2144 4577 in

2254 3345 2454 3400 sanitas
2488 3346 2746 3402 redditur.

2330 3438 2451 3491 Alio
2479 3454 2691 3508 quoque
2723 3450 2983 3509 tempore,
3016 3456 3136 3497 cum
3167 3446 3441 3502 Venissent
3480 3448 3544 3502 ad
3573 3450 3692 3503 eum
3719 3448 3831 3520 q'ui-

2254 3527 2397 3593 dam,
2426 3530 2651 3597 probare
2678 3532 2862 3588 volens
2904 3532 3113 3588 animos
3159 3536 3412 3606 ipsorum,
3457 3539 3585 3595 dicit
3628 3542 3828 3597 dolium
3916 3608 3925 3614 _

2254 3618 2351 3671 sibi
2384 3633 2503 3673 esse
2524 3623 2908 3685 necessarium,
2959 3624 3049 3677 ubi
3080 3640 3271 3693 aquam
3304 3644 3398 3697 pro
3429 3631 3831 3686 advenientibus

2255 3719 2621 3778 congregaret.
2659 3711 2871 3765 Etcum
2900 3715 3117 3783 polliciti
3159 3718 3383 3773 fuissent
3425 3721 3725 3790 perlaturos
3751 3738 3833 3787 se,

2256 3814 2463 3853 umnsex
2492 3800 2621 3869 ipsis
2638 3817 2797 3870 grave
2821 3804 2921 3859 sibi
2948 3806 3119 3873 duxit,
3138 3808 3346 3875 dicens,
3369 3812 3653 3878 periclitari
3680 3829 3833 3882 posse

2254 3889 2515 3943 eamelum
2548 3905 2722 3957 suum,
2755 3894 2799 3947 si
2834 3895 2883 3949 ei
2917 3905 3021 3948 tam
3054 3912 3214 3965 grave
3243 3917 3377 3955 onus
3418 3902 3737 3972 imponeret.
3772 3907 3834 3959 Et

2253 3979 2327 4033 ait
2350 3979 2416 4034 ad
2445 3982 2669 4035 alterum
2698 3985 2810 4038 :Tu
2835 3985 2879 4038 si
2910 3987 2992 4040 vis
3014 3998 3105 4042 aut
3127 4000 3300 4058 potes,
3321 3992 3489 4059 defer,
3511 4006 3610 4062 ego
3631 4001 3834 4050 cntneto

2259 4084 2381 4125 meo
2412 4081 2575 4140 parco
2624 4086 2693 4129 ne
2738 4075 3017 4129 moriatur.
3047 4076 3193 4133 Tunc
3238 4082 3406 4135 alter:
3454 4080 3597 4149 Mihi,
3644 4084 3833 4153 inquit,

2253 4162 2413 4232 202
2440 4172 2495 4216 ut
2514 4163 2626 4233 ipse
2649 4166 2786 4219 nosti
2814 4166 3052 4221 Camelus
3075 4183 3180 4223 non
3210 4180 3314 4233 est,
3336 4170 3427 4225 sed
3451 4173 3651 4227 asinus.
3671 4174 3834 4228 Ntun-

2255 4252 2382 4319 quid
2415 4260 2589 4320 potest
2620 4254 2762 4322 quod
2788 4254 3024 4309 camelos
3059 4269 3269 4324 portare
3302 4275 3405 4313 non
3438 4264 3609 4327 valet,
3652 4265 3831 4317 asinus

2254 4344 2514 4411 portare?
2553 4343 2622 4397 At
2652 4344 2775 4398 ille:
2808 4345 3010 4411 Facito,
3042 4347 3232 4417 inquit,
3264 4358 3320 4403 ut
3349 4351 3532 4417 voles;
3580 4362 3634 4406 tu
3673 4354 3825 4407 vide;

2252 4437 2362 4490 ris:
2393 4452 2492 4506 ego
2522 4438 2663 4491 enim
2695 4452 2799 4492 non
2834 4438 3137 4494 interimam
3160 4441 3419 4496 catnelum
3444 4458 3642 4498 meum.
3675 4445 3824 4499 Tunc

2255 4528 2384 4584 ille:
2417 4528 2546 4597 Ego,
2573 4529 2764 4598 inquit,
2799 4532 3067 4600 imponam
3099 4532 3250 4586 asino
3281 4549 3401 4590 meo
3430 4536 3658 4604 pondus,
3686 4543 3824 4608 quod

566 4604 735 4659 Nitria
764 4613 908 4666 sunt,
946 4614 1217 4674 sumptum
1265 4605 1547 4661 tradebant
1587 4608 1656 4662 ab
1704 4610 1968 4666 Ammone
2012 4630 2145 4682 quo-
2175 4630 2222 4687 ι)
2251 4631 2304 4673 tu
2334 4620 2541 4675 camelo
2567 4631 2657 4675 tuo
2683 4637 2965 4677 onerosum
2993 4623 3144 4688 dicis,
3169 4634 3222 4678 et
3261 4629 3447 4682 merita
3469 4604 3818 4683 hominis'Do-i

565 4695 710 4761 tiam,
743 4693 896 4762 cujus
921 4696 1152 4748 animam
1180 4697 1323 4763 (cum
1370 4697 1568 4751 exisset
1615 4698 1682 4751 de
1719 4703 1969 4770 corpore)
2016 4703 2146 4759 vidit

565 4785 692 4839 ferri
714 4784 781 4838 ad
812 4785 1008 4838 ccelum
1040 4793 1257 4839 sanctus
1288 4784 1575 4851 Antonius,
1609 4789 1748 4843 sicut
1779 4790 1943 4845 refert
1971 4794 2144 4859 scrip-

568 4882 681 4925 tura
712 4871 825 4937 illa,
857 4887 975 4940 qua:
1001 4871 1174 4925 Vitam
1199 4872 1459 4927 describit
1487 4874 1628 4930 beati
1657 4877 1895 4932 Antonii.
1932 4880 2026 4934 llic
2049 4882 2144 4951 igi-

637 5004 1011 5079 ﬂgAnttnoneJ
1054 5006 1129 5060 De
1158 5006 1252 5079 hoc
1280 5007 1631 5079 Menologium
1654 5012 1945 5067 Crwcornm
1979 5017 2008 5069 4
2043 5018 2142 5071 0c—

557 5077 716 5157 toftris
741 5090 759 5128 :
789 5074 1241 5157 (10mménloratio
1270 5077 1328 5132 S.
1364 5074 1535 5133 Patris
1564 5084 1840 5157 Ammonis
1882 5086 2135 5157 Aigvptii.

564 5147 660 5200 llic
692 5161 813 5200 eum
845 5154 988 5200 esset
1014 5145 1300 5216 Egyptius
1329 5163 1527 5223 genere
1553 5152 1860 5223 parentibus
1901 5145 2138 5223 orvn'a'tus,

560 5226 815 5296 {inpatruo
836 5226 1049 5271 coactus
1080 5232 1300 5296 uxorem
1341 5219 1492 5296 duxit
1529 5221 1629 5275 sub
1658 5222 1977 5280 Maximiano
2009 5219 2136 5296 imp.

562 5285 708 5342 Vixit
733 5296 911 5342 autem
942 5300 1063 5365 cum
1093 5287 1181 5341 illa
1207 5302 1376 5343 annos
1405 5289 1589 5365 decem
1616 5301 1670 5345 et
1689 5301 1832 5357 octo,
1856 5312 2013 5365 quam
2034 5285 2137 5351 non

559 5366 616 5411 ut
652 5372 894 5429 uxorem,
924 5358 1017 5412 sed
1048 5365 1105 5411 ut
1128 5372 1371 5429 sororem
1405 5360 1673 5416 habebat:
1708 5365 1832 5429 quin
1862 5358 2022 5421 etiam
2064 5370 2138 5423 illi

567 5428 835 5507 persuasit
864 5436 920 5507 ut
950 5428 1306 5507 virginitatem
1329 5428 1833 5507 _servaret._l_taque,
1867 5447 1921 5491 et
1947 5438 2057 5507 ipsa
2085 5450 2141 5494 et

567 5499 814 5579 omnibus
838 5498 1000 5554 rebus
1020 5498 1311 5579 derelictis,
1328 5501 1378 5554 in
1402 5511 1581 5556 monte
1602 5498 1785 5558 Nitriae
1799 5498 1959 5575 prope
1970 5498 2137 5579 'Aigy-

564 5570 637 5636 pti
669 5570 938 5625 desertum
960 5571 1208 5639 secessit,
1239 5586 1340 5625 una
1369 5582 1574 5625 tantum
1606 5583 1756 5629 veste
1779 5570 1932 5632 nocte
1960 5590 2014 5632 et
2044 5570 2141 5634 die

564 5650 995 5718 eorpus__tegens.
1028 5642 1291 5718 Produx_i_t
1318 5651 1493 5718 autem
1520 5645 1656 5695 viam
1686 5653 1852 5718 uVSque
1878 5643 1942 5701 ad
1969 5649 2138 5718 Magni

566 5711 1047 5785 Antoniitempora
1077 5715 1176 5768 sub
1218 5712 1412 5785 Magno
1455 5711 1823 5785 Constantino,
1854 5711 2137 5774 celebri‘et

568 5793 737 5853 pruno
764 5780 1187 5853 Christianorum
1217 5780 1564 5851 Imperatore.
1594 5784 1760 5853 Hujus
1790 5780 1889 5843 viri
1935 5792 2134 5845 sancti-

565 5851 725 5901 tatem
752 5849 1042 5907 admiratus
1071 5864 1149 5907 est
1181 5849 1463 5921 Antonius,
1488 5849 1779 5925 prteset'tim
1809 5870 2021 5931 propter
2044 5861 2139 5915 mi-

2253 4710 2468 4776 facient,
2502 4714 2643 4783 quod
2691 4714 3017 4783 impossibile
3065 4729 3145 4770 est
3189 4732 3307 4773 esse
3354 4721 3631 4787 possibile.
3662 4722 3728 4776 Et
3761 4723 3830 4777 ita

2252 4802 2552 4868 impositum
2585 4804 2782 4857 dolium
2814 4806 2963 4856 asino
2993 4820 3110 4871 suo,
3138 4809 3368 4875 perrexit
3396 4826 3565 4879 usque
3605 4811 3673 4866 ad
3716 4828 3830 4867 mo-

2244 4895 2545 4971 nasterium
2578 4896 2809 4950 hominis
2843 4895 2957 4964 Dei,
2987 4898 3053 4951 ita
3087 4908 3145 4952 ut
3181 4914 3279 4956 nec
3317 4902 3537 4957 sentiret
3566 4904 3747 4958 asinus
3772 4886 3853 4960 se;

2246 5025 2445 5089 racula,
2477 5042 2593 5097 quae
2623 5042 2714 5096 per
2739 5030 2911 5096 ipsum
2934 5030 3160 5106 plurima
3186 5032 3278 5106 Dei
3301 5033 3601 5106 benignitas
3624 5037 3821 5103 effecit,

2243 5111 2460 5167 quorum
2490 5108 2723 5167 magnam
2755 5107 2946 5165 partem
2990 5103 3162 5154 eodem
3192 5104 3273 5156 die
3307 5104 3359 5156 in
3400 5103 3605 5160 .iiemet's
3638 5107 3828 5164 Gnatis

2244 5165 2414 5233 habes,
2447 5165 2779 5248 qute'addmtt
2802 5186 2820 5223 :
2846 5169 3411 5248 _A13‘ru¢_7zivoxola'§wv
3439 5178 3486 5228 ἐν
3515 5187 3587 5248 τῷ
3631 5179 3830 5248 ﬁndan-

2244 5245 2394 5317 p'abvt.
2431 5240 2603 5317 30);)»
2628 5242 2767 5317 9ιύτῷ
2792 5241 2939 5294 πόνον
2966 5245 3051 5317 θεᾳί
3090 5240 3242 5317 accrro?
3277 5240 3582 5317 παρέχοντι)
3611 5240 3747 5314 quod
3776 5252 3829 5303 in

2253 5305 2494 5384 Palladio
2522 5307 2702 5384 Latine
2733 5305 2826 5376 est,
2875 5312 3015 5378 quod
3061 5305 3379 5384 operabatur
3412 5305 3739 5384 'balsatti'um,
3775 5322 3826 5375 itt

2245 5390 2346 5442 qua
2376 5379 2597 5449 colenda
2625 5388 2677 5431 et
2710 5385 2936 5445 putanda
2968 5384 3187 5434 multum
3219 5382 3415 5438 laboris
3440 5387 3677 5449 ponitur.
3705 5379 3828 5444 Sui-

2244 5450 2325 5499 da:
2354 5448 2540 5529 dicitur
2569 5452 2776 5529 ᾼίμοὶς.
2812 5449 3107 5523 Δίίύὶττιος,
3138 5453 3225 5520 qui
3247 5453 3386 5507 breve
3416 5448 3539 5509 Vita:
3567 5461 3677 5529 ejus
3698 5475 3828 5513 coms

2243 5518 2483 5585 pendium
2511 5519 2679 5571 habet.
2705 5518 3036 5573 Roswiunus.

2318 5587 2334 5615 ί
2375 5586 2527 5652 Quod
2556 5589 2733 5642 alieno
2759 5592 2977 5651 scribat,
3008 5604 3112 5644 non
3138 5606 3237 5644 suo
3268 5593 3480 5667 nomine
3500 5634 3515 5659 ,
3564 5606 3625 5651 ut
3668 5613 3825 5667 supe-

2245 5656 2355 5729 rius
2385 5665 2732 5729 tuenstratum
2765 5670 2864 5724 est,
2916 5675 3037 5714 cum
3075 5674 3285 5729 quoque
3328 5656 3523 5718 librum
3557 5656 3825 5724 Ecclesia-

2245 5725 2670 5801 stic;e_ilistoriae
2704 5730 2921 5782 Rufinus
2950 5725 3105 5781 suum
3132 5725 3312 5786 dicere
3342 5738 3720 5801 praetermittit,
3771 5743 3828 5792 ut

2248 5811 2314 5878 ne
2336 5795 2491 5878 hujus
2515 5797 2961 5878 sitnul_auctoretit
2984 5801 3279 5878 seprodat.’
3303 5795 3475 5858 Habes
3501 5816 3678 5862 autem
3703 5795 3823 5878 quin

2248 5864 2315 5919 de
2346 5866 2573 5921 Macario
2601 5867 2921 5937 indicantur,
2954 5870 3213 5941 capitibus
3244 5874 3272 5924 4
3303 5885 3356 5928 et
3380 5878 3430 5926 3.
