4166 6348
336 320 439 377 ἇῢῗ

1538 304 1853 371 HISTORIA
1898 314 2399 373 MONACIIORUM.

3511 320 3615 377 453

335 427 534 499 aliquid
566 427 751 483 oneris
780 435 1020 497 portare.
1050 414 1219 494 Quem
1250 434 1306 480 ut
1332 426 1460 482 vidit
1486 432 1714 483 Ammon
1741 468 1756 493 ,
1783 428 1927 483 Bene
1958 435 2007 489 Α
2103 430 2342 495 Quadam
2368 439 2545 484 autem
2566 430 2674 497 die,
2707 444 2826 505 cum
2847 430 3118 488 venissent
3139 432 3204 487 ad
3234 444 3476 489 sanctum
3504 437 3617 490 Au-

332 523 531 589 fccisti,
556 521 752 590 inquit,
772 521 825 575 in
852 521 1003 575 asino
1025 519 1271 574 deferens
1292 520 1522 587 dolium;
1549 521 1769 589 collegae
1785 523 1929 575 enim

333 617 407 672 tui
434 614 678 670 camelos
705 624 950 668 mortuus
1003 619 1107 665 est.
1160 612 1224 664 Et
1271 626 1550 682 regressus
1600 612 1806 668 invenit
1860 613 1931 666 ita

334 714 572 778 gestum,
604 713 662 758 ut
692 701 1019 772 praedixerat
1047 699 1280 754 famulus
1308 701 1425 756 Dei.

404 795 510 851 Sed
545 803 601 849 et
630 794 797 847 multa
825 792 926 846 alia
958 806 1053 861 per
1092 804 1212 845 eum
1253 792 1404 860 signa
1450 791 1705 846 Dominus
1748 799 1931 846 osten-

333 888 429 942 dit.
460 888 593 941 Nam
620 895 677 942 et
722 886 943 940 fluvium
993 884 1189 939 Nilum'
1220 899 1340 938 cum
1397 885 1625 941 transire
1665 886 1847 953 vellet,
1878 893 1933 940 et

333 994 532 1035 exuere
561 992 620 1032 se
648 978 1022 1039 erubesceret,
1056 974 1255 1029 virtute
1294 975 1383 1033 Dei
1416 975 1594 1039 subito
1625 976 1675 1029 in
1707 975 1929 1029 alteram

334 1072 506 1140 ripam
542 1070 836 1124 translatus
861 1068 1081 1122 dicitur.
1126 1068 1321 1122 Beatus
1347 1077 1526 1122 autem
1557 1067 1840 1130 Antonius,
1874 1067 1930 1120 in

330 1181 542 1220 summa
575 1164 933 1219 admiratione
960 1164 1083 1217 vitae
1110 1162 1227 1231 cius
1258 1160 1518 1230 justitiam
1559 1169 1722 1229 atque
1766 1158 1930 1214 anitni

333 1260 557 1314 virtutes
582 1257 837 1312 habuisse
862 1263 1208 1310 memoratur.

908 1368 1135 1424 CAPUT
1174 1367 1368 1423 XXXI.

819 1475 885 1516 DE
926 1470 951 1497 ⁸
991 1476 1165 1517 ΡΑυιο
1204 1474 1458 1515 SHIPIJCE'.
1786 1506 1789 1509 ,

350 1590 360 1596 -
405 1557 531 1612 Fuit
558 1555 774 1624 quidam
799 1554 1123 1626 (Palladius,
1154 1571 1271 1622 cap.
1304 1553 1423 1622 2‘3.)
1470 1555 1607 1607 inter
1635 1552 1930 1618 discipulos

334 1647 506 1703 sanc.i
542 1647 782 1712 Antonii,
827 1646 1020 1699 Paulus
1062 1644 1304 1709 nomine,
1348 1646 1756 1714 cognominatus
1786 1645 1930 1699 Sim-

335 1741 478 1809 plex.
506 1738 603 1792 llic
628 1738 838 1791 initium
859 1736 1228 1790 conversionis
1253 1746 1363 1790 sna:
1393 1734 1696 1804 ltujusmodi
1724 1734 1927 1789 habuit:

2038 524 2239 576 tonium
2272 525 2482 585 fratres,
2518 524 2694 594 magni
2726 525 2942 595 quidem
2972 535 3029 582 et
3055 527 3275 596 perfecti
3318 528 3440 591 viri,
3470 529 3620 584 acci-

2034 613 2113 666 dit
2139 615 2298 668 etiam
2355 616 2574 669 Paulum
2626 618 2813 673 adesse
2864 620 3067 688 pariter
3093 636 3213 674 cum
3243 620 3346 675 eis.
3384 621 3447 673 Et
3493 634 3618 674 cum

2032 706 2289 757 sermode
2314 705 2472 759 rebus
2493 708 2768 776 profundis
2796 722 2847 763 et
2870 711 3106 781 mysticis
3131 710 3436 775 haberetur,
3465 727 3619 767 cum-

2035 809 2139 862 que
2170 797 2236 851 de
2267 797 2544 865 Prophetis
2570 812 2623 854 et
2650 802 2925 858 Salvatore
2950 803 3175 871 plurima
3230 812 3616 873 tractarentur,

2038 884 2232 939 Paulus
2256 902 2320 941 ex
2351 888 2692 958 simplicitate
2721 896 2881 947 animi
2924 896 3240 965 interrogat,
3278 897 3325 953 si
3365 898 3618 955 Christus

2036 977 2184 1044 prius
2215 980 2396 1044 fuerit,
2431 997 2498 1035 an
2538 984 2869 1055 Prophetas?
2923 988 3118 1044 Beatus
3158 1006 3291 1046 vero
3326 992 3615 1059 Antonius,

2033 1077 2152 1121 cum
2184 1084 2280 1136 pro
2302 1085 2366 1125 eo
2396 1073 2535 1141 quod
2570 1083 2674 1129 tam
2707 1077 2939 1134 absurde
2970 1081 3417 1152 interrogaverat,
3459 1086 3621 1155 quasi

2033 1161 2360 1230 erubuisset,
2389 1165 2582 1222 blando
2605 1177 2760 1239 nutu,
2780 1181 2838 1225 ut
2860 1188 2986 1243 erga
3007 1175 3362 1243 simpliciores
3385 1177 3619 1245 solebat,

2033 1251 2195 1307 silere
2239 1260 2401 1322 atque
2434 1257 2600 1313 abire
2627 1275 2765 1316 eum
2807 1263 2982 1332 jubet.
3035 1267 3099 1322 Et
3137 1269 3248 1334 ille,
3292 1271 3413 1339 quia
3456 1286 3623 1328 omne

2034 1343 2408 1414 quodcumque
2437 1347 2494 1403 al.
2534 1364 2599 1404 eo
2628 1350 2827 1408 dictum
2854 1355 3040 1411 fuisset
3085 1367 3353 1430 tamquam
3383 1379 3624 1432 praecep-

2037 1444 2146 1511 tum
2171 1439 2259 1492 Dei
2287 1454 2503 1497 servare
2527 1442 2856 1514 instituerat,
2914 1450 3211 1507 abscedens
3254 1455 3319 1507 ad
3367 1456 3619 1513 cellulam

2034 1541 2207 1595 suam,
2233 1539 2501 1602 tamquam
2535 1537 2787 1594 mandato
2834 1552 3078 1609 accepto,
3129 1545 3399 1601 silentium
3432 1564 3621 1617 gerere

2035 1621 2283 1691 instituit,
2320 1640 2419 1681 nec
2447 1629 2667 1683 omnino
2693 1631 2891 1700 aliquid
2926 1633 3091 1703 loqui.
3124 1636 3274 1704 Quod
3298 1656 3437 1715 Icum
3468 1657 3622 1697 com-

2038 1715 2263 1782 perisset
2296 1720 2575 1785 Antonius,
2604 1724 2783 1778 mirari
2813 1728 2996 1796 erepit,
3024 1729 3164 1784 unde
3196 1734 3307 1786 btet:
3330 1733 3404 1787 illi
3435 1735 3624 1791 obser-

335 1808 467 1888 Cum
501 1846 719 1887 uxorem
749 1847 899 1886 suam
931 1832 1102 1886 oculis
1128 1832 1258 1899 suis,
1290 1848 1409 1886 cum
1446 1833 1691 1886 adultero
1729 1833 1928 1887 cubani-
1964 1809 2002 1867 Β
2036 1808 2550 1899 ν³¹¹¹ί³ΑΡ¹³⁰υῙ⁵⁸θ¹ν
2577 1830 2733 1883 quam
2758 1833 2785 1870 ³
2814 1833 2872 1873 $8
2894 1822 3096 1877 SCiebht
3124 1839 3228 1877 non
3260 1839 3381 1880 esse
3404 1827 3624 1883 manda-

334 1934 441 1979 tem
466 1925 715 1991 vidisset,
751 1924 879 1978 nulli
910 1924 1199 1993 quidquam
1225 1924 1433 1989 dicens,
1453 1935 1701 1993 egressus
1724 1934 1806 1979 est
1836 1925 1932 1978 do-

333 2031 504 2087 mum,
536 2031 589 2075 et
626 2041 653 2072 n
678 2021 875 2076 mstitia
907 2021 1068 2074 animi
1101 2028 1292 2083 tactus,
1348 2021 1400 2075 in
1450 2035 1691 2074 eremum
1733 2030 1931 2074 semet-

331 2115 507 2183 ipsum
538 2113 705 2180 dedit,
741 2114 827 2167 ubi
859 2128 978 2167 cum
1008 2114 1198 2167 anxius
1228 2114 1528 2179 oberraret,
1562 2114 1626 2167 ad
1661 2122 1932 2168 monaste-

333 2205 475 2259 rium
508 2204 754 2274 pervenit
786 2204 1024 2265 Antonii,
1057 2204 1237 2274 ibique
1265 2221 1329 2259 ex
1364 2205 1465 2259 luci
1498 2204 1861 2261 admonitione
1877 2214 1933 2261 et

333 2297 732 2365 opportunitate
760 2294 1045 2350 consilium
1076 2297 1241 2365 capit.
1274 2298 1516 2367 Cumque
1540 2299 1737 2353 adisset
1760 2304 1932 2357 Anto~

335 2388 507 2452 nium,
546 2397 605 2443 ut
649 2382 751 2443 iter
791 2388 858 2441 ab
906 2404 970 2442 eo
1010 2389 1198 2444 Salutis
1246 2392 1561 2461 inquireret,
1594 2393 1681 2447 ille
1713 2394 1930 2448 intuens

338 2478 608 2535 hominem
639 2480 900 2548 simplicis
932 2492 1135 2535 natura:
1167 2497 1318 2548 esse,
1336 2500 1460 2553 resp
1484 2484 1615 2539 indit
1643 2487 1712 2551 ei,
1740 2486 1813 2541 ita
1837 2486 1932 2541 de-

340 2583 481 2622 mum
514 2585 636 2624 eum
674 2585 831 2638 posse
862 2571 1076 2634 salvari,
1112 2572 1157 2626 si
1202 2572 1282 2626 his
1307 2589 1425 2643 qua:
1452 2589 1480 2629 a
1509 2591 1567 2630 se
1595 2560 1922 2655 dicerentur,

339 2662 599 2716 obediret.
636 2662 678 2716 Τ
685 2677 785 2716 unc
816 2660 905 2717 ille
927 2664 1105 2717 onmia
1138 2681 1487 2735 qumcrtmqtte
1524 2669 1623 2722 sibi
1673 2670 1926 2741 praecipe-

341 2763 425 2807 ret
455 2738 710 2807 facturum
743 2768 800 2807 se
848 2770 968 2809 esse
1015 2756 1308 2824 respondit.
1361 2758 1425 2813 Ut
1454 2774 1584 2828 ergo
1617 2764 1930 2831 promissio-

345 2858 465 2896 nem
487 2843 602 2911 ejus
625 2844 1307 2912 probaretAmcnins,ante
1331 2848 1471 2901 fores
1498 2850 1700 2905 cellula:
1723 2855 1885 2907 stanti
1913 2873 1923 2907 ε

344 2926 462 2997 llic,
495 2936 683 3003 inquit,
717 2946 967 3004 exspecta
1002 2952 1087 2991 me
1117 2954 1298 3004 orans,
1346 2940 1517 2995 donec
1561 2944 1824 3011 egrediar.
1863 2945 1929 3000 Et

340 3028 622 3094 egrediens
666 3028 963 3091 Antonius,
1018 3033 1214 3085 mansit
1261 3032 1585 3087 intrinsecus
1630 3037 1789 3105 203
1835 3048 1928 3105 per

341 3129 503 3174 totam
536 3120 677 3174 diem
710 3135 758 3175 ct
791 3136 884 3187 per
914 3131 1079 3176 totam
1109 3134 1316 3179 noctem
1344 3142 1358 3191 ;
1394 3141 1487 3194 per
1520 3127 1805 3183 fenestram
1842 3140 1923 3184 tas

343 3230 460 3271 me.»
488 3221 553 3270 ex
581 3218 796 3271 occulto
828 3216 1158 3287 frequrntius
1204 3219 1497 3289 respiciens
1550 3224 1763 3278 videbat
1796 3240 1926 3279 eum

342 3310 706 3365 indesinenter
741 3320 1005 3378 orantem,
1050 3324 1101 3366 et
1140 3330 1400 3383 nusquam
1444 3332 1662 3383 prorsus
1694 3319 1925 3384 moveri,

342 3402 431 3457 sed
462 3413 605 3459 stare
630 3404 682 3457 in
710 3414 840 3457 aestu
868 3405 972 3459 diei
1001 3416 1057 3459 et
1079 3421 1202 3461 rore
1233 3407 1423 3474 noctis,
1450 3419 1503 3461 et
1535 3410 1604 3462 ita
1628 3424 1747 3465 esse
1778 3426 1927 3465 man—

341 3495 445 3547 dati
476 3508 791 3558 memorem,
829 3504 885 3549 ut
912 3511 976 3551 ne
1002 3512 1184 3565 parum
1212 3498 1426 3566 quidem
1456 3499 1573 3553 loco
1597 3511 1922 3575 moveretur.

410 3585 671 3655 Egressus
702 3595 880 3640 autem
922 3588 1007 3643 dic
1060 3600 1274 3658 postero
1315 3593 1601 3657 Antonius,
1643 3593 1925 3651 instituere

340 3689 457 3728 cun
487 3686 542 3731 et
570 3676 769 3731 docere
825 3678 991 3744 erepit
1033 3679 1103 3734 de
1148 3682 1401 3751 singulis,
1441 3685 1714 3751 quomodo
1760 3701 1926 3755 opere

341 3761 589 3823 manuum
640 3768 981 3825 solitudinem
1030 3774 1333 3828 solaretur:
1364 3786 1421 3831 et
1480 3778 1658 3847 digitis
1708 3781 1924 3847 quidem

339 3861 576 3926 corporis
615 3874 750 3929 opus
798 3864 1033 3928 carnale,
1094 3867 1397 3934 cognitione
1449 3887 1579 3924 vero
1628 3876 1821 3929 mentis
1873 3885 1928 3930 et

340 3952 503 4006 animi
550 3953 846 4009 intentione
893 3968 1206 4024 operaretur
1238 3976 1356 4027 qua:
1401 3962 1491 4017 Dei
1544 3976 1690 4019 sunt.
1734 3967 1924 4023 Cibum

339 4056 549 4111 quoque
578 4045 629 4097 in
658 4060 937 4114 vesperam
970 4048 1018 4102 ei
1050 4063 1263 4103 sumere
1288 4056 1578 4123 praecepit;
1613 4058 1708 4111 sed
1732 4061 1922 4115 obser-

339 4148 492 4198 vare,
536 4150 603 4189 ne
632 4152 861 4208 unquam
891 4140 957 4192 ad
1005 4144 1339 4195 saturitatem
1375 4159 1544 4214 usque
1594 4152 1924 4218 perveniret,

342 4232 398 4277 et
430 4226 687 4295 praecipue
717 4228 770 4282 in
832 4239 990 4298 potu:
1047 4234 1393 4296 confirmans,
1450 4253 1554 4289 non
1602 4239 1781 4294 minus
1831 4257 1927 4309 per

340 4330 493 4384 aqua:
522 4318 903 4376 abundantiam
952 4325 966 4354 ³
1012 4326 1333 4393 pbantasias
1381 4327 1494 4381 lii-ri
1527 4330 1715 4395 animi,
1765 4348 1926 4402 quam

337 4421 434 4475 per
463 4413 640 4465 vinum
669 4413 907 4468 calorem
958 4419 1199 4479 corporis
1228 4434 1494 4475 crescere.
1533 4423 1599 4475 Et
1642 4424 1728 4477 ubi
1773 4427 1926 4489 plene

337 4518 457 4558 eum
483 4505 779 4571 qualiterse
797 4508 850 4562 in
873 4509 1097 4578 singulis
1120 4526 1279 4580 agere
1300 4513 1541 4582 deberet,
1569 4518 1837 4586 instruxit,
1867 4521 1917 4574 in

337 4596 513 4649 vicino
538 4597 611 4662 ei,
645 4600 746 4652 hoc
781 4608 885 4667 est,
915 4601 1085 4656 tribus
1113 4618 1143 4655 a
1172 4618 1231 4658 se
1256 4606 1492 4660 millibus
1513 4608 1762 4664 eellulam
1787 4624 1920 4666 con-

336 4686 531 4751 stituit,
567 4688 743 4757 ibique
774 4706 895 4742 eum
941 4706 1214 4760 exercere,
1265 4712 1386 4765 quae
1425 4699 1688 4755 didicerat
1724 4702 1920 4772 jubet,

338 4775 451 4844 ipse
482 4785 659 4834 tamen
693 4779 1029 4847 frequentius
1057 4785 1277 4841 visitans
1304 4791 1693 4858 gratulabatur,
1726 4795 1923 4865 depre-

338 4868 580 4924 hendens
609 4886 731 4925 eum
774 4872 825 4925 in
872 4873 975 4940 bis,
1017 4892 1137 4944 qua:
1176 4879 1275 4933 sibi
1317 4882 1508 4937 tradita
1550 4884 1781 4955 fuerant,
1815 4900 1922 4946 tota

336 4957 632 5015 intentione
660 4971 714 5016 et
736 4962 1100 5022 sollicitudine
1124 4976 1546 5039 permanentem.

407 5102 435 5131 -
475 5095 639 5173 Pan-lo
685 5097 1005 5173 simplice]
1066 5090 1240 5173 Hujus
1289 5106 1536 5162 Μειιισνίᾱ
1584 5111 1616 5163 7
1666 5097 1842 5166 Martii
1872 5118 1923 5171 in

338 5163 675 5255 Mat'lyrglog.
693 5163 946 5255 ﬂor-nano
971 5163 1005 5226 τ’
1026 5175 1084 5255 ‘ln
1112 5163 1294 5255 :l‘lteba
1321 5179 1386 5233 de
1427 5180 1481 5233 S.
1532 5182 1678 5235 Pauli
1699 5163 1708 5164 ί
1727 5200 1925 5255 cogno-

336 5247 514 5324 menti)
537 5238 826 5324 Simplicis.
862 5241 1528 5324 Menofogiumﬁrmarunt
1558 5268 1577 5306 :
1623 5238 1924 5324 Sanctiupa-

337 5306 431 5386 tris
476 5308 623 5389 Dauli
656 5306 1024 5389 cognomento
1071 5306 1358 5387 Simplicis,
1396 5336 1612 5389 promer
1641 5306 1924 5381 reclinaret

335 5377 654 5463 simplicem,
690 5382 979 5463 multisque
1016 5377 1241 5441 modis-3
1278 5377 1433 5444 beato
1463 5377 1778 5463 illdmagno
1805 5402 1920 5450 An-

336 5452 482 5527 tonio
511 5450 788 5534 probatam
817 5450 933 5534 ejus
962 5456 1340 5534 integritatem,
1372 5478 1528 5528 quam
1561 5476 1616 5519 et
1643 5450 1783 5521 Dueus
1808 5469 1923 5534 ipse

336 5519 604 5572 miraculis
649 5519 1099 5593 comprobavit:
1131 5541 1184 5583 ut
1238 5519 1527 5585 litterarum
1579 5519 1922 5593 monumebta

338 5591 844 5677 testantur-zﬁfenrea
868 5591 1148 5677 eodeut‘rdie
1178 5601 1285 5669 fuse
1310 5604 1436 5654 satis
1455 5607 1565 5674 ejus
1600 5604 1764 5661 Vitam
1786 5591 1920 5677 refe?

339 5670 474 5712 runt.
511 5659 962 5736 In_TriodioApag.
992 5668 1060 5719 52
1088 5685 1139 5723 a.
1177 5659 1383 5723 boratur
1423 5659 1611 5736 Πᾶῦλος
1655 5659 1679 5732 ὅ
1709 5659 1921 5733 Ἀπλέῦο

339 5750 545 5819 ςτατος,
581 5733 777 5815 Paulus
806 5732 1267 5816 Sitnpliicissitnus,
1296 5743 1443 5819 cujus
1468 5732 1917 5819 singirlaréfrivi-

336 5800 520 5872 legium
568 5805 899 5875 cegiIatioues
927 5800 1263 5877 singulorum
1304 5800 1595 5881 μέγ-ινὶάεηᾶἱ
1633 5800 1790 5874 haec;
1836 5821 1917 5874 hic

700 5894 973 5952 Panum.
1030 5896 1201 5958 XXI.

2035 1905 2164 1951 tam.
2197 1897 2707 1973 Cumquejussisset
2736 1924 2856 1962 eum
2882 1911 3043 1980 loqui,
3065 1925 3115 1969 et
3143 1930 3239 1969 cur
3266 1917 3447 1972 sileret
3482 1918 3626 1974 indi-

2033 2002 2178 2057 care,
2213 1990 2348 2046 dixit
2375 1995 2424 2047 ei
2474 1996 2691 2062 Paulus,
2725 1999 2803 2053 'l‘u
2838 2001 3014 2077 Pater,
3050 2005 3251 2071 dixisti,
3300 2018 3355 2063 ut
3398 2010 3530 2065 irem
3569 2019 3627 2067 et

2032 2079 2270 2135 silerem.
2307 2084 2371 2137 Et
2400 2086 2807 2156 obstupefactus
2824 2095 3108 2162 Antonius,
3142 2099 3213 2151 ita
3231 2099 3298 2151 ab
3321 2114 3387 2154 eo
3416 2114 3625 2156 sermo-

2036 2185 2178 2236 nem,
2213 2188 2370 2242 quem
2406 2176 2498 2232 ille
2529 2181 2863 2251 negligenter
2888 2187 3201 2259 protulerat,
3232 2192 3571 2248 observatum
3606 2207 3623 2249 ι

2034 2265 2256 2332 Omnes,
2290 2269 2481 2337 inquit,
2517 2289 2613 2328 nos
2643 2275 2744 2333 iste
2771 2282 3135 2339 condemnat:
3176 2302 3297 2341 cum
3342 2291 3485 2344 enim
3522 2306 3625 2346 nos

2033 2356 2101 2411 de
2150 2363 2282 2414 αιεό
2323 2362 2476 2418 nobis
2524 2381 2630 2422 non
2681 2370 2961 2428 audiamus
2994 2360 3155 2448 205.
3184 2377 3515 2446 l0quentem,
3556 2382 3626 2439 ab

2032 2448 2136 2505 isto
2159 2455 2565 2528 qualiscumque
2586 2476 2784 2533 sermo,
2813 2469 2904 2537 qui
2929 2483 2994 2523 ex
3018 2478 3116 2526 ore
3137 2483 3319 2528 nostro
3341 2475 3622 2544 ceciderit,

2034 2544 2372 2603 nbsermtur.

2105 2658 2265 2715 lllulta
2299 2672 2475 2720 tamen
2499 2675 2548 2722 et
2584 2680 2798 2728 sanctus
2844 2676 3107 2735 Antonius
3148 2696 3268 2736 eum
3301 2681 3496 2739 docere
3526 2698 3624 2738 vu-

2034 2749 2150 2806 lens
2172 2755 2238 2808 de
2266 2756 2594 2827 obedientia,
2637 2766 2927 2835 pnecipere
2963 2770 3013 2825 ei
3055 2772 3245 2828 solitus
3277 2785 3394 2829 erat
3420 2777 3579 2830 etiam
3609 2818 3625 2844 ,

2033 2860 2153 2914 quae
2185 2849 2322 2903 ratio
2348 2860 2403 2905 et
2431 2866 2618 2931 caussa
2640 2873 2743 2912 non
2775 2872 3041 2928 posceret,
3075 2865 3127 2917 in
3153 2866 3346 2934 quibus
3376 2867 3490 2937 ejus
3514 2870 3630 2923 ani-

2035 2953 2156 2991 mus
2185 2955 2310 3009 erga
2357 2943 2713 3004 obedientiam
2746 2955 3084 3021 probaretur.
3135 2958 3359 3014 Haurire
3402 2968 3631 3032 namque

2032 3032 2322 3103 aliquando
2352 3053 2474 3093 eum
2504 3056 2695 3111 aquaiu
2724 3046 2889 3112 jussit
2913 3064 2977 3103 ex
3010 3058 3191 3117 puteo,
3222 3062 3275 3107 et
3319 3054 3373 3107 in
3428 3064 3629 3109 terram

1977 3183 1998 3205 Ἰ
2036 3132 2142 3178 tota
2171 3126 2261 3181 die
2291 3129 2589 3199 effundere;
2618 3145 2672 3189 et
2703 3150 2985 3197 Contexlus
3013 3147 3301 3211 sportellas
3328 3150 3629 3216 resolvere,

2034 3228 2097 3268 ac
2118 3215 2294 3272 denuo
2324 3231 2644 3293 contexere,
2676 3236 2726 3280 et
2751 3230 3130 3287 vestimentum
3176 3235 3425 3292 dissuere
3470 3248 3633 3310 atque

2033 3302 2225 3361 iterum
2254 3324 2497 3377 resuere,
2533 3324 2589 3368 et
2615 3332 2801 3372 rursus
2836 3322 3132 3389 resolvere,
3178 3338 3231 3381 et
3279 3329 3331 3383 in
3381 3331 3629 3400 pluribus

2036 3395 2341 3479 hujusmodi
2365 3404 2638 3461 exercitiis
2671 3408 2738 3463 ab
2783 3427 2852 3465 eo
2899 3425 3226 3472 memoratur
3266 3420 3523 3489 imbutus,
3570 3438 3633 3485 ut

2031 3489 2083 3543 in
2116 3492 2266 3546 nullo
2296 3510 2520 3565 prorsus
2548 3500 2713 3558 etiam
2746 3519 2958 3572 eorum,
2982 3523 3100 3578 quae
3131 3526 3319 3570 contra
3361 3519 3627 3579 rationem

2031 3582 2286 3653 imperari
2312 3588 2663 3660 jubebantur,
2713 3597 2950 3655 disceret
2998 3607 3391 3677 contradicere,
3445 3624 3499 3669 et
3554 3617 3628 3672 ita

2032 3693 2127 3746 per
2156 3680 2268 3735 haec
2316 3688 2495 3740 onmia
2541 3687 2878 3757 informatus,
2926 3697 3070 3752 brevi
3119 3702 3184 3757 ad
3240 3709 3626 3775 perfectionem

2031 3773 2196 3826 venit.
2235 3775 2309 3828 Ex
2340 3778 2493 3847 cujus
2544 3790 2793 3854 exemplo
2830 3788 3058 3847 docebat
3102 3773 3289 3854 beatus
3335 3806 3622 3873 Antonius,

2029 3866 2169 3932 quod
2203 3867 2247 3920 si
2266 3869 2386 3939 quis
2404 3873 2525 3927 velit
2546 3875 2610 3929 ad
2637 3878 3019 3946 perfectionem
3032 3888 3299 3946 .veloeter
3318 3901 3621 3967 ρει-νεικείω,

2031 3973 2138 4013 non
2165 3960 2265 4015 sibi
2300 3965 2415 4033 ipse
2440 3965 2595 4022 fieret
2624 3974 2898 4043 magister,
2937 3994 3034 4033 nec
3064 3986 3624 4051 propriisvoluntati-s

2030 4048 2128 4104 bus
2158 4051 2420 4120 obediret,
2438 4059 2601 4113 etiam
2627 4063 2671 4114 si
2697 4076 2901 4120 rectum
2931 4048 3313 4130 videaturesse
3337 4080 3478 4145 quod
3510 4085 3622 4136 veli

1994 4217 1999 4221 Α
2031 4142 2125 4209 let,
2157 4144 2251 4198 sed
2284 4150 2583 4206 secundum
2626 4155 2935 4211 mandatum
2989 4160 3286 4220 Salvatoris
3327 4170 3624 4227 observan-

2029 4233 2155 4288 dutn
2188 4252 2327 4301 esse,
2354 4252 2410 4293 ut
2434 4252 2561 4297 ante
2581 4247 2759 4298 omnia
2786 4252 3153 4322 unusquisque
3171 4257 3398 4327 abneget
3420 4274 3622 4319 semels

2030 4326 2202 4393 ipsum
2235 4328 2358 4397 sibi,
2390 4342 2443 4386 et
2484 4337 2755 4392 renuntiet
2802 4343 3032 4410 propriis
3065 4326 3449 4420 voluntatibus,
3489 4359 3615 4427 quia

2031 4427 2083 4471 et
2112 4417 2358 4475 Salvator
2387 4422 2500 4492 ipse
2528 4425 2699 4479 dixit:
2736 4428 2848 4499 Ego
2870 4435 3001 4498 veni,
3051 4452 3152 4491 non
3192 4450 3245 4492 ut
3276 4417 3469 4511 faciant
3507 4417 3618 4504 ὐο-

2033 4510 2276 4564 luntatem
2301 4528 2488 4581 meam,-
2510 4518 2600 4570 sed
2626 4520 2738 4589 ejus
2759 4525 2849 4592 qui
2876 4528 3012 4581 misit
3033 4546 3111 4584 me
3141 4510 3356 4603 (Matth.
3386 4538 3521 4611 16.);
3550 4544 3617 4599 Et

2033 4606 2214 4674 utique
2242 4608 2488 4665 voluntas
2516 4610 2716 4669 Christi
2749 4632 2855 4673 non
2896 4631 3013 4676 erat
3042 4630 3314 4684 contraria
3356 4606 3617 4694 voluntati

2030 4696 2241 4761 Patris;
2273 4702 2368 4754 sed
2393 4702 2484 4771 qui
2518 4717 2736 4762 venerat
2756 4710 3119 4771 obedientiam
3149 4720 3367 4789 docere,
3400 4742 3507 4781 non
3538 4730 3619 4783 iu-

2030 4789 2305 4857 veniretur
2334 4791 2612 4862 obediens,
2645 4798 2989 4873 sipropriam
3037 4810 3236 4866 laceret
3284 4816 3617 4878 voluntatem

2028 4879 2212 4949 (Joan.
2242 4882 2346 4951 6.).
2378 4886 2587 4953 Quanto
2616 4905 2743 4961 ergo
2773 4899 2941 4966 magis
2970 4913 3067 4954 nos
3113 4918 3218 4957 non
3258 4905 3621 4973 judicabimur

2030 4982 2419 5055 iuobedientes,
2452 4989 2495 5043 si
2521 4990 2776 5048 faciamus
2810 4994 3054 5068 proprias
3084 5004 3427 5067 Volu’ntates?
3459 5015 3619 5091 Deni-
3690 4994 3699 4999 ’

2028 5122 2167 5188 apud
2213 5120 2452 5189 Ruﬁnum
2482 5127 2503 5157 ¹
2536 5128 2621 5182 lib.
2658 5126 2716 5182 11
2732 5130 2773 5195 Ι,
2808 5150 2861 5187 η.
2898 5131 3018 5204 I67,
3063 5150 3109 5193 rt
3152 5147 3293 5206 apud
3349 5141 3616 5221 Pelagium

2028 5192 2125 5250 lib.»
2150 5191 2378 5251 XVIII.
2413 5213 2464 5251 η.
2498 5198 2588 5251 20.
2622 5210 2667 5251 et
2695 5208 2836 5251 anud
2868 5206 3201 5251 Pasch/mium
3229 5217 3323 5251 ιιι...
3363 5218 3432 5251 ωτι
3485 5241 3514 5251 ..
3555 5225 3588 5251 o

2028 5206 2125 5250 tto.
2150 5206 2191 5245 Α
2215 5206 2378 5259 VIII,
2413 5213 2464 5252 η.
2498 5206 2588 5260 ‘20,
2622 5210 2667 5253 et
2695 5208 2836 5268 apud
2868 5206 3201 5267 Pasch/Isin»:
3228 5217 3339 5283 c‘ap.
3363 5218 3454 5281 25,
3478 5206 3535 5274 ἷι.
3555 5225 3613 5284 2.

2026 5264 2583 5358 ᾳυίιίἒξξάίηι
2616 5276 2944 5358 paenepeer
2971 5280 3135 5358 Imber,
3168 5289 3243 5337 uti
3265 5289 3347 5358 _Iu'c
3373 5291 3611 5358 {iu/inus.

2102 5337 2321 5414 Quidam
2343 5337 2461 5414 libri
2483 5338 2716 5414 Paulum
2747 5346 2880 5399 [tunc
2908 5350 3000 5400 hoc
3027 5337 3155 5404 libro
3180 5366 3226 5407 et
3254 5337 3609 5414 Ioc-0

2028 5403 2163 5491 bent,
2192 5408 2284 5491 sed
2314 5408 2392 5491 veil,
2411 5411 2578 5491 primo
2605 5412 2732 5491 libro
2760 5419 3073 5491 post_l’itam
3335 5403 3613 5486 ὐὲίῖεῖίῖο

2028 5476 2156 5527 ιριηό
2185 5476 2315 5529 inter
2352 5467 2514 5532 verba
2544 5467 2844 5539 Seuiorurm.
2883 5467 3215 5547 IlOSWEIDUvi:

2102 5568 2301 5660 ‘nldent
2332 5570 2495 5624 babes
2524 5573 2785 5660 dneﬁnimio
2807 5594 2958 5646 aquae
3001 5592 3126 5647 potu
3158 5587 3415 5641 munitum
3450 5604 3611 5660 supra

2026 5638 2078 5693 in
2114 5639 2357 5707 Evagrio,
2391 5656 2510 5704 cap.
2541 5642 2629 5694 27.

2097 5710 2354 5788 fCeuties
2385 5711 2637 5780 diximus,
2672 5730 2790 5769 eum
2816 5717 3009 5772 librum
3041 5721 3216 5779 Rufini
3247 5743 3439 5784 nomen
3463 5745 3614 5788 mem

2023 5782 2131 5836 tiri.

3154 5934 3225 5992 15
