4166 6348
537 317 641 379 459

1574 318 1800 378 RUFINI
1841 314 2320 387 AQIIILEIENSIS
2359 315 2792 373 PRESBYTER]

3709 319 3819 377 860

534 452 642 508 que
670 440 1010 513 supradictus
1042 434 1239 495 Paulus
1264 436 1513 506 exemplo
1537 435 1691 489 nobis
1713 442 1817 499 est,
1856 433 1945 502 qui
1993 432 2122 485 obe-
2155 436 2205 495 Λ
2230 431 2321 485 diu
2355 433 2644 501 permansit
2664 448 2783 487 cum
2806 432 2885 487 eis
2915 432 2966 487 in
2996 432 3308 502 paenitentia
3330 442 3383 489 et
3410 433 3685 507 lacrymis,
3714 438 3815 495 do-

535 527 755 588 dientite
782 541 836 587 et
865 530 1221 600 simplicitatis
1249 527 1440 581 merito
1463 527 1513 578 in
1534 533 1737 579 tantum
1761 522 2116 591 spiritualium

538 626 827 694 gratiarum
846 622 1055 677 culmen
1071 618 1328 682 ascendit,
1361 624 1420 670 ut
1451 616 1616 669 multo
1645 614 1824 680 plures
1848 622 1901 668 et
1923 625 2115 683 p0teu-

538 718 706 769 tiores
732 714 952 768 virtutes
983 727 1077 781 per
1107 712 1276 779 ipsum
1304 708 1577 771 Dominus,
1611 721 1769 777 quam
1804 721 1896 775 per
1923 720 2119 761 secun-

536 810 662 862 dum
689 803 975 860 Antonium
1001 806 1215 857 faceret.

610 898 677 952 Et
697 896 946 966 quoniam
977 908 1074 962 pro
1101 892 1371 947 afﬂuentia
1401 890 1689 960 gratiarum
1712 890 1867 944 multi
1898 890 1965 943 ad
1990 903 2112 945 eum

534 1004 599 1043 ex
624 987 871 1042 omnibus
892 998 1050 1040 terra:
1081 982 1321 1051 partibus
1366 981 1736 1045 conﬂuebant,
1769 992 1829 1035 ut
1855 995 2117 1035 curarem

538 1090 627 1135 tur
649 1080 718 1133 ab
746 1092 838 1144 eo,
872 1090 1068 1131 verens
1102 1076 1293 1130 beatus
1317 1074 1585 1128 Antonius
1611 1088 1677 1127 ne
1707 1073 1953 1127 molestia
1981 1073 2119 1126 mul-

535 1172 775 1230 titudims
827 1173 1121 1241 fugaretur,
1156 1170 1207 1222 in
1240 1167 1482 1222 interiori
1524 1180 1730 1233 eremo,
1779 1180 1885 1235 quo
1933 1165 2116 1220 accedi

534 1265 694 1321 facile
712 1265 779 1319 ab
797 1264 979 1334 aliquo
1008 1277 1117 1317 non
1145 1271 1344 1332 posset,
1365 1272 1711 1313 commanere
1736 1272 1859 1311 eum
1890 1257 1971 1311 fec
1992 1266 2030 1317 t.
2060 1267 2117 1311 ut

532 1360 809 1412 venientes
840 1355 1010 1424 magis
1056 1356 1171 1422 ipse
1207 1352 1511 1419 susciperet
1553 1349 1836 1403 Antonius.
1888 1348 1944 1403 Si
1983 1362 2117 1416 quos

533 1465 662 1505 vero
718 1448 835 1519 ipse
880 1461 984 1500 non
1036 1445 1299 1514 potuisset
1347 1456 1559 1505 curare,
1612 1440 1709 1494 hos
1763 1440 1827 1494 ad
1895 1440 2115 1493 Paulum

531 1552 805 1610 tamquam
842 1538 1187 1608 prolixiorem
1218 1537 1507 1589 sanitatum
1554 1535 1777 1603 gratiam
1832 1533 2115 1587 habentem

532 1634 799 1695 mittebat,
825 1639 879 1685 et
908 1630 976 1683 ab
1006 1629 1100 1683 illo
1130 1627 1477 1682 curabantur.
1510 1626 1733 1679 Tantam
1765 1634 1943 1679 autem
1998 1625 2117 1692 ejus

532 1724 896 1795 simplicitatis
918 1723 1057 1791 apud
1088 1720 1298 1774 Domini
1330 1718 1491 1790 205
1525 1717 1769 1771 fitluciam
1802 1716 1966 1769 fuisse
2010 1726 2114 1769 tra-

2222 536 2322 579 nec
2365 526 2558 579 iterum
2598 524 2803 579 videret
2841 525 3099 579 eumdem
3138 525 3399 595 Angelum
3448 534 3707 596 stantem,
3757 537 3818 588 et

2221 616 2544 671 scribentem
2568 614 2779 670 nomina
2801 614 3194 671 accedentium.
3222 616 3289 670 Et
3321 627 3669 685 posteaquam
3692 634 3818 673 om-

2221 706 2366 761 nium
2399 706 2632 773 scripsit,
2679 715 2805 760 tunc
2832 706 2992 760 etiam
3039 706 3161 761 illos
3206 721 3269 761 ex
3313 709 3617 764 nominibus
3647 711 3815 783 206

2223 800 2558 865 evocantem,
2589 808 2749 867 atque
2776 797 2843 851 ad
2894 799 3388 853 reconciliationem
3429 800 3619 856 altaris
3663 803 3809 858 invi-

2222 897 2444 942 tantem.
2478 888 2578 943 Ubi
2611 890 2711 943 hoc
2752 902 2880 943 vero
2908 890 3093 944 senior
3129 888 3279 954 vidit,
3328 889 3594 946 intellexit
3620 904 3808 947 eorum

2220 986 2526 1050 susceptam
2555 994 2677 1035 esse
2706 982 3072 1049 paenitentiam
3099 998 3112 1035 :
3139 992 3194 1037 et
3242 982 3321 1037 sic
3362 995 3459 1038 eos
3497 983 3654 1040 altari
3698 992 3811 1041 tota

2219 1088 2339 1128 cum
2371 1074 2732 1145 gratulatione
2759 1074 3013 1129 restituit.

2294 1165 2445 1219 Hunc
2472 1167 2635 1219 etiam
2666 1164 2896 1234 quodam
2923 1174 3161 1231 tempore
3202 1163 3446 1220 ferebant
3484 1180 3513 1219 a
3541 1166 3811 1223 daemoni-

2223 1257 2321 1311 bus
2351 1257 2420 1311 ita
2445 1257 2804 1319 verberatum,
2834 1265 2891 1309 ut
2923 1264 3088 1319 stare,
3121 1265 3212 1310 aut
3244 1257 3448 1311 moveri
3475 1258 3700 1312 omnino
3728 1258 3809 1312 In.-

2220 1363 2285 1404 co
2316 1364 2420 1402 non
2453 1358 2655 1419 pnsset.
2690 1348 2902 1402 Etcum
2928 1347 3045 1402 dies
3071 1347 3290 1402 adesset
3314 1347 3609 1413 Dominica,
3637 1356 3693 1404 et
3718 1363 3809 1405 res

2220 1440 3032 1512 posceretoﬂ‘errisacrilicium.
3054 1440 3218 1511 jussit
3262 1455 3321 1497 se
3366 1441 3588 1495 fratrum
3634 1442 3806 1496 mani-

2221 1536 2319 1589 bus
2347 1534 2414 1587 ad
2444 1533 2615 1588 altare
2637 1532 2860 1602 portari.
2892 1536 2909 1586 l
2937 1534 2989 1587 bi
3018 1548 3138 1588 cum
3172 1534 3223 1588 in
3246 1534 3488 1588 oratione
3519 1533 3802 1601 jacuisset,

2219 1637 2481 1684 astantem
2507 1628 2765 1682 continuo
2793 1627 2924 1681 vidit
2951 1627 3215 1696 Angelum
3244 1626 3475 1689 Domini,
3508 1622 3599 1694 qui
3625 1636 3807 1681 astare

2220 1719 2431 1774 solebat
2459 1718 2636 1786 altari,
2695 1728 2750 1774 et
2789 1718 3151 1788 porrigentem
3196 1716 3296 1771 sibi
3337 1731 3580 1783 manum,
3636 1724 3803 1786 atque

531 1818 685 1881 dum,
723 1826 781 1869 ut
807 1815 1038 1883 quodam
1068 1823 1308 1877 tempore
1332 1825 1454 1864 cum
1506 1808 1721 1877 quidam
1774 1808 1975 1862 rabiem
2023 1821 2113 1874 pa-
2146 1813 2190 1872 Β
2220 1814 2517 1867 elevantem
2546 1827 2604 1866 se
2629 1812 2696 1865 de
2724 1819 2884 1873 terra,
2914 1810 3093 1864 statim
3118 1808 3271 1863 dolor
3299 1809 3477 1867 omnis
3519 1808 3593 1864 ita
3622 1807 3692 1863 ab
3736 1820 3807 1862 eo

532 1910 670 1963 tiens
699 1908 750 1961 in
775 1907 991 1961 modum
1013 1905 1161 1959 canis
1181 1902 1405 1957 laniaret
1429 1914 1643 1955 omnem
1666 1900 1757 1968 qui
1783 1898 1849 1952 ad
1871 1913 1929 1952 se
1950 1913 2113 1953 ausus
2142 1942 2149 1947 ρ

530 2000 719 2056 fuisset
744 1997 1023 2062 accedere,
1068 2005 1124 2049 et
1155 1998 1439 2065 perductus
1465 1992 1531 2046 ad
1561 2006 1683 2047 eum
1715 1990 1923 2069 fuisset,
1961 1989 2116 2043 insis-

529 2093 675 2148 tebat
703 2090 955 2154 orationi,
983 2097 1042 2142 ut
1070 2089 1369 2141 daemonem
1401 2084 1491 2154 qui
1513 2098 1635 2137 eum
1669 2082 1909 2151 urgebat,
1959 2079 2113 2150 fuga-

529 2194 634 2240 ret.
666 2182 875 2237 Etcum
907 2194 1055 2234 mora
1088 2178 1260 2240 fieret.
1294 2189 1394 2230 nec
1418 2174 1565 2230 celer
1590 2182 1907 2242 sequeretur
1942 2169 2112 2225 elise-

528 2285 631 2341 tus,
662 2274 812 2344 quasi
847 2270 1111 2326 infantum
1159 2283 1311 2323 more
1359 2265 1667 2335 indignatus
1712 2262 1779 2317 ad
1830 2261 2111 2317 Dominum

527 2367 724 2424 dixisse
752 2365 958 2420 frrtur:
993 2363 1131 2417 Vere
1163 2376 1270 2415 non
1298 2358 1635 2414 manducabo
1676 2355 1861 2421 hodie,
1913 2355 1959 2408 si
1987 2369 2109 2410 eum

527 2474 634 2514 non
665 2456 960 2516 curaveris,
1004 2462 1058 2507 et
1102 2453 1357 2506 continuo
1404 2448 1555 2519 quasi
1596 2447 1851 2503 delicioso
1891 2445 2112 2501 domino

527 2547 855 2605 satisfactum
883 2556 964 2600 est
995 2558 1024 2596 a
1056 2543 1194 2607 Deo;
1230 2550 1283 2595 et
1308 2542 1487 2596 statim
1520 2548 1735 2594 curatus
1764 2547 1847 2595 est
1871 2537 2108 2594 rabidus.

1077 2672 1303 2729 CAPUT
1344 2672 1560 2727 XXXII.

919 2782 985 2823 ut;
1017 2775 1042 2804 ⁸
1068 2780 1334 2821 ιηλωιοκκ
1364 2775 1717 2818 ηεειιῖτεηο.

597 2864 862 2931 lf’allad.,
885 2877 1001 2933 cap.
1032 2859 1102 2913 72
1122 2860 1186 2912 de
1206 2860 1468 2913 Ammona
1498 2856 1814 2926 presbytero
1843 2856 1929 2923 qui
1957 2854 2040 2909 hic

1154 2951 1481 3021 Piammon.)
2044 2936 2049 2941 “

598 3053 712 3109 Non
742 3059 916 3107 autem
946 3047 1076 3103 milii
1106 3048 1319 3102 videtur
1337 3046 1578 3114 dignum,
1611 3042 1771 3097 etiam
1794 3042 1963 3097 eremi
2007 3041 2106 3096 ha-

528 3150 809 3209 bitatores,
840 3159 957 3213 quae
988 3141 1276 3196 Parthenio
1303 3138 1435 3192 mari
1466 3135 1694 3205 adjacet,
1736 3144 1789 3191 et
1831 3134 2009 3188 vicina
2026 3141 2108 3187 est

521 3241 719 3313 oppido
762 3238 900 3309 quod
932 3235 1130 3291 dicitur
1178 3233 1382 3295 Diolco,
1436 3231 1651 3285 silentio
1699 3229 1994 3297 praeterire.
2048 3228 2105 3283 In

522 3348 628 3404 quo
672 3330 901 3386 vidimus
930 3328 1213 3398 quemdam
1266 3325 1661 3395 Presbyterum,
1713 3322 2103 3388 admirabilem,

520 3425 737 3481 nomine
759 3423 1151 3486 Piammonem,
1182 3419 1343 3473 tutius
1373 3415 1686 3471 ltumifitatis
1708 3428 1761 3471 et
1806 3415 2105 3485 benignita-

520 3520 587 3574 tis
604 3518 800 3577 virum,
826 3515 1111 3567 habentem
1138 3513 1295 3565 etiam
1317 3510 1701 3564 revelationum
1725 3507 1973 3578 gratiam.
2004 3506 2105 3559 De-

519 3611 681 3679 nique
702 3606 932 3677 quodam
958 3614 1219 3672 tempore,
1250 3617 1374 3657 cum
1410 3601 1634 3655 Domino
1661 3597 1981 3652 sacrificium
2019 3598 2101 3650 of-

520 3702 707 3767 ferret,
731 3700 865 3754 vidit
892 3697 1135 3769 angelum
1169 3695 1375 3749 Domini
1402 3701 1633 3747 stantem
1659 3690 1804 3761 juxta
1836 3690 2024 3752 altare,
2049 3697 2106 3743 et

520 3794 939 3865 uniuscujusque
970 3790 1353 3846 monachorum
1405 3785 1773 3842 accedentium
1822 3782 1887 3836 ad
1935 3782 2104 3836 altare

518 3888 842 3942 scribentem
886 3884 1098 3938 nomina
1148 3882 1201 3935 in
1250 3880 1384 3934 libro
1425 3892 1583 3948 quem
1640 3876 1855 3931 tenebat
1906 3872 1958 3928 in
1992 3888 2105 3928 ma-

519 3980 720 4043 nibus,
793 3976 1144 4046 quorunnlam
1234 3982 1409 4026 tamen
1486 3970 1701 4023 rminina
1778 3980 1881 4020 non
1962 3965 2098 4019 seri-

519 4073 752 4125 hentem.
800 4067 1040 4137 Cumque
1087 4064 1373 4133 diligenter
1411 4062 1721 4114 observaret
1760 4057 1960 4120 senior,
2013 4057 2100 4124 qui

516 4171 694 4219 essent
723 4176 947 4230 quorum
985 4158 1197 4212 nomina
1241 4170 1346 4209 non
1380 4151 1707 4222 scripsisset,
1752 4158 2100 4220 posteaquam

516 4264 643 4309 sunt
669 4252 931 4321 completa
967 4248 1243 4320 mysteria,
1275 4258 1710 4313 unumquemque
1740 4256 1926 4295 eorum
1952 4255 2103 4295 seor-

516 4363 635 4401 sum
668 4358 884 4413 vocans,
913 4348 1273 4411 percontatur,
1306 4337 1433 4407 quid
1462 4336 1541 4391 eis
1570 4335 1621 4389 iu
1657 4335 1865 4389 occulto
1911 4348 2103 4404 peccao

518 4440 556 4494 ti
586 4438 771 4492 fuisset
800 4434 1093 4489 admissum
1118 4446 1132 4483 :
1157 4439 1211 4487 et
1231 4427 1433 4484 invenit
1459 4442 1523 4482 es
1544 4424 1881 4481 confessione
1913 4438 2103 4478 unum-

519 4542 787 4600 quemque
815 4539 1001 4581 eorum
1062 4521 1307 4576 mortalis
1348 4520 1548 4588 peccati
1599 4516 1909 4571 obnoxium.
1952 4515 2102 4569 Tune

2215 1904 2486 1969 discessit,
2517 1914 2577 1960 ut
2601 1904 2764 1959 solito
2792 1902 2973 1957 sanior
2997 1902 3331 1957 redderetur.

2745 2013 2972 2072 CAPUT
3011 2013 3252 2069 XXXIII.

2810 2145 2875 2183 at:
2904 2125 2931 2166 δ
2962 2142 3181 2182 ιοΑΝΝε.

2288 2220 2413 2276 Erat
2444 2220 2496 2276 in
2527 2220 2657 2291 Ipsis
2688 2220 2821 2275 locis
2852 2218 3087 2292 (Pallad.
3121 2235 3235 2289 cap.
3272 2216 3385 2287 75.)
3432 2215 3515 2271 vir
3560 2225 3804 2282 sanctus,

2214 2328 2275 2369 ac
2298 2315 2458 2368 totius
2485 2314 2671 2383 gratia:
2699 2312 2841 2367 dono
2864 2311 3120 2381 repletus,
3165 2310 3402 2365 Joannes
3454 2308 3694 2374 nomine,
3744 2308 3803 2362 in

2213 2423 2318 2479 quo
2346 2418 2490 2461 tanta
2539 2416 2655 2462 erat
2698 2403 3088 2461 consolationis
3133 2403 3325 2474 gratia,
3360 2410 3415 2456 ut
3460 2416 3801 2471 quacumque

2214 2502 2491 2567 maestitia,
2524 2514 2862 2570 quocumque
2891 2497 3052 2551 taedio
3082 2510 3338 2566 oppressa
3372 2493 3556 2547 fuisset
3582 2492 3761 2547 anima
3784 2532 3800 2555 ,

2212 2596 2395 2666 paucis
2417 2596 2533 2662 ejus
2557 2593 2922 2658 sermonibus,
2954 2593 3233 2647 alacritate
3262 2601 3315 2646 et
3346 2589 3527 2644 laetitia
3552 2588 3793 2661 replered

2214 2696 2317 2741 tur.
2345 2685 2450 2741 Sed
2481 2696 2534 2740 et
2582 2685 2865 2740 sanitatum
2921 2685 3089 2755 gratia
3142 2682 3365 2751 plurima
3398 2680 3448 2738 ei
3489 2696 3521 2736 a
3568 2680 3801 2736 Domino

2211 2778 2405 2833 donata
2437 2786 2539 2834 est.

2818 2850 3190 2903 EPILOGUS.

2546 2939 2625 2995 De
2652 2940 2893 3010 periculis
2920 2939 3112 2992 itineris
3132 2937 3201 2989 at!
3228 2952 3441 2991 cremor.

2284 3033 2339 3088 In
2368 3032 2488 3087 aliis
2508 3047 2718 3102 quoque
2749 3031 2986 3099 (Pallad.
3019 3046 3137 3096 cap.
3176 3028 3322 3097 150.)
3375 3042 3533 3098 quam
3556 3024 3800 3093 plurimis

2212 3124 2346 3180 locis
2372 3124 2608 3194 IEgypti,
2642 3125 2867 3192 sparsim
2900 3120 3126 3175 vidimus
3153 3132 3367 3176 sanctus
3400 3119 3516 3185 Dei,
3567 3120 3802 3174 virtutes

2134 3184 2182 3250 ο
2212 3217 2405 3272 multas
2435 3229 2487 3270 et
2517 3214 2775 3270 mirabilia
2808 3212 3060 3267 facientes
3086 3220 3139 3265 et
3163 3213 3324 3265 totius
3345 3210 3526 3281 gratia)
3559 3210 3652 3266 Dei
3677 3211 3795 3280 pica

2211 3316 2330 3375 nos,
2361 3305 2453 3361 sed
2483 3317 2537 3361 et
2569 3320 2766 3374 paucos
2791 3319 2854 3358 ex
2887 3303 3069 3356 multis
3102 3304 3536 3355 memoravimus.
3572 3300 3648 3355 De
3668 3316 3790 3354 om-

2208 3404 2368 3457 nibus
2394 3417 2521 3456 vero
2549 3400 2836 3471 explicare,
2871 3414 3029 3469 supra
3060 3414 3090 3452 v
3114 3414 3199 3453 res
3232 3408 3444 3453 nostras
3483 3408 3589 3453 est.

2282 3496 2334 3565 l.
2363 3496 2492 3549 Nam
2526 3495 2592 3549 de
2618 3495 2699 3548 his
2728 3494 2816 3564 qui
2842 3493 2896 3548 in
2926 3493 3203 3562 superiore
3235 3492 3530 3557 Thebaida,
3580 3491 3631 3546 id
3663 3500 3746 3547 est
3772 3524 3795 3559 ς

2208 3587 2348 3641 circa
2374 3587 2542 3656 ipsam
2587 3586 2792 3640 sienem
2841 3584 3081 3640 habitare
3127 3584 3396 3652 dicuntur,
3444 3585 3627 3638 auditu
3676 3584 3798 3639 solo

2208 3680 2587 3747 comperimus,
2616 3678 2758 3748 quod
2792 3678 2872 3732 bis
2905 3692 3054 3747 plene
3074 3677 3343 3744 omnibus,
3376 3691 3509 3747 quos
3538 3675 3791 3742 vidimus,

2207 3771 2464 3826 celsiores
2493 3770 2564 3825 illi
2594 3780 2645 3825 rt
2688 3769 3176 3839 tnaguilieentiores
3222 3767 3576 3822 habebantur.
3625 3768 3796 3821 Accea

2206 3865 2338 3919 dere
2370 3878 2496 3915 vero
2516 3863 2581 3915 ad
2608 3864 2751 3931 ipsus
2784 3877 2880 3930 pro
2910 3862 3117 3918 itineris
3150 3862 3389 3931 periculo
3421 3860 3793 3930 nequivimus:

2206 3958 2329 4027 quia
2352 3957 2597 4025 quamvis
2627 3954 2804 4008 omnia
2836 3953 3044 4008 illarum
3076 3954 3304 4023 partium
3334 3953 3447 4006 loca
3491 3949 3790 4005 latronibus

2207 4050 2568 4113 iucurseutur,
2596 4047 2685 4101 illa
2705 4055 2877 4101 tamen
2895 4047 3051 4117 207
3066 4061 3181 4114 quae
3197 4045 3334 4099 ultra
3357 4044 3625 4099 civitatem
3650 4041 3795 4113 Lym

2205 4150 2350 4204 sunt,
2373 4140 2533 4193 etiam
2568 4138 2821 4193 barbaros
2854 4141 3145 4207 patiuntur.
3180 4137 3247 4192 Et
3277 4137 3397 4190 ideo
3430 4136 3605 4189 nullus
3636 4133 3796 4189 nobis

2205 4232 2272 4288 ad
2303 4247 2397 4287 eos
2426 4246 2675 4286 accessus
2708 4228 2828 4295 fuit,
2860 4230 2984 4298 quia
3015 4244 3199 4284 revera
3248 4244 3348 4285 nec
3389 4242 3484 4282 eos
3524 4240 3660 4295 quos
3702 4240 3793 4281 sua

2205 4326 2386 4396 perius
2408 4324 2841 4388 memoravimus,
2869 4323 3071 4392 absque
3104 4320 3342 4391 periculo
3374 4320 3631 4374 vidimus.

2276 4417 2488 4487 Septies
2512 4432 2741 4486 namque
2768 4416 2820 4470 in
2846 4416 2947 4470 hoc
2969 4414 3160 4470 itinere
3188 4414 3471 4485 periclitati
3496 4427 3701 4479 sumus,
3736 4413 3795 4466 in

2207 4520 2401 4565 octavo
2430 4518 2631 4575 autem,
2664 4509 2806 4564 sicut
2834 4508 3091 4577 scriptum
3119 4517 3225 4573 est,
3270 4505 3393 4560 Non
3443 4506 3661 4559 obtinuit
3701 4520 3794 4558 nos

517 4576 761 4677 liortatitr
781 4631 876 4673 eos
904 4629 1064 4686 agere
1089 4576 1480 4682 pmnitentiam,
1511 4616 1567 4663 et
1596 4608 1939 4674 semetipsum
1977 4621 2098 4661 cum
2128 4576 2182 4636 Β
2207 4602 2402 4656 malum
2435 4600 2576 4673 (Job.
2606 4602 2683 4672 1),
2713 4602 2825 4657 Deo
2856 4576 2957 4656 nos
2996 4601 3048 4654 in
3080 4600 3330 4655 omnibus
3376 4608 3717 4668 protegente.

514 4718 594 4772 eis
610 4724 734 4768 ante
754 4710 1042 4767 Dominum
1069 4714 1431 4774 prosternens,
1454 4701 1544 4755 die
1562 4714 1624 4753 ac
1647 4708 1804 4753 nocte
1830 4708 2098 4766 tamquam

516 4805 715 4877 ipsein
742 4816 926 4858 eorum
958 4796 1191 4869 peccatis
1217 4805 1360 4849 esset
1383 4790 1672 4857 obnoxius,
1696 4788 1876 4855 flebat,
1908 4797 1963 4844 et
1989 4799 2096 4844 tam

573 4972 625 5002 -κ
662 4954 1018 5027 ﬂammaue]
1062 4953 1379 5009 Sozomeuus
1426 4951 1514 5006 lib.
1560 4948 1653 5027 ΗἸ
1703 4965 1837 5027 cap._
1867 4946 1956 5003 28.
2015 4953 2105 5027 sui

520 5037 761 5104 Πιάμμων
792 5028 844 5083 δέ
867 5031 953 5082 καὶ
977 5019 1211 5084 ἰ’ωάννης
1239 5029 1515 5104 τηνικαῦτα
1540 5025 1657 5097 περί
1682 5019 1873 5074 Διολκὸν
1901 5028 1992 5079 τῆς
2021 5024 2104 5074 Δί-

513 5094 717 5179 γύπτῇυ
748 5099 1139 5168 ἐπισημοτάτων
1176 5094 1493 5171 προῖσταντο
1521 5094 1889 5179 μεύᾳστηρίοὲν·
1923 5094 2103 5161 ἐπεμε-

512 5159 733 5233 ίέστατὰ
760 5191 814 5226 τε
859 5159 942 5224 xui
996 5170 1130 5241 μάλᾳ
1155 5159 1404 5241 λσέμνῶίη
1428 5159 1788 5241 «pse-ﬁdafida
1817 5159 1978 5226 ὄντες,
2007 5159 2095 5241 ἐξῆν

512 5244 778 5322 ἱεροιτείοινΔ
795 5233 1065 5322 uetaretur
1112 5233 1315 5322 λέγενὶαξ
1431 5233 1553 5320 nera
1583 5236 1664 5290 τὸν
1693 5233 1976 5322 ’Πέάμμοὲνα
2011 5233 2093 5322 ἔε-

513 5301 736 5394 ρῶμένον
755 5301 1034 5367 θέὰσοὶσϐαι
1051 5301 1276 5382 arpinis
1301 5309 1438 5394 ἱερίὶν
1461 5310 1713 5393 τράσζτεζαν
1735 5301 1859 5394 θεῖά
1876 5301 2093 5394 finale":

513 5373 738 5449 ἓσέῶτα,
781 5386 867 5437 καὶ
898 5388 995 5453 τῶν
1022 5373 1266 5453 ρέονὰχῶν
1300 5373 1425 5453 eis;
1448 5373 1704 5453 νπὶειρόνιςᾳς
1732 5373 1993 5453 ἐγγράφξὶγ
2019 5376 2097 5443 βί-

514 5464 618 5517 ϐλω
644 5446 760 5514 τινί*
793 5455 913 5514 τοὺς
942 5452 993 5508 δὲ
1022 5446 1251 5511 attonsa;
1279 5446 1560 5519 ἕπαλείφείν
1584 5466 1598 5500 z
1628 5446 1904 5519 1³ι¹ίιςι⁷εῐ⁵είξ
1922 5446 2096 5519 I'i_attt-

515 5514 641 5589 mon
671 5540 726 5584 et
743 5525 975 5583 Joannes
1005 5523 1053 5577 id
1083 5524 1338 5591 temporis
1361 5514 1573 5589 quoque
1616 5517 1829 5591 circiter
1849 5514 2090 5591 “Ditiletr‘ti

518 5585 734 5672 Ἀζωριί
765 5595 1142 5672 celeberrimis
1163 5585 1422 5672 prtel‘uer'e
1441 5585 1812 5672 monasteriis.
1848 5585 2094 5672 Exquisi:

516 5654 720 5731 ii—ssiitie
748 5678 926 5724 autem
958 5654 1260 5718 sacerdotio
1290 5658 1613 5731 (presbyteri
1636 5658 1777 5731 enim
1820 5654 1994 5731 erant)
2035 5663 2091 5710 et

515 5726 725 5799 suntme
747 5754 868 5794 cum
887 5735 1185 5789 reverentia
1213 5726 1680 5801 per-fungebantur.
1700 5726 1974 5801 'l‘radztum
2002 5741 2091 5779 ve-

516 5795 710 5878 Eata,
744 5811 1103 5866 Piauuuouem
1135 5795 1361 5874 quodam
1403 5795 1675 5868 tempore,
1708 5811 1827 5852 cum
1868 5795 2089 5850 Sacrum

2281 4692 2521 4763 Denique
2538 4693 2706 4748 semel
2723 4707 2817 4762 per
2831 4692 3063 4760 quinque
3075 4691 3263 4744 diesac
3277 4698 3463 4743 noctes
3482 4689 3795 4744 incedentes

2204 4800 2300 4856 per
2339 4801 2600 4855 erctnum,
2647 4785 2735 4841 siti
2776 4799 2841 4840 ac
2892 4783 3207 4839 lassitudine
3254 4780 3548 4852 periclitati
3583 4792 3791 4835 sumus.

2209 4942 2453 5007 faciebat,
2481 4943 2680 4996 vidisse
2709 4942 2852 4996 circa
2884 4954 3090 4997 sacram
3117 4954 3359 4993 mensam
3398 4946 3627 4992 stantem
3677 4938 3761 4992 An
3789 4966 3796 4973 ο

2206 5016 2383 5083 gelum
2427 5016 2538 5076 Dei,
2585 5027 2631 5067 et
2676 5011 3311 5083 Monachus(praesentes,
3350 5012 3401 5063 itt
3441 5010 3579 5064 libro
3616 5008 3797 5083 scrip-

2208 5078 2362 5150 sisse,
2395 5085 2646 5139 absentes
2672 5100 2800 5137 vero
2820 5082 2942 5136 inde
2963 5082 3246 5136 delevisse.
3275 5079 3350 5135 De
3372 5096 3431 5135 eo
3452 5083 3603 5135 etiam
3632 5078 3795 5133 Nico-

2204 5154 2393 5225 phorus
2416 5158 2503 5211 lib.
2523 5154 2629 5218 XI,
2656 5171 2770 5219 cap.
2795 5153 2884 5207 55.
2904 5154 3254 5207 ROSWEYDUS.

2274 5225 2302 5264 ι)
2341 5225 2631 5296 Johannej
2668 5225 2742 5279 De
2771 5226 2866 5278 huc
2894 5242 2957 5279 ex
2987 5225 3271 5279 Sozomeao
3299 5222 3607 5296 praecedenti
3643 5221 3795 5296 capt"-

2204 5307 2250 5349 te
2272 5297 2383 5368 jmn
2409 5294 2641 5368 quwdanz
2664 5297 2902 5368 dedimus
2919 5312 2937 5349 :
2966 5297 3053 5358 qui
3093 5303 3335 5368 praeterea
3371 5295 3554 5368 addit:
3583 5294 3790 5368 Ἰωάννῃ

2201 5368 2256 5424 δὲ
2274 5366 2537 5427 ήτοσαύτην
2563 5366 2857 5441 ἐδωρήσατο
2884 5366 3095 5441 δύναμιν
3128 5366 3153 5420 ὁ
3186 5368 3310 5441 Q56;
3339 5366 3471 5419 κατὰ
3502 5367 3675 5419 παθῶν
3702 5366 3793 5441 δαὶ

2197 5442 2514 5511 νοσημάτων,
2544 5441 2610 5498 ὡς
2634 5430 2848 5511 τέολ).οὑς
2875 5430 3117 5493 ἱάσαέθαι
3138 5435 3453 5511 ποδαγροὺς,
3487 5439 3571 5489 καὶ
3595 5437 3663 5489 τὰ
3693 5430 3789 5503 ἆρ-

2196 5513 2292 5585 θρα
2325 5510 2706 5580 διαλελυμένως
2748 5527 2760 5562 :
2796 5510 2983 5585 JAoanni
3014 5520 3189 5585 autem
3229 5509 3427 5560 tantam
3460 5509 3564 5558 vim
3600 5514 3788 5585 contra

2195 5577 2573 5650 aégrotatoaies
2602 5591 2655 5633 et
2691 5582 2906 5634 morbus
2952 5580 3091 5650 Deus
3130 5580 3421 5632 donaverat
3483 5589 3536 5631 ut
3589 5577 3789 5650 multos

2198 5647 2430 5721 podagra
2465 5653 2794 5716 laborantes,
2830 5660 2882 5702 ct
2908 5648 3159 5703 articulus
3189 5650 3553 5703 tttctubrorutn
3585 5647 3785 5702 haben.

2203 5734 2281 5780 tes
2300 5724 2580 5790 resolutos,
2607 5733 2839 5779 sanaret.
2867 5722 3210 5776 llaswevnus.
