4166 6348
331 326 435 387 461

1298 304 1620 382 iusro‘tutt
1660 300 2204 388 scccssusrtca.
2251 329 2618 388 summo

3489 328 3593 384 L62

398 442 456 496 9.
498 440 621 498 Ali‘o
667 455 881 511 quoque
929 436 1169 508 tempore
1220 436 1541 495 incurrimus
1597 440 1810 507 locum,
1859 443 1911 497 in
1940 446 1993 507 Α
2090 446 2142 501 6.
2182 446 2401 504 Sextum
2427 448 2713 504 discrimen
2744 446 2899 505 nobis
2946 448 2997 504 in
3036 446 3154 520 ipso
3183 436 3401 505 ﬂumine
3450 446 3571 505 Nilo

330 546 437 602 quo
466 539 551 587 est
577 531 834 585 convallis
864 531 1107 599 qutdaltt
1134 572 1149 596 ,
1194 526 1471 584 humorem
1515 544 1581 584 ex
1615 531 1909 600 semetipso
2008 535 2127 605 fuit,
2159 538 2211 593 in
2252 555 2359 610 quo
2389 542 2721 611 navigantes,
2767 556 2923 610 pmne
2949 542 3212 597 submersi
3238 557 3446 598 sumus,

331 626 557 693 gignens
582 623 807 688 salsum,
835 638 995 691 quem
1026 626 1277 676 continuo
1297 621 1447 676 calor
1475 620 1602 675 solis
1625 621 1770 675 velut
1799 621 1913 677 hie-

2082 629 2134 681 7.
2175 630 2495 699 Septimum,
2548 634 2599 686 in
2649 642 2856 701 stagno,
2902 633 3042 703 quod
3097 633 3277 688 Mariae
3331 632 3597 690 vocabulo

280 788 281 791 η
333 715 491 771 malis
539 715 724 784 pruina
759 715 811 769 iu
856 715 1103 783 glaciem,
1147 714 1219 768 ita
1271 713 1325 767 in
1365 712 1532 767 salem
1582 713 1811 781 Stringit,
1856 724 1913 769 et
2011 721 2329 788 appellatur,
2381 732 2538 777 vento
2591 725 2865 789 steviente,
2922 726 2973 778 in
3027 714 3253 780 insulam
3303 724 3592 797 quamdam

333 816 602 876 tamquam
633 806 792 860 sudes
819 818 1022 869 acutas,
1073 820 1137 860 ex
1185 806 1302 874 ipso
1349 806 1462 860 sale
1507 804 1709 861 efiicit:
1754 816 1914 878 atque
2014 810 2170 881 eiecti
2222 826 2427 876 sumus,
2466 813 2643 868 hieme
2671 817 2983 885 gravissima
3013 813 3174 886 super
3216 830 3317 871 nos
3361 825 3416 873 et
3461 824 3597 871 tem-

333 899 406 953 ita
435 897 612 951 omnia
643 898 733 951 illa
764 909 1150 966 exasperantur
1178 898 1319 961 loca,
1370 907 1427 951 ut
1458 896 1564 951 'non
1596 900 1770 951 solum
1819 914 1916 952 nu-

332 990 431 1045 dos
462 991 646 1059 pedes,
699 1000 757 1044 ut
787 990 1113 1044 habebamus
1157 1006 1276 1056 nos,
1307 989 1401 1043 sed
1438 1000 1491 1045 et
1546 992 1916 1047 calceamentis

334 1084 573 1137 munitos
602 1084 839 1138 terebrct
890 1099 953 1137 ac
976 1092 1140 1139 secet.
1169 1083 1225 1137 lu
1256 1084 1337 1136 his
1360 1094 1490 1153 ergo
1520 1083 1747 1150 inventi,
1799 1100 1907 1139 tua«

333 1189 439 1247 gno
454 1164 575 1231 cum
602 1174 840 1244 periculo
868 1175 951 1228 vix
975 1175 1263 1232 evasimus.

403 1266 459 1322 4.
500 1265 682 1321 Tertio
703 1280 825 1320 cum
855 1265 1022 1321 nihilo
1047 1266 1222 1320 minus
1249 1280 1344 1334 per
1372 1270 1617 1320 eremum
1668 1266 1920 1336 pergere-

335 1377 476 1432 mus,
501 1363 824 1419 incurrimus
851 1365 1043 1419 vallem
1069 1364 1376 1435 quamdam,
1411 1366 1691 1420 humorem
1738 1382 1800 1420 ex
1834 1380 1921 1419 se-

342 1456 573 1523 metipsa
600 1457 848 1513 similiter
887 1457 1100 1527 quidem
1154 1459 1479 1527 gignentetn,
1524 1459 1615 1513 sed
1657 1459 1792 1513 intra
1836 1472 1921 1512 se-

339 1547 620 1615 metipsam
644 1556 770 1602 eum
797 1558 1126 1612 servantem,
1157 1550 1309 1619 cujus
1338 1551 1508 1604 solum
1532 1551 1678 1604 saxis
1704 1558 1758 1603 et
1781 1547 1919 1603 fmti~

339 1640 411 1695 do
427 1655 586 1695 caeno
607 1642 871 1712 repletum
894 1644 1123 1698 transire
1144 1643 1436 1712 cupientes,
1461 1657 1628 1712 usque
1654 1641 1720 1695 ad
1755 1643 1918 1696 latera

337 1731 733 1787 descendimus.
772 1732 1014 1803 Cumque
1055 1748 1206 1802 paene
1244 1733 1438 1787 ibidem
1465 1733 1516 1786 in
1553 1733 1740 1787 eadem
1783 1747 1918 1787 mer,

2018 912 2221 972 pestate
2248 902 2509 960 fervente.
2541 906 2832 963 Erateuim
2865 916 3097 978 tempus,
3125 923 3230 979 quo
3261 907 3592 978 Epiphanio-

2018 1009 2132 1047 rum
2160 992 2272 1049 dies
2299 996 2655 1053 celebrantur.

2089 1082 2142 1137 8.
2177 1088 2431 1139 (tctavum
2463 1104 2639 1143 autem
2672 1091 2790 1156 fuit,
2818 1092 2958 1161 quod
2985 1093 3215 1148 cum-ad
3260 1093 3448 1149 Nitriae
3483 1108 3601 1150 mo-

2018 1178 2251 1232 nasteria
2290 1180 2613 1246 veniremus,
2653 1184 2826 1237 loeum
2856 1186 3137 1252 quemdam
3178 1185 3485 1253 incidimus,
3542 1186 3600 1242 in

2019 1284 2125 1338 quo
2179 1270 2452 1325 reﬂuentis
2506 1270 2610 1326 Nili
2658 1288 2796 1342 aqua
2841 1277 3104 1342 residens,
3147 1279 3298 1333 velut
3350 1280 3600 1348 stagnum

2019 1359 2285 1428 quoddam
2316 1359 2589 1427 enecet-at,
2622 1362 2675 1416 irt
2719 1377 2826 1434 quo
2877 1365 3057 1422 multa:
3095 1367 3283 1423 bestia:
3329 1368 3607 1439 prmeipue

2020 1450 2273 1506 Cl‘OCUdiii
2302 1452 2513 1519 plurimi
2539 1462 2714 1508 erant.
2754 1455 2853 1521 Qui
2884 1472 3005 1512 cum
3038 1468 3280 1527 tempore
3302 1461 3435 1515 solis
3458 1461 3607 1516 exis-

2023 1553 2161 1606 sent,
2188 1540 2414 1596 resoluti
2446 1544 2588 1597 circa
2611 1560 2763 1598 oram
2786 1549 2958 1617 Stagni
2981 1549 3251 1616 iacebant,
3280 1551 3352 1605 ita
3375 1561 3432 1606 ut
3458 1553 3611 1622 igno-

2024 1635 2264 1689 raniibus
2293 1632 2449 1688 nobis
2480 1640 2675 1689 mortui
2703 1636 3028 1692 viderentur.
3066 1639 3129 1692 Et
3160 1655 3281 1693 cum
3318 1641 3609 1696 accedere-

2028 1741 2146 1778 mus
2175 1725 2237 1779 ad
2270 1726 2565 1781 videndatu'
2594 1728 3000 1798 mirandamqtte
3028 1730 3446 1799 magnitudinem
3484 1730 3611 1785 bes-

335 1837 606 1893 geremur,
639 1812 1006 1879 exclamantes
1034 1824 1099 1877 ad
1136 1824 1440 1889 Dominum,
1473 1838 1662 1879 vocem
1718 1824 1917 1879 Psalmi
1950 1816 1993 1880 Β
2025 1824 2249 1887 tiarum,
2276 1826 2411 1888 quas
2443 1820 2715 1874 exanimes
2742 1821 3078 1888 putabamus,
3098 1822 3352 1875 continuo
3384 1831 3442 1876 ut
3462 1822 3612 1876 soni-

337 1914 672 1982 protulimus,
701 1914 979 1970 dicentes:
1011 1915 1225 1971 Salvum
1254 1931 1332 1970 me
1360 1916 1464 1987 fac.
1488 1915 1651 1977 Deus.
1678 1917 1920 1986 quoniam

336 2004 646 2060 intraverunt
668 2022 814 2076 aqua
837 2013 995 2077 usque
1016 2008 1085 2061 ad
1111 2009 1340 2060 animam
1367 2023 1551 2061 meum.
1576 2006 1780 2078 Inﬁxus
1806 2025 1920 2063 sunt

336 2093 389 2149 in
411 2095 533 2150 limo
561 2099 829 2167 profundi,
852 2107 899 2152 et
921 2115 1022 2153 non
1043 2109 1116 2153 est
1137 2100 1424 2153 substantia
1447 2098 1667 2169 (Psalm.
1703 2101 1838 2167 16.).

402 2186 459 2242 4.
496 2187 759 2255 Quartum
791 2191 1086 2259 periculum
1112 2193 1425 2259 pertulimus
1449 2192 1501 2247 in
1526 2193 1680 2262 aquis
1699 2192 1920 2263 quibus-

336 2278 477 2343 dam,
507 2295 628 2351 quae
663 2297 729 2337 ex
763 2283 1110 2342 inundatione
1164 2284 1263 2339 Nili
1296 2296 1687 2351 remanserant,
1723 2288 1774 2341 iit
1802 2291 1918 2357 qui-

337 2370 431 2426 bus
456 2373 632 2428 triduo
657 2376 914 2431 coutinuo
936 2377 1139 2442 afﬂicti,
1171 2377 1256 2431 vix
1285 2378 1516 2433 evadere
1547 2379 1845 2447 potuimus.

404 2463 439 2517 5
464 2465 628 2535 ποθ
649 2466 902 2533 Quintum
936 2466 1234 2535 periculum
1253 2467 1519 2523 fuitnobis
1546 2482 1576 2521 a
1602 2469 1918 2535 latronibus,

338 2567 452 2609 cum
479 2572 636 2613 secus
664 2571 815 2614 mare
842 2560 943 2615 iter
965 2572 1268 2630 ageremus,
1300 2562 1388 2632 qui
1421 2577 1515 2631 per
1534 2562 1721 2617 decem
1755 2562 1921 2617 millia

338 2658 583 2718 passuum
617 2651 961 2721 insequentes
993 2668 1110 2720 nos,
1153 2668 1290 2723 quos
1341 2656 1605 2723 perimere
1636 2654 1778 2709 ferro
1810 2666 1917 2710 ttou

339 2747 605 2807 poterant,
629 2755 787 2811 pmne
819 2743 1095 2797 exanimes
1118 2744 1465 2800 reddiderunt
1491 2758 1586 2814 per
1612 2744 1811 2815 fugam.

2027 1928 2137 1972 tum
2164 1917 2353 1985 pedum
2383 1916 2687 1974 senserunt,
2722 1912 2961 1975 excitati,
3002 1913 3209 1966 irruere
3252 1919 3308 1965 et
3356 1910 3609 1965 inseetari

2026 2024 2126 2063 nos
2160 2007 2503 2061 vehementer
2532 2011 2830 2072 cmperuut.
2883 2002 2993 2056 Nos
3032 2009 3210 2057 autem
3249 2016 3370 2056 cum
3416 2015 3611 2070 magno

2027 2100 2263 2153 clamore
2303 2106 2356 2151 et
2380 2095 2581 2164 gemitu
2622 2109 2815 2147 nomen
2846 2093 3049 2148 Christi
3096 2092 3306 2146 Domini
3338 2092 3611 2146 invocavi-

2028 2205 2166 2253 mus,
2200 2187 2351 2256 cujus
2376 2185 2741 2242 misericordia
2769 2182 2939 2251 affuit,
2968 2196 3020 2238 et
3058 2184 3243 2239 bestia;
3271 2194 3389 2252 qua:
3421 2190 3611 2238 contra

2027 2297 2124 2336 nos
2146 2280 2569 2341 insurrexeraut,
2592 2277 2741 2347 quasi
2766 2277 2832 2330 ab
2862 2276 3063 2344 Augclo
3084 2276 3397 2344 repellente,
3426 2275 3477 2329 itt
3500 2284 3612 2329 sta-

2024 2389 2184 2444 gnum
2214 2374 2451 2442 protiuus
2478 2370 2730 2442 proiectae
2752 2374 2894 2435 Sunt,
2925 2374 3020 2424 nos
3042 2378 3218 2425 autem
3245 2384 3407 2424 cursu
3431 2369 3612 2424 inten-

2023 2475 2079 2520 to
2108 2465 2174 2519 ad
2207 2466 2527 2519 monasteria
2553 2463 2943 2529 festinavituus,
2986 2463 3185 2531 gratias
3227 2473 3445 2532 agentes
3494 2462 3605 2516 Deo

2026 2569 2234 2625 nostro;-
2282 2557 2375 2627 qui
2404 2570 2502 2610 nos
2521 2555 2589 2611 de
2615 2556 2779 2609 tantis
2801 2553 3051 2625 periculis
3076 2554 3345 2616 liberavit,
3369 2562 3427 2609 et
3457 2560 3606 2607 tanta

2024 2650 2181 2704 nobis
2209 2647 2444 2703 ostendit
2472 2644 2752 2701 mirabilia.
2773 2646 2880 2715 ipsi
2934 2643 3109 2715 gloria
3129 2653 3184 2698 et
3212 2644 3386 2698 honor
3426 2644 3483 2698 iu
3510 2657 3611 2697 sre-

2024 2740 2142 2795 cula
2170 2738 2510 2794 saeculorum.
2552 2739 2743 2793 Amen.

716 3086 1205 3205 RUFINI
1295 3082 2285 3221 AQUlLElENSIS
2368 3070 3251 3199 PRESBYTERI

966 3328 1084 3405 ΙΝ
1155 3328 1454 3405 SUAM
1530 3332 1673 3404 ET
1746 3330 2170 3407 EUSEBII
2244 3330 2966 3404 CAESABIENSIS

1056 3531 1516 3660 LATINAM
1560 3532 1693 3661 ΑΒ
1744 3534 1867 3660 E0
1919 3530 2325 3663 FACTAM
2354 3521 2925 3658 HISTORIAM

766 3768 925 3855 AD
988 3771 1816 3861 CHROMATIUM
1863 3777 1893 3819 ³
1932 3774 2625 3859 EPISCOPUM
2675 3756 3269 3885 AQUILEI/E

1636 3949 2325 4144 ἧβτεεῐαῐίο.

1705 4224 2107 4241 _————‘

2111 4220 2254 4241 σ-ί.

432 4299 788 4386 hos-210
829 4312 1128 4370 Peritorum
1158 4313 1342 4368 dieunt
1370 4322 1490 4370 eSse
1519 4313 1877 4379 medicorum,
1924 4313 2017 4368 ubi
2055 4310 2335 4367 imminere
2362 4298 2602 4376 urbibus,
2645 4304 2725 4366 vel
2758 4310 3064 4380 regiottibus
3091 4313 3364 4382 generales
3393 4311 3617 4369 vidéri‘nt

354 4412 599 4479 iuorbos,
634 4410 921 4480 providere
948 4409 1163 4478 aliquod
1196 4409 1597 4471 medicamenti,
1622 4408 1704 4463 \el
1741 4407 1915 4477 poculi
1956 4420 2150 4477 geuus,
2189 4418 2295 4474 quo
2325 4405 2623 4473 pratmttuiti
2671 4404 2933 4468 homines,
2981 4405 3046 4456 ah
3096 4404 3391 4459 imminenti
3437 4405 3619 4461 defert:-

362 4502 554 4557 dautur
585 4501 775 4557 exitio.
813 4499 967 4566 Quod
1003 4508 1057 4552 tu
1086 4514 1325 4568 quoque,
1363 4498 1671 4553 Veuerande
1696 4498 1857 4552 Pater
1883 4497 2185 4565 Chromati,
2210 4495 2486 4551 medcinze
2518 4509 2789 4563 exequens
2818 4510 3006 4565 genus,
3058 4505 3297 4567 tempore
3321 4512 3446 4568 quo,
3494 4496 3521 4537 δ
3544 4500 3620 4556 αἱ.

424 4668 452 4699 ι
495 4660 740 4715 Barrteus
769 4655 953 4711 scribit
981 4654 1284 4723 Pontiﬁcem
1317 4652 1646 4708 Maximum:
1680 4652 1813 4707 falso
1840 4654 1941 4708 uti-
1970 4658 2015 4720 C
2050 4656 2211 4709 turex
2233 4636 2581 4717 Occidentali‘,
2603 4653 2716 4707 sive
2732 4653 2916 4707 Latina
2937 4654 3191 4709 Ecclesia.
3209 4657 3623 4719 Carterummulé

357 4744 496 4801 que;
524 4730 703 4801 nullus
727 4737 902 4801 tamen
932 4728 1137 4801 dubito,
1161 4725 1287 4801 quin
1306 4726 1375 4801 ab
1396 4726 1687 4801 exemplari
1705 4740 1803 4801 suo
1824 4732 1939 4801 tita-

356 4795 958 4870 tiuscripto.Cumen_im
986 4798 1038 4850 in
1067 4795 1491 4870 atttiquis‘libris,
1517 4804 1648 4870 utet
1669 4796 1835 4863 prima
1860 4796 1940 4870 Si-

359 4865 553 4936 cbardi'
575 4870 832 4932 editione,
857 4867 1182 4921 Chromatius
1202 4865 1497 4936 Episwpus
1526 4865 1783 4920 Romanus
1803 4869 1938 4920 scri-

357 4943 512 4997 batur
530 4934 657 5010 (qua
672 4940 737 4993 de
761 4953 819 4992 re
838 4938 1167 5010 disputatum
1188 4934 1466 5010 tatttOpere
1488 4937 1628 5010 inter
1648 4938 1933 5010 eruditos),

357 5006 560 5067 codicis
572 5006 853 5065 Barrmani
866 5009 1095 5076 scriptor
1116 5008 1279 5062 licere
1295 5007 1392 5061 sibi
1407 5006 1642 5070 duxerit,
1663 5017 1818 5073 quem
1832 5007 1937 5062 dici

358 5082 519 5138 Urbis
533 5082 854 5149 Episcopum
877 5080 1115 5148 putabat,
1137 5076 1747 5149 PontiﬁcemAMaximum
1762 5081 1942 5145 appel-

369 5152 503 5208 lare.
523 5147 703 5206 Dicam
731 5147 954 5204 inferius
973 5150 1040 5204 de
1061 5148 1167 5203 a‘ia
1178 5149 1420 5203 codicum
1440 5147 1810 5201 Vaticztuorum
1843 5150 1940 5201 hac

359 5222 472 5293 ipsa
496 5224 564 5277 de
577 5233 789 5293 caussa,
808 5219 1245 5293 inter-potatione.
1259 5218 1438 5293 Errori
1451 5216 1941 5293 an_sa_rnpraebuis8e

357 5288 596 5348 creditur
615 5290 843 5346 Albinus
860 5288 1021 5345 Libro
1035 5297 1219 5343 contra
1234 5290 1480 5343 haeresim
1498 5288 1689 5343 Felicis
1702 5289 1754 5341 in
1770 5297 1944 5341 vetus-

362 5373 416 5416 to
444 5378 547 5418 ms.
574 5364 714 5418 inter
753 5360 1022 5415 Palatinos
1067 5360 1410 5413 Bibliotheca;
1453 5359 1733 5429 Vaticanus
1759 5359 1939 5429 (quem

361 5432 913 5495 IaudatFontaniuus,
935 5441 987 5485 et
1003 5430 1352 5499 septingentis
1383 5430 1449 5484 ab
1472 5429 1594 5483 hinc
1616 5428 1775 5483 anuis
1808 5444 1943 5483 exao

360 5508 536 5559 fatum
569 5503 887 5571 existimat),
926 5500 1017 5555 ubi
1047 5504 1187 5554 inter
1228 5501 1328 5554 alia
1354 5500 1592 5571 Patrum
1635 5500 1942 5553 Latinorum

360 5585 483 5643 post
509 5575 727 5629 Grmcos
751 5568 1050 5628 testimonia
1081 5572 1174 5624 fol.
1196 5572 1282 5643 ig.
1301 5568 1806 5643 habebat-ornatius
1826 5587 1949 5637 quo-

358 5640 455 5711 que
471 5655 663 5699 sanctae
684 5644 926 5698 Romam:
947 5647 1208 5696 ANTISTES
1234 5640 1507 5695 Ecuesm
1529 5642 1580 5693 in
1597 5641 1786 5705 libello,
1805 5655 1954 5709 quem

360 5715 424 5767 de
452 5727 565 5769 octo
588 5712 995 5769 Beatitudinibus
1020 5712 1242 5779 scripsit,
1271 5722 1374 5765 etc.
1401 5713 1665 5764 Laudatus
1702 5711 1955 5764 Foutaui-

364 5796 463 5840 nus
487 5786 614 5842 illud
641 5784 887 5839 Romanis
901 5798 995 5853 pro
1009 5781 1205 5836 Latina:
1222 5781 1390 5851 accipi
1417 5780 1581 5851 jubet,
1601 5795 1663 5837 ac
1679 5783 1721 5839 si
1738 5781 1954 5837 dicere-

2049 4738 2103 4779 to
2130 4724 2306 4778 netior
2336 4724 2674 4778 Chromatius
2698 4723 2776 4779 hic
2793 4732 2894 4796 est.
2919 4740 3077 4793 quam
3093 4736 3149 4780 ut
3168 4729 3316 4796 prodi
3342 4732 3520 4786 verbis
3542 4736 3622 4788 iu-

2044 4796 2606 4872 digeatJlierouymus
2630 4795 2823 4872 suailii
2853 4795 3293 4872 Operanqumdam
3324 4799 3620 4872 inscripsit,

2045 4864 2420 4932 ineorutuque
2445 4864 2847 4938 Prteiatiouibus
2862 4868 2984 4920 eum
3014 4864 3383 4938 EpiscOpo’rum
3405 4864 3625 4931 sanctis;

2041 4940 2246 5001 cimum,
2274 4945 2423 5004 atque
2443 4937 2787 4989 doctissimum
2817 4948 2987 4991 vocat.

2115 5004 2142 5044 ι»
2179 5005 2410 5083 Primam
2441 5007 2811 5083 noiat‘AIarici
2837 5006 3142 5083 Gothorum
3173 5008 3335 5083 Ducis
3366 5012 3627 5083 irruptio-'-

2045 5086 2167 5132 nem
2194 5078 2245 5130 in
2263 5078 2484 5141 Italiam,
2502 5076 2657 5131 Juliis
2684 5078 2892 5145 alpibus
2914 5081 3197 5146 superatis,
3221 5097 3309 5136 an.
3328 5076 3622 5139 Dom-400.

2045 5151 2164 5201 dure
2185 5149 2327 5222 enim
2345 5149 2463 5222 altae
2482 5150 2816 5222 postmodum
2834 5162 2975 5202 anno
2997 5149 3121 5204 402.
3148 5161 3200 5205 et
3228 5152 3361 5218 408,
3390 5155 3629 5222 contige-

2046 5229 2188 5291 [ψη.
2219 5218 2323 5291 Sed
2349 5229 2405 5270 ut
2425 5219 2490 5271 de
2512 5219 2662 5291 tertia
2687 5220 3044 5291 minimceum
3070 5222 3210 5289 loqui
3238 5231 3467 5286 condet,
3485 5218 3626 5291 qu'od

2046 5288 2406 5351 Chromatius,
2431 5291 2515 5341 cui
2538 5287 2684 5356 Opus
2706 5289 3029 5352 inserihitur,
3072 5287 3197 5344 tunc
3236 5287 3627 5358 temporis—nou

2048 5360 2348 5413 adviveret:
2377 5362 2446 5413 ita
2469 5374 2566 5412 nec
2587 5358 2655 5412 de
2667 5360 2902 5413 secunda
2928 5374 3019 5424 par
3040 5360 3256 5414 credere
3277 5371 3359 5413 est
3373 5362 3535 5428 loqui,
3554 5364 3631 5414 si-

2049 5430 2287 5493 quidem,
2304 5436 2361 5481 nt
2379 5428 2709 5483 Foutaninus
2726 5432 2997 5492 observat,
3022 5444 3139 5482 eam
3162 5430 3474 5496 explicatius
3492 5432 3629 5485 indi;

2056 5514 2249 5564 casset,
2285 5514 2352 5553 ne
2381 5515 2500 5552 cum
2535 5502 2711 5563 priore
2733 5498 3180 5552 confunderetur:
3210 5500 3345 5552 hanc
3364 5511 3543 5554 autetu
3576 5508 3633 5555 et

2060 5579 2171 5623 toto
2192 5569 2535 5637 snhscqttcnti
2558 5577 2811 5623 contextu
2842 5568 3029 5637 innuit.
3053 5566 3335 5635 Conjicere‘
3358 5580 3531 5623 tamen
3563 5580 3631 5625 ex

2058 5653 2124 5693 eo
2156 5641 2293 5701 licet,
2324 5636 2427 5692 nou
2443 5640 2619 5691 statim
2634 5640 2698 5690 ab
2720 5638 2807 5690 illa
2828 5636 3141 5707 irruptione,
3166 5638 3258 5691 sed
3277 5648 3396 5703 post
3414 5639 3630 5707 aliquod

2061 5712 2318 5777 temporis
2340 5709 2584 5776 spatium,
2624 5720 2837 5779 manum
2859 5709 3014 5779 _op‘eri
3043 5706 3367 5779 adntotisse,
3398 5712 3462 5763 ad
3496 5706 3623 5779 fera-

2060 5782 2122 5834 lis
2143 5774 2284 5833 ciitii
2308 5774 2518 5847 aliquod
2538 5776 2835 5842 remedium,
2859 5774 3314 5846 inducentlatuque
3328 5774 3631 5837 obliuionem
