  <div class='ocr_page' id='page_1' title='image "/cluster/home/n/w/nwhite01/storage/ocr_20150623/21/hvd.32044015471360/237.png"; bbox 0 0 4166 6348; ppageno 0'>
   <div class='ocr_carea' id='block_1_1' title="bbox 549 311 2088 386">
    <p class='ocr_par' dir='ltr' id='par_1_1' title="bbox 549 311 2088 386">
     <span class='ocr_line' id='line_1_1' title="bbox 549 311 2088 386; baseline 0.002 -18"><span class='ocrx_word' id='word_1_1' title='bbox 549 311 655 368; x_wconf 72' lang='grc'><strong>465</strong></span> <span class='ocrx_word' id='word_1_2' title='bbox 1088 314 1312 373; x_wconf 69' lang='grc' dir='ltr'><strong>ΒΓῙἿΝΙ</strong></span> <span class='ocrx_word' id='word_1_3' title='bbox 1355 317 1825 386; x_wconf 71' lang='lat' dir='ltr'><strong>AQUILEIENSIS</strong></span> <span class='ocrx_word' id='word_1_4' title='bbox 1863 318 2088 373; x_wconf 50' lang='lat' dir='ltr'><strong>PRESB‘</strong></span> 
     </span>
    </p>
   </div>
   <div class='ocr_carea' id='block_1_2' title="bbox 2208 311 3832 386">
    <p class='ocr_par' dir='ltr' id='par_1_2' title="bbox 2208 315 3832 375">
     <span class='ocr_line' id='line_1_2' title="bbox 2208 315 3832 375; baseline 0 -3"><span class='ocrx_word' id='word_1_5' title='bbox 2208 317 2290 372; x_wconf 72' lang='lat' dir='ltr'><strong>IRI</strong></span> <span class='ocrx_word' id='word_1_6' title='bbox 2333 316 2502 373; x_wconf 81' lang='lat' dir='ltr'><strong>lllST.</strong></span> <span class='ocrx_word' id='word_1_7' title='bbox 2566 315 2844 372; x_wconf 69' lang='lat' dir='ltr'><strong>EClII.ES.</strong></span> <span class='ocrx_word' id='word_1_8' title='bbox 2903 316 3289 375; x_wconf 70' lang='grc' dir='ltr'><strong>[ἪιΕΡΑῚΊΟ.</strong></span> <span class='ocrx_word' id='word_1_9' title='bbox 3724 315 3832 373; x_wconf 74' lang='grc' dir='ltr'>ιθι</span> 
     </span>
    </p>
   </div>
   <div class='ocr_carea' id='block_1_3' title="bbox 555 427 3833 503">
    <p class='ocr_par' dir='ltr' id='par_1_3' title="bbox 555 427 3833 503">
     <span class='ocr_line' id='line_1_3' title="bbox 555 427 3833 503; baseline 0.002 -22"><span class='ocrx_word' id='word_1_10' title='bbox 555 428 727 496; x_wconf 68' lang='lat' dir='ltr'><strong>ruptis</strong></span> <span class='ocrx_word' id='word_1_11' title='bbox 754 427 917 482; x_wconf 81' lang='lat' dir='ltr'><strong>ltali:e</strong></span> <span class='ocrx_word' id='word_1_12' title='bbox 948 433 1135 485; x_wconf 74' lang='lat' dir='ltr'><strong>etansti</strong></span> <span class='ocrx_word' id='word_1_13' title='bbox 1153 434 1195 485; x_wconf 90' lang='lat' dir='ltr'><strong>is</strong></span> <span class='ocrx_word' id='word_1_14' title='bbox 1224 434 1291 486; x_wconf 86' lang='lat' dir='ltr'><strong>ab</strong></span> <span class='ocrx_word' id='word_1_15' title='bbox 1322 433 1534 488; x_wconf 79' lang='lat' dir='ltr'><strong>Alarico</strong></span> <span class='ocrx_word' id='word_1_16' title='bbox 1563 434 1699 487; x_wconf 87' lang='lat' dir='ltr'><strong>duce</strong></span> <span class='ocrx_word' id='word_1_17' title='bbox 1730 433 2051 497; x_wconf 75' lang='lat' dir='ltr'><strong>Gothorum,</strong></span> <span class='ocrx_word' id='word_1_18' title='bbox 2083 447 2142 487; x_wconf 89' lang='lat' dir='ltr'><strong>se</strong></span> <span class='ocrx_word' id='word_1_19' title='bbox 2167 432 2386 503; x_wconf 78' lang='lat' dir='ltr'><strong>peStiler</strong></span> <span class='ocrx_word' id='word_1_20' title='bbox 2414 434 2634 488; x_wconf 84' lang='lat' dir='ltr'><strong>morbus</strong></span> <span class='ocrx_word' id='word_1_21' title='bbox 2664 431 2881 498; x_wconf 72' lang='lat' dir='ltr'><strong>infudit,</strong></span> <span class='ocrx_word' id='word_1_22' title='bbox 2912 442 2966 487; x_wconf 92' lang='lat' dir='ltr'><strong>et</strong></span> <span class='ocrx_word' id='word_1_23' title='bbox 2996 447 3173 503; x_wconf 88' lang='lat' dir='ltr'><strong>agros,</strong></span> <span class='ocrx_word' id='word_1_24' title='bbox 3204 442 3469 494; x_wconf 88' lang='lat' dir='ltr'><strong>armenta.</strong></span> <span class='ocrx_word' id='word_1_25' title='bbox 3499 434 3644 486; x_wconf 81' lang='lat' dir='ltr'><strong>viros</strong></span> <span class='ocrx_word' id='word_1_26' title='bbox 3674 432 3833 501; x_wconf 70' lang='lat' dir='ltr'><strong>longe</strong></span> 
     </span>
    </p>
   </div>
   <div class='ocr_carea' id='block_1_4' title="bbox 550 518 3830 596">
    <p class='ocr_par' dir='ltr' id='par_1_4' title="bbox 550 518 3830 596">
     <span class='ocr_line' id='line_1_4' title="bbox 550 518 3830 596; baseline 0.002 -23"><span class='ocrx_word' id='word_1_27' title='bbox 550 518 766 589; x_wconf 81' lang='lat' dir='ltr'><strong>lateque</strong></span> <span class='ocrx_word' id='word_1_28' title='bbox 793 522 1041 586; x_wconf 82' lang='lat' dir='ltr'><strong>vastavit,</strong></span> <span class='ocrx_word' id='word_1_29' title='bbox 1079 525 1297 591; x_wconf 79' lang='lat' dir='ltr'><strong>populis</strong></span> <span class='ocrx_word' id='word_1_30' title='bbox 1324 524 1419 579; x_wconf 89' lang='lat' dir='ltr'><strong>tibi</strong></span> <span class='ocrx_word' id='word_1_31' title='bbox 1457 543 1485 579; x_wconf 90' lang='lat' dir='ltr'><strong>a</strong></span> <span class='ocrx_word' id='word_1_32' title='bbox 1538 525 1647 579; x_wconf 87' lang='lat' dir='ltr'><strong>Deo</strong></span> <span class='ocrx_word' id='word_1_33' title='bbox 1693 525 2003 579; x_wconf 58' lang='lat' dir='ltr'><strong>commiSsis</strong></span> <span class='ocrx_word' id='word_1_34' title='bbox 2046 526 2228 579; x_wconf 82' lang='lat' dir='ltr'><strong>feralis</strong></span> <span class='ocrx_word' id='word_1_35' title='bbox 2275 526 2423 579; x_wconf 79' lang='lat' dir='ltr'><strong>exilii</strong></span> <span class='ocrx_word' id='word_1_36' title='bbox 2465 525 2681 595; x_wconf 84' lang='lat' dir='ltr'><strong>aliquod</strong></span> <span class='ocrx_word' id='word_1_37' title='bbox 2727 524 3025 579; x_wconf 88' lang='lat' dir='ltr'><strong>remedium</strong></span> <span class='ocrx_word' id='word_1_38' title='bbox 3057 539 3324 594; x_wconf 62' lang='lat' dir='ltr'><strong>quaerens,</strong></span> <span class='ocrx_word' id='word_1_39' title='bbox 3359 540 3455 594; x_wconf 83' lang='lat' dir='ltr'><strong>per</strong></span> <span class='ocrx_word' id='word_1_40' title='bbox 3482 525 3624 594; x_wconf 90' lang='lat' dir='ltr'><strong>quod</strong></span> <span class='ocrx_word' id='word_1_41' title='bbox 3669 539 3830 596; x_wconf 65' lang='lat' dir='ltr'><strong>aegra</strong></span> 
     </span>
    </p>
   </div>
   <div class='ocr_carea' id='block_1_5' title="bbox 550 612 3832 685">
    <p class='ocr_par' dir='ltr' id='par_1_5' title="bbox 550 612 3832 685">
     <span class='ocr_line' id='line_1_5' title="bbox 550 612 3832 685; baseline 0.002 -22"><span class='ocrx_word' id='word_1_42' title='bbox 550 620 763 668; x_wconf 85' lang='lat' dir='ltr'><strong>mentes</strong></span> <span class='ocrx_word' id='word_1_43' title='bbox 790 612 858 667; x_wconf 84' lang='lat' dir='ltr'><strong>ab</strong></span> <span class='ocrx_word' id='word_1_44' title='bbox 890 612 1188 682; x_wconf 76' lang='lat' dir='ltr'><strong>ingruentis</strong></span> <span class='ocrx_word' id='word_1_45' title='bbox 1219 615 1341 668; x_wconf 89' lang='lat' dir='ltr'><strong>mali</strong></span> <span class='ocrx_word' id='word_1_46' title='bbox 1371 616 1689 683; x_wconf 84' lang='lat' dir='ltr'><strong>contagione</strong></span> <span class='ocrx_word' id='word_1_47' title='bbox 1718 616 2027 681; x_wconf 71' lang='lat' dir='ltr'><strong>subtractae,</strong></span> <span class='ocrx_word' id='word_1_48' title='bbox 2064 614 2375 669; x_wconf 81' lang='lat' dir='ltr'><strong>mel-oribus</strong></span> <span class='ocrx_word' id='word_1_49' title='bbox 2405 624 2679 685; x_wconf 69' lang='lat' dir='ltr'><strong>occupata:</strong></span> <span class='ocrx_word' id='word_1_50' title='bbox 2706 614 2899 669; x_wconf 87' lang='lat' dir='ltr'><strong>studiis</strong></span> <span class='ocrx_word' id='word_1_51' title='bbox 2931 624 3285 670; x_wconf 89' lang='lat' dir='ltr'><strong>tenerentur:</strong></span> <span class='ocrx_word' id='word_1_52' title='bbox 3337 614 3571 684; x_wconf 91' lang='lat' dir='ltr'><strong>iujuugis</strong></span> <span class='ocrx_word' id='word_1_53' title='bbox 3608 614 3743 671; x_wconf 86' lang='lat' dir='ltr'><strong>mihi</strong></span> <span class='ocrx_word' id='word_1_54' title='bbox 3770 625 3832 672; x_wconf 80' lang='lat' dir='ltr'><strong>ut</strong></span> 
     </span>
    </p>
   </div>
   <div class='ocr_carea' id='block_1_6' title="bbox 551 700 3827 777">
    <p class='ocr_par' dir='ltr' id='par_1_6' title="bbox 551 700 3827 777">
     <span class='ocr_line' id='line_1_6' title="bbox 551 700 3827 777; baseline 0.002 -21"><span class='ocrx_word' id='word_1_55' title='bbox 551 700 989 757; x_wconf 82' lang='lat' dir='ltr'><strong>Ecclesiasticam</strong></span> <span class='ocrx_word' id='word_1_56' title='bbox 1021 705 1325 768; x_wconf 85' lang='lat' dir='ltr'><strong>historiam,</strong></span> <span class='ocrx_word' id='word_1_57' title='bbox 1354 719 1514 773; x_wconf 88' lang='lat' dir='ltr'><strong>quam</strong></span> <span class='ocrx_word' id='word_1_58' title='bbox 1545 707 1630 758; x_wconf 75' lang='lat' dir='ltr'><strong>vir</strong></span> <span class='ocrx_word' id='word_1_59' title='bbox 1676 705 2073 761; x_wconf 88' lang='lat' dir='ltr'><strong>eruditissimus</strong></span> <span class='ocrx_word' id='word_1_60' title='bbox 2115 707 2384 761; x_wconf 81' lang='lat' dir='ltr'><strong>Eusebius</strong></span> <span class='ocrx_word' id='word_1_61' title='bbox 2437 705 2793 763; x_wconf 65' lang='lat' dir='ltr'><strong>Caesariensis</strong></span> <span class='ocrx_word' id='word_1_62' title='bbox 2831 706 3019 761; x_wconf 69' lang='lat' dir='ltr'><strong>Graeco</strong></span> <span class='ocrx_word' id='word_1_63' title='bbox 3065 720 3314 761; x_wconf 90' lang='lat' dir='ltr'><strong>sermone</strong></span> <span class='ocrx_word' id='word_1_64' title='bbox 3346 715 3371 744; x_wconf 71' lang='grc'><strong>⁸</strong></span> <span class='ocrx_word' id='word_1_65' title='bbox 3394 708 3736 777; x_wconf 71' lang='lat' dir='ltr'><strong>conscripsit,</strong></span> <span class='ocrx_word' id='word_1_66' title='bbox 3770 709 3827 763; x_wconf 90' lang='lat' dir='ltr'><strong>in</strong></span> 
     </span>
    </p>
   </div>
   <div class='ocr_carea' id='block_1_7' title="bbox 546 794 3828 866">
    <p class='ocr_par' dir='ltr' id='par_1_7' title="bbox 546 794 3828 866">
     <span class='ocr_line' id='line_1_7' title="bbox 546 794 3828 866; baseline 0 -17"><span class='ocrx_word' id='word_1_67' title='bbox 546 794 795 849; x_wconf 77' lang='lat' dir='ltr'><strong>Latinum</strong></span> <span class='ocrx_word' id='word_1_68' title='bbox 830 804 1031 849; x_wconf 81' lang='lat' dir='ltr'><strong>vertam</strong></span> <span class='ocrx_word' id='word_1_69' title='bbox 1056 813 1067 847; x_wconf 91' lang='lat'><strong>:</strong></span> <span class='ocrx_word' id='word_1_70' title='bbox 1097 798 1454 866; x_wconf 66' lang='lat'><strong>211-213</strong></span> <span class='ocrx_word' id='word_1_71' title='bbox 1485 796 1637 864; x_wconf 83' lang='lat' dir='ltr'><strong>cujus</strong></span> <span class='ocrx_word' id='word_1_72' title='bbox 1663 797 1893 851; x_wconf 89' lang='lat' dir='ltr'><strong>lectione</strong></span> <span class='ocrx_word' id='word_1_73' title='bbox 1918 798 2132 851; x_wconf 89' lang='lat' dir='ltr'><strong>animus</strong></span> <span class='ocrx_word' id='word_1_74' title='bbox 2161 797 2490 850; x_wconf 85' lang='lat' dir='ltr'><strong>audientium</strong></span> <span class='ocrx_word' id='word_1_75' title='bbox 2514 799 2747 862; x_wconf 82' lang='lat' dir='ltr'><strong>vinctus,</strong></span> <span class='ocrx_word' id='word_1_76' title='bbox 2773 795 2900 851; x_wconf 91' lang='lat' dir='ltr'><strong>dum</strong></span> <span class='ocrx_word' id='word_1_77' title='bbox 2929 795 3173 850; x_wconf 87' lang='lat' dir='ltr'><strong>notitiam</strong></span> <span class='ocrx_word' id='word_1_78' title='bbox 3206 812 3388 851; x_wconf 91' lang='lat' dir='ltr'><strong>rerum</strong></span> <span class='ocrx_word' id='word_1_79' title='bbox 3413 808 3689 865; x_wconf 89' lang='lat' dir='ltr'><strong>gestarum</strong></span> <span class='ocrx_word' id='word_1_80' title='bbox 3714 802 3828 853; x_wconf 87' lang='lat' dir='ltr'><strong>avi—</strong></span> 
     </span>
    </p>
   </div>
   <div class='ocr_carea' id='block_1_8' title="bbox 543 886 3823 958">
    <p class='ocr_par' dir='ltr' id='par_1_8' title="bbox 543 886 3823 958">
     <span class='ocr_line' id='line_1_8' title="bbox 543 886 3823 958; baseline 0.002 -17"><span class='ocrx_word' id='word_1_81' title='bbox 543 888 666 942; x_wconf 81' lang='lat' dir='ltr'><strong>dius</strong></span> <span class='ocrx_word' id='word_1_82' title='bbox 695 889 847 956; x_wconf 90' lang='lat' dir='ltr'><strong>petit,</strong></span> <span class='ocrx_word' id='word_1_83' title='bbox 881 886 1205 940; x_wconf 85' lang='lat' dir='ltr'><strong>oblivionem</strong></span> <span class='ocrx_word' id='word_1_84' title='bbox 1232 888 1632 956; x_wconf 86' lang='lat' dir='ltr'><strong>quodammodo</strong></span> <span class='ocrx_word' id='word_1_85' title='bbox 1656 889 1942 953; x_wconf 89' lang='lat' dir='ltr'><strong>malorum,</strong></span> <span class='ocrx_word' id='word_1_86' title='bbox 1971 904 2091 958; x_wconf 70' lang='lat' dir='ltr'><strong>quae</strong></span> <span class='ocrx_word' id='word_1_87' title='bbox 2117 898 2455 957; x_wconf 75' lang='lat' dir='ltr'><strong>gererentur,</strong></span> <span class='ocrx_word' id='word_1_88' title='bbox 2477 889 2774 957; x_wconf 76' lang='lat' dir='ltr'><strong>acciperet.</strong></span> <span class='ocrx_word' id='word_1_89' title='bbox 2807 891 2847 943; x_wconf 85' lang='lat' dir='ltr'><strong>A</strong></span> <span class='ocrx_word' id='word_1_90' title='bbox 2872 902 2978 957; x_wconf 92' lang='lat' dir='ltr'><strong>quo</strong></span> <span class='ocrx_word' id='word_1_91' title='bbox 3004 902 3105 958; x_wconf 88' lang='lat' dir='ltr'><strong>ego</strong></span> <span class='ocrx_word' id='word_1_92' title='bbox 3125 902 3290 957; x_wconf 89' lang='lat' dir='ltr'><strong>opere</strong></span> <span class='ocrx_word' id='word_1_93' title='bbox 3313 903 3434 943; x_wconf 89' lang='lat' dir='ltr'><strong>cum</strong></span> <span class='ocrx_word' id='word_1_94' title='bbox 3448 906 3711 946; x_wconf 82' lang='lat' dir='ltr'><strong>excusare</strong></span> <span class='ocrx_word' id='word_1_95' title='bbox 3734 906 3823 946; x_wconf 80' lang='lat' dir='ltr'><strong>me</strong></span> 
     </span>
    </p>
   </div>
   <div class='ocr_carea' id='block_1_9' title="bbox 544 978 3823 1049">
    <p class='ocr_par' dir='ltr' id='par_1_9' title="bbox 544 978 3823 1049">
     <span class='ocr_line' id='line_1_9' title="bbox 544 978 3823 1049; baseline 0.001 -17"><span class='ocrx_word' id='word_1_96' title='bbox 544 980 761 1041; x_wconf 88' lang='lat' dir='ltr'><strong>vellem,</strong></span> <span class='ocrx_word' id='word_1_97' title='bbox 794 987 975 1048; x_wconf 86' lang='lat' dir='ltr'><strong>utpote</strong></span> <span class='ocrx_word' id='word_1_98' title='bbox 1006 978 1223 1033; x_wconf 79' lang='lat' dir='ltr'><strong>inferior</strong></span> <span class='ocrx_word' id='word_1_99' title='bbox 1254 988 1310 1034; x_wconf 92' lang='lat' dir='ltr'><strong>et</strong></span> <span class='ocrx_word' id='word_1_100' title='bbox 1337 980 1529 1049; x_wconf 82' lang='lat' dir='ltr'><strong>impar,</strong></span> <span class='ocrx_word' id='word_1_101' title='bbox 1562 989 1616 1035; x_wconf 91' lang='lat' dir='ltr'><strong>et</strong></span> <span class='ocrx_word' id='word_1_102' title='bbox 1648 981 1738 1046; x_wconf 90' lang='lat' dir='ltr'><strong>qui</strong></span> <span class='ocrx_word' id='word_1_103' title='bbox 1775 980 1827 1033; x_wconf 93' lang='lat' dir='ltr'><strong>in</strong></span> <span class='ocrx_word' id='word_1_104' title='bbox 1861 992 1967 1034; x_wconf 87' lang='lat' dir='ltr'><strong>tam</strong></span> <span class='ocrx_word' id='word_1_105' title='bbox 2011 982 2193 1035; x_wconf 90' lang='lat' dir='ltr'><strong>multis</strong></span> <span class='ocrx_word' id='word_1_106' title='bbox 2235 983 2389 1037; x_wconf 91' lang='lat' dir='ltr'><strong>annis</strong></span> <span class='ocrx_word' id='word_1_107' title='bbox 2431 996 2583 1037; x_wconf 91' lang='lat' dir='ltr'><strong>usum</strong></span> <span class='ocrx_word' id='word_1_108' title='bbox 2629 981 2802 1036; x_wconf 82' lang='lat' dir='ltr'><strong>Latini</strong></span> <span class='ocrx_word' id='word_1_109' title='bbox 2843 982 3107 1036; x_wconf 77' lang='lat' dir='ltr'><strong>sermonis</strong></span> <span class='ocrx_word' id='word_1_110' title='bbox 3149 982 3448 1047; x_wconf 81' lang='lat' dir='ltr'><strong>amiserint,</strong></span> <span class='ocrx_word' id='word_1_111' title='bbox 3481 983 3721 1038; x_wconf 73' lang='lat' dir='ltr'><strong>considet</strong></span> <span class='ocrx_word' id='word_1_112' title='bbox 3736 982 3823 1037; x_wconf 80' lang='lat' dir='ltr'><strong>avi</strong></span> 
     </span>
    </p>
   </div>
   <div class='ocr_carea' id='block_1_10' title="bbox 542 1072 3822 1144">
    <p class='ocr_par' dir='ltr' id='par_1_10' title="bbox 542 1072 3822 1144">
     <span class='ocr_line' id='line_1_10' title="bbox 542 1072 3822 1144; baseline 0.001 -19"><span class='ocrx_word' id='word_1_113' title='bbox 542 1072 682 1143; x_wconf 89' lang='lat' dir='ltr'><strong>quod</strong></span> <span class='ocrx_word' id='word_1_114' title='bbox 709 1087 814 1125; x_wconf 94' lang='lat' dir='ltr'><strong>non</strong></span> <span class='ocrx_word' id='word_1_115' title='bbox 846 1072 1048 1140; x_wconf 85' lang='lat' dir='ltr'><strong>absque</strong></span> <span class='ocrx_word' id='word_1_116' title='bbox 1076 1075 1256 1142; x_wconf 80' lang='lat' dir='ltr'><strong>aliquo</strong></span> <span class='ocrx_word' id='word_1_117' title='bbox 1284 1076 1608 1143; x_wconf 78' lang='lat' dir='ltr'><strong>Apostolicze</strong></span> <span class='ocrx_word' id='word_1_118' title='bbox 1642 1074 1668 1113; x_wconf 69' lang='grc' dir='ltr'>ιι</span> <span class='ocrx_word' id='word_1_119' title='bbox 1696 1076 2048 1130; x_wconf 84' lang='lat' dir='ltr'><strong>institutionis</strong></span> <span class='ocrx_word' id='word_1_120' title='bbox 2095 1076 2285 1130; x_wconf 90' lang='lat' dir='ltr'><strong>ordine</strong></span> <span class='ocrx_word' id='word_1_121' title='bbox 2311 1076 2466 1131; x_wconf 91' lang='lat' dir='ltr'><strong>nobis</strong></span> <span class='ocrx_word' id='word_1_122' title='bbox 2496 1077 2593 1130; x_wconf 87' lang='lat' dir='ltr'><strong>ista</strong></span> <span class='ocrx_word' id='word_1_123' title='bbox 2629 1076 2968 1144; x_wconf 73' lang='lat' dir='ltr'><strong>prmciperes.</strong></span> <span class='ocrx_word' id='word_1_124' title='bbox 3015 1076 3146 1131; x_wconf 75' lang='lat' dir='ltr'><strong>Nam</strong></span> <span class='ocrx_word' id='word_1_125' title='bbox 3189 1086 3243 1131; x_wconf 93' lang='lat' dir='ltr'><strong>et</strong></span> <span class='ocrx_word' id='word_1_126' title='bbox 3265 1088 3385 1131; x_wconf 90' lang='lat' dir='ltr'><strong>cum</strong></span> <span class='ocrx_word' id='word_1_127' title='bbox 3429 1078 3687 1131; x_wconf 87' lang='lat' dir='ltr'><strong>Dominus</strong></span> <span class='ocrx_word' id='word_1_128' title='bbox 3725 1076 3822 1129; x_wconf 88' lang='lat' dir='ltr'><strong>ali-</strong></span> 
     </span>
    </p>
   </div>
   <div class='ocr_carea' id='block_1_11' title="bbox 542 1163 3820 1235">
    <p class='ocr_par' dir='ltr' id='par_1_11' title="bbox 542 1163 3820 1235">
     <span class='ocr_line' id='line_1_11' title="bbox 542 1163 3820 1235; baseline 0 -18"><span class='ocrx_word' id='word_1_129' title='bbox 542 1164 757 1232; x_wconf 83' lang='lat' dir='ltr'><strong>quando</strong></span> <span class='ocrx_word' id='word_1_130' title='bbox 782 1164 1144 1219; x_wconf 79' lang='lat' dir='ltr'><strong>esurientibus</strong></span> <span class='ocrx_word' id='word_1_131' title='bbox 1178 1166 1230 1219; x_wconf 92' lang='lat' dir='ltr'><strong>in</strong></span> <span class='ocrx_word' id='word_1_132' title='bbox 1261 1166 1479 1221; x_wconf 89' lang='lat' dir='ltr'><strong>deserto</strong></span> <span class='ocrx_word' id='word_1_133' title='bbox 1506 1167 1809 1219; x_wconf 86' lang='lat' dir='ltr'><strong>auditorum</strong></span> <span class='ocrx_word' id='word_1_134' title='bbox 1845 1166 2034 1231; x_wconf 89' lang='lat' dir='ltr'><strong>turbis,</strong></span> <span class='ocrx_word' id='word_1_135' title='bbox 2065 1166 2289 1220; x_wconf 78' lang='lat' dir='ltr'><strong>dixisset</strong></span> <span class='ocrx_word' id='word_1_136' title='bbox 2316 1167 2381 1219; x_wconf 91' lang='lat' dir='ltr'><strong>ad</strong></span> <span class='ocrx_word' id='word_1_137' title='bbox 2408 1166 2697 1235; x_wconf 82' lang='lat' dir='ltr'><strong>Apostolus</strong></span> <span class='ocrx_word' id='word_1_138' title='bbox 2723 1181 2736 1218; x_wconf 91' lang='lat'><strong>:</strong></span> <span class='ocrx_word' id='word_1_139' title='bbox 2766 1163 2901 1219; x_wconf 86' lang='lat' dir='ltr'><strong>Date</strong></span> <span class='ocrx_word' id='word_1_140' title='bbox 2926 1165 2999 1218; x_wconf 79' lang='lat' dir='ltr'><strong>eis</strong></span> <span class='ocrx_word' id='word_1_141' title='bbox 3024 1181 3112 1217; x_wconf 76' lang='lat' dir='ltr'><strong>eos</strong></span> <span class='ocrx_word' id='word_1_142' title='bbox 3137 1166 3493 1219; x_wconf 80' lang='lat' dir='ltr'><strong>manducare:</strong></span> <span class='ocrx_word' id='word_1_143' title='bbox 3545 1166 3820 1233; x_wconf 82' lang='lat' dir='ltr'><strong>Philippus</strong></span> 
     </span>
    </p>
   </div>
   <div class='ocr_carea' id='block_1_12' title="bbox 538 1257 3814 1331">
    <p class='ocr_par' dir='ltr' id='par_1_12' title="bbox 538 1257 3814 1331">
     <span class='ocr_line' id='line_1_12' title="bbox 538 1257 3814 1331; baseline 0 -22"><span class='ocrx_word' id='word_1_144' title='bbox 538 1273 674 1311; x_wconf 90' lang='lat' dir='ltr'><strong>unus</strong></span> <span class='ocrx_word' id='word_1_145' title='bbox 702 1274 767 1312; x_wconf 87' lang='lat' dir='ltr'><strong>ex</strong></span> <span class='ocrx_word' id='word_1_146' title='bbox 800 1260 1081 1328; x_wconf 84' lang='lat' dir='ltr'><strong>Apostolis</strong></span> <span class='ocrx_word' id='word_1_147' title='bbox 1109 1259 1444 1331; x_wconf 69' lang='lat' dir='ltr'><strong>intellfgens,</strong></span> <span class='ocrx_word' id='word_1_148' title='bbox 1472 1275 1539 1314; x_wconf 90' lang='lat' dir='ltr'><strong>eo</strong></span> <span class='ocrx_word' id='word_1_149' title='bbox 1562 1260 1734 1328; x_wconf 82' lang='lat' dir='ltr'><strong>magis</strong></span> <span class='ocrx_word' id='word_1_150' title='bbox 1765 1259 2142 1327; x_wconf 81' lang='lat' dir='ltr'><strong>splendescere</strong></span> <span class='ocrx_word' id='word_1_151' title='bbox 2169 1259 2363 1313; x_wconf 75' lang='lat' dir='ltr'><strong>divinte</strong></span> <span class='ocrx_word' id='word_1_152' title='bbox 2390 1260 2503 1313; x_wconf 30' lang='lat' dir='ltr'><strong>virt‘</strong></span> <span class='ocrx_word' id='word_1_153' title='bbox 2534 1262 2602 1313; x_wconf 92' lang='lat' dir='ltr'><strong>tis</strong></span> <span class='ocrx_word' id='word_1_154' title='bbox 2632 1258 2877 1327; x_wconf 77' lang='lat' dir='ltr'><strong>insignia,</strong></span> <span class='ocrx_word' id='word_1_155' title='bbox 2910 1260 2955 1311; x_wconf 89' lang='lat' dir='ltr'><strong>si</strong></span> <span class='ocrx_word' id='word_1_156' title='bbox 2986 1258 3253 1312; x_wconf 90' lang='lat' dir='ltr'><strong>minorum</strong></span> <span class='ocrx_word' id='word_1_157' title='bbox 3281 1272 3616 1327; x_wconf 89' lang='lat' dir='ltr'><strong>quorumque</strong></span> <span class='ocrx_word' id='word_1_158' title='bbox 3660 1257 3814 1311; x_wconf 87' lang='lat' dir='ltr'><strong>mini-</strong></span> 
     </span>
    </p>
   </div>
   <div class='ocr_carea' id='block_1_13' title="bbox 538 1348 3816 1421">
    <p class='ocr_par' dir='ltr' id='par_1_13' title="bbox 538 1348 3816 1421">
     <span class='ocr_line' id='line_1_13' title="bbox 538 1348 3816 1421; baseline 0 -18"><span class='ocrx_word' id='word_1_159' title='bbox 538 1348 719 1404; x_wconf 79' lang='lat' dir='ltr'><strong>steriis</strong></span> <span class='ocrx_word' id='word_1_160' title='bbox 752 1352 1125 1421; x_wconf 85' lang='lat' dir='ltr'><strong>explerentur,</strong></span> <span class='ocrx_word' id='word_1_161' title='bbox 1162 1368 1268 1406; x_wconf 91' lang='lat' dir='ltr'><strong>non</strong></span> <span class='ocrx_word' id='word_1_162' title='bbox 1307 1353 1527 1419; x_wconf 84' lang='lat' dir='ltr'><strong>protulit</strong></span> <span class='ocrx_word' id='word_1_163' title='bbox 1560 1367 1724 1419; x_wconf 81' lang='lat' dir='ltr'><strong>panes</strong></span> <span class='ocrx_word' id='word_1_164' title='bbox 1756 1350 2082 1417; x_wconf 63' lang='lat' dir='ltr'><strong>AltOsloiit‘a!</strong></span> <span class='ocrx_word' id='word_1_165' title='bbox 2115 1351 2425 1405; x_wconf 86' lang='lat' dir='ltr'><strong>reconditos</strong></span> <span class='ocrx_word' id='word_1_166' title='bbox 2459 1366 2619 1419; x_wconf 72' lang='lat' dir='ltr'><strong>pem,</strong></span> <span class='ocrx_word' id='word_1_167' title='bbox 2652 1352 2744 1404; x_wconf 75' lang='lat' dir='ltr'><strong>sed</strong></span> <span class='ocrx_word' id='word_1_168' title='bbox 2779 1350 3059 1419; x_wconf 89' lang='lat' dir='ltr'><strong>puerulum</strong></span> <span class='ocrx_word' id='word_1_169' title='bbox 3099 1352 3291 1407; x_wconf 70' lang='lat' dir='ltr'><strong>adesse</strong></span> <span class='ocrx_word' id='word_1_170' title='bbox 3335 1352 3486 1415; x_wconf 89' lang='lat' dir='ltr'><strong>dicit,</strong></span> <span class='ocrx_word' id='word_1_171' title='bbox 3530 1351 3816 1405; x_wconf 83' lang='lat' dir='ltr'><strong>habentem</strong></span> 
     </span>
    </p>
   </div>
   <div class='ocr_carea' id='block_1_14' title="bbox 533 1441 3812 1514">
    <p class='ocr_par' dir='ltr' id='par_1_14' title="bbox 533 1441 3812 1514">
     <span class='ocr_line' id='line_1_14' title="bbox 533 1441 3812 1514; baseline 0.002 -22"><span class='ocrx_word' id='word_1_172' title='bbox 533 1441 771 1511; x_wconf 87' lang='lat' dir='ltr'><strong>quinque</strong></span> <span class='ocrx_word' id='word_1_173' title='bbox 801 1456 987 1509; x_wconf 84' lang='lat' dir='ltr'><strong>panes,</strong></span> <span class='ocrx_word' id='word_1_174' title='bbox 1023 1453 1075 1498; x_wconf 90' lang='lat' dir='ltr'><strong>et</strong></span> <span class='ocrx_word' id='word_1_175' title='bbox 1104 1444 1242 1499; x_wconf 90' lang='lat' dir='ltr'><strong>duos</strong></span> <span class='ocrx_word' id='word_1_176' title='bbox 1272 1445 1464 1513; x_wconf 84' lang='lat' dir='ltr'><strong>pisces.</strong></span> <span class='ocrx_word' id='word_1_177' title='bbox 1491 1445 1659 1512; x_wconf 85' lang='lat' dir='ltr'><strong>Quem</strong></span> <span class='ocrx_word' id='word_1_178' title='bbox 1692 1443 1997 1498; x_wconf 80' lang='lat' dir='ltr'><strong>verecunde</strong></span> <span class='ocrx_word' id='word_1_179' title='bbox 2023 1458 2305 1509; x_wconf 79' lang='lat' dir='ltr'><strong>excusans,</strong></span> <span class='ocrx_word' id='word_1_180' title='bbox 2331 1444 2559 1513; x_wconf 83' lang='lat' dir='ltr'><strong>adjecit:</strong></span> <span class='ocrx_word' id='word_1_181' title='bbox 2590 1444 2695 1500; x_wconf 85' lang='lat' dir='ltr'><strong>Sed</strong></span> <span class='ocrx_word' id='word_1_182' title='bbox 2727 1444 2833 1498; x_wconf 76' lang='lat' dir='ltr'><strong>lucc</strong></span> <span class='ocrx_word' id='word_1_183' title='bbox 2851 1444 2975 1513; x_wconf 81' lang='lat' dir='ltr'><strong>quid</strong></span> <span class='ocrx_word' id='word_1_184' title='bbox 3000 1453 3118 1497; x_wconf 84' lang='lat' dir='ltr'><strong>sunt</strong></span> <span class='ocrx_word' id='word_1_185' title='bbox 3140 1444 3273 1497; x_wconf 84' lang='lat' dir='ltr'><strong>inter</strong></span> <span class='ocrx_word' id='word_1_186' title='bbox 3295 1453 3460 1497; x_wconf 78' lang='lat' dir='ltr'><strong>tantos</strong></span> <span class='ocrx_word' id='word_1_187' title='bbox 3485 1442 3699 1514; x_wconf 76' lang='lat' dir='ltr'><strong>(Matth.</strong></span> <span class='ocrx_word' id='word_1_188' title='bbox 3725 1445 3812 1511; x_wconf 67' lang='lat' dir='ltr'><strong>l4;</strong></span> 
     </span>
    </p>
   </div>
   <div class='ocr_carea' id='block_1_15' title="bbox 532 1530 3817 1607">
    <p class='ocr_par' dir='ltr' id='par_1_15' title="bbox 532 1530 3817 1607">
     <span class='ocr_line' id='line_1_15' title="bbox 532 1530 3817 1607; baseline 0.002 -22"><span class='ocrx_word' id='word_1_189' title='bbox 532 1530 699 1585; x_wconf 72' lang='lat' dir='ltr'><strong>Marc.</strong></span> <span class='ocrx_word' id='word_1_190' title='bbox 730 1533 783 1596; x_wconf 80' lang='lat' dir='ltr'><strong>li;</strong></span> <span class='ocrx_word' id='word_1_191' title='bbox 815 1532 943 1586; x_wconf 86' lang='lat' dir='ltr'><strong>Luc.</strong></span> <span class='ocrx_word' id='word_1_192' title='bbox 970 1534 1051 1603; x_wconf 86' lang='lat'><strong>9.)</strong></span> <span class='ocrx_word' id='word_1_193' title='bbox 1072 1539 1093 1585; x_wconf 74' lang='lat' dir='ltr'><strong>‘t</strong></span> <span class='ocrx_word' id='word_1_194' title='bbox 1116 1550 1222 1604; x_wconf 89' lang='lat' dir='ltr'><strong>quo</strong></span> <span class='ocrx_word' id='word_1_195' title='bbox 1253 1535 1420 1606; x_wconf 75' lang='lat' dir='ltr'><strong>magis</strong></span> <span class='ocrx_word' id='word_1_196' title='bbox 1447 1535 1499 1589; x_wconf 92' lang='lat' dir='ltr'><strong>in</strong></span> <span class='ocrx_word' id='word_1_197' title='bbox 1522 1536 1763 1604; x_wconf 83' lang='lat' dir='ltr'><strong>angustis</strong></span> <span class='ocrx_word' id='word_1_198' title='bbox 1790 1536 1978 1604; x_wconf 88' lang='lat' dir='ltr'><strong>opibus</strong></span> <span class='ocrx_word' id='word_1_199' title='bbox 2006 1545 2058 1589; x_wconf 92' lang='lat' dir='ltr'><strong>et</strong></span> <span class='ocrx_word' id='word_1_200' title='bbox 2091 1535 2391 1604; x_wconf 82' lang='lat' dir='ltr'><strong>desperatis</strong></span> <span class='ocrx_word' id='word_1_201' title='bbox 2416 1536 2561 1590; x_wconf 89' lang='lat' dir='ltr'><strong>clara</strong></span> <span class='ocrx_word' id='word_1_202' title='bbox 2593 1536 2742 1589; x_wconf 78' lang='lat' dir='ltr'><strong>ﬁeret</strong></span> <span class='ocrx_word' id='word_1_203' title='bbox 2763 1535 2940 1590; x_wconf 87' lang='lat' dir='ltr'><strong>divina</strong></span> <span class='ocrx_word' id='word_1_204' title='bbox 2974 1538 3235 1607; x_wconf 90' lang='lat' dir='ltr'><strong>potentia.</strong></span> <span class='ocrx_word' id='word_1_205' title='bbox 3259 1536 3450 1591; x_wconf 89' lang='lat' dir='ltr'><strong>Sciens</strong></span> <span class='ocrx_word' id='word_1_206' title='bbox 3476 1552 3601 1605; x_wconf 84' lang='lat' dir='ltr'><strong>ergo</strong></span> <span class='ocrx_word' id='word_1_207' title='bbox 3622 1551 3685 1591; x_wconf 85' lang='lat' dir='ltr'><strong>ex</strong></span> <span class='ocrx_word' id='word_1_208' title='bbox 3710 1537 3817 1592; x_wconf 65' lang='lat' dir='ltr'><strong>ills</strong></span> 
     </span>
    </p>
   </div>
   <div class='ocr_carea' id='block_1_16' title="bbox 537 1627 3815 1698">
    <p class='ocr_par' dir='ltr' id='par_1_16' title="bbox 537 1627 3815 1698">
     <span class='ocr_line' id='line_1_16' title="bbox 537 1627 3815 1698; baseline 0.002 -21"><span class='ocrx_word' id='word_1_209' title='bbox 537 1636 589 1678; x_wconf 90' lang='lat' dir='ltr'><strong>te</strong></span> <span class='ocrx_word' id='word_1_210' title='bbox 612 1639 827 1693; x_wconf 84' lang='lat' dir='ltr'><strong>quoque</strong></span> <span class='ocrx_word' id='word_1_211' title='bbox 852 1627 1185 1682; x_wconf 84' lang='lat' dir='ltr'><strong>descendere</strong></span> <span class='ocrx_word' id='word_1_212' title='bbox 1215 1628 1533 1697; x_wconf 86' lang='lat' dir='ltr'><strong>disciplinis,</strong></span> <span class='ocrx_word' id='word_1_213' title='bbox 1567 1629 1881 1682; x_wconf 67' lang='lat' dir='ltr'><strong>recordatus</strong></span> <span class='ocrx_word' id='word_1_214' title='bbox 1909 1628 2049 1698; x_wconf 86' lang='lat' dir='ltr'><strong>quod</strong></span> <span class='ocrx_word' id='word_1_215' title='bbox 2082 1628 2311 1697; x_wconf 86' lang='lat' dir='ltr'><strong>Philippi</strong></span> <span class='ocrx_word' id='word_1_216' title='bbox 2354 1628 2606 1681; x_wconf 80' lang='lat' dir='ltr'><strong>fortassis</strong></span> <span class='ocrx_word' id='word_1_217' title='bbox 2652 1629 2928 1697; x_wconf 85' lang='lat' dir='ltr'><strong>exemplo,</strong></span> <span class='ocrx_word' id='word_1_218' title='bbox 2983 1630 3071 1683; x_wconf 89' lang='lat' dir='ltr'><strong>ubi</strong></span> <span class='ocrx_word' id='word_1_219' title='bbox 3105 1630 3359 1698; x_wconf 85' lang='lat' dir='ltr'><strong>pascendi</strong></span> <span class='ocrx_word' id='word_1_220' title='bbox 3393 1630 3576 1684; x_wconf 90' lang='lat' dir='ltr'><strong>tmbas</strong></span> <span class='ocrx_word' id='word_1_221' title='bbox 3603 1637 3815 1698; x_wconf 86' lang='lat' dir='ltr'><strong>tempus</strong></span> 
     </span>
    </p>
   </div>
   <div class='ocr_carea' id='block_1_17' title="bbox 532 1718 3813 1791">
    <p class='ocr_par' dir='ltr' id='par_1_17' title="bbox 532 1718 3813 1791">
     <span class='ocr_line' id='line_1_17' title="bbox 532 1718 3813 1791; baseline 0.002 -24"><span class='ocrx_word' id='word_1_222' title='bbox 532 1718 735 1782; x_wconf 77' lang='lat' dir='ltr'><strong>vidisti,</strong></span> <span class='ocrx_word' id='word_1_223' title='bbox 765 1721 1047 1788; x_wconf 86' lang='lat' dir='ltr'><strong>puerulum</strong></span> <span class='ocrx_word' id='word_1_224' title='bbox 1077 1720 1475 1790; x_wconf 78' lang='lat' dir='ltr'><strong>subrogavcris,</strong></span> <span class='ocrx_word' id='word_1_225' title='bbox 1506 1722 1595 1791; x_wconf 92' lang='lat' dir='ltr'><strong>qui</strong></span> <span class='ocrx_word' id='word_1_226' title='bbox 1629 1736 1793 1789; x_wconf 88' lang='lat' dir='ltr'><strong>panes</strong></span> <span class='ocrx_word' id='word_1_227' title='bbox 1813 1722 2029 1790; x_wconf 88' lang='lat' dir='ltr'><strong>quidem</strong></span> <span class='ocrx_word' id='word_1_228' title='bbox 2065 1722 2300 1791; x_wconf 80' lang='lat' dir='ltr'><strong>quinque</strong></span> <span class='ocrx_word' id='word_1_229' title='bbox 2326 1723 2468 1775; x_wconf 89' lang='lat' dir='ltr'><strong>sicut</strong></span> <span class='ocrx_word' id='word_1_230' title='bbox 2493 1731 2801 1788; x_wconf 84' lang='lat' dir='ltr'><strong>acceperat,</strong></span> <span class='ocrx_word' id='word_1_231' title='bbox 2824 1721 3128 1789; x_wconf 88' lang='lat' dir='ltr'><strong>duplicatos</strong></span> <span class='ocrx_word' id='word_1_232' title='bbox 3152 1723 3450 1785; x_wconf 84' lang='lat' dir='ltr'><strong>adhiberet,</strong></span> <span class='ocrx_word' id='word_1_233' title='bbox 3498 1720 3563 1774; x_wconf 83' lang='lat' dir='ltr'><strong>ad</strong></span> <span class='ocrx_word' id='word_1_234' title='bbox 3593 1718 3813 1788; x_wconf 61' lang='lat' dir='ltr'><strong>expleno</strong></span> 
     </span>
    </p>
   </div>
   <div class='ocr_carea' id='block_1_18' title="bbox 530 1811 3814 1881">
    <p class='ocr_par' dir='ltr' id='par_1_18' title="bbox 530 1811 3814 1881">
     <span class='ocr_line' id='line_1_18' title="bbox 530 1811 3814 1881; baseline 0 -19"><span class='ocrx_word' id='word_1_235' title='bbox 530 1813 657 1863; x_wconf 88' lang='lat' dir='ltr'><strong>dum</strong></span> <span class='ocrx_word' id='word_1_236' title='bbox 696 1819 876 1865; x_wconf 86' lang='lat' dir='ltr'><strong>tamen</strong></span> <span class='ocrx_word' id='word_1_237' title='bbox 905 1811 1283 1881; x_wconf 83' lang='lat' dir='ltr'><strong>Evangelieum</strong></span> <span class='ocrx_word' id='word_1_238' title='bbox 1315 1813 1749 1879; x_wconf 85' lang='lat' dir='ltr'><strong>Sacramentum,</strong></span> <span class='ocrx_word' id='word_1_239' title='bbox 1780 1812 1999 1878; x_wconf 58' lang='lat' dir='ltr'><strong>prolzrio</strong></span> <span class='ocrx_word' id='word_1_240' title='bbox 2027 1813 2209 1867; x_wconf 85' lang='lat' dir='ltr'><strong>labore</strong></span> <span class='ocrx_word' id='word_1_241' title='bbox 2233 1821 2422 1881; x_wconf 88' lang='lat' dir='ltr'><strong>captos</strong></span> <span class='ocrx_word' id='word_1_242' title='bbox 2453 1812 2677 1865; x_wconf 87' lang='lat' dir='ltr'><strong>adderet</strong></span> <span class='ocrx_word' id='word_1_243' title='bbox 2704 1812 2866 1866; x_wconf 88' lang='lat' dir='ltr'><strong>etiam</strong></span> <span class='ocrx_word' id='word_1_244' title='bbox 2894 1812 3181 1880; x_wconf 86' lang='lat' dir='ltr'><strong>pisciculos</strong></span> <span class='ocrx_word' id='word_1_245' title='bbox 3206 1812 3363 1876; x_wconf 90' lang='lat' dir='ltr'><strong>duos,</strong></span> <span class='ocrx_word' id='word_1_246' title='bbox 3388 1822 3668 1879; x_wconf 84' lang='lat' dir='ltr'><strong>aggressus</strong></span> <span class='ocrx_word' id='word_1_247' title='bbox 3691 1824 3814 1864; x_wconf 88' lang='lat' dir='ltr'><strong>sum</strong></span> 
     </span>
    </p>
   </div>
   <div class='ocr_carea' id='block_1_19' title="bbox 532 1899 3809 1972">
    <p class='ocr_par' dir='ltr' id='par_1_19' title="bbox 532 1899 3809 1972">
     <span class='ocr_line' id='line_1_19' title="bbox 532 1899 3809 1972; baseline -0.001 -16"><span class='ocrx_word' id='word_1_248' title='bbox 532 1899 777 1970; x_wconf 85' lang='lat' dir='ltr'><strong>exsequi,</strong></span> <span class='ocrx_word' id='word_1_249' title='bbox 816 1911 872 1956; x_wconf 92' lang='lat' dir='ltr'><strong>ut</strong></span> <span class='ocrx_word' id='word_1_250' title='bbox 897 1903 1067 1972; x_wconf 90' lang='lat' dir='ltr'><strong>potui,</strong></span> <span class='ocrx_word' id='word_1_251' title='bbox 1092 1906 1232 1971; x_wconf 87' lang='lat' dir='ltr'><strong>quod</strong></span> <span class='ocrx_word' id='word_1_252' title='bbox 1266 1917 1603 1972; x_wconf 66' lang='lat' dir='ltr'><strong>prmceperas</strong></span> <span class='ocrx_word' id='word_1_253' title='bbox 1629 1920 1643 1956; x_wconf 87' lang='lat'><strong>:</strong></span> <span class='ocrx_word' id='word_1_254' title='bbox 1676 1912 1856 1958; x_wconf 88' lang='lat' dir='ltr'><strong>certus</strong></span> <span class='ocrx_word' id='word_1_255' title='bbox 1877 1903 2021 1971; x_wconf 89' lang='lat' dir='ltr'><strong>quod</strong></span> <span class='ocrx_word' id='word_1_256' title='bbox 2051 1902 2330 1956; x_wconf 80' lang='lat' dir='ltr'><strong>excusabit</strong></span> <span class='ocrx_word' id='word_1_257' title='bbox 2358 1902 2643 1968; x_wconf 64' lang='lat' dir='ltr'><strong>imperitia:</strong></span> <span class='ocrx_word' id='word_1_258' title='bbox 2661 1912 2858 1956; x_wconf 68' lang='lat' dir='ltr'><strong>nostra:</strong></span> <span class='ocrx_word' id='word_1_259' title='bbox 2883 1903 3088 1968; x_wconf 81' lang='lat' dir='ltr'><strong>culpas,</strong></span> <span class='ocrx_word' id='word_1_260' title='bbox 3116 1900 3475 1969; x_wconf 72' lang='lat' dir='ltr'><strong>prmcipientis</strong></span> <span class='ocrx_word' id='word_1_261' title='bbox 3498 1902 3809 1959; x_wconf 84' lang='lat' dir='ltr'><strong>auctoritas.</strong></span> 
     </span>
    </p>
   </div>
   <div class='ocr_carea' id='block_1_20' title="bbox 600 1990 3815 2063">
    <p class='ocr_par' dir='ltr' id='par_1_20' title="bbox 600 1990 3815 2063">
     <span class='ocr_line' id='line_1_20' title="bbox 600 1990 3815 2063; baseline -0 -16"><span class='ocrx_word' id='word_1_262' title='bbox 600 1992 893 2047; x_wconf 86' lang='lat' dir='ltr'><strong>Sciendum</strong></span> <span class='ocrx_word' id='word_1_263' title='bbox 925 2008 1054 2048; x_wconf 86' lang='lat' dir='ltr'><strong>sane</strong></span> <span class='ocrx_word' id='word_1_264' title='bbox 1084 2004 1185 2059; x_wconf 81' lang='lat' dir='ltr'><strong>est,</strong></span> <span class='ocrx_word' id='word_1_265' title='bbox 1220 1994 1359 2061; x_wconf 89' lang='lat' dir='ltr'><strong>quod</strong></span> <span class='ocrx_word' id='word_1_266' title='bbox 1387 1992 1629 2047; x_wconf 82' lang='lat' dir='ltr'><strong>decimus</strong></span> <span class='ocrx_word' id='word_1_267' title='bbox 1658 1994 1795 2047; x_wconf 89' lang='lat' dir='ltr'><strong>liber</strong></span> <span class='ocrx_word' id='word_1_268' title='bbox 1826 1992 1984 2061; x_wconf 89' lang='lat' dir='ltr'><strong>hujus</strong></span> <span class='ocrx_word' id='word_1_269' title='bbox 2011 1994 2194 2063; x_wconf 85' lang='lat' dir='ltr'><strong>operis</strong></span> <span class='ocrx_word' id='word_1_270' title='bbox 2224 1992 2277 2046; x_wconf 89' lang='lat' dir='ltr'><strong>in</strong></span> <span class='ocrx_word' id='word_1_271' title='bbox 2312 1990 2528 2059; x_wconf 73' lang='lat' dir='ltr'><strong>Grmco,</strong></span> <span class='ocrx_word' id='word_1_272' title='bbox 2578 1993 2830 2061; x_wconf 82' lang='lat' dir='ltr'><strong>quoniam</strong></span> <span class='ocrx_word' id='word_1_273' title='bbox 2868 2006 3161 2063; x_wconf 26' lang='lat' dir='ltr'><strong>.perparum</strong></span> <span class='ocrx_word' id='word_1_274' title='bbox 3198 1991 3425 2045; x_wconf 88' lang='lat' dir='ltr'><strong>habebat</strong></span> <span class='ocrx_word' id='word_1_275' title='bbox 3454 1991 3505 2044; x_wconf 92' lang='lat' dir='ltr'><strong>in</strong></span> <span class='ocrx_word' id='word_1_276' title='bbox 3531 1990 3691 2045; x_wconf 87' lang='lat' dir='ltr'><strong>rebus</strong></span> <span class='ocrx_word' id='word_1_277' title='bbox 3719 2006 3815 2061; x_wconf 84' lang='lat' dir='ltr'><strong>ge-</strong></span> 
     </span>
    </p>
   </div>
   <div class='ocr_carea' id='block_1_21' title="bbox 532 2083 3812 2158">
    <p class='ocr_par' dir='ltr' id='par_1_21' title="bbox 532 2083 3812 2158">
     <span class='ocr_line' id='line_1_21' title="bbox 532 2083 3812 2158; baseline 0 -19"><span class='ocrx_word' id='word_1_278' title='bbox 532 2085 654 2150; x_wconf 79' lang='lat' dir='ltr'><strong>Stis,</strong></span> <span class='ocrx_word' id='word_1_279' title='bbox 692 2101 785 2154; x_wconf 92' lang='lat' dir='ltr'><strong>per</strong></span> <span class='ocrx_word' id='word_1_280' title='bbox 813 2088 1016 2156; x_wconf 86' lang='lat' dir='ltr'><strong>reliqua</strong></span> <span class='ocrx_word' id='word_1_281' title='bbox 1047 2088 1224 2142; x_wconf 90' lang='lat' dir='ltr'><strong>omnia</strong></span> <span class='ocrx_word' id='word_1_282' title='bbox 1258 2088 1309 2142; x_wconf 90' lang='lat' dir='ltr'><strong>in</strong></span> <span class='ocrx_word' id='word_1_283' title='bbox 1341 2088 1730 2158; x_wconf 85' lang='lat' dir='ltr'><strong>Episcoporum</strong></span> <span class='ocrx_word' id='word_1_284' title='bbox 1754 2087 2035 2157; x_wconf 65' lang='lat' dir='ltr'><strong>panegyrit</strong></span> <span class='ocrx_word' id='word_1_285' title='bbox 2055 2086 2099 2140; x_wconf 65' lang='lat' dir='ltr'><strong>is</strong></span> <span class='ocrx_word' id='word_1_286' title='bbox 2131 2086 2473 2150; x_wconf 87' lang='lat' dir='ltr'><strong>tractatibus,</strong></span> <span class='ocrx_word' id='word_1_287' title='bbox 2508 2086 2638 2140; x_wconf 90' lang='lat' dir='ltr'><strong>nihil</strong></span> <span class='ocrx_word' id='word_1_288' title='bbox 2681 2086 2747 2138; x_wconf 86' lang='lat' dir='ltr'><strong>ad</strong></span> <span class='ocrx_word' id='word_1_289' title='bbox 2778 2085 3059 2139; x_wconf 85' lang='lat' dir='ltr'><strong>scientiam</strong></span> <span class='ocrx_word' id='word_1_290' title='bbox 3088 2100 3266 2139; x_wconf 89' lang='lat' dir='ltr'><strong>rerum</strong></span> <span class='ocrx_word' id='word_1_291' title='bbox 3292 2083 3688 2140; x_wconf 79' lang='lat' dir='ltr'><strong>conferentibus</strong></span> <span class='ocrx_word' id='word_1_292' title='bbox 3713 2100 3812 2142; x_wconf 81' lang='lat' dir='ltr'><strong>oc-</strong></span> 
     </span>
    </p>
   </div>
   <div class='ocr_carea' id='block_1_22' title="bbox 523 2176 3812 2249">
    <p class='ocr_par' dir='ltr' id='par_1_22' title="bbox 523 2176 3812 2249">
     <span class='ocr_line' id='line_1_22' title="bbox 523 2176 3812 2249; baseline 0.001 -18"><span class='ocrx_word' id='word_1_293' title='bbox 523 2184 773 2246; x_wconf 86' lang='lat' dir='ltr'><strong>cnpatus,</strong></span> <span class='ocrx_word' id='word_1_294' title='bbox 804 2179 1023 2233; x_wconf 86' lang='lat' dir='ltr'><strong>omissis</strong></span> <span class='ocrx_word' id='word_1_295' title='bbox 1055 2194 1174 2249; x_wconf 71' lang='lat' dir='ltr'><strong>quze</strong></span> <span class='ocrx_word' id='word_1_296' title='bbox 1207 2179 1524 2235; x_wconf 81' lang='lat' dir='ltr'><strong>ridebantur</strong></span> <span class='ocrx_word' id='word_1_297' title='bbox 1554 2179 1854 2247; x_wconf 85' lang='lat' dir='ltr'><strong>superﬂua,</strong></span> <span class='ocrx_word' id='word_1_298' title='bbox 1887 2179 2127 2233; x_wconf 66' lang='lat' dir='ltr'><strong>historia:</strong></span> <span class='ocrx_word' id='word_1_299' title='bbox 2155 2178 2201 2231; x_wconf 90' lang='lat' dir='ltr'><strong>si</strong></span> <span class='ocrx_word' id='word_1_300' title='bbox 2232 2178 2357 2246; x_wconf 86' lang='lat' dir='ltr'><strong>quid</strong></span> <span class='ocrx_word' id='word_1_301' title='bbox 2383 2179 2591 2244; x_wconf 76' lang='lat' dir='ltr'><strong>habuit,</strong></span> <span class='ocrx_word' id='word_1_302' title='bbox 2627 2194 2771 2232; x_wconf 94' lang='lat' dir='ltr'><strong>nono</strong></span> <span class='ocrx_word' id='word_1_303' title='bbox 2801 2176 3179 2245; x_wconf 80' lang='lat' dir='ltr'><strong>eoujnnximus</strong></span> <span class='ocrx_word' id='word_1_304' title='bbox 3208 2178 3366 2243; x_wconf 85' lang='lat' dir='ltr'><strong>libro,</strong></span> <span class='ocrx_word' id='word_1_305' title='bbox 3395 2188 3449 2233; x_wconf 95' lang='lat' dir='ltr'><strong>et</strong></span> <span class='ocrx_word' id='word_1_306' title='bbox 3478 2178 3530 2232; x_wconf 93' lang='lat' dir='ltr'><strong>in</strong></span> <span class='ocrx_word' id='word_1_307' title='bbox 3560 2179 3675 2247; x_wconf 90' lang='lat' dir='ltr'><strong>ipso</strong></span> <span class='ocrx_word' id='word_1_308' title='bbox 3706 2180 3812 2233; x_wconf 81' lang='lat' dir='ltr'><strong>Eu-</strong></span> 
     </span>
    </p>
   </div>
   <div class='ocr_carea' id='block_1_23' title="bbox 530 2272 3811 2348">
    <p class='ocr_par' dir='ltr' id='par_1_23' title="bbox 530 2272 3811 2348">
     <span class='ocr_line' id='line_1_23' title="bbox 530 2272 3811 2348; baseline 0.002 -22"><span class='ocrx_word' id='word_1_309' title='bbox 530 2272 663 2326; x_wconf 89' lang='lat' dir='ltr'><strong>sebii</strong></span> <span class='ocrx_word' id='word_1_310' title='bbox 692 2272 987 2327; x_wconf 87' lang='lat' dir='ltr'><strong>narrationi</strong></span> <span class='ocrx_word' id='word_1_311' title='bbox 1022 2273 1130 2346; x_wconf 69' lang='lat'><strong>[.41.</strong></span> <span class='ocrx_word' id='word_1_312' title='bbox 1168 2276 1515 2348; x_wconf 81' lang='lat' dir='ltr'><strong>narration=s]</strong></span> <span class='ocrx_word' id='word_1_313' title='bbox 1548 2277 1792 2331; x_wconf 81' lang='lat' dir='ltr'><strong>dedimus</strong></span> <span class='ocrx_word' id='word_1_314' title='bbox 1826 2278 2003 2330; x_wconf 80' lang='lat' dir='ltr'><strong>tinem.</strong></span> <span class='ocrx_word' id='word_1_315' title='bbox 2053 2277 2327 2332; x_wconf 68' lang='lat' dir='ltr'><strong>Derimum</strong></span> <span class='ocrx_word' id='word_1_316' title='bbox 2369 2293 2495 2331; x_wconf 83' lang='lat' dir='ltr'><strong>vero</strong></span> <span class='ocrx_word' id='word_1_317' title='bbox 2545 2286 2597 2329; x_wconf 87' lang='lat' dir='ltr'><strong>et</strong></span> <span class='ocrx_word' id='word_1_318' title='bbox 2648 2277 2987 2331; x_wconf 90' lang='lat' dir='ltr'><strong>undecimum</strong></span> <span class='ocrx_word' id='word_1_319' title='bbox 3037 2278 3230 2331; x_wconf 87' lang='lat' dir='ltr'><strong>librum</strong></span> <span class='ocrx_word' id='word_1_320' title='bbox 3267 2291 3364 2329; x_wconf 90' lang='lat' dir='ltr'><strong>nos</strong></span> <span class='ocrx_word' id='word_1_321' title='bbox 3393 2276 3811 2345; x_wconf 83' lang='lat' dir='ltr'><strong>conscripsimus</strong></span> 
     </span>
    </p>
   </div>
   <div class='ocr_carea' id='block_1_24' title="bbox 528 2361 3809 2439">
    <p class='ocr_par' dir='ltr' id='par_1_24' title="bbox 528 2361 3809 2439">
     <span class='ocr_line' id='line_1_24' title="bbox 528 2361 3809 2439; baseline 0.003 -23"><span class='ocrx_word' id='word_1_322' title='bbox 528 2361 721 2431; x_wconf 87' lang='lat' dir='ltr'><strong>partim</strong></span> <span class='ocrx_word' id='word_1_323' title='bbox 749 2376 813 2415; x_wconf 89' lang='lat' dir='ltr'><strong>ex</strong></span> <span class='ocrx_word' id='word_1_324' title='bbox 848 2364 1113 2431; x_wconf 82' lang='lat' dir='ltr'><strong>majorum</strong></span> <span class='ocrx_word' id='word_1_325' title='bbox 1148 2366 1546 2427; x_wconf 82' lang='lat' dir='ltr'><strong>traditionibus.</strong></span> <span class='ocrx_word' id='word_1_326' title='bbox 1580 2368 1772 2435; x_wconf 86' lang='lat' dir='ltr'><strong>partim</strong></span> <span class='ocrx_word' id='word_1_327' title='bbox 1798 2384 1861 2421; x_wconf 92' lang='lat' dir='ltr'><strong>ex</strong></span> <span class='ocrx_word' id='word_1_328' title='bbox 1897 2367 1979 2422; x_wconf 89' lang='lat' dir='ltr'><strong>his</strong></span> <span class='ocrx_word' id='word_1_329' title='bbox 2002 2384 2121 2437; x_wconf 72' lang='lat' dir='ltr'><strong>qua:</strong></span> <span class='ocrx_word' id='word_1_330' title='bbox 2148 2379 2328 2423; x_wconf 64' lang='lat' dir='ltr'><strong>nostra</strong></span> <span class='ocrx_word' id='word_1_331' title='bbox 2348 2370 2458 2439; x_wconf 89' lang='lat' dir='ltr'><strong>jam</strong></span> <span class='ocrx_word' id='word_1_332' title='bbox 2485 2368 2742 2422; x_wconf 81' lang='lat' dir='ltr'><strong>memoria</strong></span> <span class='ocrx_word' id='word_1_333' title='bbox 2772 2368 3362 2437; x_wconf 79' lang='lat' dir='ltr'><strong>comprehenderatzet</strong></span> <span class='ocrx_word' id='word_1_334' title='bbox 3390 2382 3485 2421; x_wconf 84' lang='lat' dir='ltr'><strong>eos</strong></span> <span class='ocrx_word' id='word_1_335' title='bbox 3504 2370 3649 2422; x_wconf 83' lang='lat' dir='ltr'><strong>velut</strong></span> <span class='ocrx_word' id='word_1_336' title='bbox 3668 2370 3809 2427; x_wconf 84' lang='lat' dir='ltr'><strong>duos</strong></span> 
     </span>
    </p>
   </div>
   <div class='ocr_carea' id='block_1_25' title="bbox 527 2453 3808 2529">
    <p class='ocr_par' dir='ltr' id='par_1_25' title="bbox 527 2453 3808 2529">
     <span class='ocr_line' id='line_1_25' title="bbox 527 2453 3808 2529; baseline 0.004 -26"><span class='ocrx_word' id='word_1_337' title='bbox 527 2453 812 2520; x_wconf 86' lang='lat' dir='ltr'><strong>pisciculos</strong></span> <span class='ocrx_word' id='word_1_338' title='bbox 841 2468 1005 2523; x_wconf 86' lang='lat' dir='ltr'><strong>supra</strong></span> <span class='ocrx_word' id='word_1_339' title='bbox 1038 2456 1252 2523; x_wconf 74' lang='lat' dir='ltr'><strong>si-riptis</strong></span> <span class='ocrx_word' id='word_1_340' title='bbox 1282 2457 1509 2523; x_wconf 88' lang='lat' dir='ltr'><strong>panibus</strong></span> <span class='ocrx_word' id='word_1_341' title='bbox 1537 2458 1859 2511; x_wconf 86' lang='lat' dir='ltr'><strong>addidimus.</strong></span> <span class='ocrx_word' id='word_1_342' title='bbox 1899 2458 2043 2525; x_wconf 84' lang='lat' dir='ltr'><strong>Quos</strong></span> <span class='ocrx_word' id='word_1_343' title='bbox 2066 2460 2110 2512; x_wconf 92' lang='lat' dir='ltr'><strong>si</strong></span> <span class='ocrx_word' id='word_1_344' title='bbox 2144 2470 2196 2513; x_wconf 91' lang='lat' dir='ltr'><strong>tu</strong></span> <span class='ocrx_word' id='word_1_345' title='bbox 2234 2471 2257 2500; x_wconf 76' lang='grc' dir='ltr'><strong><em>ο</em></strong></span> <span class='ocrx_word' id='word_1_346' title='bbox 2292 2461 2626 2529; x_wconf 80' lang='lat' dir='ltr'><strong>probaveris,</strong></span> <span class='ocrx_word' id='word_1_347' title='bbox 2660 2461 2739 2514; x_wconf 74' lang='lat' dir='ltr'><strong>vel</strong></span> <span class='ocrx_word' id='word_1_348' title='bbox 2784 2460 3147 2525; x_wconf 82' lang='lat' dir='ltr'><strong>benedixeris,</strong></span> <span class='ocrx_word' id='word_1_349' title='bbox 3199 2475 3295 2529; x_wconf 90' lang='lat' dir='ltr'><strong>pro</strong></span> <span class='ocrx_word' id='word_1_350' title='bbox 3337 2469 3486 2513; x_wconf 90' lang='lat' dir='ltr'><strong>certo</strong></span> <span class='ocrx_word' id='word_1_351' title='bbox 3537 2463 3808 2517; x_wconf 86' lang='lat' dir='ltr'><strong>conlidam</strong></span> 
     </span>
    </p>
   </div>
   <div class='ocr_carea' id='block_1_26' title="bbox 452 2546 3808 2621">
    <p class='ocr_par' dir='ltr' id='par_1_26' title="bbox 452 2546 3808 2621">
     <span class='ocr_line' id='line_1_26' title="bbox 452 2546 3808 2621; baseline 0.002 -24"><span class='ocrx_word' id='word_1_352' title='bbox 452 2600 455 2605; x_wconf 25' lang='grc' dir='ltr'><strong><em>ί</em></strong></span> <span class='ocrx_word' id='word_1_353' title='bbox 520 2546 661 2614; x_wconf 87' lang='lat' dir='ltr'><strong>quod</strong></span> <span class='ocrx_word' id='word_1_354' title='bbox 692 2546 962 2600; x_wconf 79' lang='lat' dir='ltr'><strong>suilicient</strong></span> <span class='ocrx_word' id='word_1_355' title='bbox 990 2547 1179 2601; x_wconf 86' lang='lat' dir='ltr'><strong>turbis.</strong></span> <span class='ocrx_word' id='word_1_356' title='bbox 1207 2548 1461 2601; x_wconf 68' lang='lat' dir='ltr'><strong>(Inminet</strong></span> <span class='ocrx_word' id='word_1_357' title='bbox 1490 2559 1664 2602; x_wconf 88' lang='lat' dir='ltr'><strong>autem</strong></span> <span class='ocrx_word' id='word_1_358' title='bbox 1698 2549 1838 2602; x_wconf 89' lang='lat' dir='ltr'><strong>idem</strong></span> <span class='ocrx_word' id='word_1_359' title='bbox 1868 2564 2028 2603; x_wconf 89' lang='lat' dir='ltr'><strong>omne</strong></span> <span class='ocrx_word' id='word_1_360' title='bbox 2066 2565 2201 2619; x_wconf 89' lang='lat' dir='ltr'><strong>opus</strong></span> <span class='ocrx_word' id='word_1_361' title='bbox 2232 2566 2319 2605; x_wconf 89' lang='lat' dir='ltr'><strong>res</strong></span> <span class='ocrx_word' id='word_1_362' title='bbox 2356 2553 2408 2604; x_wconf 92' lang='lat' dir='ltr'><strong>in</strong></span> <span class='ocrx_word' id='word_1_363' title='bbox 2452 2550 2689 2604; x_wconf 83' lang='lat' dir='ltr'><strong>Ecclesia</strong></span> <span class='ocrx_word' id='word_1_364' title='bbox 2738 2558 2916 2621; x_wconf 82' lang='lat' dir='ltr'><strong>gestas</strong></span> <span class='ocrx_word' id='word_1_365' title='bbox 2965 2565 2995 2605; x_wconf 90' lang='lat' dir='ltr'><strong>a</strong></span> <span class='ocrx_word' id='word_1_366' title='bbox 3044 2551 3338 2604; x_wconf 85' lang='lat' dir='ltr'><strong>Salvatoris</strong></span> <span class='ocrx_word' id='word_1_367' title='bbox 3371 2551 3722 2615; x_wconf 81' lang='lat' dir='ltr'><strong>Ascensione,</strong></span> <span class='ocrx_word' id='word_1_368' title='bbox 3753 2561 3808 2608; x_wconf 84' lang='lat' dir='ltr'><strong>et</strong></span> 
     </span>
    </p>
   </div>
   <div class='ocr_carea' id='block_1_27' title="bbox 522 2638 3807 2713">
    <p class='ocr_par' dir='ltr' id='par_1_27' title="bbox 522 2638 3807 2713">
     <span class='ocr_line' id='line_1_27' title="bbox 522 2638 3807 2713; baseline 0.003 -24"><span class='ocrx_word' id='word_1_369' title='bbox 522 2638 802 2702; x_wconf 87' lang='lat' dir='ltr'><strong>deinceps.</strong></span> <span class='ocrx_word' id='word_1_370' title='bbox 837 2638 1016 2693; x_wconf 52' lang='lat' dir='ltr'><strong>Nosrri</strong></span> <span class='ocrx_word' id='word_1_371' title='bbox 1049 2655 1176 2693; x_wconf 87' lang='lat' dir='ltr'><strong>vero</strong></span> <span class='ocrx_word' id='word_1_372' title='bbox 1203 2640 1307 2693; x_wconf 91' lang='lat' dir='ltr'><strong>duo</strong></span> <span class='ocrx_word' id='word_1_373' title='bbox 1335 2640 1500 2695; x_wconf 71' lang='lat' dir='ltr'><strong>lihelli</strong></span> <span class='ocrx_word' id='word_1_374' title='bbox 1532 2657 1558 2694; x_wconf 85' lang='lat' dir='ltr'><strong>a</strong></span> <span class='ocrx_word' id='word_1_375' title='bbox 1594 2641 1928 2711; x_wconf 80' lang='lat' dir='ltr'><strong>temporibus</strong></span> <span class='ocrx_word' id='word_1_376' title='bbox 1957 2641 2297 2698; x_wconf 82' lang='lat' dir='ltr'><strong>Constantini</strong></span> <span class='ocrx_word' id='word_1_377' title='bbox 2329 2654 2445 2713; x_wconf 90' lang='lat' dir='ltr'><strong>post</strong></span> <span class='ocrx_word' id='word_1_378' title='bbox 2478 2644 2936 2713; x_wconf 86' lang='lat' dir='ltr'><strong>persecutionem,</strong></span> <span class='ocrx_word' id='word_1_379' title='bbox 2980 2658 3148 2713; x_wconf 90' lang='lat' dir='ltr'><strong>usque</strong></span> <span class='ocrx_word' id='word_1_380' title='bbox 3174 2642 3241 2698; x_wconf 89' lang='lat' dir='ltr'><strong>ad</strong></span> <span class='ocrx_word' id='word_1_381' title='bbox 3270 2644 3471 2700; x_wconf 90' lang='lat' dir='ltr'><strong>obitum</strong></span> <span class='ocrx_word' id='word_1_382' title='bbox 3514 2644 3807 2700; x_wconf 84' lang='lat' dir='ltr'><strong>Theodosii</strong></span> 
     </span>
    </p>
   </div>
   <div class='ocr_carea' id='block_1_28' title="bbox 526 2731 771 2797">
    <p class='ocr_par' dir='ltr' id='par_1_28' title="bbox 526 2731 771 2797">
     <span class='ocr_line' id='line_1_28' title="bbox 526 2731 771 2797; baseline -0.008 -12"><span class='ocrx_word' id='word_1_383' title='bbox 526 2731 771 2797; x_wconf 74' lang='lat' dir='ltr'><strong>Augusti.</strong></span> 
     </span>
    </p>
   </div>
   <div class='ocr_carea' id='block_1_29' title="bbox 516 2865 3804 2939">
    <p class='ocr_par' dir='ltr' id='par_1_29' title="bbox 516 2865 3804 2939">
     <span class='ocr_line' id='line_1_29' title="bbox 516 2865 3804 2939; baseline 0.002 -19"><span class='ocrx_word' id='word_1_384' title='bbox 516 2867 1177 2939; x_wconf 70' lang='lat' dir='ltr'><strong>quodammodomalorum,</strong></span> <span class='ocrx_word' id='word_1_385' title='bbox 1202 2884 1314 2936; x_wconf 63' lang='lat' dir='ltr'><strong>qum</strong></span> <span class='ocrx_word' id='word_1_386' title='bbox 1334 2878 1645 2939; x_wconf 53' lang='lat' dir='ltr'><strong>gererentur.</strong></span> <span class='ocrx_word' id='word_1_387' title='bbox 1670 2867 2102 2939; x_wconf 84' lang='lat' dir='ltr'><strong>Scripseritadeo</strong></span> <span class='ocrx_word' id='word_1_388' title='bbox 2134 2877 2182 2937; x_wconf 68' lang='grc' dir='ltr'>Α</span> <span class='ocrx_word' id='word_1_389' title='bbox 2280 2866 2307 2905; x_wconf 66' lang='grc' dir='ltr'>δ</span> <span class='ocrx_word' id='word_1_390' title='bbox 2350 2866 2689 2939; x_wconf 79' lang='lat' dir='ltr'><strong>iuterseruut</strong></span> <span class='ocrx_word' id='word_1_391' title='bbox 2726 2866 2861 2921; x_wconf 81' lang='lat' dir='ltr'><strong>sedis</strong></span> <span class='ocrx_word' id='word_1_392' title='bbox 2908 2865 3069 2939; x_wconf 84' lang='lat' dir='ltr'><strong>iidem</strong></span> <span class='ocrx_word' id='word_1_393' title='bbox 3118 2865 3325 2939; x_wconf 44' lang='lat' dir='ltr'><strong>Vadica</strong></span> <span class='ocrx_word' id='word_1_394' title='bbox 3354 2867 3589 2922; x_wconf 83' lang='lat' dir='ltr'><strong>codices.</strong></span> <span class='ocrx_word' id='word_1_395' title='bbox 3624 2870 3804 2937; x_wconf 77' lang='lat' dir='ltr'><strong>Atque</strong></span> 
     </span>
    </p>
   </div>
   <div class='ocr_carea' id='block_1_30' title="bbox 518 2936 2100 3009">
    <p class='ocr_par' dir='ltr' id='par_1_30' title="bbox 518 2936 2100 3009">
     <span class='ocr_line' id='line_1_30' title="bbox 518 2936 2100 3009; baseline 0.003 -20"><span class='ocrx_word' id='word_1_396' title='bbox 518 2944 584 2989; x_wconf 70' lang='lat' dir='ltr'><strong>hu</strong></span> <span class='ocrx_word' id='word_1_397' title='bbox 604 2954 633 2991; x_wconf 91' lang='lat' dir='ltr'><strong>c</strong></span> <span class='ocrx_word' id='word_1_398' title='bbox 660 2938 877 2992; x_wconf 73' lang='lat' dir='ltr'><strong>liulinus</strong></span> <span class='ocrx_word' id='word_1_399' title='bbox 898 2944 1189 3007; x_wconf 82' lang='lat' dir='ltr'><strong>insequenti</strong></span> <span class='ocrx_word' id='word_1_400' title='bbox 1216 2936 1356 2992; x_wconf 87' lang='lat' dir='ltr'><strong>anno</strong></span> <span class='ocrx_word' id='word_1_401' title='bbox 1376 2936 1500 2993; x_wconf 75' lang='grc'><strong>401.</strong></span> <span class='ocrx_word' id='word_1_402' title='bbox 1518 2940 1758 3008; x_wconf 82' lang='lat' dir='ltr'><strong>Nuperus</strong></span> <span class='ocrx_word' id='word_1_403' title='bbox 1784 2936 2004 3009; x_wconf 89' lang='lat' dir='ltr'><strong>hujusce</strong></span> <span class='ocrx_word' id='word_1_404' title='bbox 2018 2938 2100 2993; x_wconf 88' lang='lat' dir='ltr'><strong>Hi-</strong></span> 
     </span>
    </p>
   </div>
   <div class='ocr_carea' id='block_1_31' title="bbox 516 3008 2095 3077">
    <p class='ocr_par' dir='ltr' id='par_1_31' title="bbox 516 3008 2095 3077">
     <span class='ocr_line' id='line_1_31' title="bbox 516 3008 2095 3077; baseline 0.001 -16"><span class='ocrx_word' id='word_1_405' title='bbox 516 3020 577 3061; x_wconf 57' lang='lat' dir='ltr'><strong>st»</strong></span> <span class='ocrx_word' id='word_1_406' title='bbox 606 3012 694 3062; x_wconf 64' lang='lat' dir='ltr'><strong>ria:</strong></span> <span class='ocrx_word' id='word_1_407' title='bbox 712 3011 906 3064; x_wconf 83' lang='lat' dir='ltr'><strong>editor.</strong></span> <span class='ocrx_word' id='word_1_408' title='bbox 931 3008 989 3063; x_wconf 64' lang='grc' dir='ltr'>ι’.</span> <span class='ocrx_word' id='word_1_409' title='bbox 1007 3011 1308 3064; x_wconf 77' lang='lat' dir='ltr'><strong>Cacciarius</strong></span> <span class='ocrx_word' id='word_1_410' title='bbox 1322 3010 1629 3075; x_wconf 77' lang='lat' dir='ltr'><strong>Carinelita,</strong></span> <span class='ocrx_word' id='word_1_411' title='bbox 1650 3008 1964 3065; x_wconf 81' lang='lat' dir='ltr'><strong>cumdebac</strong></span> <span class='ocrx_word' id='word_1_412' title='bbox 1981 3012 2095 3077; x_wconf 85' lang='lat' dir='ltr'><strong>ipsa</strong></span> 
     </span>
    </p>
   </div>
   <div class='ocr_carea' id='block_1_32' title="bbox 518 3082 2100 3147">
    <p class='ocr_par' dir='ltr' id='par_1_32' title="bbox 518 3082 2100 3147">
     <span class='ocr_line' id='line_1_32' title="bbox 518 3082 2100 3147; baseline 0.002 -16"><span class='ocrx_word' id='word_1_413' title='bbox 518 3082 811 3145; x_wconf 89' lang='lat' dir='ltr'><strong>irruptioue</strong></span> <span class='ocrx_word' id='word_1_414' title='bbox 831 3096 1133 3135; x_wconf 78' lang='lat' dir='ltr'><strong>sermonem</strong></span> <span class='ocrx_word' id='word_1_415' title='bbox 1166 3096 1302 3147; x_wconf 87' lang='lat' dir='ltr'><strong>esse,</strong></span> <span class='ocrx_word' id='word_1_416' title='bbox 1336 3098 1437 3134; x_wconf 90' lang='lat' dir='ltr'><strong>non</strong></span> <span class='ocrx_word' id='word_1_417' title='bbox 1468 3082 2100 3145; x_wconf 79' lang='lat' dir='ltr'><strong>diiiiteatur,ratiooibus</strong></span> 
     </span>
    </p>
   </div>
   <div class='ocr_carea' id='block_1_33' title="bbox 518 3152 2097 3221">
    <p class='ocr_par' dir='ltr' id='par_1_33' title="bbox 518 3152 2097 3221">
     <span class='ocr_line' id='line_1_33' title="bbox 518 3152 2097 3221; baseline 0.002 -21"><span class='ocrx_word' id='word_1_418' title='bbox 518 3163 567 3204; x_wconf 89' lang='lat' dir='ltr'><strong>ta</strong></span> <span class='ocrx_word' id='word_1_419' title='bbox 594 3176 602 3200; x_wconf 71' lang='grc' dir='ltr'><em>α</em></span> <span class='ocrx_word' id='word_1_420' title='bbox 628 3168 693 3205; x_wconf 91' lang='lat' dir='ltr'><strong>en</strong></span> <span class='ocrx_word' id='word_1_421' title='bbox 716 3152 1071 3205; x_wconf 87' lang='lat' dir='ltr'><strong>subduceudis</strong></span> <span class='ocrx_word' id='word_1_422' title='bbox 1096 3162 1293 3219; x_wconf 72' lang='lat' dir='ltr'><strong>peceat,</strong></span> <span class='ocrx_word' id='word_1_423' title='bbox 1322 3168 1441 3205; x_wconf 89' lang='lat' dir='ltr'><strong>nam</strong></span> <span class='ocrx_word' id='word_1_424' title='bbox 1468 3163 1520 3205; x_wconf 91' lang='lat' dir='ltr'><strong>et</strong></span> <span class='ocrx_word' id='word_1_425' title='bbox 1552 3154 1819 3206; x_wconf 81' lang='lat' dir='ltr'><strong>Alaricum</strong></span> <span class='ocrx_word' id='word_1_426' title='bbox 1849 3162 2097 3221; x_wconf 86' lang='lat' dir='ltr'><strong>putatag-</strong></span> 
     </span>
    </p>
   </div>
   <div class='ocr_carea' id='block_1_34' title="bbox 512 3222 2099 3289">
    <p class='ocr_par' dir='ltr' id='par_1_34' title="bbox 512 3222 2099 3289">
     <span class='ocr_line' id='line_1_34' title="bbox 512 3222 2099 3289; baseline 0.004 -18"><span class='ocrx_word' id='word_1_427' title='bbox 512 3237 753 3289; x_wconf 79' lang='lat' dir='ltr'><strong>gressum</strong></span> <span class='ocrx_word' id='word_1_428' title='bbox 774 3234 980 3277; x_wconf 71' lang='lat' dir='ltr'><strong>vastare</strong></span> <span class='ocrx_word' id='word_1_429' title='bbox 1008 3223 1205 3276; x_wconf 74' lang='lat' dir='ltr'><strong>Italiam</strong></span> <span class='ocrx_word' id='word_1_430' title='bbox 1237 3239 1324 3276; x_wconf 87' lang='lat' dir='ltr'><strong>an.</strong></span> <span class='ocrx_word' id='word_1_431' title='bbox 1348 3222 1897 3288; x_wconf 71' lang='lat' dir='ltr'><strong>40l,etRuliuianum</strong></span> <span class='ocrx_word' id='word_1_432' title='bbox 1932 3225 2099 3277; x_wconf 86' lang='lat' dir='ltr'><strong>hocce</strong></span> 
     </span>
    </p>
   </div>
   <div class='ocr_carea' id='block_1_35' title="bbox 521 3293 2098 3362">
    <p class='ocr_par' dir='ltr' id='par_1_35' title="bbox 521 3293 2098 3362">
     <span class='ocr_line' id='line_1_35' title="bbox 521 3293 2098 3362; baseline 0.002 -19"><span class='ocrx_word' id='word_1_433' title='bbox 521 3310 655 3360; x_wconf 85' lang='lat' dir='ltr'><strong>opus</strong></span> <span class='ocrx_word' id='word_1_434' title='bbox 682 3296 731 3347; x_wconf 92' lang='lat' dir='ltr'><strong>in</strong></span> <span class='ocrx_word' id='word_1_435' title='bbox 750 3294 1113 3362; x_wconf 71' lang='lat' dir='ltr'><strong>insequentem</strong></span> <span class='ocrx_word' id='word_1_436' title='bbox 1133 3297 1259 3347; x_wconf 68' lang='grc'><strong>402.</strong></span> <span class='ocrx_word' id='word_1_437' title='bbox 1275 3293 1471 3347; x_wconf 67' lang='lat' dir='ltr'><strong>diﬂ‘ert.</strong></span> <span class='ocrx_word' id='word_1_438' title='bbox 1500 3295 1653 3347; x_wconf 71' lang='lat' dir='ltr'><strong>Fallit</strong></span> <span class='ocrx_word' id='word_1_439' title='bbox 1668 3296 1826 3348; x_wconf 88' lang='lat' dir='ltr'><strong>etiam</strong></span> <span class='ocrx_word' id='word_1_440' title='bbox 1844 3296 2098 3347; x_wconf 89' lang='lat' dir='ltr'><strong>lectorem</strong></span> 
     </span>
    </p>
   </div>
   <div class='ocr_carea' id='block_1_36' title="bbox 511 3364 2101 3431">
    <p class='ocr_par' dir='ltr' id='par_1_36' title="bbox 511 3364 2101 3431">
     <span class='ocr_line' id='line_1_36' title="bbox 511 3364 2101 3431; baseline 0.001 -17"><span class='ocrx_word' id='word_1_441' title='bbox 511 3380 667 3430; x_wconf 87' lang='lat' dir='ltr'><strong>quem</strong></span> <span class='ocrx_word' id='word_1_442' title='bbox 694 3364 841 3431; x_wconf 89' lang='lat' dir='ltr'><strong>jubet</strong></span> <span class='ocrx_word' id='word_1_443' title='bbox 860 3366 1139 3418; x_wconf 79' lang='lat' dir='ltr'><strong>consulere</strong></span> <span class='ocrx_word' id='word_1_444' title='bbox 1160 3379 1272 3419; x_wconf 67' lang='lat' dir='ltr'><strong>sua:</strong></span> <span class='ocrx_word' id='word_1_445' title='bbox 1300 3365 1699 3419; x_wconf 81' lang='lat' dir='ltr'><strong>Dissertationis</strong></span> <span class='ocrx_word' id='word_1_446' title='bbox 1724 3366 1951 3420; x_wconf 86' lang='lat' dir='ltr'><strong>alteram</strong></span> <span class='ocrx_word' id='word_1_447' title='bbox 1979 3379 2101 3431; x_wconf 85' lang='lat' dir='ltr'><strong>par-</strong></span> 
     </span>
    </p>
   </div>
   <div class='ocr_carea' id='block_1_37' title="bbox 512 3434 2097 3503">
    <p class='ocr_par' dir='ltr' id='par_1_37' title="bbox 512 3434 2097 3503">
     <span class='ocr_line' id='line_1_37' title="bbox 512 3434 2097 3503; baseline 0.001 -17"><span class='ocrx_word' id='word_1_448' title='bbox 512 3444 641 3498; x_wconf 89' lang='lat' dir='ltr'><strong>tetn,</strong></span> <span class='ocrx_word' id='word_1_449' title='bbox 672 3438 756 3488; x_wconf 85' lang='lat' dir='ltr'><strong>ubi</strong></span> <span class='ocrx_word' id='word_1_450' title='bbox 787 3451 885 3489; x_wconf 88' lang='lat' dir='ltr'><strong>nec</strong></span> <span class='ocrx_word' id='word_1_451' title='bbox 908 3437 1070 3489; x_wconf 84' lang='lat' dir='ltr'><strong>verbo</strong></span> <span class='ocrx_word' id='word_1_452' title='bbox 1092 3446 1249 3489; x_wconf 90' lang='lat' dir='ltr'><strong>tenus</strong></span> <span class='ocrx_word' id='word_1_453' title='bbox 1274 3436 1371 3488; x_wconf 87' lang='lat' dir='ltr'><strong>hac</strong></span> <span class='ocrx_word' id='word_1_454' title='bbox 1386 3437 1453 3489; x_wconf 92' lang='lat' dir='ltr'><strong>de</strong></span> <span class='ocrx_word' id='word_1_455' title='bbox 1475 3451 1533 3489; x_wconf 89' lang='lat' dir='ltr'><strong>re</strong></span> <span class='ocrx_word' id='word_1_456' title='bbox 1558 3436 1814 3503; x_wconf 88' lang='lat' dir='ltr'><strong>loquitur.</strong></span> <span class='ocrx_word' id='word_1_457' title='bbox 1839 3434 2097 3503; x_wconf 79' lang='lat' dir='ltr'><strong>Nosquod</strong></span> 
     </span>
    </p>
   </div>
   <div class='ocr_carea' id='block_1_38' title="bbox 509 3504 2094 3566">
    <p class='ocr_par' dir='ltr' id='par_1_38' title="bbox 509 3504 2094 3566">
     <span class='ocr_line' id='line_1_38' title="bbox 509 3504 2094 3566; baseline 0 -9"><span class='ocrx_word' id='word_1_458' title='bbox 509 3504 646 3559; x_wconf 87' lang='lat' dir='ltr'><strong>bene</strong></span> <span class='ocrx_word' id='word_1_459' title='bbox 674 3506 822 3558; x_wconf 79' lang='lat' dir='ltr'><strong>habet</strong></span> <span class='ocrx_word' id='word_1_460' title='bbox 846 3508 896 3559; x_wconf 91' lang='lat' dir='ltr'><strong>in</strong></span> <span class='ocrx_word' id='word_1_461' title='bbox 923 3508 1167 3559; x_wconf 78' lang='lat' dir='ltr'><strong>Editione</strong></span> <span class='ocrx_word' id='word_1_462' title='bbox 1192 3507 1301 3566; x_wconf 86' lang='lat' dir='ltr'><strong>illa.</strong></span> <span class='ocrx_word' id='word_1_463' title='bbox 1324 3505 1591 3559; x_wconf 73' lang='lat' dir='ltr'><strong>variantes</strong></span> <span class='ocrx_word' id='word_1_464' title='bbox 1612 3506 1827 3559; x_wconf 83' lang='lat' dir='ltr'><strong>laudare</strong></span> <span class='ocrx_word' id='word_1_465' title='bbox 1850 3506 2094 3558; x_wconf 52' lang='lat' dir='ltr'><strong>codicum</strong></span> 
     </span>
    </p>
   </div>
   <div class='ocr_carea' id='block_1_39' title="bbox 514 3573 2097 3643">
    <p class='ocr_par' dir='ltr' id='par_1_39' title="bbox 514 3573 2097 3643">
     <span class='ocr_line' id='line_1_39' title="bbox 514 3573 2097 3643; baseline 0.002 -19"><span class='ocrx_word' id='word_1_466' title='bbox 514 3573 885 3629; x_wconf 61' lang='lat' dir='ltr'><strong>Varcauoruin</strong></span> <span class='ocrx_word' id='word_1_467' title='bbox 913 3578 1189 3637; x_wconf 77' lang='lat' dir='ltr'><strong>lectiones,</strong></span> <span class='ocrx_word' id='word_1_468' title='bbox 1206 3580 1506 3642; x_wconf 83' lang='lat' dir='ltr'><strong>nostriSque</strong></span> <span class='ocrx_word' id='word_1_469' title='bbox 1519 3580 1809 3643; x_wconf 85' lang='lat' dir='ltr'><strong>adponere,</strong></span> <span class='ocrx_word' id='word_1_470' title='bbox 1832 3592 1935 3627; x_wconf 88' lang='lat' dir='ltr'><strong>non</strong></span> <span class='ocrx_word' id='word_1_471' title='bbox 1965 3592 2097 3642; x_wconf 63' lang='lat' dir='ltr'><strong>prac-</strong></span> 
     </span>
    </p>
   </div>
   <div class='ocr_carea' id='block_1_40' title="bbox 509 3645 2098 3715">
    <p class='ocr_par' dir='ltr' id='par_1_40' title="bbox 509 3645 2098 3715">
     <span class='ocr_line' id='line_1_40' title="bbox 509 3645 2098 3715; baseline 0.001 -19"><span class='ocrx_word' id='word_1_472' title='bbox 509 3655 897 3699; x_wconf 84' lang='lat' dir='ltr'><strong>termtttemus:</strong></span> <span class='ocrx_word' id='word_1_473' title='bbox 924 3648 1089 3711; x_wconf 72' lang='lat' dir='ltr'><strong>l-bes,</strong></span> <span class='ocrx_word' id='word_1_474' title='bbox 1120 3648 1312 3713; x_wconf 81' lang='lat' dir='ltr'><strong>quibus</strong></span> <span class='ocrx_word' id='word_1_475' title='bbox 1333 3646 1775 3715; x_wconf 66' lang='lat' dir='ltr'><strong>pluiituissentet,</strong></span> <span class='ocrx_word' id='word_1_476' title='bbox 1792 3649 1963 3714; x_wconf 65' lang='lat' dir='ltr'><strong>quoad</strong></span> <span class='ocrx_word' id='word_1_477' title='bbox 1983 3645 2098 3713; x_wconf 85' lang='lat' dir='ltr'><strong>ejus</strong></span> 
     </span>
    </p>
   </div>
   <div class='ocr_carea' id='block_1_41' title="bbox 508 3716 1379 3779">
    <p class='ocr_par' dir='ltr' id='par_1_41' title="bbox 508 3716 1379 3779">
     <span class='ocr_line' id='line_1_41' title="bbox 508 3716 1379 3779; baseline 0.002 -11"><span class='ocrx_word' id='word_1_478' title='bbox 508 3717 622 3769; x_wconf 78' lang='lat' dir='ltr'><strong>lien</strong></span> <span class='ocrx_word' id='word_1_479' title='bbox 654 3725 866 3779; x_wconf 81' lang='lat' dir='ltr'><strong>poterit,</strong></span> <span class='ocrx_word' id='word_1_480' title='bbox 901 3716 1379 3770; x_wconf 73' lang='lat' dir='ltr'><strong>disSiutulabnnus.</strong></span> 
     </span>
    </p>
   </div>
   <div class='ocr_carea' id='block_1_42' title="bbox 581 3785 2094 3855">
    <p class='ocr_par' dir='ltr' id='par_1_42' title="bbox 581 3785 2094 3855">
     <span class='ocr_line' id='line_1_42' title="bbox 581 3785 2094 3855; baseline 0.001 -17"><span class='ocrx_word' id='word_1_481' title='bbox 581 3797 606 3821; x_wconf 75' lang='grc'><strong>⁸·</strong></span> <span class='ocrx_word' id='word_1_482' title='bbox 649 3786 761 3838; x_wconf 85' lang='lat' dir='ltr'><strong>Duo</strong></span> <span class='ocrx_word' id='word_1_483' title='bbox 796 3785 1036 3840; x_wconf 73' lang='lat' dir='ltr'><strong>Vaticani.</strong></span> <span class='ocrx_word' id='word_1_484' title='bbox 1064 3802 1192 3839; x_wconf 70' lang='lat' dir='ltr'><strong>mss.</strong></span> <span class='ocrx_word' id='word_1_485' title='bbox 1231 3800 1363 3842; x_wconf 88' lang='lat' dir='ltr'><strong>teste</strong></span> <span class='ocrx_word' id='word_1_486' title='bbox 1380 3786 1672 3854; x_wconf 75' lang='lat' dir='ltr'><strong>Cacoiario,</strong></span> <span class='ocrx_word' id='word_1_487' title='bbox 1699 3788 2094 3855; x_wconf 68' lang='lat' dir='ltr'><strong>conm-ipserat,</strong></span> 
     </span>
    </p>
   </div>
   <div class='ocr_carea' id='block_1_43' title="bbox 506 3855 1216 3911">
    <p class='ocr_par' dir='ltr' id='par_1_43' title="bbox 506 3855 1216 3911">
     <span class='ocr_line' id='line_1_43' title="bbox 506 3855 1216 3911; baseline 0.004 -3"><span class='ocrx_word' id='word_1_488' title='bbox 506 3856 559 3908; x_wconf 83' lang='lat' dir='ltr'><strong>in</strong></span> <span class='ocrx_word' id='word_1_489' title='bbox 590 3855 829 3909; x_wconf 83' lang='lat' dir='ltr'><strong>Latinum</strong></span> <span class='ocrx_word' id='word_1_490' title='bbox 857 3872 1216 3911; x_wconf 78' lang='lat' dir='ltr'><strong>converterem.</strong></span> 
     </span>
    </p>
   </div>
   <div class='ocr_carea' id='block_1_44' title="bbox 2209 2937 3798 3008">
    <p class='ocr_par' dir='ltr' id='par_1_44' title="bbox 2209 2937 3798 3008">
     <span class='ocr_line' id='line_1_44' title="bbox 2209 2937 3798 3008; baseline 0.002 -17"><span class='ocrx_word' id='word_1_491' title='bbox 2209 2938 2310 2993; x_wconf 86' lang='lat' dir='ltr'><strong>hoc</strong></span> <span class='ocrx_word' id='word_1_492' title='bbox 2340 2952 2439 3002; x_wconf 70' lang='grc' dir='ltr'><strong>εει,</strong></span> <span class='ocrx_word' id='word_1_493' title='bbox 2472 2941 2612 3008; x_wconf 90' lang='lat' dir='ltr'><strong>quod</strong></span> <span class='ocrx_word' id='word_1_494' title='bbox 2644 2938 2975 3002; x_wconf 87' lang='lat' dir='ltr'><strong>dicebamus,</strong></span> <span class='ocrx_word' id='word_1_495' title='bbox 3006 2937 3260 3007; x_wconf 90' lang='lat' dir='ltr'><strong>deceptos</strong></span> <span class='ocrx_word' id='word_1_496' title='bbox 3281 2938 3405 2992; x_wconf 90' lang='lat' dir='ltr'><strong>olim</strong></span> <span class='ocrx_word' id='word_1_497' title='bbox 3433 2940 3627 3004; x_wconf 74' lang='lat' dir='ltr'><strong>Atiliqu</strong></span> <span class='ocrx_word' id='word_1_498' title='bbox 3649 2940 3798 3006; x_wconf 64' lang='lat' dir='ltr'><strong>itios,</strong></span> 
     </span>
    </p>
   </div>
   <div class='ocr_carea' id='block_1_45' title="bbox 2206 3008 3803 3078">
    <p class='ocr_par' dir='ltr' id='par_1_45' title="bbox 2206 3008 3803 3078">
     <span class='ocr_line' id='line_1_45' title="bbox 2206 3008 3803 3078; baseline 0.002 -17"><span class='ocrx_word' id='word_1_499' title='bbox 2206 3011 2320 3078; x_wconf 87' lang='lat' dir='ltr'><strong>qui,</strong></span> <span class='ocrx_word' id='word_1_500' title='bbox 2355 3011 2614 3062; x_wconf 80' lang='lat' dir='ltr'><strong>Romanus</strong></span> <span class='ocrx_word' id='word_1_501' title='bbox 2642 3008 2949 3076; x_wconf 78' lang='lat' dir='ltr'><strong>Episcopus,</strong></span> <span class='ocrx_word' id='word_1_502' title='bbox 2983 3019 3027 3061; x_wconf 90' lang='lat' dir='ltr'><strong>et</strong></span> <span class='ocrx_word' id='word_1_503' title='bbox 3061 3009 3307 3062; x_wconf 78' lang='lat' dir='ltr'><strong>Romana:</strong></span> <span class='ocrx_word' id='word_1_504' title='bbox 3326 3012 3531 3063; x_wconf 80' lang='lat' dir='ltr'><strong>antistes</strong></span> <span class='ocrx_word' id='word_1_505' title='bbox 3558 3009 3803 3064; x_wconf 67' lang='lat' dir='ltr'><strong>Ecclesia:</strong></span> 
     </span>
    </p>
   </div>
   <div class='ocr_carea' id='block_1_46' title="bbox 2208 3080 3797 3148">
    <p class='ocr_par' dir='ltr' id='par_1_46' title="bbox 2208 3080 3797 3148">
     <span class='ocr_line' id='line_1_46' title="bbox 2208 3080 3797 3148; baseline 0 -14"><span class='ocrx_word' id='word_1_506' title='bbox 2208 3082 2568 3145; x_wconf 73' lang='lat' dir='ltr'><strong>Chromatius,</strong></span> <span class='ocrx_word' id='word_1_507' title='bbox 2599 3080 2721 3146; x_wconf 83' lang='lat' dir='ltr'><strong>quia</strong></span> <span class='ocrx_word' id='word_1_508' title='bbox 2755 3090 2961 3133; x_wconf 78' lang='lat' dir='ltr'><strong>ratiOne</strong></span> <span class='ocrx_word' id='word_1_509' title='bbox 2986 3094 3162 3148; x_wconf 85' lang='lat' dir='ltr'><strong>quove</strong></span> <span class='ocrx_word' id='word_1_510' title='bbox 3188 3096 3348 3134; x_wconf 84' lang='lat' dir='ltr'><strong>sensu</strong></span> <span class='ocrx_word' id='word_1_511' title='bbox 3380 3082 3671 3146; x_wconf 63' lang='lat' dir='ltr'><strong>direretur,</strong></span> <span class='ocrx_word' id='word_1_512' title='bbox 3692 3096 3797 3135; x_wconf 89' lang='lat' dir='ltr'><strong>nou</strong></span> 
     </span>
    </p>
   </div>
   <div class='ocr_carea' id='block_1_47' title="bbox 2207 3150 3795 3219">
    <p class='ocr_par' dir='ltr' id='par_1_47' title="bbox 2207 3150 3795 3219">
     <span class='ocr_line' id='line_1_47' title="bbox 2207 3150 3795 3219; baseline -0.002 -15"><span class='ocrx_word' id='word_1_513' title='bbox 2207 3154 2461 3216; x_wconf 56' lang='lat' dir='ltr'><strong>assecuti,</strong></span> <span class='ocrx_word' id='word_1_514' title='bbox 2495 3150 2652 3205; x_wconf 79' lang='lat' dir='ltr'><strong>Urbis</strong></span> <span class='ocrx_word' id='word_1_515' title='bbox 2696 3150 2911 3219; x_wconf 87' lang='lat' dir='ltr'><strong>proprie</strong></span> <span class='ocrx_word' id='word_1_516' title='bbox 2957 3151 3299 3217; x_wconf 64' lang='lat' dir='ltr'><strong>l‘lpiscdputu,</strong></span> <span class='ocrx_word' id='word_1_517' title='bbox 3334 3161 3383 3203; x_wconf 88' lang='lat' dir='ltr'><strong>et</strong></span> <span class='ocrx_word' id='word_1_518' title='bbox 3419 3151 3671 3206; x_wconf 71' lang='lat' dir='ltr'><strong>humana:</strong></span> <span class='ocrx_word' id='word_1_519' title='bbox 3700 3164 3795 3204; x_wconf 73' lang='lat' dir='ltr'><strong>on-</strong></span> 
     </span>
    </p>
   </div>
   <div class='ocr_carea' id='block_1_48' title="bbox 2210 3219 3797 3289">
    <p class='ocr_par' dir='ltr' id='par_1_48' title="bbox 2210 3219 3797 3289">
     <span class='ocr_line' id='line_1_48' title="bbox 2210 3219 3797 3289; baseline -0.001 -13"><span class='ocrx_word' id='word_1_520' title='bbox 2210 3224 2466 3276; x_wconf 90' lang='lat' dir='ltr'><strong>tineutem</strong></span> <span class='ocrx_word' id='word_1_521' title='bbox 2498 3222 2819 3276; x_wconf 81' lang='lat' dir='ltr'><strong>Cathedratn</strong></span> <span class='ocrx_word' id='word_1_522' title='bbox 2848 3219 3103 3273; x_wconf 66' lang='lat' dir='ltr'><strong>Ecclesiae</strong></span> <span class='ocrx_word' id='word_1_523' title='bbox 3135 3224 3375 3274; x_wconf 82' lang='lat' dir='ltr'><strong>denotari</strong></span> <span class='ocrx_word' id='word_1_524' title='bbox 3399 3222 3797 3289; x_wconf 84' lang='lat' dir='ltr'><strong>existimarunt,</strong></span> 
     </span>
    </p>
   </div>
   <div class='ocr_carea' id='block_1_49' title="bbox 2210 3293 3798 3360">
    <p class='ocr_par' dir='ltr' id='par_1_49' title="bbox 2210 3293 3798 3360">
     <span class='ocr_line' id='line_1_49' title="bbox 2210 3293 3798 3360; baseline -0.001 -14"><span class='ocrx_word' id='word_1_525' title='bbox 2210 3308 2309 3347; x_wconf 91' lang='lat' dir='ltr'><strong>nec</strong></span> <span class='ocrx_word' id='word_1_526' title='bbox 2333 3294 2485 3346; x_wconf 88' lang='lat' dir='ltr'><strong>veriti</strong></span> <span class='ocrx_word' id='word_1_527' title='bbox 2516 3302 2642 3347; x_wconf 84' lang='lat' dir='ltr'><strong>sont</strong></span> <span class='ocrx_word' id='word_1_528' title='bbox 2668 3293 2996 3360; x_wconf 75' lang='lat' dir='ltr'><strong>exemplaria</strong></span> <span class='ocrx_word' id='word_1_529' title='bbox 3028 3306 3120 3344; x_wconf 85' lang='lat' dir='ltr'><strong>sua</strong></span> <span class='ocrx_word' id='word_1_530' title='bbox 3152 3294 3324 3360; x_wconf 89' lang='lat' dir='ltr'><strong>iuterp</strong></span> <span class='ocrx_word' id='word_1_531' title='bbox 3346 3293 3493 3354; x_wconf 72' lang='lat' dir='ltr'><strong>dare,</strong></span> <span class='ocrx_word' id='word_1_532' title='bbox 3527 3305 3580 3345; x_wconf 90' lang='lat' dir='ltr'><strong>ut</strong></span> <span class='ocrx_word' id='word_1_533' title='bbox 3604 3296 3654 3344; x_wconf 91' lang='lat' dir='ltr'><strong>iu</strong></span> <span class='ocrx_word' id='word_1_534' title='bbox 3682 3298 3798 3356; x_wconf 84' lang='lat' dir='ltr'><strong>epi-</strong></span> 
     </span>
    </p>
   </div>
   <div class='ocr_carea' id='block_1_50' title="bbox 2210 3361 3792 3433">
    <p class='ocr_par' dir='ltr' id='par_1_50' title="bbox 2210 3361 3792 3433">
     <span class='ocr_line' id='line_1_50' title="bbox 2210 3361 3792 3433; baseline 0 -17"><span class='ocrx_word' id='word_1_535' title='bbox 2210 3368 2430 3432; x_wconf 80' lang='lat' dir='ltr'><strong>grapbc,</strong></span> <span class='ocrx_word' id='word_1_536' title='bbox 2451 3365 2535 3416; x_wconf 89' lang='lat' dir='ltr'><strong>ubi</strong></span> <span class='ocrx_word' id='word_1_537' title='bbox 2554 3361 2854 3431; x_wconf 79' lang='lat' dir='ltr'><strong>Poutiﬁcem</strong></span> <span class='ocrx_word' id='word_1_538' title='bbox 2880 3365 3176 3429; x_wconf 77' lang='lat' dir='ltr'><strong>maximum,</strong></span> <span class='ocrx_word' id='word_1_539' title='bbox 3195 3379 3353 3429; x_wconf 85' lang='lat' dir='ltr'><strong>atque</strong></span> <span class='ocrx_word' id='word_1_540' title='bbox 3377 3365 3516 3425; x_wconf 85' lang='lat' dir='ltr'><strong>heic,</strong></span> <span class='ocrx_word' id='word_1_541' title='bbox 3537 3366 3620 3415; x_wconf 87' lang='lat' dir='ltr'><strong>ubi</strong></span> <span class='ocrx_word' id='word_1_542' title='bbox 3654 3364 3792 3433; x_wconf 81' lang='lat' dir='ltr'><strong>Apo-</strong></span> 
     </span>
    </p>
   </div>
   <div class='ocr_carea' id='block_1_51' title="bbox 2208 3432 3792 3499">
    <p class='ocr_par' dir='ltr' id='par_1_51' title="bbox 2208 3432 3792 3499">
     <span class='ocr_line' id='line_1_51' title="bbox 2208 3432 3792 3499; baseline -0.001 -13"><span class='ocrx_word' id='word_1_543' title='bbox 2208 3439 2400 3486; x_wconf 79' lang='lat' dir='ltr'><strong>stoltcw</strong></span> <span class='ocrx_word' id='word_1_544' title='bbox 2420 3435 2552 3487; x_wconf 78' lang='lat' dir='ltr'><strong>sedis</strong></span> <span class='ocrx_word' id='word_1_545' title='bbox 2583 3433 2916 3486; x_wconf 81' lang='lat' dir='ltr'><strong>institutionis</strong></span> <span class='ocrx_word' id='word_1_546' title='bbox 2945 3434 3123 3484; x_wconf 84' lang='lat' dir='ltr'><strong>ordine</strong></span> <span class='ocrx_word' id='word_1_547' title='bbox 3150 3435 3404 3485; x_wconf 77' lang='lat' dir='ltr'><strong>scribunt.</strong></span> <span class='ocrx_word' id='word_1_548' title='bbox 3442 3432 3633 3487; x_wconf 71' lang='lat' dir='ltr'><strong>Itectile</strong></span> <span class='ocrx_word' id='word_1_549' title='bbox 3670 3432 3792 3499; x_wconf 73' lang='lat' dir='ltr'><strong>qua:</strong></span> 
     </span>
    </p>
   </div>
   <div class='ocr_carea' id='block_1_52' title="bbox 2208 3502 3791 3574">
    <p class='ocr_par' dir='ltr' id='par_1_52' title="bbox 2208 3502 3791 3574">
     <span class='ocr_line' id='line_1_52' title="bbox 2208 3502 3791 3574; baseline -0.001 -16"><span class='ocrx_word' id='word_1_550' title='bbox 2208 3505 2366 3558; x_wconf 89' lang='lat' dir='ltr'><strong>tnodo</strong></span> <span class='ocrx_word' id='word_1_551' title='bbox 2382 3504 2776 3558; x_wconf 60' lang='lat' dir='ltr'><strong>observavimus</strong></span> <span class='ocrx_word' id='word_1_552' title='bbox 2791 3502 3140 3574; x_wconf 72' lang='lat' dir='ltr'><strong>(huj.ed.c.46</strong></span> <span class='ocrx_word' id='word_1_553' title='bbox 3152 3504 3167 3554; x_wconf 92' lang='grc' dir='ltr'><strong>ι</strong></span> <span class='ocrx_word' id='word_1_554' title='bbox 3180 3503 3536 3571; x_wconf 83' lang='lat' dir='ltr'><strong>,n.a).l)tcitur</strong></span> <span class='ocrx_word' id='word_1_555' title='bbox 3547 3516 3597 3557; x_wconf 88' lang='lat' dir='ltr'><strong>et</strong></span> <span class='ocrx_word' id='word_1_556' title='bbox 3609 3504 3791 3558; x_wconf 79' lang='lat' dir='ltr'><strong>S.llie-</strong></span> 
     </span>
    </p>
   </div>
   <div class='ocr_carea' id='block_1_53' title="bbox 2209 3574 3795 3643">
    <p class='ocr_par' dir='ltr' id='par_1_53' title="bbox 2209 3574 3795 3643">
     <span class='ocr_line' id='line_1_53' title="bbox 2209 3574 3795 3643; baseline -0.001 -16"><span class='ocrx_word' id='word_1_557' title='bbox 2209 3590 2433 3643; x_wconf 82' lang='lat' dir='ltr'><strong>ttmymo</strong></span> <span class='ocrx_word' id='word_1_558' title='bbox 2458 3579 2508 3628; x_wconf 87' lang='lat' dir='ltr'><strong>tu</strong></span> <span class='ocrx_word' id='word_1_559' title='bbox 2542 3575 2857 3628; x_wconf 70' lang='lat' dir='ltr'><strong>l&#39;rzefatioue</strong></span> <span class='ocrx_word' id='word_1_560' title='bbox 2886 3576 3265 3643; x_wconf 67' lang='lat' dir='ltr'><strong>Comtnentarit</strong></span> <span class='ocrx_word' id='word_1_561' title='bbox 3290 3575 3341 3627; x_wconf 90' lang='lat' dir='ltr'><strong>in</strong></span> <span class='ocrx_word' id='word_1_562' title='bbox 3373 3577 3605 3637; x_wconf 60' lang='lat' dir='ltr'><strong>Abicuc,</strong></span> <span class='ocrx_word' id='word_1_563' title='bbox 3631 3574 3795 3627; x_wconf 80' lang='lat' dir='ltr'><strong>Chro-</strong></span> 
     </span>
    </p>
   </div>
   <div class='ocr_carea' id='block_1_54' title="bbox 2208 3642 3793 3711">
    <p class='ocr_par' dir='ltr' id='par_1_54' title="bbox 2208 3642 3793 3711">
     <span class='ocr_line' id='line_1_54' title="bbox 2208 3642 3793 3711; baseline 0.003 -16"><span class='ocrx_word' id='word_1_564' title='bbox 2208 3642 2391 3697; x_wconf 75' lang='lat' dir='ltr'><strong>multus</strong></span> <span class='ocrx_word' id='word_1_565' title='bbox 2411 3656 2614 3697; x_wconf 77' lang='lat' dir='ltr'><strong>sanctus</strong></span> <span class='ocrx_word' id='word_1_566' title='bbox 2630 3658 2675 3697; x_wconf 87' lang='lat' dir='ltr'><strong>et</strong></span> <span class='ocrx_word' id='word_1_567' title='bbox 2694 3645 2989 3698; x_wconf 80' lang='lat' dir='ltr'><strong>venerabilis</strong></span> <span class='ocrx_word' id='word_1_568' title='bbox 3008 3642 3079 3697; x_wconf 81' lang='lat' dir='ltr'><strong>Pu</strong></span> <span class='ocrx_word' id='word_1_569' title='bbox 3090 3661 3182 3711; x_wconf 89' lang='lat' dir='ltr'><strong>pa;</strong></span> <span class='ocrx_word' id='word_1_570' title='bbox 3205 3651 3295 3697; x_wconf 85' lang='lat' dir='ltr'><strong>sed</strong></span> <span class='ocrx_word' id='word_1_571' title='bbox 3319 3645 3513 3697; x_wconf 85' lang='lat' dir='ltr'><strong>nemini</strong></span> <span class='ocrx_word' id='word_1_572' title='bbox 3534 3658 3682 3699; x_wconf 81' lang='lat' dir='ltr'><strong>vetus</strong></span> <span class='ocrx_word' id='word_1_573' title='bbox 3704 3646 3793 3699; x_wconf 82' lang='lat' dir='ltr'><strong>illa</strong></span> 
     </span>
    </p>
   </div>
   <div class='ocr_carea' id='block_1_55' title="bbox 2205 3716 3791 3784">
    <p class='ocr_par' dir='ltr' id='par_1_55' title="bbox 2205 3716 3791 3784">
     <span class='ocr_line' id='line_1_55' title="bbox 2205 3716 3791 3784; baseline 0.003 -18"><span class='ocrx_word' id='word_1_574' title='bbox 2205 3730 2268 3769; x_wconf 87' lang='lat' dir='ltr'><strong>ac</strong></span> <span class='ocrx_word' id='word_1_575' title='bbox 2289 3719 2482 3784; x_wconf 76' lang='lat' dir='ltr'><strong>passim</strong></span> <span class='ocrx_word' id='word_1_576' title='bbox 2501 3716 2656 3769; x_wconf 78' lang='lat' dir='ltr'><strong>obvia</strong></span> <span class='ocrx_word' id='word_1_577' title='bbox 2674 3716 2891 3769; x_wconf 81' lang='lat' dir='ltr'><strong>honoris</strong></span> <span class='ocrx_word' id='word_1_578' title='bbox 2908 3716 3246 3783; x_wconf 79' lang='lat' dir='ltr'><strong>compellatio</strong></span> <span class='ocrx_word' id='word_1_579' title='bbox 3268 3716 3434 3769; x_wconf 74' lang='lat' dir='ltr'><strong>fraudi</strong></span> <span class='ocrx_word' id='word_1_580' title='bbox 3454 3730 3575 3769; x_wconf 89' lang='lat' dir='ltr'><strong>esse</strong></span> <span class='ocrx_word' id='word_1_581' title='bbox 3600 3716 3791 3784; x_wconf 84' lang='lat' dir='ltr'><strong>potuit.</strong></span> 
     </span>
    </p>
   </div>
   <div class='ocr_carea' id='block_1_56' title="bbox 2280 3787 3792 3855">
    <p class='ocr_par' dir='ltr' id='par_1_56' title="bbox 2280 3787 3792 3855">
     <span class='ocr_line' id='line_1_56' title="bbox 2280 3787 3792 3855; baseline -0.001 -16"><span class='ocrx_word' id='word_1_582' title='bbox 2280 3798 2301 3824; x_wconf 69' lang='grc' dir='ltr'>ε</span> <span class='ocrx_word' id='word_1_583' title='bbox 2348 3787 2622 3854; x_wconf 69' lang='lat' dir='ltr'><strong>Praeponit</strong></span> <span class='ocrx_word' id='word_1_584' title='bbox 2670 3788 2747 3839; x_wconf 74' lang='lat' dir='ltr'><strong>vel</strong></span> <span class='ocrx_word' id='word_1_585' title='bbox 2783 3803 2902 3839; x_wconf 88' lang='lat' dir='ltr'><strong>cntn</strong></span> <span class='ocrx_word' id='word_1_586' title='bbox 2950 3788 3116 3839; x_wconf 70' lang='lat' dir='ltr'><strong>Vattc.</strong></span> <span class='ocrx_word' id='word_1_587' title='bbox 3147 3788 3379 3855; x_wconf 85' lang='lat' dir='ltr'><strong>quinque</strong></span> <span class='ocrx_word' id='word_1_588' title='bbox 3412 3801 3540 3839; x_wconf 75' lang='lat' dir='ltr'><strong>mss.</strong></span> <span class='ocrx_word' id='word_1_589' title='bbox 3568 3787 3792 3840; x_wconf 63' lang='lat' dir='ltr'><strong>(Luccia-</strong></span> 
     </span>
    </p>
   </div>
   <div class='ocr_carea' id='block_1_57' title="bbox 2206 3857 3567 3927">
    <p class='ocr_par' dir='ltr' id='par_1_57' title="bbox 2206 3857 3567 3927">
     <span class='ocr_line' id='line_1_57' title="bbox 2206 3857 3567 3927; baseline 0.001 -18"><span class='ocrx_word' id='word_1_590' title='bbox 2206 3873 2229 3909; x_wconf 89' lang='lat' dir='ltr'><strong>r</strong></span> <span class='ocrx_word' id='word_1_591' title='bbox 2258 3874 2338 3917; x_wconf 86' lang='lat' dir='ltr'><strong>us,</strong></span> <span class='ocrx_word' id='word_1_592' title='bbox 2369 3874 2456 3925; x_wconf 80' lang='lat' dir='ltr'><strong>qut</strong></span> <span class='ocrx_word' id='word_1_593' title='bbox 2486 3869 2541 3911; x_wconf 90' lang='lat' dir='ltr'><strong>ct</strong></span> <span class='ocrx_word' id='word_1_594' title='bbox 2572 3874 2693 3911; x_wconf 79' lang='lat' dir='ltr'><strong>mox</strong></span> <span class='ocrx_word' id='word_1_595' title='bbox 2726 3858 2917 3910; x_wconf 76' lang='lat' dir='ltr'><strong>thinse</strong></span> <span class='ocrx_word' id='word_1_596' title='bbox 2948 3857 3126 3922; x_wconf 72' lang='lat' dir='ltr'><strong>habet,</strong></span> <span class='ocrx_word' id='word_1_597' title='bbox 3160 3869 3206 3909; x_wconf 78' lang='grc' dir='ltr'><strong>ιι</strong></span> <span class='ocrx_word' id='word_1_598' title='bbox 3233 3872 3292 3909; x_wconf 81' lang='lat' dir='ltr'><strong>ac</strong></span> <span class='ocrx_word' id='word_1_599' title='bbox 3315 3857 3567 3927; x_wconf 71' lang='lat' dir='ltr'><strong>deinceps.</strong></span> 
     </span>
    </p>
   </div>
   <div class='ocr_carea' id='block_1_58' title="bbox 1504 4074 2813 4151">
    <p class='ocr_par' dir='ltr' id='par_1_58' title="bbox 1504 4074 2813 4151">
     <span class='ocr_line' id='line_1_58' title="bbox 1504 4074 2813 4151; baseline -0.001 -15"><span class='ocrx_word' id='word_1_600' title='bbox 1504 4076 1919 4138; x_wconf 76' lang='lat' dir='ltr'><strong>EIUSDEM</strong></span> <span class='ocrx_word' id='word_1_601' title='bbox 1964 4079 2065 4141; x_wconf 84' lang='lat' dir='ltr'><strong>IN</strong></span> <span class='ocrx_word' id='word_1_602' title='bbox 2108 4074 2813 4151; x_wconf 78' lang='lat' dir='ltr'><strong>SUBSEQUENTES</strong></span> 
     </span>
    </p>
   </div>
   <div class='ocr_carea' id='block_1_59' title="bbox 1140 4242 3096 4350">
    <p class='ocr_par' dir='ltr' id='par_1_59' title="bbox 1140 4242 3096 4350">
     <span class='ocr_line' id='line_1_59' title="bbox 1140 4242 3096 4350; baseline 0.001 -6"><span class='ocrx_word' id='word_1_603' title='bbox 1140 4243 1472 4348; x_wconf 88' lang='lat' dir='ltr'><strong>DUOS</strong></span> <span class='ocrx_word' id='word_1_604' title='bbox 1551 4245 2196 4349; x_wconf 78' lang='lat' dir='ltr'><strong>HISTOBI/E</strong></span> <span class='ocrx_word' id='word_1_605' title='bbox 2279 4244 2566 4350; x_wconf 65' lang='lat' dir='ltr'><strong>SUXE</strong></span> <span class='ocrx_word' id='word_1_606' title='bbox 2643 4242 3096 4346; x_wconf 82' lang='lat' dir='ltr'><strong>LIBROS</strong></span> 
     </span>
    </p>
   </div>
   <div class='ocr_carea' id='block_1_60' title="bbox 1853 4430 2451 4577">
    <p class='ocr_par' dir='ltr' id='par_1_60' title="bbox 1853 4430 2451 4577">
     <span class='ocr_line' id='line_1_60' title="bbox 1853 4430 2451 4577; baseline 0.005 -40"><span class='ocrx_word' id='word_1_607' title='bbox 1853 4430 2451 4577; x_wconf 65' lang='lat' dir='ltr'><strong>Praefatio.</strong></span> 
     </span>
    </p>
   </div>
   <div class='ocr_carea' id='block_1_61' title="bbox 1587 4698 2677 4772">
    <p class='ocr_par' dir='ltr' id='par_1_61' title="bbox 1587 4698 2677 4772">
     <span class='ocr_line' id='line_1_61' title="bbox 1587 4698 2677 4772; baseline -0.002 0"><span class='ocrx_word' id='word_1_608' title='bbox 1587 4701 2047 4772; x_wconf 70' lang='lat' dir='ltr'><strong>RUFINUS</strong></span> <span class='ocrx_word' id='word_1_609' title='bbox 2098 4701 2563 4769; x_wconf 78' lang='lat' dir='ltr'><strong>LECTORI</strong></span> <span class='ocrx_word' id='word_1_610' title='bbox 2615 4698 2677 4770; x_wconf 78' lang='grc'><strong>³.</strong></span> 
     </span>
    </p>
   </div>
   <div class='ocr_carea' id='block_1_62' title="bbox 564 4824 3779 4919">
    <p class='ocr_par' dir='ltr' id='par_1_62' title="bbox 564 4824 3779 4919">
     <span class='ocr_line' id='line_1_62' title="bbox 564 4824 3779 4919; baseline -0.001 -18"><span class='ocrx_word' id='word_1_611' title='bbox 564 4847 918 4919; x_wconf 66' lang='grc'><strong>213-214</strong></span> <span class='ocrx_word' id='word_1_612' title='bbox 945 4848 1234 4916; x_wconf 80' lang='lat' dir='ltr'><strong>[lucusque</strong></span> <span class='ocrx_word' id='word_1_613' title='bbox 1266 4848 1421 4903; x_wconf 86' lang='lat' dir='ltr'><strong>nobis</strong></span> <span class='ocrx_word' id='word_1_614' title='bbox 1451 4848 1715 4903; x_wconf 83' lang='lat' dir='ltr'><strong>Eusebius</strong></span> <span class='ocrx_word' id='word_1_615' title='bbox 1744 4847 1772 4887; x_wconf 71' lang='grc' dir='ltr'>ιι</span> <span class='ocrx_word' id='word_1_616' title='bbox 1803 4824 1984 4903; x_wconf 86' lang='lat' dir='ltr'><strong>rerum</strong></span> <span class='ocrx_word' id='word_1_617' title='bbox 2008 4849 2060 4902; x_wconf 93' lang='lat' dir='ltr'><strong>in</strong></span> <span class='ocrx_word' id='word_1_618' title='bbox 2092 4847 2328 4903; x_wconf 84' lang='lat' dir='ltr'><strong>Ecclesia</strong></span> <span class='ocrx_word' id='word_1_619' title='bbox 2352 4854 2624 4917; x_wconf 81' lang='lat' dir='ltr'><strong>gestarum</strong></span> <span class='ocrx_word' id='word_1_620' title='bbox 2653 4845 2969 4900; x_wconf 89' lang='lat' dir='ltr'><strong>memoriam</strong></span> <span class='ocrx_word' id='word_1_621' title='bbox 2996 4846 3233 4902; x_wconf 89' lang='lat' dir='ltr'><strong>tradidit.</strong></span> <span class='ocrx_word' id='word_1_622' title='bbox 3261 4846 3463 4902; x_wconf 67' lang='lat' dir='ltr'><strong>Cretera</strong></span> <span class='ocrx_word' id='word_1_623' title='bbox 3490 4863 3637 4911; x_wconf 72' lang='lat' dir='ltr'><strong>vero,</strong></span> <span class='ocrx_word' id='word_1_624' title='bbox 3658 4858 3779 4915; x_wconf 72' lang='lat' dir='ltr'><strong>qua:</strong></span> 
     </span>
    </p>
   </div>
   <div class='ocr_carea' id='block_1_63' title="bbox 496 4940 3776 5011">
    <p class='ocr_par' dir='ltr' id='par_1_63' title="bbox 496 4940 3776 5011">
     <span class='ocr_line' id='line_1_63' title="bbox 496 4940 3776 5011; baseline -0.001 -18"><span class='ocrx_word' id='word_1_625' title='bbox 496 4954 665 5008; x_wconf 80' lang='lat' dir='ltr'><strong>uSque</strong></span> <span class='ocrx_word' id='word_1_626' title='bbox 696 4943 760 4995; x_wconf 85' lang='lat' dir='ltr'><strong>ad</strong></span> <span class='ocrx_word' id='word_1_627' title='bbox 796 4956 1031 5010; x_wconf 67' lang='lat' dir='ltr'><strong>praesens</strong></span> <span class='ocrx_word' id='word_1_628' title='bbox 1062 4950 1272 5008; x_wconf 87' lang='lat' dir='ltr'><strong>tempus</strong></span> <span class='ocrx_word' id='word_1_629' title='bbox 1308 4957 1401 5009; x_wconf 90' lang='lat' dir='ltr'><strong>per</strong></span> <span class='ocrx_word' id='word_1_630' title='bbox 1432 4943 1675 4997; x_wconf 89' lang='lat' dir='ltr'><strong>ordinem</strong></span> <span class='ocrx_word' id='word_1_631' title='bbox 1707 4944 1993 4998; x_wconf 85' lang='lat' dir='ltr'><strong>subsecuta</strong></span> <span class='ocrx_word' id='word_1_632' title='bbox 2021 4951 2171 5009; x_wconf 88' lang='lat' dir='ltr'><strong>sunt,</strong></span> <span class='ocrx_word' id='word_1_633' title='bbox 2192 4957 2310 5011; x_wconf 73' lang='lat' dir='ltr'><strong>quae</strong></span> <span class='ocrx_word' id='word_1_634' title='bbox 2338 4942 2422 4995; x_wconf 86' lang='lat' dir='ltr'><strong>vel</strong></span> <span class='ocrx_word' id='word_1_635' title='bbox 2455 4940 2507 4994; x_wconf 90' lang='lat' dir='ltr'><strong>in</strong></span> <span class='ocrx_word' id='word_1_636' title='bbox 2540 4941 2803 5010; x_wconf 87' lang='lat' dir='ltr'><strong>majorum</strong></span> <span class='ocrx_word' id='word_1_637' title='bbox 2838 4940 3028 4994; x_wconf 87' lang='lat' dir='ltr'><strong>litteris</strong></span> <span class='ocrx_word' id='word_1_638' title='bbox 3056 4941 3373 5008; x_wconf 80' lang='lat' dir='ltr'><strong>reperimus,</strong></span> <span class='ocrx_word' id='word_1_639' title='bbox 3422 4940 3508 4991; x_wconf 88' lang='lat' dir='ltr'><strong>vel</strong></span> <span class='ocrx_word' id='word_1_640' title='bbox 3540 4949 3721 4993; x_wconf 85' lang='lat' dir='ltr'><strong>nostra</strong></span> <span class='ocrx_word' id='word_1_641' title='bbox 3752 4947 3776 4973; x_wconf 72' lang='grc' dir='ltr'><strong>ε</strong></span> 
     </span>
    </p>
   </div>
   <div class='ocr_carea' id='block_1_64' title="bbox 491 5030 3775 5106">
    <p class='ocr_par' dir='ltr' id='par_1_64' title="bbox 491 5030 3775 5106">
     <span class='ocr_line' id='line_1_64' title="bbox 491 5030 3775 5106; baseline -0.001 -20"><span class='ocrx_word' id='word_1_642' title='bbox 491 5030 750 5086; x_wconf 89' lang='lat' dir='ltr'><strong>memoria</strong></span> <span class='ocrx_word' id='word_1_643' title='bbox 779 5032 978 5100; x_wconf 69' lang='lat' dir='ltr'><strong>attigit,</strong></span> <span class='ocrx_word' id='word_1_644' title='bbox 1010 5031 1180 5086; x_wconf 84' lang='lat' dir='ltr'><strong>Patris</strong></span> <span class='ocrx_word' id='word_1_645' title='bbox 1211 5033 1547 5105; x_wconf 73' lang='lat' dir='ltr'><strong>(tlhrornatii)</strong></span> <span class='ocrx_word' id='word_1_646' title='bbox 1584 5034 1821 5105; x_wconf 80' lang='lat' dir='ltr'><strong>religiosi</strong></span> <span class='ocrx_word' id='word_1_647' title='bbox 1852 5038 2137 5106; x_wconf 71' lang='lat' dir='ltr'><strong>prarceptis</strong></span> <span class='ocrx_word' id='word_1_648' title='bbox 2160 5044 2216 5091; x_wconf 90' lang='lat' dir='ltr'><strong>et</strong></span> <span class='ocrx_word' id='word_1_649' title='bbox 2256 5034 2311 5090; x_wconf 93' lang='lat' dir='ltr'><strong>in</strong></span> <span class='ocrx_word' id='word_1_650' title='bbox 2352 5034 2454 5089; x_wconf 87' lang='lat' dir='ltr'><strong>hoc</strong></span> <span class='ocrx_word' id='word_1_651' title='bbox 2483 5045 2754 5104; x_wconf 90' lang='lat' dir='ltr'><strong>parentes,</strong></span> <span class='ocrx_word' id='word_1_652' title='bbox 2804 5050 2960 5104; x_wconf 68' lang='lat' dir='ltr'><strong>quam</strong></span> <span class='ocrx_word' id='word_1_653' title='bbox 3007 5036 3320 5104; x_wconf 87' lang='lat' dir='ltr'><strong>poterimus,</strong></span> <span class='ocrx_word' id='word_1_654' title='bbox 3365 5033 3601 5088; x_wconf 83' lang='lat' dir='ltr'><strong>breviter</strong></span> <span class='ocrx_word' id='word_1_655' title='bbox 3623 5033 3645 5068; x_wconf 77' lang='grc' dir='ltr'><strong><em>ἀ</em></strong></span> <span class='ocrx_word' id='word_1_656' title='bbox 3676 5031 3775 5084; x_wconf 86' lang='lat' dir='ltr'><strong>ad-</strong></span> 
     </span>
    </p>
   </div>
   <div class='ocr_carea' id='block_1_65' title="bbox 490 5131 703 5185">
    <p class='ocr_par' dir='ltr' id='par_1_65' title="bbox 490 5131 703 5185">
     <span class='ocr_line' id='line_1_65' title="bbox 490 5131 703 5185; baseline -0.014 0"><span class='ocrx_word' id='word_1_657' title='bbox 490 5131 703 5185; x_wconf 83' lang='lat' dir='ltr'><strong>demus.</strong></span> 
     </span>
    </p>
   </div>
   <div class='ocr_carea' id='block_1_66' title="bbox 560 5262 3773 5341">
    <p class='ocr_par' dir='ltr' id='par_1_66' title="bbox 560 5262 3773 5341">
     <span class='ocr_line' id='line_1_66' title="bbox 560 5262 3773 5341; baseline 0 -24"><span class='ocrx_word' id='word_1_658' title='bbox 560 5274 588 5303; x_wconf 74' lang='grc' dir='ltr'><strong>ι</strong></span> <span class='ocrx_word' id='word_1_659' title='bbox 612 5262 940 5341; x_wconf 28' lang='grc' dir='ltr'><strong>-Βυῐὶηίιιιιοε</strong></span> <span class='ocrx_word' id='word_1_660' title='bbox 970 5264 1068 5341; x_wconf 81' lang='lat' dir='ltr'><strong>hos</strong></span> <span class='ocrx_word' id='word_1_661' title='bbox 1100 5264 1264 5319; x_wconf 90' lang='lat' dir='ltr'><strong>libros</strong></span> <span class='ocrx_word' id='word_1_662' title='bbox 1289 5266 1355 5321; x_wconf 90' lang='lat' dir='ltr'><strong>ad</strong></span> <span class='ocrx_word' id='word_1_663' title='bbox 1387 5266 1494 5341; x_wconf 83' lang='lat' dir='ltr'><strong>duo</strong></span> <span class='ocrx_word' id='word_1_664' title='bbox 1520 5276 1699 5341; x_wconf 60' lang='lat' dir='ltr'><strong>vetera</strong></span> <span class='ocrx_word' id='word_1_665' title='bbox 1732 5283 1864 5341; x_wconf 77' lang='lat' dir='ltr'><strong>mss.</strong></span> <span class='ocrx_word' id='word_1_666' title='bbox 1888 5285 2064 5325; x_wconf 80' lang='lat' dir='ltr'><strong>exem-</strong></span> <span class='ocrx_word' id='word_1_667' title='bbox 2102 5282 2150 5341; x_wconf 79' lang='grc' dir='ltr'><strong>Β</strong></span> <span class='ocrx_word' id='word_1_668' title='bbox 2177 5271 2309 5339; x_wconf 77' lang='lat' dir='ltr'><strong>ﬁnus</strong></span> <span class='ocrx_word' id='word_1_669' title='bbox 2333 5271 2509 5325; x_wconf 85' lang='lat' dir='ltr'><strong>lectori</strong></span> <span class='ocrx_word' id='word_1_670' title='bbox 2532 5285 2551 5322; x_wconf 91' lang='lat'><em>:</em></span> <span class='ocrx_word' id='word_1_671' title='bbox 2573 5283 2730 5338; x_wconf 86' lang='lat' dir='ltr'><strong>quam</strong></span> <span class='ocrx_word' id='word_1_672' title='bbox 2754 5277 2952 5341; x_wconf 76' lang='lat' dir='ltr'><strong>tamen,</strong></span> <span class='ocrx_word' id='word_1_673' title='bbox 2985 5279 3036 5321; x_wconf 91' lang='lat' dir='ltr'><strong>ut</strong></span> <span class='ocrx_word' id='word_1_674' title='bbox 3069 5277 3118 5341; x_wconf 82' lang='lat' dir='ltr'><strong>et</strong></span> <span class='ocrx_word' id='word_1_675' title='bbox 3142 5266 3613 5341; x_wconf 25' lang='lat' dir='ltr'><strong>P‘razt&#39;atimzcnlam</strong></span> <span class='ocrx_word' id='word_1_676' title='bbox 3635 5267 3773 5321; x_wconf 83' lang='lat' dir='ltr'><strong>hanc</strong></span> 
     </span>
    </p>
   </div>
   <div class='ocr_carea' id='block_1_67' title="bbox 488 5335 2063 5410">
    <p class='ocr_par' dir='ltr' id='par_1_67' title="bbox 488 5335 2063 5410">
     <span class='ocr_line' id='line_1_67' title="bbox 488 5335 2063 5410; baseline 0.004 -21"><span class='ocrx_word' id='word_1_677' title='bbox 488 5335 659 5410; x_wconf 84' lang='lat' dir='ltr'><strong>plar_ia</strong></span> <span class='ocrx_word' id='word_1_678' title='bbox 687 5336 1262 5410; x_wconf 15' lang='lat' dir='ltr'><strong>exegimusta‘lterum,</strong></span> <span class='ocrx_word' id='word_1_679' title='bbox 1287 5338 1427 5405; x_wconf 87' lang='lat' dir='ltr'><strong>quod</strong></span> <span class='ocrx_word' id='word_1_680' title='bbox 1451 5347 1506 5392; x_wconf 88' lang='lat' dir='ltr'><strong>et</strong></span> <span class='ocrx_word' id='word_1_681' title='bbox 1536 5340 1774 5393; x_wconf 83' lang='lat' dir='ltr'><strong>melioris</strong></span> <span class='ocrx_word' id='word_1_682' title='bbox 1796 5348 1880 5394; x_wconf 74' lang='lat' dir='ltr'><strong>est</strong></span> <span class='ocrx_word' id='word_1_683' title='bbox 1903 5351 2063 5410; x_wconf 69' lang='lat' dir='ltr'><strong>lltiliB,</strong></span> 
     </span>
    </p>
   </div>
   <div class='ocr_carea' id='block_1_68' title="bbox 486 5405 2064 5477">
    <p class='ocr_par' dir='ltr' id='par_1_68' title="bbox 486 5405 2064 5477">
     <span class='ocr_line' id='line_1_68' title="bbox 486 5405 2064 5477; baseline 0.003 -16"><span class='ocrx_word' id='word_1_684' title='bbox 486 5423 557 5461; x_wconf 79' lang='lat' dir='ltr'><strong>ex</strong></span> <span class='ocrx_word' id='word_1_685' title='bbox 583 5405 955 5477; x_wconf 10' lang='lat' dir='ltr'><strong>Guarnerianaﬁ</strong></span> <span class='ocrx_word' id='word_1_686' title='bbox 982 5406 1305 5461; x_wconf 84' lang='lat' dir='ltr'><strong>Bibliotheca</strong></span> <span class='ocrx_word' id='word_1_687' title='bbox 1336 5410 1388 5462; x_wconf 92' lang='lat' dir='ltr'><strong>in</strong></span> <span class='ocrx_word' id='word_1_688' title='bbox 1412 5410 1701 5476; x_wconf 88' lang='lat' dir='ltr'><strong>municipio</strong></span> <span class='ocrx_word' id='word_1_689' title='bbox 1726 5411 1783 5465; x_wconf 89' lang='lat' dir='ltr'><strong>S.</strong></span> <span class='ocrx_word' id='word_1_690' title='bbox 1811 5405 2064 5477; x_wconf 75' lang='lat' dir='ltr'><strong>Danielis,</strong></span> 
     </span>
    </p>
   </div>
   <div class='ocr_carea' id='block_1_69' title="bbox 486 5476 2065 5549">
    <p class='ocr_par' dir='ltr' id='par_1_69' title="bbox 486 5476 2065 5549">
     <span class='ocr_line' id='line_1_69' title="bbox 486 5476 2065 5549; baseline 0.004 -18"><span class='ocrx_word' id='word_1_691' title='bbox 486 5479 715 5549; x_wconf 77' lang='lat' dir='ltr'><strong>alterum</strong></span> <span class='ocrx_word' id='word_1_692' title='bbox 748 5492 813 5532; x_wconf 92' lang='lat' dir='ltr'><strong>ex</strong></span> <span class='ocrx_word' id='word_1_693' title='bbox 844 5478 902 5549; x_wconf 64' lang='grc' dir='ltr'><strong>ξ.</strong></span> <span class='ocrx_word' id='word_1_694' title='bbox 936 5476 1235 5532; x_wconf 83' lang='lat' dir='ltr'><strong>Salvatoris</strong></span> <span class='ocrx_word' id='word_1_695' title='bbox 1287 5480 1559 5534; x_wconf 67' lang='lat' dir='ltr'><strong>Bononize.</strong></span> <span class='ocrx_word' id='word_1_696' title='bbox 1609 5480 1682 5534; x_wconf 91' lang='lat' dir='ltr'><strong>De</strong></span> <span class='ocrx_word' id='word_1_697' title='bbox 1722 5480 1803 5534; x_wconf 89' lang='lat' dir='ltr'><strong>his</strong></span> <span class='ocrx_word' id='word_1_698' title='bbox 1832 5488 1980 5549; x_wconf 85' lang='lat' dir='ltr'><strong>plura</strong></span> <span class='ocrx_word' id='word_1_699' title='bbox 2012 5476 2065 5538; x_wconf 90' lang='lat' dir='ltr'><strong>in</strong></span> 
     </span>
    </p>
   </div>
   <div class='ocr_carea' id='block_1_70' title="bbox 486 5546 2065 5622">
    <p class='ocr_par' dir='ltr' id='par_1_70' title="bbox 486 5546 2065 5622">
     <span class='ocr_line' id='line_1_70' title="bbox 486 5546 2065 5622; baseline 0.003 -20"><span class='ocrx_word' id='word_1_700' title='bbox 486 5548 825 5605; x_wconf 71' lang='lat' dir='ltr'><strong>Prmiatiune.</strong></span> <span class='ocrx_word' id='word_1_701' title='bbox 848 5546 1273 5605; x_wconf 82' lang='lat' dir='ltr'><strong>Guaruerianum</strong></span> <span class='ocrx_word' id='word_1_702' title='bbox 1298 5550 1620 5622; x_wconf 84' lang='lat' dir='ltr'><strong>epigrapben</strong></span> <span class='ocrx_word' id='word_1_703' title='bbox 1643 5546 1921 5622; x_wconf 70' lang='lat' dir='ltr'><strong>praeponit,</strong></span> <span class='ocrx_word' id='word_1_704' title='bbox 1957 5554 2065 5607; x_wconf 81' lang='lat' dir='ltr'><strong>llu-</strong></span> 
     </span>
    </p>
   </div>
   <div class='ocr_carea' id='block_1_71' title="bbox 2179 5336 3712 5413">
    <p class='ocr_par' dir='ltr' id='par_1_71' title="bbox 2179 5336 3712 5413">
     <span class='ocr_line' id='line_1_71' title="bbox 2179 5336 3712 5413; baseline -0.004 -16"><span class='ocrx_word' id='word_1_705' title='bbox 2179 5336 2347 5413; x_wconf 68' lang='lat' dir='ltr'><strong>ipsam</strong></span> <span class='ocrx_word' id='word_1_706' title='bbox 2380 5345 2429 5394; x_wconf 91' lang='lat' dir='ltr'><strong>in</strong></span> <span class='ocrx_word' id='word_1_707' title='bbox 2459 5336 2604 5394; x_wconf 82' lang='lat' dir='ltr'><strong>calce</strong></span> <span class='ocrx_word' id='word_1_708' title='bbox 2636 5340 2758 5413; x_wconf 79' lang='lat' dir='ltr'><strong>libri</strong></span> <span class='ocrx_word' id='word_1_709' title='bbox 2793 5340 2856 5391; x_wconf 76' lang='lat' dir='ltr'><strong>l.\&#39;</strong></span> <span class='ocrx_word' id='word_1_710' title='bbox 2895 5339 3142 5413; x_wconf 74' lang='lat' dir='ltr'><strong>llistorin:</strong></span> <span class='ocrx_word' id='word_1_711' title='bbox 3177 5338 3496 5413; x_wconf 50' lang='lat' dir='ltr'><strong>ltittseitiattze</strong></span> <span class='ocrx_word' id='word_1_712' title='bbox 3532 5336 3712 5391; x_wconf 81' lang='lat' dir='ltr'><strong>habet.</strong></span> 
     </span>
    </p>
   </div>
   <div class='ocr_carea' id='block_1_72' title="bbox 2252 5408 3540 5466">
    <p class='ocr_par' dir='ltr' id='par_1_72' title="bbox 2252 5408 3540 5466">
     <span class='ocr_line' id='line_1_72' title="bbox 2252 5408 3540 5466; baseline -0.005 0"><span class='ocrx_word' id='word_1_713' title='bbox 2252 5410 2279 5451; x_wconf 72' lang='grc'><strong>1³</strong></span> <span class='ocrx_word' id='word_1_714' title='bbox 2319 5413 2546 5466; x_wconf 77' lang='lat' dir='ltr'><strong>Additur</strong></span> <span class='ocrx_word' id='word_1_715' title='bbox 2578 5413 2628 5461; x_wconf 89' lang='lat' dir='ltr'><strong>in</strong></span> <span class='ocrx_word' id='word_1_716' title='bbox 2658 5410 3030 5464; x_wconf 36' lang='lat' dir='ltr'><strong>Guarnt&#39;riaun</strong></span> <span class='ocrx_word' id='word_1_717' title='bbox 3062 5426 3162 5461; x_wconf 80' lang='lat' dir='ltr'><strong>ius.</strong></span> <span class='ocrx_word' id='word_1_718' title='bbox 3189 5408 3540 5460; x_wconf 72' lang='lat' dir='ltr'><strong>Cwsariensss.</strong></span> 
     </span>
    </p>
   </div>
   <div class='ocr_carea' id='block_1_73' title="bbox 2252 5480 3765 5550">
    <p class='ocr_par' dir='ltr' id='par_1_73' title="bbox 2252 5480 3765 5550">
     <span class='ocr_line' id='line_1_73' title="bbox 2252 5480 3765 5550; baseline -0.001 -15"><span class='ocrx_word' id='word_1_719' title='bbox 2252 5494 2274 5522; x_wconf 83' lang='grc' dir='ltr'><strong><em>ο</em></strong></span> <span class='ocrx_word' id='word_1_720' title='bbox 2316 5486 2489 5550; x_wconf 83' lang='lat' dir='ltr'><strong>Atque</strong></span> <span class='ocrx_word' id='word_1_721' title='bbox 2522 5482 2637 5533; x_wconf 90' lang='lat' dir='ltr'><strong>heic</strong></span> <span class='ocrx_word' id='word_1_722' title='bbox 2669 5482 2806 5533; x_wconf 80' lang='lat' dir='ltr'><strong>idem</strong></span> <span class='ocrx_word' id='word_1_723' title='bbox 2842 5481 2955 5548; x_wconf 55' lang='lat' dir='ltr'><strong>plus</strong></span> <span class='ocrx_word' id='word_1_724' title='bbox 2984 5482 3161 5543; x_wconf 70' lang='lat' dir='ltr'><strong>habet,</strong></span> <span class='ocrx_word' id='word_1_725' title='bbox 3193 5480 3267 5532; x_wconf 80' lang='lat' dir='ltr'><strong>ret</strong></span> <span class='ocrx_word' id='word_1_726' title='bbox 3293 5492 3405 5539; x_wconf 75' lang='lat' dir='ltr'><strong>qua:</strong></span> <span class='ocrx_word' id='word_1_727' title='bbox 3434 5487 3635 5547; x_wconf 82' lang='lat' dir='ltr'><strong>nostra,</strong></span> <span class='ocrx_word' id='word_1_728' title='bbox 3658 5487 3765 5534; x_wconf 80' lang='lat' dir='ltr'><strong>etc.</strong></span> 
     </span>
    </p>
   </div>
   <div class='ocr_carea' id='block_1_74' title="bbox 2247 5550 2945 5608">
    <p class='ocr_par' dir='ltr' id='par_1_74' title="bbox 2247 5550 2945 5608">
     <span class='ocr_line' id='line_1_74' title="bbox 2247 5550 2945 5608; baseline -0.001 0"><span class='ocrx_word' id='word_1_729' title='bbox 2247 5551 2273 5591; x_wconf 74' lang='grc' dir='ltr'><em>ά</em></span> <span class='ocrx_word' id='word_1_730' title='bbox 2315 5555 2415 5608; x_wconf 70' lang='lat' dir='ltr'><strong>his.</strong></span> <span class='ocrx_word' id='word_1_731' title='bbox 2450 5550 2655 5606; x_wconf 80' lang='lat' dir='ltr'><strong>Uouon.</strong></span> <span class='ocrx_word' id='word_1_732' title='bbox 2684 5551 2945 5607; x_wconf 71' lang='lat' dir='ltr'><strong>addimus.</strong></span> 
     </span>
    </p>
   </div>
  </div>
