4166 6348
570 391 3841 424 MM

1614 508 2075 679 LIBER
2150 508 2798 630 PRIMUS.

1008 694 1011 699 h
1087 690 1312 800 CAPUT
1352 735 1640 795 PRIMUM.

1139 867 1215 943 De
1244 872 1351 939 Arii
1384 871 1586 927 literni.
1682 864 1693 871 ’

647 1010 1002 1082 217-218
1026 1006 1158 1061 Cum
1207 1004 1347 1075 apud
1396 1000 1775 1059 Alexandriam
1806 1011 1927 1073 post
1972 1000 2148 1055 Achil-

573 1102 703 1169 lam,
731 1104 821 1172 qui
848 1103 1008 1156 Petro
1038 1098 1256 1168 Martyri
1281 1104 1639 1162 successerat,
1671 1104 1697 1132 ι
1724 1095 2024 1151 Alexander
2064 1108 2150 1155 sa-

573 1195 868 1257 cerdotium
913 1192 1264 1260 suscepisset,
1315 1189 1437 1260 quia
1484 1204 1583 1256 pax
1634 1188 1831 1243 nostris
1861 1188 2093 1256 etquies
2120 1199 2151 1240 a

573 1284 1044 1355 persecutionibus
1081 1292 1219 1348 erat,
1240 1292 1399 1349 atque
1430 1281 1790 1337 Ecclesiarum
1818 1278 1984 1347 gloria
2012 1276 2153 1333 Con-

572 1377 836 1431 fessorum
851 1377 1057 1432 meritis
1074 1373 1340 1445 gaudebat
1364 1392 1374 1426 :
1399 1372 1728 1443 prosperitas
1746 1388 1921 1426 rerum
1942 1380 2152 1425 nostra-

570 1483 694 1522 rum
720 1467 1015 1525 domestica
1061 1466 1408 1523 contentione
1460 1465 1723 1519 turbatur.
1762 1463 1971 1522 Etenim
2006 1477 2154 1532 pres-

571 1559 727 1632 byter
768 1560 985 1630 quidam
1032 1559 1173 1628 apud
1216 1556 1623 1620 Alexandriam,
1668 1555 1823 1610 Atius
1852 1552 1880 1593 δ
1913 1555 2147 1619 nomine,

572 1654 656 1708 vir
684 1655 864 1721 specie
891 1661 945 1708 et
972 1651 1143 1707 forma
1193 1651 1383 1720 magis.
1415 1664 1573 1718 quam
1606 1648 1800 1703 virtute
1833 1647 2145 1715 religiosus,

572 1742 666 1799 sed
696 1743 878 1813 gloria:
910 1743 1185 1810 laudisque
1211 1752 1265 1797 et
1315 1741 1565 1797 novitatis
1618 1740 1860 1808 improbe
1901 1736 2148 1805 cupidus,

574 1849 734 1904 prava
758 1835 999 1903 quardam
1023 1835 1087 1889 de
1118 1833 1221 1895 title
1248 1833 1448 1901 Cltristi
1479 1831 1739 1902 proferre,
1769 1842 1821 1886 et
1849 1847 1969 1901 quae
1991 1844 2149 1884 antea

573 1927 625 1979 in
657 1924 1006 1997 qumstionem
1058 1942 1326 1996 nunquam
1358 1936 1379 1963 ο
1413 1933 1695 1989 venerant,
1726 1926 1887 1991 erepit
1924 1941 1939 1979 :
1972 1922 2149 1981 absci-

571 2017 700 2083 dere
728 2030 789 2071 ac
817 2030 1066 2086 separare
1093 2017 1159 2069 ab
1192 2016 1278 2075 illa
1320 2024 1518 2070 arterna
1544 2022 1599 2069 et
1644 2014 1895 2069 ineﬂabili
1928 2012 2020 2067 Dei
2052 2012 2151 2066 Pa-

2178 721 2224 781 Α
2258 715 2395 771 tibus
2444 717 2634 772 adesse
2658 716 2828 785 jubet,
2876 731 2937 773 ac
2980 718 3049 774 de
3088 719 3205 788 ejus
3234 719 3718 791 propositionibus,
3784 730 3840 776 et

2198 864 2201 869 ,
2253 808 2639 883 questionibus
2666 809 2919 879 ludicari.

2866 962 3091 1020 CAPUT
3128 962 3195 1019 ll.

2477 1116 2556 1170 De
2578 1116 2809 1179 Concilio
2838 1120 2977 1187 apud
3008 1119 3239 1178 Nicaaat
3268 1133 3576 1195 congregato

2329 1266 2433 1323 Sed
2462 1275 2517 1321 et
2544 1267 2595 1321 in
2618 1283 2685 1323 eo
2714 1269 2951 1324 Concilio
2997 1271 3311 1329 admirabile
3343 1273 3544 1338 factum
3574 1276 3839 1346 Principis

2256 1374 2361 1412 non
2394 1367 2519 1427 puto
2546 1359 2897 1415 reticendum.
2928 1361 3139 1416 Etenim
3177 1378 3299 1417 cum
3326 1379 3393 1421 ex
3420 1367 3670 1422 omnibus
3702 1385 3841 1438 pene

2254 1450 2387 1505 locis
2413 1453 2655 1522 Episcopi
2686 1454 3083 1520 convenissent,
3117 1465 3174 1512 et
3202 1456 3284 1529 (ut
3310 1457 3423 1513 lteri
3471 1460 3631 1531 solet)
3664 1463 3839 1517 diver-

2254 1541 2329 1595 sis
2358 1556 2425 1599 ex
2476 1544 2683 1598 caussis
2732 1543 2874 1603 inter
2920 1560 2979 1600 se
3007 1547 3251 1614 quasdam
3291 1548 3462 1619 iurgia
3500 1550 3838 1620 detulissent,

2256 1635 2698 1702 interpellabatur
2743 1638 3050 1708 frequenter
3091 1655 3121 1694 a
3171 1641 3397 1711 singulis
3435 1659 3448 1696 :
3480 1643 3845 1715 offerebantur

2255 1725 2440 1789 libelli,
2465 1727 2634 1793 culpa:
2652 1727 3076 1797 proferebantur,
3092 1740 3145 1787 et
3159 1733 3326 1802 magis
3355 1733 3422 1790 ad
3448 1733 3758 1807 lucc,quam
3774 1739 3843 1795 ad

2255 1816 2431 1885 id,pro
2454 1834 2560 1887 quo
2575 1830 2787 1874 Ventum
2805 1820 3207 1885 luerat,animos
3228 1824 3446 1887 dabant.
3464 1831 3533 1881 At
3549 1829 3637 1887 ille
3656 1830 3845 1896 videns

2253 1910 2393 1978 quod
2432 1927 2527 1977 per
2559 1910 2859 1981 lmjusmodi
2889 1914 2994 1986 [ΑΙ.
3031 1916 3419 1989 hujuscemodi]
3450 1919 3625 1993 iurgia
3652 1938 3845 1981 caussa

2254 2000 2445 2055 surmni
2462 2004 2624 2091 219
2641 2005 2833 2073 negotii
2852 2006 3212 2073 frustraretur,
3232 2008 3369 2064 diem
3384 2022 3580 2066 certam
3603 2012 3711 2081 [AL
3724 2028 3845 2068 cer-

572 2109 666 2162 tris
694 2106 1013 2171 substantia.
1047 2106 1132 2159 vr-l
1184 2114 1374 2160 natura
1418 2104 1611 2159 Filium
1660 2104 1975 2159 conabatur.
2018 2103 2151 2169 Qua:
2184 2101 2228 2159 Β
2257 2092 2386 2163 'uml
2422 2096 2627 2157 Slmuit.
2662 2110 2761 2164 qua
2796 2099 3158 2169 unusquisque
3194 2100 3577 2170 Episcoporum
3614 2106 3658 2160 si
3712 2106 3845 2176 quid

570 2213 659 2261 res
706 2197 965 2267 plurimos
1018 2198 1073 2253 in
1148 2196 1382 2253 Eoi-lesia
1436 2195 1811 2253 conturbabat.
1867 2193 1976 2248 Sed
2025 2208 2146 2250 cum

568 2289 875 2359 Alexander
906 2289 1201 2358 Episcopus
1246 2298 1430 2341 natura
1477 2288 1611 2341 lenis
1641 2296 1696 2341 et
1742 2286 1974 2355 quietus,
2018 2286 2151 2341 assi-

570 2382 690 2449 duis
714 2380 1227 2441 commonitionibus
1245 2380 1427 2434 Arium
1459 2388 1681 2446 cuperet
1706 2393 1733 2431 a
1765 2378 2153 2446 pravoincepto

568 2482 624 2535 et
668 2470 1055 2526 assertionibus
1104 2471 1283 2541 impiis
1329 2483 1600 2532 revocare,
1636 2482 1735 2522 nec
1763 2476 1942 2521 tamen
1969 2481 2054 2521 res
2084 2481 2151 2529 ex

570 2562 836 2616 sententia
868 2561 1181 2630 procederet
1205 2559 1257 2623 ἀ,
1288 2559 1427 2629 quod
1460 2559 1742 2627 plerosque
1765 2557 1874 2628 jam
1906 2558 2152 2628 contagio

572 2652 839 2724 pestiferae
888 2651 1201 2719 assertionis
1257 2650 1554 2717 infecerat,
1614 2666 1719 2704 nntt
1783 2650 1956 2705 solum
2011 2649 2152 2719 apud

572 2744 983 2807 Alexandriam,
1009 2758 1192 2807 verum
1214 2751 1264 2797 rt
1293 2759 1385 2811 per
1412 2744 1543 2798 alias
1565 2744 1722 2807 urbes
1745 2742 2153 2813 provinciasque

571 2833 850 2904 dispersa:
903 2834 1256 2904 perniciosum
1289 2833 1405 2897 iure
1447 2834 1694 2899 credens,
1743 2832 1788 2886 si
1837 2830 2153 2890 dissimula-

574 2935 705 2991 τρι·
754 2941 783 2980 a
817 2925 1029 2990 talibus,
1077 2927 1317 2995 plurimis
1361 2924 1837 2981 consacerdotibus
1882 2925 1995 2989 suis
2038 2940 2150 2979 rem

574 3020 795 3089 indicat.
846 3020 1078 3086 QuaStio
1109 3020 1264 3073 latius
1310 3020 1611 3075 inualescit.
1660 3021 1848 3075 Sermo
1880 3033 2049 3087 usque
2085 3019 2152 3073 ad

572 3125 728 3181 aures
753 3111 982 3181 religiosi
1013 3111 1281 3180 principis,
1314 3110 1507 3178 quippe
1530 3110 1619 3185 qui
1649 3107 1667 3147 ι
1710 3112 1854 3165 omni
1893 3110 2069 3165 studio
2099 3118 2154 3165 et

573 3205 844 3276 diligentia
872 3214 1103 3271 curaret,
1135 3220 1251 3274 qua:
1296 3214 1475 3259 nostra
1519 3213 1666 3269 sunt,
1708 3206 1970 3273 pervenit.
2015 3203 2150 3258 Tum

574 3297 665 3367 ille
689 3312 752 3352 ex
800 3295 1136 3352 sacerdotum
1187 3296 1451 3351 sententia
1494 3295 1632 3366 apud
1682 3295 1865 3349 urbem
1916 3294 2147 3349 Nicaeam

574 3388 892 3473 Episcopale
940 3388 1235 3445 Concilium
1262 3397 1521 3444 convocat
1554 3388 1725 3457 (Anno
1768 3388 2016 3457 cccxxv),
2053 3386 2151 3442 ibi-

2252 2186 2600 2259 qucrirnouiae
2631 2186 2827 2243 habere
2855 2190 3147 2256 videretur,
3173 2192 3427 2251 deferret.
3455 2195 3663 2252 Etcum
3698 2209 3723 2245 κ
3758 2214 3847 2255 re-

2253 2278 2505 2343 sedisset,
2538 2281 2773 2347 suscepit
2803 2297 2830 2334 a
2860 2283 3082 2351 singulis
3115 2285 3324 2341 libe'los
3348 2304 3363 2341 :
3390 2303 3523 2357 quos
3543 2290 3703 2346 simul
3726 2307 3847 2355 om:

2257 2386 2353 2425 nos
2378 2371 2432 2425 in
2463 2371 2582 2425 sinu
2616 2389 2713 2427 suo
2744 2374 3050 2441 continens,
3082 2392 3179 2433 nvc
3200 2378 3261 2437 in
3285 2379 3362 2433 eis
3385 2380 3510 2449 quid
3537 2384 3848 2443 contineres

2256 2471 2340 2517 tur
2368 2463 2650 2537 aperiens,
2682 2466 2755 2519 ait
2794 2467 2859 2525 ad
2911 2467 3244 2537 Episcopus:
3278 2471 3415 2526 Dens
3451 2487 3546 2527 vos
3572 2473 3848 2529 constituit

2255 2557 2582 2616 sacerdotes.
2630 2567 2683 2611 et
2734 2567 3052 2626 potestatem
3085 2560 3237 2613 vobis
3265 2560 3409 2616 dedit
3452 2562 3519 2617 de
3557 2564 3710 2617 nobis
3734 2561 3842 2636 [AL

2255 2646 2325 2700 de
2352 2645 2530 2719 vobis]
2559 2664 2770 2719 quoque
2805 2649 3104 2721 jndicandi,
3140 2662 3194 2708 et
3237 2654 3358 2709 ideo
3387 2670 3484 2711 nos
3512 2672 3541 2710 a
3574 2656 3725 2711 vobis
3754 2672 3844 2712 re-

2254 2748 2339 2793 cte
2372 2737 2695 2809 iudicamur.
2721 2741 2825 2796 Vos
2854 2755 3033 2802 autem
3060 2760 3162 2799 non
3198 2748 3417 2815 potestis
3445 2749 3511 2803 ab
3534 2749 3843 2813 hominibus

2249 2829 2499 2899 judicari.
2532 2831 2756 2898 Pr0ptcr
2777 2836 2916 2903 quod
2948 2834 3041 2890 Del
3070 2837 3240 2893 solius
3270 2840 3405 2894 inter
3421 2854 3515 2893 vos
3537 2852 3847 2910 exspectate

2250 2920 2533 2991 judicium,
2568 2931 2623 2977 et
2650 2931 2827 2979 vestra
2858 2926 3030 2995 jurgia
3062 2944 3414 2999 qua-cumque
3442 2938 3585 2995 sunt,
3618 2930 3684 2987 ad
3715 2932 3843 2987 illud

2255 3013 2493 3073 divinum
2514 3027 2859 3071 reserventur
2892 3032 3146 3074 examen.
3172 3019 3481 3081 Vest-testim
3513 3022 3707 3076 nobisa
3733 3022 3848 3079 Deo

2255 3106 2367 3160 dati
2397 3108 2527 3162 estis
2557 3107 2654 3173 dii,
2684 3116 2736 3161 et
2766 3108 3098 3165 conveniens
3126 3126 3231 3167 non
3262 3120 3345 3168 est
3375 3123 3427 3167 ut
3455 3112 3615 3167 homo
3639 3113 3845 3182 judicet

2255 3198 2411 3267 deos,
2449 3199 2544 3254 sed
2573 3198 2665 3260 ille
2702 3202 2849 3257 solus
2878 3202 2944 3257 de
2972 3217 3078 3270 quo
3111 3204 3368 3271 scriptum
3397 3213 3477 3258 est
3505 3224 3516 3256 :
3544 3202 3683 3259 Deus
3708 3206 3844 3260 stetit

2254 3292 2306 3344 in
2334 3289 2362 3329 ι·
2390 3308 2651 3363 synagoga
2678 3294 2911 3358 deorum,
2960 3294 3011 3345 in
3043 3297 3212 3349 medio
3243 3308 3412 3350 autent
3452 3294 3574 3349 deos
3600 3298 3842 3351 discernit

2257 3381 2426 3452 (Psal.
2462 3384 2549 3439 81.
2586 3382 2690 3455 1.).
2717 3385 2781 3439 Et
2811 3384 2929 3440 ideo
2953 3385 3034 3440 his
3067 3387 3303 3453 omissis,
3340 3389 3425 3442 illa
3457 3403 3575 3457 qua:
3592 3387 3658 3441 ad
3682 3388 3840 3443 ﬁdem

575 3497 681 3553 que
701 3482 887 3551 Arium
918 3482 1169 3538 trecentis
1192 3481 1375 3541 decem
1397 3491 1452 3537 et
1473 3490 1593 3538 octo
1612 3482 1891 3553 Episcopis
1908 3481 2147 3537 residen-
2176 3481 2222 3545 C
2256 3474 2348 3535 Dei
2378 3477 2673 3546 pertinent,
2706 3478 2909 3548 absque
2957 3478 3063 3533 ulla
3112 3480 3411 3540 animorum
3449 3476 3465 3518 ί
3499 3480 3840 3543 contentione

577 3677 688 3723 uno
715 3664 879 3718 verbo
905 3664 1238 3728 retudi/ieeur.
1263 3662 1369 3719 Sed
1389 3670 1444 3719 et
1459 3662 1835 3732 subsequentia
1850 3661 1956 3715 duo
1977 3662 2148 3730 capita

578 3733 633 3801 in
666 3749 826 3787 unum
855 3750 975 3788 cum
1027 3736 1128 3789 hoc
1177 3735 1341 3790 nectit
1382 3734 1504 3787 end.
1556 3732 1931 3795 Gnarnerian.,
1957 3735 2043 3801 qui
2090 3744 2144 3787 et

579 3792 980 3858 deturbabantur
1020 3805 1187 3859 ferme
1219 3804 1417 3862 rectius
1442 3819 1536 3865 pro
1562 3792 1986 3860 disturbabuntur'
2001 3804 2147 3872 legit.

579 3874 637 3928 ln
668 3874 771 3927 line
792 3875 957 3939 addit,
982 3873 1280 3944 Eapliciunt
1300 3873 1564 3944 Capitula.

649 3943 1019 4000 'Adnotatum
1052 3942 1347 4007 Cacciario,
1380 3942 1740 4001 Alexandrum
1763 3943 1910 4010 juxta
1935 3943 2151 3998 Baronii

576 4013 836 4081 calculum
888 4015 1054 4070 fuisse
1108 4019 1171 4070 ad
1204 4016 1387 4070 sedem
1437 4014 1850 4068 Alexandrinam
1907 4025 2149 4066 evectum

576 4100 721 4139 anno
745 4087 957 4142 circiter
977 4085 1100 4146 Sil.
1130 4086 1295 4139 Multo
1320 4092 1497 4139 autem
1522 4084 1718 4137 rectius
1744 4082 1889 4137 initm
1918 4085 2153 4138 rationes

578 4170 644 4210 ex
675 4155 923 4211 Veterum
977 4155 1318 4211 monimentis
1364 4155 1704 4221 persuadent,
1757 4156 1950 4217 serius,
2002 4164 2054 4207 et
2095 4165 2154 4207 ut

576 4226 880 4289 minimum,
933 4228 998 4279 ad
1047 4243 1241 4279 annum
1275 4224 1401 4280 515.
1450 4224 1567 4290 ejus
1596 4239 1717 4278 esse
1762 4226 2151 4279 ordinationem

575 4294 943 4359 diﬁcrendam.
977 4296 1108 4351 Vide
1132 4297 1408 4350 Socratem
1441 4295 1530 4347 lib.
1566 4295 1596 4347 Ι.
1631 4309 1749 4359 cap.
1782 4293 1835 4348 5.

647 4364 674 4407 δ
704 4366 887 4421 Otiose
917 4368 1055 4421 idem
1086 4366 1153 4421 de
1202 4367 1349 4426 Ario,
1387 4380 1507 4432 quae
1545 4366 1811 4418 sexcentis
1844 4364 1990 4417 libris
2031 4380 2155 4432 pro-

575 4434 684 4490 dita
716 4447 859 4509 sunt,
892 4439 1114 4506 replicat
1136 4453 1157 4509 _:
1186 4442 1370 4509 contra
1400 4450 1518 4509 qua:
1545 4436 1721 4509 lucem
1739 4438 1993 4509 Auctoris
2024 4444 2153 4509 tes...

576 4509 651 4560 tui
682 4505 969 4573 adferrent,
1002 4507 1190 4561 nescit.
1217 4505 1582 4572 Nempe'quod
1607 4508 1679 4557 ait
1706 4507 1917 4567 Noster,
1947 4506 2149 4569 Arium,

575 4577 741 4641 uirum
769 4580 934 4643 specie
961 4587 1007 4630 et
1030 4581 1195 4644 [arma
1218 4576 1399 4643 magis,
1432 4592 1585 4639 quam
1626 4577 1811 4627 virtute
1839 4576 2151 4639 religiosum,

573 4655 681 4700 etc.
711 4648 979 4717 geminum
1009 4655 1089 4700 est
1120 4646 1225 4698 illis
1255 4646 1554 4712 Epipltanii,
1582 4644 1704 4696 Fuit
1744 4647 2028 4712 proccriore
2050 4655 2155 4698 sla—

578 4726 715 4780 tttra,
758 4718 976 4781 demisso
1003 4719 1166 4777 vultu,
1220 4724 1424 4778 totaque
1463 4717 1691 4784 corporis
1754 4717 2154 4783 ronﬁguratione

576 4786 777 4841 subdoli
800 4788 1045 4857 serpentis
1068 4788 1250 4857 instar,
1280 4786 1347 4837 ad
1372 4784 1605 4849 fraudem
1632 4794 1678 4857 et
1702 4784 1970 4857 fallaciam
2005 4802 2148 4837 com-

2328 3660 2349 3688 ο
2375 3650 2557 3709 Codex
2605 3651 2957 3709 Guarnerian.
2997 3665 3238 3710 venerunt
3265 3673 3281 3709 :
3310 3672 3375 3711 ex
3404 3672 3528 3724 quo.
3567 3666 3622 3711 et
3664 3658 3837 3721 Bono—

2254 3724 2459 3797 niensi,
2484 3724 2716 3797 itemque
2735 3740 2840 3777 uno
2858 3726 3023 3779 \‘atic.
3059 3736 3217 3797 atque
3246 3727 3405 3780 editis
3424 3730 3691 3783 nonnullis
3714 3746 3835 3793 mox

2254 3794 2914 3871 restituimus“abscidere,
2978 3813 3073 3865 pro
3122 3794 3229 3868 quo
3283 3800 3551 3867 Buri-acus,
3609 3801 3832 3871 aliique,

2253 3864 2410 3920 etiam
2446 3878 2574 3919 mss.
2604 3866 2723 3919 libri
2756 3866 3008 3921 obsidere.

2323 3932 2348 3970 ἀ
2375 3935 2515 4010 Idem
2574 3935 2925 3991 Guarnerian.
2975 3953 3074 3992 ms.
3108 3938 3422 4010 procederet,
3463 3949 3509 3993 et
3549 3940 3702 4007 quod,
3728 3950 3832 4007 etc.

2255 4016 2363 4057 tum
2395 4004 2670 4073 dispersas.

2327 4075 2726 4149 tj_Restituimus
2769 4094 2801 4130 a
2843 4078 3051 4143 talibus,
3094 4080 3352 4149 plurimis,
3375 4088 3477 4133 etc.
3511 4083 3831 4137 auctoritate

2252 4145 2497 4200 Cudicum
2527 4156 2830 4201 nostrorum
2876 4145 3115 4203 omnium
3151 4153 3203 4217 (e
3253 4148 3446 4216 quibus
3477 4150 3829 4206 Guarnerian.

2252 4216 2304 4267 in
2338 4217 2545 4286 talibus)
2579 4228 2689 4270 tmn
2716 4234 2901 4272 eorum
2944 4235 3078 4287 quos
3108 4230 3161 4273 ct
3192 4221 3436 4273 Barrmus
3466 4222 3592 4274 olim
3623 4232 3674 4276 et
3694 4222 3835 4278 Rhe-

2254 4292 2781 4359 natus_consu|nere,
2811 4289 3042 4358 denique
3072 4299 3126 4343 et
3157 4289 3529 4345 Vaticanorum
3571 4292 3832 4359 plurium,

2254 4370 2388 4423 quos
2417 4356 2726 4412 Cacciarius
2756 4356 2966 4419 laudat,
3005 4370 3055 4413 et
3085 4361 3277 4423 quibus
3307 4372 3483 4415 tamen
3514 4356 3695 4415 arma.
3727 4356 3835 4423 lecé

2256 4430 2451 4499 tionem
2481 4428 2657 4485 minus
2686 4430 2928 4496 probam,
2960 4439 3004 4483 et
3024 4431 3139 4483 aliis
3168 4432 3419 4494 plurimis,
3453 4433 3567 4499 ipse
3591 4434 3829 4487 retinuit.

2330 4494 2349 4534 ί
2385 4494 2737 4553 Bononiensis
2784 4515 2885 4552 ms.
2924 4517 3034 4552 cum
3064 4504 3202 4554 omni
3249 4503 3422 4555 studio
3459 4494 3483 4555 ἐ
3513 4518 3635 4556 mox
3667 4504 3836 4558 Guar-

2255 4566 2462 4621 nerian.
2497 4585 2559 4624 ea:
2603 4571 2852 4633 sententia
2885 4570 3245 4631 Sacerdolum.
3284 4573 3491 4626 Clarior
3520 4588 3713 4628 sensus
3752 4584 3835 4629 est

2256 4638 2381 4703 loci,
2415 4654 2574 4707 quam
2606 4652 2663 4698 ut
2698 4640 2940 4709 pluribus
2987 4643 3184 4707 exponi
3239 4642 3493 4711 indigeat,
3540 4659 3608 4711 ne
3637 4659 3834 4709 convoe

2254 4706 2439 4783 catum
2462 4706 2778 4783 auctoritate
2832 4706 3175 4779 Imperatoris
3223 4706 3497 4783 Synodum
3535 4706 3719 4770 dicere
3760 4708 3835 4769 vi?

2261 4779 2469 4845 deatur,
2501 4784 2593 4842 sed
2618 4782 2799 4848 utique
2832 4786 3030 4843 favore,
3062 4779 3281 4849 auxilio,
3313 4793 3366 4837 et
3396 4798 3683 4840 consensu.
3706 4786 3833 4840 Eam

552 4858 769 4923 posita,
796 4849 944 4909 ita'ut
972 4855 1166 4909 callido
1191 4854 1283 4909 illo
1316 4849 1823 4923 externoque/nium
1854 4858 2003 4922 facile
2024 4857 2147 4908 sim-
2180 4853 2231 4911 D
2258 4849 2307 4923 it!
2342 4864 2454 4923 rem
2488 4854 2860 4923 notatudigna
2887 4860 3096 4919 quoque
3120 4862 3202 4908 est
3228 4854 3329 4906 alia
3360 4854 3561 4909 codicis
3590 4855 3835 4910 Guar-ne-

575 4924 877 4993 plicioribus
901 4927 1086 4992 animis
1112 4925 1392 4989 obreperet.
1436 4924 1573 4977 Nam
1597 4924 1969 4991 ltemiphorium
1993 4936 2037 4979 et
2059 4941 2144 4978 co-

576 4993 769 5047 lobium
794 4997 1023 5058 indutus,
1046 4999 1100 5047 in
1126 4996 1392 5055 colloquiis
1430 5011 1491 5047 ac
1511 4994 1905 5055 salutationibus
1927 4997 2145 5049 blandus

573 5064 683 5119 erat
703 5066 756 5118 in
778 5067 952 5132 primis
980 5075 1129 5132 atque
1152 5065 1375 5117 omnium
1415 5068 1611 5121 animos
1643 5064 1996 5119 adulationum
2035 5068 2150 5119 ille-

575 5132 736 5189 cebris
760 5136 1015 5207 devinctos
1043 5134 1258 5207 tenebat.
1288 5136 1727 5207 Antiquissimum
1750 5151 1959 5207 quoque
1985 5136 2147 5207 Frug-

580 5212 819 5271 tnentum
867 5205 1114 5267 Historia:
1157 5206 1222 5259 de
1259 5206 1546 5260 Scltisntate
1593 5204 1888 5269 Meletiano,
1944 5204 2143 5260 edituin

576 5281 703 5341 ante
745 5290 915 5331 annos
947 5276 1110 5330 ferme
1154 5285 1357 5343 septem
1401 5292 1467 5329 ex
1510 5274 1840 5333 Veronensis
1890 5277 2146 5331 Ecclesiae.

577 5360 681 5428 ms.
707 5346 859 5429 Tom.
905 5347 991 5402 ιιι.
1042 5342 1483 5429 qliservationum
1523 5342 1786 5429 Litterae.
1835 5348 1985 5429 Arius
2023 5348 2140 5429 aui-

574 5414 694 5481 dam
722 5417 949 5470 habitum
979 5426 1185 5487 portans
1226 5416 1450 5487 pietatis,
1484 5426 1539 5470 et
1570 5417 1803 5470 Doctoris
1837 5414 2145 5471 desiderium

577 5486 785 5541 habens.
819 5490 925 5541 lloc
954 5484 1033 5541 cst
1080 5484 1341 5553 quod'ait
1378 5488 1589 5547 Nuster,
1628 5489 1717 5539 sed
1752 5488 2145 5555 gloriazlaudis-

574 5573 670 5625 que
697 5566 745 5611 et
774 5559 1007 5611 nov'tatis
1036 5556 1262 5622 improbe
1289 5559 1523 5624 cupidus.
1552 5557 1654 5611 Pro
1683 5559 1919 5611 novitatis
1973 5559 2026 5610 in
2053 5574 2147 5611 co-

574 5629 691 5680 dice
733 5628 1096 5682 Gnarncriano
1127 5628 1403 5681 nobilitatis
1448 5631 1654 5696 legitur,
1706 5630 1846 5696 quod
1889 5637 1943 5681 et
1979 5628 2145 5680 lr-rme

575 5699 743 5769 magis
773 5697 1036 5769 probarim
1065 5713 1077 5748 :
1111 5700 1318 5751 tametsi
1362 5700 1715 5769 calligrupltns
1761 5700 1828 5752 ibi
1858 5716 1920 5752 ex
1950 5699 2149 5749 subno-

572 5768 718 5837 tarit,
770 5775 849 5837 ut,
873 5765 1075 5822 scilicet
1115 5765 1508 5834 expungendus
1538 5770 1863 5837 signiﬁcaret
1903 5770 2136 5821 literulas

573 5836 913 5909 intermctlias
930 5838 985 5905 li,
998 5846 1052 5893 et
1064 5839 1315 5907 nof-itatis,
1333 5841 1725 5906 idest,novitatts
1738 5837 2143 5896 restituendum.

2249 4918 2387 5041 ziani
2432 4920 2613 4985 lectio,
2648 4918 2914 4993 Episcopis
2957 4924 3368 4992 prmidentibus,
3414 4939 3513 4995 pro
3565 4926 3833 4991 residenti-

2283 5007 2360 5041 με.
2960 5008 2973 5019 ⁸

2283 5007 2360 5044 1ιὸ.
2960 5008 2973 5019 ⁸
3000 5042 3003 5045 η

2323 5059 2548 5136 ﬁCodex
2586 5062 2908 5136 Bononiens.
2944 5072 2994 5136 et
3010 5066 3139 5121 eum
3167 5065 3396 5129 redisset,
3424 5066 3637 5136 suscipit
3665 5083 3697 5119 α
3723 5066 3833 5120 sin-

2247 5132 2404 5205 gulis,
2436 5146 2541 5205 etc.
2576 5143 2685 5186 tum
2728 5133 2912 5202 juncto
2956 5131 3319 5188 Gnarnertuno
3356 5131 3582 5205 aliisque
3613 5151 3742 5191 mss.
3782 5146 3832 5192 et

2251 5203 2475 5271 vulgatis
2506 5206 2771 5272 plerisque
2800 5205 3047 5256 omnibus
3082 5207 3336 5273 aperiens,
3364 5203 3506 5273 quod
3554 5222 3659 5261 nun
3704 5213 3833 5262 satis

2248 5286 2455 5351 caussa
2476 5275 2591 5351 ⁸ιἰιὶι
2619 5276 2893 5328 Cacciario
2932 5290 2997 5329 ex
3030 5274 3238 5330 duobus
3280 5274 3557 5333 dumtaxat
3584 5277 3742 5333 codd.
3775 5285 3833 5331 ut
3894 5298 3895 5301 η

2247 5345 2299 5405 in
2327 5345 2575 5408 aspiciens
2608 5353 2857 5397 mutaret.

2292 5409 2345 5471 ,Ιι
2373 5413 2495 5488 M_ss.
2538 5416 2723 5488 nostri,
2757 5424 2820 5488 et
2852 5414 3085 5469 Vaticant
3116 5416 3343 5488 quidam
3392 5418 3785 5488 congregatione
3816 5431 3836 5472 :

2248 5491 2358 5536 tum
2395 5483 2712 5537 Bnnoniens.
2746 5482 2881 5537 Deus
2903 5482 3168 5549 discernit,
3196 5497 3251 5539 et
3280 5487 3359 5540 his
3387 5482 3647 5542 admissis.
3742 5508 3749 5517 η

2325 5552 2341 5588 ί
2373 5555 2676 5608 Cacciarius
2698 5556 3032 5617 dissensione,
3060 5558 3651 5613 reclamantibuslibris
3672 5556 3834 5613 editis

2250 5624 2517 5696 omnibus,
2551 5634 2601 5696 et
2631 5641 2758 5678 mss.
2794 5635 2902 5679 tum
2944 5628 3162 5693 nostris,
3193 5636 3303 5679 turn
3327 5629 3520 5696 quibus
3550 5642 3681 5681 usus
3719 5629 3833 5696 ipse

2250 5704 2332 5766 est
2359 5694 2648 5766 Vaticanis,
2681 5696 2889 5749 duobus
2922 5705 3146 5760 tantum,
3165 5707 3218 5748 ut
3243 5694 3409 5763 notat,
3436 5699 3699 5766 exceptis.
3726 5694 3831 5751 Pro

2250 5764 2562 5840 distinguile.
2599 5766 2843 5840 [sarrieris
2862 5776 3019 5836 atque
3046 5766 3135 5821 alii
3155 5783 3216 5821 ex
3243 5766 3375 5822 edit.
3398 5764 3667 5840 discingite
3684 5785 3704 5835 ;
3725 5768 3831 5824 duo

2259 5833 2423 5890 Vatic.
2458 5848 2585 5891 mss.
2616 5836 2903 5890 discemus.
2937 5833 2947 5836 ⁷
3336 5860 3339 5861 ν
