4166 6348
366 423 470 482 λόθ

1219 414 1539 473 HISTORIA
1583 409 2136 467 ECCLESIASTICA.
2180 412 2384 469 LIBER
2424 414 2701 472 PRIMUS.

3529 424 3634 481 4Ἱο

364 533 699 612 distiuguite.
729 539 901 609 Quum
933 539 1048 595 hate
1077 536 1316 602 dixisset,
1350 548 1539 590 omnes
1568 530 1728 587 simul
1759 531 1941 603 queri-
1974 525 2021 583 Α
2048 533 2380 603 simplicitas.
2403 533 2431 573 ἀ
2462 536 2703 593 l‘erstitit
2750 547 2927 593 tamen
2960 542 3159 605 senior.
3190 550 3243 596 et
3296 542 3418 599 hinc
3465 546 3634 602 movit

366 633 667 687 tuoniarum
705 631 909 686 libellos
952 632 1108 701 jussit
1144 628 1315 693 exuri,
1352 642 1416 681 ne
1449 627 1809 679 innotesceret
1859 620 1952 675 ulli

367 726 638 781 hominum
678 725 946 781 simulatio
993 724 1355 779 sacerdotum.
1398 719 1592 772 Verum
1638 730 1802 784 quum
1858 708 1953 782 per

364 816 481 875 dies
510 819 705 872 multos
733 819 785 874 in
830 819 1210 887 Episcoporum
1239 813 1477 870 Conci‘io
1499 812 1564 867 de
1598 810 1700 864 fide
1725 808 1953 878 qurestio

366 922 689 979 verteretur,
735 922 789 967 et
834 912 1069 967 nonnulli
1118 911 1331 967 diversa
1372 908 1654 972 sentirent,
1698 918 1761 958 ac
1790 903 1955 958 vehe-

368 1014 575 1059 menter
604 1004 798 1072 emptis
832 1004 942 1057 Arii
972 1002 1232 1065 faverent,
1264 1001 1441 1069 plures
1475 1006 1651 1051 tamen
1679 1004 1834 1050 erant
1863 990 1951 1059 qui

367 1092 586 1163 impium
606 1091 1047 1165 [Ms-imperium]
1063 1102 1472 1147 exsecrarentur
1493 1087 1786 1155 inceptum.
1803 1081 1957 1138 Cum‘

368 1198 473 1252 que
517 1181 570 1237 in
622 1183 811 1237 eodem
841 1181 1083 1237 Concilio
1122 1190 1265 1236 esset
1303 1177 1684 1233 Confessorum
1730 1190 1951 1244 magnus

366 1288 619 1330 numerus
640 1273 997 1338 sacerdotum,
1039 1287 1224 1328 omnes
1259 1270 1366 1325 Arii
1406 1267 1733 1324 novitatibus
1764 1266 1952 1320 adver-

365 1366 639 1420 sabantur.
668 1365 937 1420 Favebant
962 1373 987 1402 ι
1013 1379 1136 1419 vero
1163 1366 1211 1419 ei
1237 1364 1332 1417 viri
1365 1362 1415 1416 in
1440 1358 1820 1427 qua-stionibus
1842 1358 1953 1414 cal-

367 1457 481 1513 lidi.
512 1467 565 1513 et
588 1459 658 1513 ob
699 1458 751 1512 ld
781 1458 1106 1528 simplicitati
1137 1457 1257 1513 fide'
1288 1456 1519 1513 adversi.

987 1572 1213 1629 CAPUT
1244 1573 1329 1629 III.

606 1684 686 1742 De
711 1688 1035 1741 conversione
1077 1686 1381 1756 PliilosOplti
1428 1687 1708 1749 Dialectici,

435 1805 699 1873 Quantam
730 1820 858 1859 vero
903 1805 1154 1860 virtutem
1209 1805 1401 1861 habeat
1447 1806 1570 1861 fidei
1611 1807 1944 1876 simplicitas,

2055 628 2321 681 sermonis
2351 629 2651 683 exordium.
2686 628 2738 683 In
2772 631 3007 697 nomine,
3033 632 3229 702 inquit,
3256 633 3383 689 .Iesu
3412 635 3633 704 Christi,

2057 714 2395 785 philosophe,
2430 720 2551 773 audi
2581 734 2700 788 qua:
2730 736 2855 776 vera
2893 732 3038 777 sunt.
3072 722 3211 780 Deus
3254 741 3389 781 unus
3416 733 3499 781 est
3542 731 3636 801 qui

2057 806 2181 862 fecit
2197 809 2383 862 cadum
2407 819 2460 864 et
2481 819 2701 876 terram,
2725 814 2920 883 quique
2946 814 3167 883 homini,
3195 832 3353 888 quem
3376 820 3442 874 de
3478 829 3636 877 terra;

2056 897 2183 952 limo
2215 899 2534 956 formaverat
2568 902 2718 975 (Gen.
2756 904 2856 973 1.),
2889 907 3135 975 Spiritum
3167 909 3314 964 dedit
3346 928 3358 964 :
3385 912 3634 969 universa

2055 1005 2174 1057 qua:
2216 992 2482 1059 videntur,
2534 1003 2589 1050 et
2634 1012 2888 1065 qmenon
2937 1000 3201 1067 videntur,
3244 1003 3440 1059 virtute
3474 1005 3634 1061 Verbi

2056 1083 2135 1137 sui
2177 1086 2406 1150 creavit,
2435 1094 2490 1142 et
2532 1088 2762 1158 Spiritus
2809 1093 2890 1146 sui
2934 1095 3354 1151 sanetilieatione
3380 1096 3630 1154 ﬁrmavit.

2058 1175 2170 1229 Iloc
2193 1176 2419 1233 Verbum
2447 1194 2508 1234 ac
2553 1180 2835 1249 sapientia,
2860 1198 3014 1252 quem
3038 1201 3139 1240 nos
3167 1186 3355 1241 Filium
3380 1187 3633 1253 dicimus.

2058 1264 2319 1321 humanos
2348 1270 2629 1324 miseratus
2667 1285 2903 1337 errores,
2932 1288 2996 1327 ex
3027 1274 3246 1344 Virgine
3288 1280 3544 1343 nascitur,
3576 1289 3635 1333 et

2057 1372 2150 1426 per
2182 1359 2485 1426 passiooem
2517 1361 2705 1416 mortis
2735 1378 2763 1416 a
2806 1375 3061 1432 perpetua
3091 1380 3189 1420 nos
3220 1379 3390 1425 morte
3432 1371 3632 1425 libera-

2055 1450 2149 1513 vit,
2179 1463 2241 1504 ac
2269 1453 2664 1508 resurrectione
2691 1468 2784 1508 sua
2813 1463 3067 1510 mternam
3102 1458 3255 1513 nobis
3294 1463 3523 1516 contulit
3554 1464 3634 1518 vi-

2055 1550 2183 1597 tam.
2214 1542 2380 1610 Quem
2414 1547 2572 1616 221
2606 1556 2659 1599 et
2693 1556 3068 1615 exspectamus
3108 1549 3341 1617 judicem
3368 1555 3629 1622 omnium,

2052 1650 2170 1705 qua:
2220 1638 2453 1705 gerimus
2487 1652 2609 1693 esse
2636 1650 2919 1694 venturum
2953 1659 2964 1693 :
2999 1641 3172 1695 credis
3224 1642 3323 1697 hoc
3354 1644 3460 1716 [ΑΙ.
3496 1646 3632 1719 lucc]

2053 1733 2122 1787 ita
2153 1749 2294 1799 esse,
2326 1734 2678 1807 philosophe?
2702 1739 2770 1793 At
2797 1737 2883 1794 ille
2915 1740 3060 1795 velut
3088 1740 3132 1795 si
3166 1757 3431 1811 nunquam
3466 1744 3631 1799 ullum

2053 1838 2353 1880 sermonem
2383 1830 2785 1885 contradicendi
2813 1830 3106 1901 didicisset,
3140 1832 3208 1886 ita
3231 1833 3637 1904 obstupefactus

367 1898 529 1954 etiam
548 1912 614 1952 ex
644 1897 727 1951 his
748 1913 866 1965 qua:
894 1897 1025 1950 inibi
1048 1908 1196 1966 gesta
1231 1898 1553 1963 referuntur,
1586 1899 1941 1970 agnoscimus.

2056 1918 2248 1972 virtute
2276 1920 2563 1985 dictorum,
2596 1935 2773 1976 mutus
2803 1922 2867 1975 ad
2900 1923 3101 1989 omnia,
3131 1923 3230 1977 hoc
3257 1890 3431 1979 solum
3466 1928 3641 1997 potuit

371 1989 578 2044 Etenim
602 2004 723 2044 cum
752 2004 849 2057 pro
876 1987 1054 2043 studio
1087 1988 1317 2057 religiosi
1348 1988 1711 2057 Imperatoris,
1738 2006 1802 2044 ex
1833 2006 1951 2043 om-

369 2082 421 2135 ni
444 2090 583 2136 terra
604 2080 915 2135 sacerdotes
941 2080 1031 2135 Dei
1062 2080 1315 2144 coissent,
1342 2083 1502 2153 220
1528 2082 1780 2150 opinione
1803 2098 1951 2137 com~

367 2174 495 2227 moti
539 2172 847 2241 philnSOphi
894 2189 1107 2244 quoque
1152 2184 1206 2228 et
1245 2173 1507 2229 dialectici
1539 2175 1692 2229 valde
1723 2176 1947 2239 nob‘les,

367 2273 421 2321 et
448 2266 802 2335 opinatissimi
840 2276 1223 2325 convenerunt,
1260 2267 1312 2320 In
1343 2266 1533 2337 quibus
1577 2269 1789 2335 quidam
1822 2268 1953 2322 insi-

367 2356 486 2426 gnis
516 2358 569 2412 in
606 2367 722 2412 arte
776 2357 1088 2424 Dialectica,
1140 2373 1238 2428 per
1268 2359 1385 2413 dies
1414 2359 1652 2427 singulos
1684 2357 1733 2425 1³,
1765 2359 1952 2413 conlli-

367 2458 489 2505 ctus
514 2451 711 2505 summi
749 2451 1063 2504 certaminis
1092 2465 1213 2505 cum
1264 2450 1544 2517 Episcopis
1579 2451 1797 2519 nostris,
1824 2452 1953 2507 viris

368 2539 591 2608 adaque
646 2542 697 2594 in
746 2540 1037 2596 Dialectiea
1073 2556 1179 2595 non
1232 2540 1655 2610 iinprobabiliter
1700 2544 1949 2608 erudiiis,

367 2632 620 2687 tumebat
648 2649 661 2684 :
689 2641 745 2687 et
776 2633 935 2686 [iebat
981 2633 1169 2701 ingens
1210 2632 1595 2702 spectaculum,
1627 2634 1959 2688 convenieno

370 2722 516 2779 thus
561 2724 626 2777 ad
677 2724 998 2779 audiendum
1054 2723 1231 2779 doctis
1267 2733 1318 2778 et
1364 2723 1611 2778 litteratis
1656 2725 1803 2780 viris.
1842 2724 1957 2780 Nee

373 2824 556 2871 tamen
590 2816 696 2869 ullo
724 2830 921 2886 genere
953 2815 1302 2883 philosophus
1351 2814 1598 2870 concludi
1629 2830 1659 2869 a
1686 2831 1951 2886 quoquam

372 2914 605 2976 poterat,
629 2919 716 2962 aut
742 2908 1055 2976 constringi.
1098 2908 1264 2962 Tanta
1304 2909 1500 2963 etenim
1530 2919 1554 2947 α
1585 2908 1797 2963 dicendi
1838 2919 1961 2965 arte

369 2998 599 3070 objectis
621 3001 1005 3069 qumotionihus
1034 3001 1369 3065 occurrebat,
1405 3010 1458 3054 ut
1484 3002 1570 3054 ubi
1600 3001 1834 3055 maxime
1861 3016 1958 3068 pu-

372 3103 577 3149 taretur
605 3093 911 3157 adstrictus,
946 3094 1093 3147 velut
1121 3093 1309 3163 anguis
1352 3094 1586 3147 lubricus
1629 3092 1952 3148 elaberetur.

370 3185 478 3243 Sed
519 3193 574 3239 ut
625 3184 935 3240 ostenderet
988 3186 1148 3250 Deus,
1185 3186 1308 3254 quia
1352 3200 1458 3238 non
1508 3185 1560 3238 in
1593 3200 1842 3240 sermone
1872 3201 1961 3240 res

369 3292 531 3347 gnum
566 3276 693 3343 Dei,
727 3277 819 3332 sed
863 3276 915 3331 in
952 3278 1145 3332 virtute
1173 3275 1433 3340 Consistit,
1474 3276 1687 3344 quidam
1716 3292 1779 3330 ex
1811 3275 1950 3330 Con-
1978 3270 2035 3339 ϐ

372 3370 673 3426 fessoribus
707 3370 1120 3438 simplicissima:
1168 3378 1374 3423 natura:
1405 3370 1505 3433 vir,
1538 3378 1590 3423 et
1630 3369 1760 3423 nihil
1810 3369 1952 3424 aliud

372 3464 549 3517 sciens
571 3462 673 3517 nisi
702 3461 883 3516 Jesutn
907 3460 1199 3523 Christum,
1221 3470 1271 3513 et
1293 3459 1433 3515 hunc
1454 3461 1791 3523 cruciﬁxum,
1816 3460 1948 3516 inter

373 3564 597 3610 caeteros
626 3552 898 3607 auditores
930 3550 1224 3621 Episcopos
1251 3550 1377 3622 [Με.
1409 3549 1715 3621 episcopus]
1748 3550 1951 3605 aderat.

374 3649 470 3717 Qui
506 3663 628 3705 cum
660 3646 883 3700 vidisset
925 3645 1298 3715 philoSophum
1338 3644 1683 3698 insultantem
1734 3642 1955 3708 nostris,

374 3751 428 3799 et
451 3740 646 3796 callida
682 3754 740 3793 se
771 3738 1149 3809 disputationis
1178 3745 1296 3791 arte
1336 3735 1648 3805 iactantem,
1680 3735 1846 3803 poscit
1888 3734 1955 3788 ab

375 3833 621 3886 omnibus
675 3830 846 3884 locum
885 3846 896 3882 :
929 3828 1066 3882 velle
1111 3841 1171 3881 se
1224 3826 1407 3896 paucis
1454 3840 1573 3879 cunt
1636 3824 1955 3894 philosopho

375 3921 748 3977 sermocinari.
801 3918 935 3974 Tum
990 3934 1117 3973 vero
1164 3918 1364 3982 nostri,
1412 3917 1503 3987 qui
1553 3917 1954 3986 simplicitatem

374 4013 472 4066 viri
500 4023 554 4068 et
582 4004 900 4081 imperitiam
933 4010 985 4064 in
1017 4009 1126 4082 [ΑΙ.
1157 4008 1246 4081 de]
1273 4025 1519 4064 sermone
1541 4010 1799 4065 duntaxat
1826 4026 1954 4065 nos-

300 4082 313 4095 .
377 4114 515 4169 sent,
559 4118 777 4171 pavere,
806 4110 860 4157 et
901 4101 1055 4165 velut,
1099 4101 1354 4170 pudorem
1403 4101 1688 4173 quemdam
1728 4101 1856 4170 pati,
1890 4116 1956 4156 ne

382 4191 519 4248 forte
559 4192 696 4263 apud
723 4192 946 4248 callidos
991 4192 1237 4247 homines
1269 4192 1399 4246 risui
1440 4193 1744 4247 efﬁceretur
1769 4201 1954 4247 sancta

449 4336 476 4366 ι
505 4329 703 4386 Confer
744 4330 1021 4387 Socratem
1064 4330 1206 4384 Eccl.
1245 4326 1378 4382 Hist.
1415 4327 1505 4383 lib.
1555 4329 1595 4383 ῐ.
1628 4343 1747 4395 cap.
1780 4329 1832 4383 6.
1866 4328 1954 4383 ubi

377 4406 431 4471 _e_l
472 4399 736 4455 fautorum
791 4402 903 4456 Arii
969 4402 1183 4471 nomina
1235 4416 1299 4453 ex
1356 4400 1638 4454 Alexandri
1690 4399 1955 4471 Synodica

380 4469 620 4551 Epistola
664 4472 881 4541 recitat,
903 4480 958 4526 et
996 4469 1175 4526 Rufini
1221 4471 1569 4540 interpretem
1601 4472 1652 4525 in
1684 4469 1957 4540 plerisque

377 4550 505 4597 πη.

409 4554 683 4666 8i'LCodex
720 4622 942 4681 uterque
982 4621 1163 4667 noster
1190 4609 1481 4679 conﬂictum
1507 4626 1524 4663 :
1554 4624 1676 4664 mox
1710 4608 1954 4664 Gnarne-

377 4680 518 4754 rian.
538 4699 701 4747 irque,
727 4699 822 4751 pro
847 4680 1076 4754 adteque.
1130 4682 1225 4754 llic
1255 4689 1428 4754 autem
1450 4682 1675 4754 alterum
1696 4688 1861 4754 caput
1888 4681 1955 4754 ab

379 4750 479 4824 hac
510 4752 695 4822 incipit
725 4750 993 4821 periocha,
1046 4751 1244 4817 verbis,
1275 4750 1340 4824 In
1374 4750 1792 4824 quibusﬂuidam
1829 4751 1956 4824 insi-

385 4821 513 4888 gnis,
538 4820 643 4877 etc.
677 4826 1037 4879 Memorantur
1061 4834 1113 4878 et
1137 4823 1341 4875 Socrati
1369 4837 1487 4888 cap.
1511 4820 1760 4875 8.⁷λαῖκοὶ
1785 4823 1955 4878 πολλοὶ

378 4877 974 4967 διαλέζτᾳῆξγὲμπῄροις
1123 4893 1190 4967 ab
1220 4892 1330 4948 Arii
1373 4877 1613 4959 partibus
1640 4894 1872 4957 stabant,
1901 4877 1957 4947 et

377 4976 510 5027 quos
538 4962 704 5019 laicus
723 4962 940 5033 quidam
960 4962 1033 5018 ex
1054 4964 1429 5033 Confessorum
1454 4976 1703 5033 numero,
1724 4971 1871 5033 recto
1893 4978 1957 5018 ac

378 5033 608 5104 simplici
638 5031 892 5104 praditos
934 5049 1118 5098 sensu,
1161 5032 1478 5089 confutavit.
1507 5032 1609 5089 Sed
1637 5042 1690 5086 et
1713 5031 1955 5089 Gelasius

379 5098 698 5171 Cyzicenu's,
730 5106 903 5171 quiex
935 5104 1016 5159 Itis
1042 5104 1391 5158 Rulinilihris
1414 5120 1517 5157 non
1551 5116 1718 5170 pauca
1748 5103 1798 5156 in
1828 5117 1956 5158 suos

373 5170 447 5226 de
467 5174 615 5227 Actis
642 5170 872 5229 Nicaanae
894 5175 1092 5242 Synodi
1117 5171 1406 5240 transtulit,
1429 5174 1566 5227 hanc
1587 5178 1751 5242 ipsam
1776 5184 1956 5228 narrat

378 5256 769 5315 exaggeratquc
801 5246 892 5315 lih.
919 5243 979 5301 Il.
1007 5261 1126 5315 cap.
1166 5247 1253 5315 l3.
1284 5248 1350 5298 de
1381 5243 1758 5315 congressione
1787 5243 1955 5312 philo-

375 5314 529 5377 sophi
571 5314 695 5368 cum
724 5314 1029 5370 Christiano
1058 5314 1379 5371 Confessore
1411 5314 1705 5369 historiam.

449 5394 471 5420 ε
504 5383 678 5439 Minus
707 5395 851 5441 recte
898 5386 1200 5440 Caeeiarius
1238 5385 1478 5450 dicendo,
1515 5382 1675 5439 editis
1715 5393 1770 5438 et
1819 5398 1949 5439 mss.

375 5466 587 5523 quoque
627 5454 782 5510 libris
828 5455 1265 5511 reclamantibus.
1316 5457 1466 5522 Quod
1507 5455 1749 5521 sequitur
1796 5455 1954 5523 paulo

374 5532 493 5601 post
522 5522 826 5594 elaberetur,
856 5528 1182 5607 now-rimss,
1215 5526 1523 5591 restituunt,
1554 5526 1643 5580 alii
1666 5522 1807 5579 enim
1841 5526 1953 5593 ple-

374 5596 523 5659 rique
551 5611 741 5650 omnes
770 5614 891 5649 cum
924 5596 1079 5651 editis
1108 5597 1382 5652 laberetur.

375 5660 578 5735 dita
616 5675 672 5719 et
731 5666 999 5731 Barraaus,
1044 5677 1098 5721 et
1145 5667 1337 5735 quibus
1385 5664 1483 5721 nos
1526 5666 1723 5722 utimur
1750 5663 1953 5732 antiqui

375 5730 832 5791 Iibri.Cacciarlus
852 5736 1113 5802 Prte.~titit,
1131 5730 1303 5790 niinus
1327 5745 1502 5791 recte:
1520 5746 1637 5791 ntet
1669 5736 1826 5799 paulo
1838 5730 1958 5802 post
1981 5772 1985 5777 ι

376 5803 611 5866 spiritum
634 5806 773 5859 dedit
801 5809 1053 5870 universa,
1088 5818 1189 5863 etc.
1242 5807 1453 5879 Optime
1482 5808 1600 5863 cod.
1636 5805 1957 5862 Guarncria-

375 5885 493 5942 nus,
523 5886 569 5929 et
595 5880 846 5938 universa.
877 5885 982 5933 etc.

2054 2012 2401 2081 respondere,
2452 2014 2520 2067 ita
2575 2014 2676 2069 sibi
2708 2015 2899 2079 videri,
2944 2030 3042 2069 nec
3082 2016 3224 2070 aliud
3276 2033 3460 2071 verum
3490 2034 3635 2085 esse,

2053 2118 2208 2172 quam
2236 2113 2257 2141 ε
2284 2103 2509 2158 dixerat.
2534 2102 2671 2159 Tum
2702 2107 2881 2160 ~enior
2907 2124 2919 2159 :
2945 2105 2999 2159 Si
3033 2107 3168 2170 hinc,
3203 2108 3393 2179 inquit,
3422 2107 3492 2163 ita
3515 2125 3637 2167 esse

2053 2193 2251 2257 credis,
2274 2210 2434 2264 surge
2462 2205 2513 2249 et
2540 2211 2769 2265 sequere
2800 2213 2884 2253 me
2925 2197 2988 2251 ad
3022 2198 3355 2253 Dominicum
3388 2199 3431 2266 τ,
3453 2212 3501 2255 et
3533 2202 3637 2257 btt-

2050 2288 2138 2358 jus
2170 2287 2199 2342 li
2227 2290 2291 2344 'ei
2322 2290 2649 2358 signaculum
2677 2292 2909 2361 suscipe.
2944 2293 3008 2347 Et
3036 2294 3384 2363 philosophus
3415 2310 3640 2352 conver-

2054 2395 2144 2435 sus
2170 2381 2236 2434 ad
2265 2380 2560 2450 discipulos
2591 2398 2739 2447 suos,
2768 2385 2853 2438 vel
2887 2385 2951 2438 ad
2981 2401 3094 2450 eos,
3126 2386 3212 2452 qui
3244 2387 3491 2441 audiendi
3521 2403 3641 2456 gra-

2056 2471 2124 2526 tia
2148 2482 2507 2527 convenerant
2534 2492 2546 2526 :
2574 2474 2788 2542 Audite,
2822 2475 3014 2543 inquit,
3044 2494 3074 2528 o
3104 2477 3299 2531 eruditi
3329 2477 3445 2543 viri,
3470 2478 3647 2535 donec

2057 2561 2236 2617 verbis
2264 2578 2471 2619 mecum
2498 2574 2646 2635 gesta
2680 2581 2767 2620 res
2795 2574 2897 2628 est,
2925 2570 3079 2623 verba
3116 2569 3290 2622 verbis
3318 2569 3567 2638 opposui,
3590 2581 3644 2626 et

2054 2668 2176 2723 quae
2206 2654 2547 2722 dicebantur,
2579 2654 2793 2713 dicendi
2818 2669 2935 2713 arte
2965 2660 3205 2715 subverti
3236 2681 3248 2714 :
3278 2661 3365 2717 ubi
3394 2677 3521 2716 vero
3550 2679 3645 2731 pro

2055 2745 2234 2799 verbis
2261 2747 2430 2801 virtus
2459 2750 2719 2816 processit
2741 2764 2806 2805 ex
2831 2766 2925 2805 ore
2949 2751 3198 2819 dicentis,
3229 2769 3332 2807 non
3359 2765 3645 2819 potuerunt

2057 2837 2313 2893 resistere
2348 2841 2508 2895 verba
2551 2841 2757 2905 virtuti,
2792 2857 2893 2897 nec
2942 2843 3101 2897 homo
3153 2843 3424 2899 adversari
3476 2850 3648 2913 potuit

2060 2926 2189 2982 Deo.
2221 2929 2289 2983 Et
2320 2930 2442 2985 ideo
2472 2931 2516 2986 si
2544 2932 2669 3002 quis
2691 2942 2929 2988 vestrum
2960 2934 3131 2997 potuit
3160 2934 3210 2988 in
3250 2935 3329 2988 his
3360 2950 3479 3005 quae
3505 2936 3648 2993 dicta

2056 3030 2183 3081 sunt
2212 3024 2413 3081 sentire
2441 3039 2561 3091 qua:
2591 3024 2755 3089 sensi,
2805 3025 2988 3079 credat
3018 3024 3250 3093 Christo,
3294 3034 3349 3080 et
3394 3036 3648 3096 sequatur

2060 3118 2201 3173 hunc
2227 3132 2433 3179 senem,
2468 3117 2519 3170 in
2552 3131 2658 3187 quo
2690 3116 2940 3183 loquutus
2969 3124 3051 3171 est
3093 3115 3250 3171 Deus.
3292 3115 3366 3170 Ita
3408 3118 3646 3185 philoso-

2062 3212 2199 3280 phus
2231 3210 2566 3266 Christianus
2610 3208 2853 3275 ellectus,
2888 3208 3100 3264 tandem
3147 3224 3206 3263 se
3242 3209 3536 3280 gratulatus
3564 3221 3645 3268 est

2059 3306 2278 3360 victum.

2683 3417 2908 3477 CAPUT
2939 3421 3022 3478 IV.

2480 3532 2558 3588 De
2585 3530 2886 3602 Paphnutio
2917 3531 3243 3609 Confessam.

2130 3647 2250 3701 Fuit
2279 3653 2543 3714 praeterea
2572 3645 2625 3699 in
2654 3646 2744 3699 illo
2761 3643 3005 3701 Concilio
3026 3656 3081 3702 et
3103 3646 3453 3723 Paphnutius,
3484 3654 3647 3710 homo

2059 3736 2153 3792 Dei
2181 3748 2229 3803 ε,
2262 3737 2560 3806 Episcopus
2590 3751 2653 3792 ex
2687 3734 2908 3808 Ευριί
2962 3738 3226 3807 partibus,
3259 3741 3550 3799 Conl‘essor
3581 3762 3648 3801 ex

2059 3826 2162 3882 illis
2193 3840 2328 3893 quos
2357 3821 2385 3861 ιι
2417 3824 2778 3880 Maximianus
2817 3825 3053 3882 dexteris
3100 3828 3272 3883 oculis
3321 3830 3551 3899 ell‘ossis,
3593 3845 3649 3889 et

2056 3908 2278 3974 sinistro
2302 3916 2503 3988 p0plite
2524 3919 2759 3985 succiso,
2784 3933 2881 3985 per
2904 3919 3116 3973 metalla
3140 3919 3507 3978 damnaverat.
3540 3926 3669 3981 Sed"~

2059 4012 2112 4067 in
2164 4012 2269 4067 hoc
2316 4021 2462 4067 tanta
2501 4010 2755 4066 virtutum
2804 4012 2977 4068 inerat
3024 4016 3218 4082 gratia,
3251 4024 3307 4069 ut
3356 4016 3508 4085 signa
3553 4033 3669 4087 per-

2056 4119 2178 4158 eum
2208 4118 2313 4159 non
2345 4102 2544 4165 minus,
2580 4118 2738 4173 quam
2763 4102 2960 4158 dudum
2995 4119 3089 4172 per
3114 4103 3404 4173 Apostolos
3434 4109 3648 4164 fierent.

2057 4193 2188 4249 Nam
2228 4202 2284 4251 et
2321 4193 2595 4249 daemones
2636 4194 2803 4248 verbo
2850 4202 3054 4247 tantum
3087 4193 3215 4264 [Μι.
3252 4200 3649 4272 tantummodo]

2132 4338 2157 4367 ο
2193 4330 2355 4381 Antea
2388 4335 2501 4381 erat
2527 4326 2647 4399 alio
2686 4339 2867 4399 sensu,
2900 4339 2999 4399 n_e_c
3047 4324 3175 4379 satis
3205 4340 3464 4399 congruo,
3491 4346 3648 4399 quam

2057 4401 2194 4482 quod
2216 4396 2669 4479 dixerat,_scillcet
2695 4396 2895 4482 senior.
2929 4394 3040 4482 Nos
3068 4403 3245 4482 tamen
3276 4394 3532 4482 codicutu_
3552 4416 3648 4482 no-

2057 4466 2290 4524 strorum
2319 4469 2557 4523 omnium
2587 4480 2689 4534 ope
2717 4476 2876 4537 atque
2922 4466 3258 4537 auctoritate,
3291 4468 3437 4537 quod
3457 4469 3646 4524 relati-

2058 4555 2181 4592 vum
2204 4539 2584 4606 expunximus,
2614 4533 2671 4591 et
2698 4536 2959 4588 veriorem
2987 4550 3051 4589 ex
3084 4533 3384 4601 philo§oplti
3417 4552 3648 4606 persona

2058 4624 2275 4679 sensum
2318 4608 2668 4679 restituimits.
2724 4606 2844 4679 Mox
2895 4619 2992 4679 pro
3046 4606 3363 4679 credisims.
3421 4620 3647 4679 uterque

2062 4678 2435 4748 Bononiensis,
2475 4686 2531 4734 et
2557 4676 2912 4733 Guarncrian.
2949 4676 3189 4745 itemque
3204 4678 3311 4734 duo
3335 4679 3508 4737 Vatic.
3536 4676 3648 4738 ore-

2058 4751 2254 4803 didisti.

2136 4820 2157 4858 ι
2192 4818 2745 4891 Αάόίιίϐυξιοηρτίθνη.
2795 4820 2987 4882 codex,
3030 4820 3101 4891 de
3140 4819 3289 4873 scioli
3334 4821 3649 4891 glossatoris

2060 4906 2243 4954 manu,
2282 4890 2435 4943 ovile.
2486 4890 2817 4943 Dominicum
2860 4890 3037 4942 vocari
3093 4890 3371 4959 templum,
3417 4910 3525 4949 non
3566 4906 3650 4953 est

2059 4963 2146 5031 qui
2179 4962 2408 5032 ignoret.
2448 4960 2564 5032 Mox
2607 4975 2820 5029 quoque
2856 4960 2996 5032 haud
3021 4970 3165 5017 recte
3193 4960 3515 5021 Bononiens.
3550 4970 3649 5021 Ac-

2060 5030 2247 5156 cedilla,
2289 5046 2384 5101 pro
2418 5031 2625 5097 Audite,
2648 5039 2701 5086 et
2740 5032 2848 5086 duo
2869 5030 3042 5086 Vatic.
3075 5048 3245 5087 omnes
3274 5035 3465 5090 eruditi
3493 5052 3591 5108 pro
3617 5055 3650 5092 ο

2060 5119 2146 5156 cru
2191 5112 2267 5156 HI.

2060 5105 2267 5156 eruditi.

2132 5181 2159 5220 ς
2188 5173 2438 5227 Socrates
2467 5171 2519 5242 in
2548 5171 2824 5227 Thebaide
2860 5170 3125 5241 superiori
3156 5173 3475 5240 Episcopum
3507 5156 3665 5242 egis:

2059 5257 2120 5319 se
2146 5259 2268 5319 eum
2300 5243 2469 5299 dicit:
2500 5241 2639 5296 inter
2677 5243 2799 5297 illos
2825 5251 3024 5310 tamen,
3057 5245 3146 5319 qui
3173 5244 3391 5298 Niczeno
3418 5241 3647 5300 concilio

2058 5312 2431 5375 interfuerunt,
2462 5327 2567 5365 non
2619 5322 2966 5366 memoratur.
3090 5312 3099 5319 ’
3558 5336 3573 5351 ι

2122 5382 2157 5420 ἰι
2186 5384 2301 5437 Duo
2328 5396 2456 5436 mss.
2489 5382 2842 5437 Guarnerian.
2872 5391 2927 5437 et
2952 5381 3274 5436 Bononiens.
3304 5381 3640 5440 Maximinus.

2056 5452 2304 5508 Socrates
2337 5453 2682 5521 Imperatoris
2705 5467 2898 5506 nomen
2924 5462 3064 5506 tacet
3092 5468 3107 5503 :
3131 5461 3184 5502 et
3216 5452 3329 5504 lucc
3361 5462 3558 5521 tamen,
3585 5468 3644 5510 ut

2056 5535 2110 5578 et
2136 5523 2511 5590 subsequentia
2541 5523 2607 5576 de
2638 5521 2960 5589 Spiridione,
2996 5532 3045 5575 ct
3077 5521 3327 5590 pluraque
3355 5522 3456 5574 alia
3488 5522 3644 5577 dein-

2060 5609 2206 5661 ceps,
2241 5589 2325 5648 ex
2351 5593 2527 5646 Rufini
2580 5592 2887 5660 Presbyteri
2920 5591 3053 5642 Iihro
3084 5589 3271 5661 Latina
3306 5591 3483 5659 lingua
3513 5608 3645 5647 con-

2058 5659 2277 5732 scripto,
2310 5664 2625 5733 συντάγματι
2652 5659 2901 5735 Ῥούᾳξίνου
2930 5660 3061 5718 τινὸς
3094 5659 3485 5735 πρεσϐυτέρου,
3522 5662 3644 5717 Ῥω-

2060 5730 2215 5809 pain?)
2257 5735 2383 5799 λέξει
2432 5730 2894 5806 σὺγγιγραμμένῳ,
2927 5730 3232 5798 accepisse,
3268 5730 3440 5799 palam
3474 5735 3642 5804 proli-

2060 5812 2219 5860 ICIlll'.
