4166 6348
518 374 619 449 ιη

1549 374 1783 431 HUFINI
1818 371 2295 441 AQUILEIENSIS
2333 371 2770 431 PRESBYTER!

3687 379 3799 437 ηε

520 492 1021 564 (ugabat,eta'gros
1044 491 1149 564 [ΑΙ.
1176 490 1424 562 :rgrotos]
1443 490 1555 551 sola
1578 490 1823 543 oratione
1845 485 2101 541 curabat:
2136 488 2185 548 Α
2212 502 2351 540 nunc
2389 503 2484 544 ore
2529 493 2776 554 omnium,
2800 490 3159 548 celebrantur.
3207 489 3366 547 Tales
3413 490 3572 560 igitur
3601 491 3655 547 in
3691 493 3799 551 illis

521 587 619 643 sed
646 597 699 641 et
727 587 887 642 caecis
917 602 947 636 v
972 601 1087 639 smn
1117 584 1312 640 dicitur
1341 583 1658 646 reddidisse,
1699 593 1747 635 ct
1784 579 2104 648 paralyticos

516 682 583 735 ad
625 681 968 743 stabilitatem
1017 679 1261 747 corporis
1303 676 1408 747 [AL
1443 671 1749 743 corporum]
1798 685 2102 726 revocasse.

515 772 689 843 Quem
732 772 1115 839 Constantinus
1161 772 1212 823 in
1247 778 1388 835 tanta
1425 768 1792 834 veneratione,
1828 776 1878 817 et
1912 764 2103 833 affectu

518 863 725 926 balmit,
753 875 805 918 ut
835 864 1031 928 arctius
1057 877 1178 913 eum
1206 861 1339 912 intra
1374 860 1625 927 palatium
1649 869 1929 915 euocatum
1958 871 2105 911 coui-

519 962 867 1028 plecteretur,
896 967 950 1013 ct
972 960 1117 1012 iflum
1150 956 1384 1019 oculum,
1419 955 1509 1022 qui
1534 955 1585 1007 in
1608 952 1949 1006 confessione
1979 950 2100 1010 fidei

514 1049 693 1108 fuerat
722 1051 961 1123 evulsus,
993 1048 1323 1105 avidioribus
1349 1046 1546 1101 osculis
1583 1044 1932 1099 dcmulceret.

1143 1182 1371 1237 CAPUT
1404 1181 1466 1234 V.

616 1356 619 1357 ,
659 1300 733 1369 De
763 1300 1063 1369 Spiridione
1098 1298 1369 1377 Ερῐπορο,
1406 1309 1453 1351 et
1482 1296 1797 1351 mirabilibus
1824 1300 1953 1367 ejus.

582 1416 742 1485 222
793 1413 865 1465 Ev
908 1427 1101 1473 eorum
1141 1426 1388 1473 numero,
1418 1410 1543 1468 etsi
1592 1408 1715 1478 quid
1747 1408 1922 1465 adhuc
1962 1407 2093 1462 emi-

509 1509 749 1574 nentius,
785 1506 948 1562 fuisse
976 1507 1174 1560 dicitur
1210 1510 1369 1559 etiam
1416 1505 1683 1574 Spiridion
1715 1504 1944 1575 Cyprius
1975 1503 2103 1571 Epi-

507 1598 729 1666 scopus,
763 1598 842 1649 vir
872 1611 1009 1648 unus
1052 1610 1119 1655 ex
1161 1594 1351 1655 ordine
1400 1593 1802 1661 prophetarum,
1840 1602 2096 1662 quantum

508 1688 670 1742 etiam
720 1702 818 1742 nos
849 1695 1122 1753 ueorum,
1174 1686 1261 1754 qui
1321 1700 1441 1746 eum
1496 1685 1743 1739 viderant
1789 1687 2097 1745 narratione

508 1780 894 1849 comperimus.
926 1779 1023 1847 llic
1066 1789 1247 1847 pasmr
1276 1777 1456 1830 ovium
1490 1781 1650 1831 etiam
1691 1778 1743 1831 in
1780 1777 2093 1846 Episcopatu

2208 577 2384 643 adhuc
2413 582 2741 648 temporibus
2768 579 3018 649 permulti
3058 580 3157 634 viri
3201 580 3252 634 in
3286 580 3545 635 Ecclesiis
3579 582 3792 638 Domini
3876 630 3880 633 Α

2207 668 2562 737 refulgebant,
2601 685 2664 723 ex
2690 670 2882 739 quibus
2935 670 3147 738 plurimi
3185 672 3236 724 in
3284 670 3374 725 illo
3410 670 3652 726 Concilio
3682 672 3800 727 fue-

2206 770 2349 819 runt.
2379 760 2482 815 Sed
2516 771 2569 816 et
2592 761 2915 816 Athanasius
2945 761 3135 816 eodem
3178 772 3419 831 tempore
3443 764 3735 820 Alexandri
3768 773 3795 803 ⁸

2205 850 2460 911 diaconus
2478 852 2815 907 Alexandrini
2844 854 3116 921 EpiscOpi,
3140 855 3324 908 aderat
3340 855 3585 910 consiliis
3607 871 3796 912 senem

2204 943 2615 1011 quamplurimis
2638 943 2851 1011 juvans.
2879 945 3081 1001 lntérca
3113 960 3209 1014 per
3223 944 3338 999 dies
3358 945 3794 1022 singulosagita-

2204 1034 2360 1089 batur
2388 1045 2706 1098 conventus,
2742 1051 2839 1091 nec
2887 1037 3041 1091 facile
3072 1047 3162 1091 aut
3204 1046 3405 1095 temere
3450 1039 3519 1093 de
3561 1054 3617 1093 re
3649 1047 3795 1102 tanta

2204 1134 2438 1183 statuere
2483 1126 2774 1181 audebant.
2824 1127 3159 1181 Evocabatur
3201 1130 3504 1197 frequenter
3534 1131 3690 1183 Arius
3740 1131 3797 1183 in

2202 1220 2822 1285 Concilium,eta.~siduo
2846 1228 3074 1281 tractatu
3098 1219 3464 1278 fasscrtiones
3488 1222 3799 1289 ejusdiscu-

2206 1312 2499 1376 tiebantur,
2529 1321 2583 1366 et
2610 1312 2735 1381 quid
2770 1313 3055 1366 adversum
3088 1311 3200 1368 ιιωο
3230 1312 3397 1366 teaeri
3433 1312 3678 1377 deberet,
3702 1320 3798 1370 aut

2203 1403 2389 1468 Statni,
2424 1419 2633 1456 summa
2676 1418 2798 1463 cum
2856 1404 3143 1462 libratione
3185 1406 3542 1473 qua-rebatur.
3592 1404 3794 1460 Verum

2203 1505 2325 1565 post
2353 1494 2619 1549 diutinum
2652 1495 2985 1564 multumque
3010 1504 3295 1570 tractatum
3328 1496 3793 1564 placctomnibus,

2202 1601 2265 1639 ac
2313 1586 2463 1642 velut
2510 1602 2615 1641 uno
2655 1597 2970 1641 cunctorum
3024 1602 3117 1641 ore
3165 1597 3217 1642 et
3268 1588 3428 1641 corde
3482 1586 3795 1642 decernitur

2202 1682 2470 1755 ὀμοούσιον
2497 1683 2655 1736 scribi
2702 1682 2933 1744 debere,
2979 1680 3137 1743 idest,
3170 1681 3411 1750 ejusdem
3462 1697 3582 1734 cum
3638 1681 3796 1735 Patre

2200 1776 2511 1828 substantia!
2541 1774 2732 1829 Filium
2757 1774 3021 1839 confiteri,
3044 1775 3202 1843 idque
3227 1774 3529 1828 ﬁrmissima
3553 1774 3791 1827 omnium

516 1872 722 1945 po~itus
754 1873 1064 1937 permansit.
1095 1868 1332 1937 Quadam
1369 1884 1498 1922 vero
1529 1878 1685 1923 nocte
1711 1885 1830 1922 cum
1874 1869 1938 1923 ad
1970 1885 2096 1923 cau-
2126 1868 2173 1926 Β
2201 1870 2465 1922 St'ltletllia
2512 1877 2902 1936 pronunt‘atur.
2950 1868 3143 1922 Decem
3193 1878 3245 1921 it
3287 1878 3495 1937 septem
3538 1869 3637 1923 so!i
3669 1879 3796 1924 tunc

519 1961 602 2017 las
630 1963 776 2017 fures
805 1962 1098 2022 venissent,
1127 1969 1179 2014 et
1221 1976 1411 2017 manus
1434 1960 1727 2029 improbas,
1762 1976 1867 2031 quo
1898 1960 2097 2015 aditum

428 2106 438 2125 κ
518 2054 810 2110 educendis
838 2055 1024 2108 ovibus
1050 2054 1304 2120 facerent,
1330 2056 1716 2117 extendissent,
1745 2056 2100 2109 invisibibbus

509 2147 828 2216 quibusdam
870 2145 1098 2200 vinculis
1145 2146 1406 2212 restricti,
1440 2162 1607 2215 usque
1645 2147 1710 2201 ad
1744 2148 1916 2202 lucem
1950 2148 2101 2203 velut

511 2240 690 2296 traditi
756 2242 1044 2305 tortoribus
1114 2250 1546 2309 permanserunt.
1604 2240 1737 2295 Ctun
1790 2256 1919 2294 vero
1970 2254 2100 2295 oves

508 2331 767 2397 ducturus
789 2331 853 2385 ad
887 2346 1078 2399 pascua
1113 2332 1406 2386 matutinus
1434 2346 1491 2384 Se
1515 2342 1699 2401 ageret
1727 2334 1929 2399 senior,
1955 2332 2100 2388 videt

505 2421 733 2492 iuvenes
762 2425 963 2493 abSquc
992 2422 1244 2491 butnanis
1274 2423 1499 2477 vinculis
1525 2422 1550 2461 δ
1577 2426 1627 2477 in
1662 2427 1831 2491 caulis
1863 2426 2100 2495 pendere

506 2498 801 2567 districtos.
834 2514 1079 2591 Cumque
1121 2527 1336 2583 causam
1390 2529 1542 2568 noxa:
1572 2516 1953 2583 comperisset,
1998 2516 2098 2575 ab.-

505 2607 667 2663 solvit
697 2622 973 2675 sermone,
995 2621 1128 2676 quos
1161 2607 1633 2672 meritisvinxerat
1660 2628 1671 2662 :
1699 2620 1752 2666 et
1780 2625 1848 2665 ne
1877 2611 1955 2665 eis
1984 2610 2101 2666 ina-

506 2699 593 2753 nis
617 2709 876 2752 nocturna
902 2698 1117 2751 cederet
1142 2699 1425 2766 occupatio
1453 2717 1464 2751 :
1492 2699 1709 2768 Tollite,
1737 2701 1927 2771 inquit,
1957 2717 1989 2755 ο
2010 2702 2099 2771 ju-

504 2790 691 2853 venes,
721 2805 879 2842 unum
912 2788 1067 2843 vobis
1102 2789 1344 2853 arietem,
1396 2806 1462 2844 ne
1510 2792 1628 2851 sine
1671 2806 1860 2846 caussa
1888 2794 2097 2849 venisse

503 2878 814 2946 videamini,
848 2896 1005 2950 quem
1038 2881 1227 2935 melius
1268 2896 1448 2951 prece,
1477 2898 1636 2952 quam
1668 2883 1810 2948 furto
1839 2888 2101 2954 quaesisse

503 2981 852 3027 convenerat.
881 2971 1121 3026 Tradunt
1142 2972 1209 3028 dc
1234 2972 1335 3028 hoc
1357 2976 1517 3029 etiam
1550 2976 1687 3036 illud
1711 2976 1906 3032 factum
1936 2978 2097 3033 mira-

503 3064 611 3119 bile
639 3082 653 3119 :
682 3064 841 3119 filiam
871 3064 1059 3119 habuit
1079 3064 1283 3120 lrencm
1319 3069 1558 3134 nomine,
1591 3084 1708 3139 qua:
1733 3071 1783 3125 ei
1813 3085 1935 3125 cum
1960 3072 2097 3132 bene

503 3163 867 3235 ministrasset
910 3164 1059 3233 virgo
1103 3162 1354 3218 defuncta
1402 3172 1504 3219 est.
1558 3164 1686 3219 Post
1734 3165 1851 3236 ejus
1889 3166 2093 3223 obitum

2208 1961 2371 2013 fuisse
2416 1960 2693 2023 dicuntur,
2744 1962 2939 2030 quibus
2970 1960 3079 2014 Arii
3126 1960 3259 2015 fides
3315 1963 3481 2029 magis
3535 1962 3791 2030 placeret,

2203 2053 2541 2107 extrinsecus
2566 2061 2806 2105 creatum
2844 2053 2933 2105 Dei
2974 2050 3166 2105 Filium
3199 2068 3260 2107 ex
3294 2054 3452 2106 nullis
3486 2062 3511 2099 Β
3542 2053 3796 2107 substan-

2205 2143 2369 2210 tibus,
2401 2153 2453 2198 et
2482 2160 2586 2197 non
2619 2160 2683 2197 ex
2732 2145 2844 2213 ipsa
2868 2144 3045 2198 Patris
3074 2145 3271 2199 deitate
3304 2144 3639 2214 progenitum
3664 2158 3796 2199 con-

2204 2235 2495 2289 limantes.
2551 2236 2797 2290 Defertur
2861 2236 2927 2289 ad
2978 2235 3389 2290 Constantinum
3441 2234 3797 2290 sacerdotalis

2202 2328 2431 2383 Concilii
2475 2330 2764 2384 sententia.
2801 2329 2893 2383 Ille
2925 2338 3175 2399 tanquam
3200 2346 3228 2383 a
3263 2330 3374 2383 Deo
3404 2330 3669 2399 prolatam
3698 2345 3793 2384 ve-

2202 2433 2444 2479 neratur.
2485 2417 2582 2473 Cui
2622 2420 2666 2473 si
2697 2420 2815 2488 quis
2867 2429 3128 2476 tentasret
3175 2422 3369 2487 obniti,
3414 2421 3558 2476 velut
3602 2430 3796 2477 contra

2200 2512 2379 2565 divina
2411 2519 2608 2568 statuta
2639 2513 2965 2575 venientem,
3014 2513 3068 2567 in
3110 2514 3330 2568 exilium
3364 2528 3422 2567 se
3461 2523 3793 2579 protestatur

2200 2614 2465 2659 acturum.
2510 2606 2612 2660 Sex
2669 2604 2829 2676 igitur
2858 2605 2960 2659 soli
2990 2621 3111 2660 cum
3142 2606 3275 2661 Aria
3299 2621 3359 2661 se
3391 2606 3665 2675 patiuntur
3690 2620 3792 2660 ex.

2202 2698 2328 2763 pelli
2361 2715 2373 2753 :
2401 2697 2598 2765 reliqui
2618 2714 2747 2752 vero
2772 2700 3044 2765 undecim,
3070 2699 3297 2755 consilio
3328 2700 3469 2754 inter
3492 2714 3551 2754 se
3581 2699 3789 2765 habito,

2200 2788 2631 2857 adquii-scuutad
2656 2791 3099 2846 subscribendum
3120 2807 3277 2844 manu
3301 2792 3435 2855 sola,
3458 2804 3561 2843 non
3587 2799 3793 2844 mente.

2200 2882 2367 2947 Cujus
2406 2882 2772 2937 simulationis
2822 2895 3010 2938 auctor
3039 2885 3306 2953 praecipue
3333 2883 3509 2937 extitit
3538 2882 3790 2936 Nicome-

2199 2970 2300 3025 dia:
2328 2972 2626 3042 Episcopus
2652 2972 2677 3009 ι)
2708 2974 2989 3028 Eusebius.
3016 2974 3228 3029 Interim
3252 2989 3463 3044 quoquo
3486 2972 3645 3027 modo
3668 2958 3795 3026 aliis

2201 3064 2447 3129 veritate,
2473 3061 2591 3118 aliis
2620 3064 2961 3120 simulatione
2991 3066 3152 3137 (sicut
3198 3074 3318 3135 post
3367 3066 3540 3121 exitus
3582 3065 3793 3135 docuit)

2201 3158 2685 3225 subscribentibus,
2729 3171 2780 3213 et
2810 3160 2877 3213 de
2907 3160 3131 3231 singulis
3160 3160 3459 3229 quibusque
3482 3158 3790 3213 Ecclesias-.

502 3256 649 3319 venit
674 3256 889 3325 quidam
921 3256 1126 3321 dicens,
1150 3272 1209 3312 se
1233 3256 1281 3310 ei
1313 3257 1581 3327 quoddam
1612 3258 1915 3328 depositum
1945 3275 2091 3315 com.
2119 3249 2163 3311 C
2200 3250 2318 3305 ticis
2354 3251 2821 3306 observationibus
2850 3265 2995 3306 certa
3037 3260 3233 3305 statuta
3287 3250 3592 3321 figentibus,
3639 3249 3789 3305 Con-2

503 3352 809 3421 mendassc.
841 3350 972 3406 Rem
1021 3364 1222 3422 gemam
1262 3353 1600 3421 ignoraverat
1643 3364 1815 3423 pater.
1864 3354 2089 3425 Pcrqui-

501 3443 664 3513 situ‘m
692 3444 743 3496 in
770 3451 877 3501 tota
904 3443 1088 3509 domo,
1115 3461 1374 3515 nusquam
1394 3446 1533 3517 quod
1562 3449 1883 3517 poscebatur
1911 3449 2091 3504 inven-

502 3545 613 3589 tmn
644 3546 746 3590 est.
793 3536 1117 3599 Pers‘wtebat
1148 3548 1325 3593 tamen
1357 3539 1467 3607 ille,
1500 3542 1588 3609 qui
1624 3551 1646 3579 ε
1679 3543 2089 3596 commendave-

502 3640 609 3693 rat,
642 3638 694 3684 et
727 3629 859 3684 ﬂetu
884 3644 946 3687 ac
976 3629 1226 3701 lacrytnis
1273 3634 1596 3701 perurgebat
1622 3650 1637 3687 :
1668 3634 1790 3688 vitae
1819 3650 1929 3689 suae
1958 3651 2090 3704 quo-

501 3736 610 3791 que
632 3723 903 3776 illaturum
929 3737 988 3780 se
1009 3738 1129 3778 esse
1158 3724 1404 3793 exitium,
1429 3726 1537 3780 nisi
1561 3728 1931 3782 commendata
1962 3732 2092 3784 reci-

502 3822 676 3883 peret,
713 3814 888 3868 testab
907 3824 1030 3869 .tnr.
1058 3815 1346 3871 Permotus
1379 3817 1631 3889 lacrymis
1662 3818 1778 3887 ejus
1807 3834 1994 3888 senex,
2023 3822 2087 3875 ad

501 3907 807 3977 sepulcrum
858 3908 984 3961 filia:
1032 3919 1304 3978 properat,
1356 3919 1515 3976 atque
1557 3926 1674 3966 eam
1721 3929 1784 3967 ex
1817 3912 1843 3950 ἀ
1875 3918 2091 3970 nomine

501 4003 762 4056 clamitat.
788 4002 921 4057 Tum
952 4002 1039 4056 illa
1066 4003 1137 4057 de
1162 4003 1415 4072 sepulcro
1446 4022 1460 4057 :
1483 4005 1620 4072 Quid
1645 4009 1746 4071 vis,
1780 4010 1874 4074 ait,
1900 4011 2091 4078 pater?

501 4095 973 4160 Commendatnm,
1025 4094 1217 4165 inquit,
1269 4096 1409 4151 iliius
1453 4100 1541 4151 ubi
1590 4100 1848 4167 positisti?
1880 4104 1949 4157 At
1999 4102 2088 4157 illa

501 4188 681 4243 locum
715 4186 1022 4258 designans,
1052 4186 1182 4251 illic,
1232 4189 1327 4256 ait,
1376 4191 1937 4250 inveniesdcfossum.
1982 4196 2087 4251 Re-

502 4293 719 4357 gressus
750 4280 814 4332 ad
861 4278 1104 4344 domum,
1161 4294 1274 4333 rem
1317 4281 1454 4335 sicut
1486 4282 1593 4344 lilia
1621 4283 1689 4338 dc
1718 4286 1968 4353 sepulcro
2006 4302 2090 4342 re-

501 4370 816 4440 sponderat,
842 4379 1110 4438 repertam
1136 4372 1351 4427 tradidit
1376 4376 1700 4440 reposcenti.
1729 4375 1830 4431 Sed
1850 4385 1904 4432 et
1925 4379 2091 4432 multa

500 4463 604 4517 alia
633 4464 751 4533 ejus
789 4462 1030 4519 feruntur
1056 4465 1214 4535 223
1266 4474 1415 4535 gesta
1458 4468 1741 4537 mirabilia,
1777 4486 1896 4540 qum
1927 4474 2089 4528 etiam

572 4611 599 4648 ἰ
630 4601 683 4655 In
706 4601 914 4657 duobus
936 4603 1064 4657 item
1083 4603 1254 4657 Vatic.
1287 4618 1413 4658 mss.
1443 4605 1580 4674 apud
1604 4606 1865 4676 Cacoiar.,
1890 4620 2086 4665 nostro-
2122 4645 2175 4705 Β

498 4688 617 4727 τηιη
647 4688 743 4739 pro
773 4691 861 4726 ηοε
896 4690 1091 4728 eorum.

577 4743 602 4780 δ
631 4745 793 4799 Tacet
817 4744 1078 4799 Guarner.
1114 4758 1215 4801 ms.
1244 4746 1293 4797 in
1326 4746 1589 4803 voculam.

574 4826 597 4851 ε
632 4812 833 4868 Vitiosa
856 4816 910 4869 et
939 4823 1126 4868 contra
1149 4817 1393 4871 codicum
1419 4820 1653 4872 Ulllllillm
1689 4818 1846 4876 ﬁdem
1875 4822 2091 4877 Caccia-

502 4888 612 4941 rius
640 4885 1064 4960 commodaverat.

572 4976 601 5013 ει
632 4978 805 5051 Atque
855 4977 974 5033 heic
1020 4977 1380 5051 Guarnerian.)
1423 4995 1540 5036 cum
1576 4983 1778 5051 aliquot
1812 4984 1984 5041 Vatic.
2030 5004 2093 5042 ca:

502 5040 744 5102 voculatn
779 5059 950 5112 tacet;
981 5048 1070 5103 alii
1102 5040 1228 5103 item
1262 5040 1430 5105 Vatic.
1466 5070 1555 5122 per
1581 5040 1762 5108 nomen
1795 5040 1997 5125 legunt.

520 5152 523 5155 '
578 5156 601 5181 θ
629 5142 740 5216 [Non
770 5141 1110 5216 editisolum,
1142 5143 1313 5216 sedet
1334 5160 1462 5199 mss.
1490 5147 1703 5211 quidam
1734 5146 1873 5213 libri,
1906 5165 1935 5201 e
1964 5151 2084 5216 qui-

500 5217 599 5279 luis
631 5214 984 5282 Bononiensis
1012 5225 1114 5281 est,
1149 5214 1474 5271 Aleuuulriic
1505 5216 1697 5271 habent
1729 5233 1824 5283 pro
1864 5214 2089 5272 Alexan-

498 5287 602 5348 dri,
636 5283 1083 5354 quemadmodum
1132 5300 1197 5339 cx
1245 5285 1512 5347 Vaticanis
1544 5289 1848 5345 Caeciarius
1894 5292 2087 5342 rescri-

498 5362 625 5427 ps’rt.
654 5358 1005 5427 Guarnerian.
1037 5370 1214 5411 autem
1245 5356 1402 5413 habet
1424 5358 1883 5412 Alexandrinarum
1910 5357 2088 5411 Diaco-

501 5424 597 5495 ὀιξιι
630 5429 913 5483 Alexandri
956 5426 1238 5495 Episcopi:
1264 5435 1374 5480 tum
1424 5443 1553 5482 vero
1583 5444 1679 5493 pro
1707 5428 2087 5483 Alexandrino-

498 5517 615 5553 rum
645 5502 822 5555 malim
853 5500 1120 5568 vulgatum
1154 5498 1483 5553 Alexandme
1513 5498 1739 5568 restitui.
1774 5498 1876 5552 Sed
1900 5500 2082 5567 utique

500 5571 699 5633 rectius
739 5581 844 5637 est,
895 5566 1037 5639 quod
1089 5568 1160 5623 ibi
1207 5572 1448 5639 sequitur
1478 5566 1950 5639 quamplurimum,
1991 5566 2087 5635 pro

424 5652 433 5662 '
499 5638 923 5707 quamplurimis.
956 5641 1205 5694 Vitiosatu
1252 5638 1534 5701 Caeciarii,
1567 5640 1863 5692 aliorumve
1914 5641 2084 5693 inter-
2136 5669 2150 5681 -

504 5713 845 5779 punctionem
867 5726 971 5779 non
997 5726 1199 5765 moror.
1219 5710 1337 5763 Mox
1362 5723 1456 5777 pro
1477 5706 1766 5777 agitabatur
1787 5708 1892 5777 duo
1915 5711 2085 5764 Vatic.

573 5783 766 5835 ebatur.

573 5800 766 5835 ευαηιν.

502 5800 568 5856 ag
632 5851 688 5923 in
720 5851 1035 5907 Bononiensi
1070 5850 1260 5917 minori
1292 5861 1512 5903 numero
1534 5847 1743 5911 assertio
1768 5850 1877 5931 ejus
1906 5852 2079 5913 diem.

884 6048 1939 6323 Χ.

2197 3340 2380 3396 cilium
2422 3340 2749 3410 diremptum
2783 3351 2884 3395 cst.
2930 3343 3025 3395 Ex.
3050 3342 3248 3410 mplum
3281 3353 3458 3395 autem
3491 3341 3789 3407 expositfo-

2195 3433 2276 3487 nis
2315 3432 2439 3488 fidei
2488 3447 2701 3497 eorum,
2751 3432 2841 3503 qui
2895 3443 3283 3500 convenerant,
3328 3432 3465 3486 infra
3521 3433 3787 3504 scriptum

2192 3532 2295 3581 85!.

2816 3595 3044 3652 CAPUT
3081 3594 3163 3649 Vl.

2415 3709 2429 3746 ί
2470 3709 2775 3779 Exemplum
2801 3711 2923 3780 ﬁdei
2954 3713 3183 3767 Aiccena:
3203 3710 3366 3782 (Ann.
3394 3711 3570 3782 39.5.).

2264 3822 2427 3895 224
2454 3824 2737 3896 Credimus
2768 3826 2817 3878 in
2849 3842 3012 3880 unum
3050 3826 3238 3889 Deum,
3274 3824 3484 3878 Patrem
3523 3825 3785 3893 Omn'pou

2195 3926 2415 3983 tentem,
2447 3917 2684 3971 omnium
2712 3918 3002 3973 visibilium
3032 3928 3088 3973 et
3111 3917 3458 3972 invisibilium
3487 3918 3769 3974 factorem.
3857 3971 3862 3976 .

2196 4008 2258 4060 Et
2289 4008 2338 4060 in
2370 4024 2532 4062 unum
2588 4008 2868 4063 Dominum
2921 4019 3161 4064 nostrum
3211 4010 3394 4064 .lcsum
3428 4010 3443 4061 i
3483 4010 3779 4073 Christum,

2194 4098 2385 4153 Filium
2422 4100 2537 4168 Dei,
2585 4099 2652 4154 de
2693 4100 2852 4155 Patre
2897 4112 3077 4155 natum
3114 4100 3478 4171 Unigcnitum,
3526 4101 3682 4167 idest,
3712 4084 3788 4157 de

2191 4191 2491 4246 substantia
2544 4192 2738 4261 Patris,
2774 4192 2939 4246 Deum
2971 4210 3034 4246 ex
3070 4193 3202 4260 Deo,
3236 4192 3412 4247 lumen
3453 4208 3517 4246 ex
3560 4192 3783 4263 lumine,

2194 4283 2359 4346 Deum
2420 4301 2601 4339 verum
2656 4302 2723 4338 ex
2775 4286 2884 4339 Deo
2932 4302 3081 4350 vero,
3139 4296 3347 4352 natum,
3404 4302 3509 4340 non
3557 4286 3777 4352 factum,

2192 4377 2461 4449 ὁμοούσιον
2484 4378 2647 4443 Patri,
2672 4377 2774 4433 hoc
2797 4387 2901 4444 est,
2931 4378 3173 4448 ejusdem
3202 4394 3321 4432 cum
3355 4379 3507 4434 Patre
3535 4381 3781 4434 substan-

2197 4472 2284 4525 tia:
2312 4488 2327 4526 :
2356 4487 2448 4541 per
2479 4488 2635 4543 quem
2687 4471 2867 4527 omnia
2916 4472 3061 4527 facta
3099 4483 3242 4539 sunt,
3276 4488 3392 4543 (nite
3424 4473 3475 4529 in
3507 4471 3531 4510 ¹ί
3564 4475 3697 4528 cmlo
3726 4484 3783 4543 et

2199 4609 2416 4661 tiebatur
2439 4625 2454 4660 .'
2480 4617 2587 4661 tum
2627 4608 2955 4677 liberatione,
2982 4608 3425 4677 quemadmodum
3455 4617 3508 4659 ct.
3542 4609 3781 4664 Rarrrrus

2202 4679 2513 4743 prmfcrehat
2544 4694 2637 4745 pio
2664 4680 2951 4732 libratione.
2992 4682 3102 4731 Non
3127 4678 3431 4745 dispiiceret
3460 4679 3781 4730 deliberatio-

2194 4764 2276 4818 ηρ,
2309 4765 2426 4815 qum
2468 4760 2520 4801 et
2570 4749 2797 4816 plurium
2837 4751 3081 4804 codicum
3130 4747 3286 4802 lectio
3316 4757 3399 4802 est
3424 4766 3436 4801 :
3464 4751 3777 4818 impressam

2196 4829 2372 4872 tamen
2404 4818 2797 4873 Guartn-rianus
2835 4820 3146 4886 cumprimis
3187 4818 3391 4885 probat.

2267 4898 2291 4933 κ
2324 4888 2456 4941 Cod.
2491 4889 2753 4942 Guttrnet‘.
2783 4890 3079 4943 substantiis
3104 4906 3121 4943 :
3147 4898 3269 4944 sunt
3297 4901 3348 4940 et
3380 4888 3466 4954 qui
3496 4891 3779 4943 subsisten-

2194 4958 2328 5011 tibus
2360 4960 2664 5025 prmferant.
2690 4960 2856 5012 Paulo
2897 4969 3014 5027 post
3041 4975 3133 5023 pro
3162 4958 3495 5013 sacerdotalis
3524 4961 3573 5013 in
3609 4961 3781 5015 Bono-

2194 5030 2363 5082 niensi
2392 5046 2489 5082 ms.
2521 5029 2862 5096 Eiiiscopalis,
2888 5047 2951 5090 ac
2972 5030 3164 5083 deinde
3184 5031 3613 5091 contradiuinam
3645 5032 3781 5085 Scri-

2193 5110 2419 5171 pturam,
2454 5116 2547 5171 pro
2581 5110 2757 5153 contra
2788 5103 2961 5154 divina
2988 5111 3178 5155 statuta
3211 5101 3427 5171 legitur.

2262 5167 2288 5204 δ
2318 5171 2480 5224 Tacet
2524 5170 2727 5224 Eusebii
2776 5188 2970 5225 nomen
3017 5167 3368 5226 Bononiensis
3412 5168 3562 5227 liber.
3616 5172 3781 5227 Paulo

2190 5253 2403 5313 quoque
2434 5255 2568 5313 post,
2602 5242 2788 5313 juncto
2819 5242 3208 5306 Guarneriano,
3245 5251 3435 5295 statuta
3471 5245 3781 5313 ﬁngentibus

2190 5324 2285 5382 pro
2318 5312 2620 5382 figenttbus,‘
2650 5312 2741 5365 sed
2772 5322 2823 5366 et
2852 5322 2993 5381 gesta
3025 5314 3184 5372 habet
3210 5314 3301 5366 ille
3333 5327 3428 5378 pro
3455 5324 3614 5368 certa.

2266 5379 2282 5455 ξ
2318 5379 2673 5435 Guarnerian.
2715 5379 3041 5455 epigraphen
3076 5382 3416 5447 :Cacciarius
3450 5384 3642 5455 capitis
3675 5400 3775 5437 no-

2188 5452 2442 5504 tationem
2474 5454 2848 5519 prmterniittit.

2265 5523 2279 5570 i
2319 5524 2490 5589 Atque
2539 5522 2657 5577 heic
2705 5523 2961 5578 Christum
2994 5525 3130 5578 idem
3173 5539 3270 5578 ms.
3321 5534 3482 5579 tacet.
3516 5523 3775 5579 Cacciarii

2192 5592 2450 5646 misereor
2481 5595 2529 5645 in
2575 5610 2632 5647 re
2660 5595 2830 5659 nihili,
2878 5597 2992 5655 sive
3032 5597 3099 5649 de
3131 5597 3370 5663 sequenti
3404 5594 3653 5659 lectione,
3683 5594 3777 5648 hoc

2191 5671 2264 5714 cst
2297 5677 2391 5731 pro
2419 5664 2474 5715 id
2505 5673 2602 5729 est,
2634 5665 2697 5716 ad
2732 5665 3105 5721 Vaticauorum
3154 5666 3397 5718 codicum
3429 5668 3667 5720 omnium
3699 5666 3769 5718 li-

2192 5733 2309 5785 dcm
2351 5736 2705 5800 provocantis.

2267 5801 2289 5839 ¹ί
2325 5804 2674 5858 Guarnerian.
2705 5822 2817 5873 qum
2845 5807 2897 5860 in
2923 5807 3047 5861 rwlo
3085 5816 3131 5861 ct
3159 5806 3209 5859 in
3243 5807 3390 5860 terris
3420 5806 3547 5860 :alii
3582 5820 3697 5875 quw
3725 5805 3773 5857 in

2193 5874 2347 5941 ca'lis,
2379 5884 2424 5929 et
2454 5890 2569 5945 qua
2593 5877 2642 5929 in
2686 5887 2839 5945 ειη-ιι,
2876 5888 2976 5933 ου’.
