4166 6348
521 361 627 417 875

1542 356 1773 418 ιιυιτιιιι
1815 338 2291 420 AQUILEIENSIS
2331 344 2762 401 PRESBYTERI

3685 348 3790 404 ‘76

587 473 747 530 XVII.
781 471 852 531 Et
893 488 962 530 ne
992 474 1110 542 quis
1156 474 1386 529 clericus
1431 474 1520 542 qui
1552 472 1808 528 derelicta
1857 466 2098 523 Ecclesia
2130 462 2176 522 Α
2204 461 2421 515 affixum
2452 461 2803 529 pependerat,
2834 458 2901 513 ab
2928 458 3117 519 incolis
3148 458 3425 528 perquirit.
3453 459 3557 526 Qui
3588 462 3793 523 idcirco

517 583 633 634 sua,
661 567 801 622 nulla
830 566 1095 622 existente
1117 582 1306 621 caussa
1333 566 1614 634 prohahili,
1642 574 1861 634 vagatur
1881 575 1933 618 et
1956 565 2106 621 ober-

516 668 603 715 rat
652 673 747 727 per
784 659 919 713 alias
965 657 1255 721 Ecclesias,
1306 656 1627 724 suscipiatur
1673 655 1725 709 in
1770 655 2104 711 communio-

520 766 641 807 nem
651 790 665 803 .

592 842 776 898 XVIII.
802 842 944 897 Et«ut
965 856 1123 895 nemo
1149 856 1269 894 eum
1298 841 1387 910 qui
1414 840 1479 893 ad
1506 840 1668 893 alium
1699 839 1951 908 pertinet,
1980 837 2104 892 sub-

522 936 749 1005 ripiens,
772 935 823 989 in
849 950 944 988 sua
978 934 1212 988 Ecclesia
1238 933 1446 987 ordinet
1475 933 1727 987 clericum
1748 931 1953 1001 absque
1975 946 2103 985 con-

520 1048 681 1088 sensu
712 1031 850 1085 illius
880 1029 946 1084 ad
978 1044 1135 1097 quem
1172 1029 1426 1093 pertinet.

595 1123 733 1177 XIX.
769 1122 833 1176 Et
876 1137 943 1175 ne
969 1121 1089 1187 quis
1128 1121 1356 1174 clericus
1384 1129 1477 1173 aut
1522 1132 1710 1174 usuras
1740 1117 1985 1185 accipiat,
2016 1128 2106 1172 ant

520 1214 775 1269 frumenti
803 1213 883 1267 vel
907 1212 1017 1265 vini
1045 1212 1468 1279 atnpliatiooem,
1498 1212 1638 1279 quod
1670 1210 1805 1263 solet
1836 1211 1885 1262 in
1916 1225 2053 1263 novo
2077 1218 2104 1246 ι

518 1306 725 1370 datum,
747 1305 834 1359 vel
858 1303 1197 1372 sescuplum,
1230 1304 1313 1356 vel
1346 1304 1503 1355 etiam
1536 1303 1753 1370 duplum
1781 1302 1939 1373 227
1969 1300 2107 1354 reci-

444 1447 451 1459 ,
520 1400 570 1467 pi
600 1418 613 1453 :
643 1398 785 1468 quod
830 1400 874 1453 si
923 1398 1107 1465 faciat,
1131 1406 1383 1466 tanquam
1416 1396 1588 1465 turpis
1613 1392 1749 1449 lucri
1796 1407 1943 1449 reum
1974 1394 2108 1461 ahji-

521 1492 801 1549 ciendum.

594 1580 708 1639 XX.
742 1582 808 1638 Et
838 1597 907 1638 ne
934 1580 1152 1637 Diaeoni
1182 1580 1517 1649 Presbyteris
1548 1578 1934 1649 perferantur,
1964 1593 2101 1639 neve

516 1675 743 1732 sedeant
778 1676 830 1731 iu
876 1688 1132 1731 consessu
1180 1674 1618 1744 Presbyterorum
1641 1713 1658 1739 ,
1692 1682 1781 1726 aut
1827 1672 1934 1727 illis
1965 1687 2104 1741 pra:-

520 1770 781 1832 seutibus,
817 1768 1205 1822 Eucharistiam
1251 1764 1509 1829 dividant,
1554 1765 1649 1820 sed
1682 1764 1784 1817 illis
1824 1764 2105 1831 agentibus

2207 554 2273 609 ad
2298 552 2673 607 inveniendum
2697 551 2931 606 difficilis
2958 560 3092 615 erat,
3137 551 3278 621 quod
3307 553 3373 607 ab
3400 553 3633 624 antiquis
3666 573 3791 626 per-

2206 644 2543 700 secutoribus
2584 644 2923 699 simulacrum
2980 644 3031 697 in
3083 658 3149 698 co
3196 643 3424 699 Veneris
3474 647 3647 702 fuerat
3692 648 3794 705 de-

2209 736 2374 790 fixum
2406 735 2515 806 [ΑΙ.
2542 734 2824 805 adfixum],
2856 744 2908 790 ut
2938 736 2982 791 si
3014 737 3129 805 quis
3150 735 3575 794 Christianorum
3602 741 3795 797 inloco

2208 827 2300 882 illo
2331 829 2493 898 228
2517 826 2784 881 Christum
2823 826 3048 882 adorare
3090 827 3366 895 voluisset,
3420 829 3683 885 Venerem
3712 832 3794 885 vi-

2207 918 2426 973 deretur
2454 918 2703 973 adorare.
2728 920 2793 973 Et
2818 918 2888 972 ob
2917 919 3019 973 hoc
3064 918 3376 989 infrequens
3403 928 3460 975 et
3490 937 3626 990 pene
3653 921 3797 977 obli-

2213 1011 2350 1065 vioni
2397 1009 2557 1065 datus
2602 1009 2773 1065 fuerat
2800 1010 2970 1069 locus.
3023 1010 3127 1065 Sed
3179 1025 3300 1065 cum
3346 1010 3428 1082 (ut
3456 1025 3618 1089 supra
3662 1012 3803 1067 dixi-

2210 1101 2353 1171 mus)
2386 1102 2634 1170 religiosa
2668 1101 2889 1158 immitia
2918 1089 3264 1172 properasSet
3292 1103 3356 1155 ad
3391 1101 3568 1156 locum
3596 1102 3798 1157 caelesti

2207 1194 2307 1248 sibi
2323 1194 2519 1247 indicio
2532 1193 2885 1263 designatum,
2906 1201 3097 1249 cuncta
3113 1208 3177 1247 ex
3195 1207 3260 1248 eo
3278 1191 3549 1261 propbana
3566 1200 3620 1246 et
3633 1193 3799 1262 pollu-

2210 1295 2258 1339 ta
2282 1284 2596 1349 detur-bans,
2616 1283 2669 1337 in
2681 1283 2847 1337 altum
2865 1284 3102 1352 purgatis
3122 1282 3425 1345 ruderibus,
3446 1293 3558 1338 tres
3574 1283 3801 1339 confuso

2207 1375 2397 1434 ordine
2440 1376 2642 1444 reperit.
2670 1373 2777 1447 [AL
2801 1372 3084 1445 comperit]
3113 1388 3322 1428 cruces.
3355 1372 3461 1427 Sed
3480 1373 3799 1429 obturbabat

2215 1467 2411 1532 reperti
2448 1466 2688 1521 muneris
2709 1466 2945 1520 laetitiam
2975 1465 3395 1534 uniuscujusque
3423 1466 3599 1519 crucis
3634 1465 3798 1519 indis-

2207 1568 2351 1613 creta
2371 1559 2690 1627 proprietas.
2707 1557 2906 1610 Aderat
2921 1557 3135 1623 quidem
3150 1556 3402 1610 ettitulus
3430 1555 3636 1625 ille,qui
3650 1556 3798 1611 Grae-

2208 1650 2309 1715 cis,
2354 1659 2404 1703 et
2432 1650 2654 1712 Latinis,
2673 1660 2776 1717 atq:
2800 1648 3121 1703 eHebraicis
3164 1647 3356 1702 litteris
3379 1661 3407 1699 a
3435 1647 3604 1701 Pilato
3624 1647 3801 1702 fuerat

2209 1742 2547 1810 conscriptus
2574 1759 2586 1793 :
2618 1743 2711 1796 sed
2734 1756 2830 1795 nec
2848 1742 2959 1809 ipse
2972 1741 3099 1795 satis
3113 1742 3390 1795 evidenter
3404 1740 3657 1795 dominici
3676 1756 3799 1809 pro-

523 1860 698 1914 solum
747 1858 1068 1913 ministrent.
1125 1858 1179 1911 Si
1224 1872 1353 1911 vero
1402 1857 1688 1927 Presbyter
1724 1857 1895 1911 nullus
1930 1856 1999 1911 sit
2046 1858 2100 1909 in

2218 1834 2369 1889 debat
2396 1834 2543 1903 signa
2592 1832 2885 1903 patibuli.I
2932 1834 3066 1889 Iliuc
3087 1834 3197 1905 jam
3242 1834 3490 1889 humana:
3533 1833 3799 1902 ambigui-

522 1951 795 2018 praesenti,
830 1960 953 2004 tunc
991 1950 1204 2004 demum
1234 1950 1394 2003 etiam
1442 1948 1571 2017 ipsis
1619 1948 1781 2004 licere
1806 1947 2094 2003 dividere:

514 2040 671 2095 aliter
704 2056 831 2095 vero
862 2049 1101 2109 agentes,
1132 2038 1288 2106 abjici
1316 2038 1523 2107 jubent.

586 2133 726 2189 XXI.
762 2135 828 2190 Et
855 2132 883 2173 δ
910 2145 966 2189 ιιι
991 2131 1348 2199 Paulianistae,
1379 2132 1473 2192 oni
1502 2140 1629 2187 sunt
1659 2131 1984 2191 Photiniani.
2016 2147 2103 2189 re-

520 2222 869 2293 baptizentur.

588 2315 751 2372 XXII.
784 2316 891 2373 Sed
917 2324 971 2372 et
999 2315 1359 2386 Diacon‘ssas,
1384 2316 1635 2387 quoniam
1664 2315 1879 2386 quidem
1911 2331 2100 2373 manus

515 2408 910 2477 impositionem
942 2423 1048 2461 non
1076 2408 1367 2477 accipiunt,
1402 2408 1566 2464 etiam
1595 2408 1741 2479 ipsas
1770 2408 1911 2464 inter
1938 2407 2106 2464 laicos

521 2513 639 2554 esse
669 2498 868 2554 debere
894 2509 940 2553 ο.

589 2589 754 2659 Igitur
806 2604 927 2645 cum
957 2590 1025 2646 de
1058 2591 1162 2657 his,
1207 2599 1365 2660 prout
1403 2590 1703 2647 divinarum
1748 2592 1922 2662 legum
1952 2607 2107 2648 reve-

526 2681 697 2736 rentia
730 2691 1066 2750 poposcerat.
1098 2684 1481 2752 decrevissent,
1530 2684 1624 2739 sed
1657 2694 1711 2740 et
1741 2684 1809 2740 de
1851 2686 2110 2740 observa-

524 2771 666 2827 tione
696 2770 915 2827 Paschte
942 2772 1216 2842 antiquum
1242 2788 1526 2839 canonem,
1558 2790 1654 2843 per
1673 2789 1831 2844 quem
1875 2776 2017 2829 nulla
2040 2775 2113 2832 de

526 2866 731 2935 reliquo
758 2866 989 2921 varietas
1019 2868 1280 2931 oriretur,
1311 2867 1568 2922 Ecclesiis
1598 2869 1959 2934 tradidissent,
1987 2884 2111 2923 om-

528 2957 683 3011 nibus
707 2958 808 3013 rite
862 2958 1166 3023 dispositis'.
1219 2958 1583 3014 Ecclesiarum
1630 2975 1732 3028 pax
1780 2970 1834 3016 et
1876 2960 2009 3015 fides
2057 2960 2111 3015 in

529 3048 758 3105 Orientis
792 3058 947 3121 atque
969 3050 1275 3107 Occidentis
1301 3052 1545 3122 partibus
1587 3067 1689 3113 una
1719 3064 1879 3122 atque
1922 3053 2111 3109 eadem

529 3142 860 3198 servabatur.

1120 3236 1347 3294 CAPUT
1388 3238 1499 3295 VII.

888 3349 969 3404 De
1001 3349 1194 3405 Helena
1221 3351 1539 3407 Constantini
1574 3362 1754 3409 matre.

600 3463 704 3519 Per
749 3464 889 3520 idem
936 3473 1145 3533 tempus
1177 3465 1375 3521 Ilelena
1408 3467 1743 3521 Constantini
1788 3476 1981 3535 mater,
2017 3465 2115 3520 fa:-

534 3558 675 3611 mina
708 3557 1143 3625 incomparaliilis
1172 3556 1297 3630 [Ms.
1333 3557 1758 3630 incomparabili]
1801 3560 1906 3613 fide
1952 3568 2005 3612 et
2036 3573 2121 3611 re-

536 3643 732 3713 ligione
757 3644 943 3709 animi,
972 3659 1034 3699 ac
1062 3647 1455 3714 magnificentia
1478 3646 1755 3717 singulari,
1784 3645 1935 3715 cujus
1957 3642 1982 3682 ἀ
2000 3648 2119 3713 jure

536 3735 915 3790 Constantinus
942 3744 1162 3791 etesset
1195 3738 1330 3791 filius
1368 3749 1421 3792 et
1445 3738 1776 3803 crederetur,
1808 3737 2002 3790 divinis
2025 3739 2120 3789 atl-

536 3829 739 3884 monila
789 3831 1104 3897 visionibus,
1148 3834 1537 3904 Jerosolyniam
1582 3832 1712 3899 petit
1765 3840 1810 3897 ο,
1843 3842 2003 3900 atque
2050 3830 2122 3885 ibi

538 3921 712 3977 locum
762 3922 814 3977 in
843 3939 946 3994 quo
978 3934 1377 3980 sacrosanctum
1422 3938 1616 3992 corpus
1647 3922 1843 3978 Christi
1888 3921 2125 3991 patibulo

611 4070 639 4099 ι
670 4062 851 4117 Placet
871 4063 1037 4132 magis
1060 4062 1409 4119 Guarneriani
1430 4061 1553 4116 eod.
1580 4060 1737 4132 lectio
1758 4060 1810 4112 in
1833 4059 2123 4132 novogduto.

538 4131 643 4188 Pro
672 4130 991 4198 sexcuplunt,
1026 4135 1164 4203 quod
1204 4134 1568 4202 subsequitur,
1608 4130 2129 4203 Bononiens._ltabet

539 4205 975 4275 sesquilium,duo
994 4199 1155 4258 vane.
1181 4199 1403 4275 septimi,
1417 4203 1631 4270 quidam
1645 4202 1770 4275 editi
1795 4199 2124 4275 sesquiplum.

605 4272 781 4328 l’Cod.
836 4270 1252 4340 Guarnerianus,
1305 4273 1641 4332 Paulinistw,
1673 4273 1760 4342 qui
1806 4282 1923 4325 sunt
1974 4270 2122 4324 Foti-

539 4346 699 4399 niam‘.
735 4345 977 4399 Barraeus
1005 4345 1071 4399 ad
1100 4359 1270 4403 oram.
1300 4343 1371 4397 al.
1414 4343 1704 4397 Phatim'aci
1734 4343 1973 4396 adnotat.
2022 4342 2125 4396 Sed

543 4417 736 4469 mirum
795 4419 845 4471 id
896 4417 1091 4485 magis,
1144 4415 1283 4483 quod
1314 4415 1475 4468 habet
1529 4414 1669 4485 idem
1725 4412 2131 4485 Gnarnerianus

540 4487 808 4541 contrario
841 4482 1028 4547 sensu,
1072 4482 1173 4539 non
1202 4486 1595 4552 rebuplizettlttr.
1628 4483 1865 4553 Negandi
1899 4482 2127 4548 particu-

539 4556 665 4680 ﬁant}
700 4557 1096 4626 interpolatoris
1146 4572 1305 4610 manu
1360 4556 1634 4620 additam,
1691 4569 1795 4608 non
1844 4554 1970 4619 erit,
2036 4552 2125 4623 qui

580 4643 608 4680 u
655 4636 768 4680 Ilel.

580 4627 768 4681 ubitet.

615 4707 639 4736 ο
664 4698 948 4752 Crambem
981 4696 1176 4764 repetit
1205 4694 1511 4751 Cacciarius
1537 4695 1604 4749 de
1633 4693 1863 4749 Nicmnis
1887 4691 2125 4764 Canoni-

540 4765 664 4833 bus,
692 4769 779 4831 qui
814 4777 1009 4834 praeter
1040 4763 1285 4834 receptos
1310 4766 1427 4819 XX.
1457 4782 1484 4818 a
1515 4765 1706 4819 Rufino
1745 4765 1797 4818 in
1831 4763 1997 4816 XXII.
2019 4764 2126 4834 dis-

544 4832 798 4902 tributos,
817 4832 981 4904 longe
1026 4832 1206 4904 plures
1240 4837 1456 4900 fuerint,
1502 4847 1556 4889 ut
1586 4846 1835 4889 constare
1882 4835 1978 4904 ait,
2023 4832 2121 4889 SS.

543 4906 763 4960 Patrum
798 4903 1136 4963 testimoniis.
1176 4907 1260 4965 qui
1293 4907 1425 4958 alios
1455 4916 1756 4959 memorant
1804 4903 2025 4956 minime
2070 4905 2121 4957 in

542 4975 773 5041 vulgatis
798 4975 917 5030 XX.
951 4984 1042 5028 aut
1070 4975 1236 5029 XXII.
1269 4984 1571 5028 contentos.
1610 4977 1677 5028 Ut
1706 4976 1823 5044 ejus
1866 4988 1970 5025 non
2007 4984 2124 5028 erat

544 5044 722 5098 Rufini
765 5045 1052 5099 HiStoriam
1105 5046 1408 5099 recudentis
1441 5046 1577 5098 hanc
1622 5044 1758 5098 inire
1804 5044 2122 5110 disputatio-

546 5129 693 5178 nem,
731 5116 799 5168 ita
832 5130 1005 5181 neque
1031 5129 1266 5178 errores,
1315 5131 1450 5180 quos
1498 5118 1699 5181 passim
1748 5122 1883 5175 erat,
1935 5126 2121 5169 notare

548 5194 852 5239 nostrarum
901 5196 984 5239 est
1034 5185 1283 5251 partium.
1313 5184 1417 5239 Sed
1450 5185 1698 5253 quoniam
1726 5196 1778 5237 et
1807 5183 1903 5236 abs
1934 5182 2123 5238 Hiero-

550 5270 711 5325 nymo
747 5264 931 5310 nostro
963 5252 1278 5308 Pra-fatione
1310 5256 1359 5307 in
1391 5252 1595 5319 Iudith,
1622 5270 1734 5307 suae
1767 5254 2119 5322 patrocinium

551 5326 949 5381 Itallucinationi
992 5325 1237 5387 advocat,
1287 5337 1533 5379 auelores
1565 5340 1771 5386 sumus,
1807 5336 2009 5391 utqth
2054 5326 2122 5380 ad

548 5412 668 5450 eum
701 5396 873 5451 locum
919 5396 1072 5449 Tom.
1120 5394 1187 5449 Χ.
1221 5410 1339 5464 pag.
1370 5396 1459 5449 22.
1509 5396 1661 5448 nobis
1706 5397 1959 5449 adnotata
1998 5407 2124 5451 sunt

550 5467 711 5534 legat.
768 5466 899 5519 Nam
947 5466 1086 5535 quod
1146 5476 1404 5532 prtetcrea
1444 5466 1638 5518 Iulium
1693 5466 1887 5532 Papam
1923 5464 1975 5518 in
2008 5483 2125 5521 rem

547 5550 698 5590 suam
727 5537 925 5602 laudat,
958 5538 1010 5589 in
1039 5536 1211 5604 cujus,
1255 5536 1347 5599 ait,
1384 5535 1617 5601 Epistola
1648 5535 1740 5591 Nc
1756 5551 1982 5591 unorum
2021 5537 2122 5591 Ca-

528 5621 747 5659 ‘tionum
782 5609 982 5671 primus
1014 5609 1096 5660 hic
1123 5617 1224 5668 est,
1256 5606 1380 5661 Non
1399 5606 1576 5660 debent
1605 5618 1786 5671 prwter
1819 5611 2122 5663 sententiam

550 5674 773 5746 Romani
818 5674 1062 5743 Episwpi
1103 5676 1321 5729 concilia
1363 5678 1627 5743 celebrari,
1661 5688 1813 5746 turpe
1853 5689 1956 5744 est,
1996 5694 2118 5732 eum

550 5743 709 5816 bonae
733 5759 938 5816 caussm
989 5746 1236 5798 falsarios
1284 5757 1533 5816 patronos
1562 5743 1884 5813 adsciscere,
1917 5743 2119 5804 scilicet

547 5812 617 5867 ad
645 5812 831 5868 lsidori
861 5815 1168 5871 Mercatoris
1195 5812 1303 5887 (qui
1332 5819 1587 5889 scriptum
1621 5820 1748 5893 illud
1778 5821 1845 5873 ad
1873 5820 2112 5875 Orienta-

2148 3228 2195 3291 C

2155 4602 2209 4662 D

2205 1925 2327 1980 tatis
2352 1926 2633 1988 incertum,
2666 1923 2907 1978 divinum
2937 1923 3137 1992 flagitat
3166 1924 3559 1979 testimonium.
3587 1924 3797 1979 Accidit

2203 2017 2255 2071 in
2284 2016 2469 2071 eadem
2499 2016 2633 2070 urbe
2665 2014 2972 2084 primariam
3011 2015 3276 2084 quandam
3312 2016 3412 2071 loci
3455 2017 3598 2071 illius
3625 2017 3799 2072 itemi-

2205 2123 2325 2162 nam
2357 2108 2501 2176 gravi
2528 2106 2849 2177 aegritudine
2876 2105 3198 2169 confectam,
3226 2106 3557 2162 'semiuecem
3587 2108 3793 2175 jacere.

2207 2200 2464 2256 Macarius
2497 2214 2589 2268 per
2618 2200 2759 2255 idem
2788 2210 2999 2270 tempus
3051 2200 3306 2255 Ecclesia!
3339 2201 3477 2257 illius
3502 2202 3799 2272 Episcopus

2205 2303 2339 2348 erat.
2375 2294 2425 2348 Is
2455 2292 2547 2351 ubi
2573 2303 2910 2349 cunctantem
2944 2293 3183 2363 reginam
3206 2300 3365 2362 atque
3386 2308 3572 2349 omnes
3601 2293 3801 2363 pariter

2207 2386 2300 2456 qui
2327 2386 2568 2453 aderant,
2599 2386 2782 2441 videt:
2833 2386 3057 2443 Adferte
3082 2386 3304 2459 (inquit)
3340 2385 3442 2441 huc
3474 2377 3645 2454 totas,
3676 2400 3799 2455 qua:

2211 2490 2435 2548 reperta:
2460 2488 2585 2535 sunt
2629 2494 2837 2567 cEuces,
2871 2490 2924 2534 et
2946 2496 3065 2552 qua:
3089 2480 3159 2534 sit
3201 2482 3319 2548 quas
3372 2479 3661 2550 portavvrit
3690 2478 3801 2533 Do-

2211 2573 2411 2629 minum
2445 2572 2553 2656 [.41.
2587 2572 2799 2644 Deum],
2832 2587 2975 2627 nunc
3016 2572 3171 2626 nobis
3213 2572 3485 2641 adaperiet
3522 2570 3684 2625 Deus.
3730 2569 3797 2631 Et

2213 2664 2487 2735 iugcessus
2517 2680 2637 2719 cum
2664 2666 2843 2734 regina
2876 2665 3076 2732 pariter
3102 2673 3157 2719 et
3189 2662 3398 2733 pepulis
3425 2663 3489 2717 ad
3516 2678 3657 2727 eam,
3679 2676 3801 2731 qua

2213 2756 2587 2821 decutnbebat,
2638 2757 2831 2812 deﬁxis
2860 2757 3089 2827 genibus
3134 2755 3501 2826 hujuscemodi
3522 2754 3591 2810 ad
3632 2756 3799 2812 Deum

2213 2865 2428 2922 precem
2460 2852 2716 2922 profudit.

2808 2961 3040 3020 CAPUT
3079 2963 3211 3020 VIII.

2216 3078 2296 3135 De
2322 3080 2486 3137 Croto
2514 3078 2796 3137 Safvotoris
2822 3080 2875 3134 in
2900 3080 3240 3150 Jerosolymia
3260 3080 3321 3134 ab
3349 3079 3549 3134 Helena
3578 3086 3801 3148 reperta.

2292 3194 2394 3258 τυ,
2425 3193 2669 3260 Domine,
2699 3192 2791 3262 qui
2817 3208 2914 3264 per
2941 3193 3272 3263 unigenitum
3305 3192 3493 3247 Filium
3538 3200 3687 3245 tuum
3717 3204 3806 3243 sa-

2225 3285 2390 3339 lutem
2420 3286 2600 3355 generi
2632 3288 2865 3340 humano
2900 3299 2994 3355 per
3027 3286 3329 3354 passionem
3353 3283 3528 3339 crucis
3555 3281 3807 3337 conferre

2220 3376 2466 3444 dignatus
2496 3390 2575 3438 es,
2602 3384 2655 3430 et
2682 3391 2824 3430 nunc
2854 3378 2908 3431 in
2933 3375 3238 3430 novissimis
3266 3372 3595 3444 temporibus
3623 3372 3807 3442 adspi~

2221 3468 2352 3523 rasti
2384 3467 2435 3522 in
2464 3467 2626 3522 corde
2641 3468 2849 3522 ancilla:
2873 3476 2977 3522 tua:
2998 3468 3311 3537 perquirere
3334 3465 3532 3537 lignum
3564 3466 3807 3525 beatum,

2222 3559 2276 3613 in
2299 3574 2402 3626 quo
2433 3558 2576 3612 salus
2601 3558 2763 3637 229
2789 3566 2968 3612 nostra
3018 3558 3292 3628 pependit,
3334 3555 3558 3612 ostende
3589 3555 3807 3610 eviden-

2224 3662 2305 3707 ter
2333 3668 2399 3707 ex
2450 3652 2533 3705 his
2581 3651 2773 3718 tribus,
2820 3667 2940 3721 qua:
2993 3665 3124 3707 crux
3172 3650 3334 3706 fuerit
3375 3649 3439 3704 ad
3484 3646 3808 3702 dominicam

2222 3745 2473 3815 gloriam,
2520 3744 2606 3799 vel
2636 3760 2757 3814 quae
2787 3745 3029 3800 extiterit
3058 3743 3126 3798 ad
3156 3745 3353 3799 servile
3382 3740 3727 3811 supplicium,
3754 3746 3811 3795 ut

2226 3837 2342 3892 haec
2371 3836 2584 3901 mulier,
2609 3852 2728 3906 qua:
2774 3838 3031 3892 semiviva
3061 3837 3356 3901 decumbit,
3388 3835 3563 3889 statim
3595 3840 3654 3887 ut
3691 3846 3811 3887 eam

2226 3925 2426 3997 lignum
2456 3930 2698 3981 salutate
2724 3927 3029 3997 contigerit,
3079 3944 3108 3981 a
3160 3927 3351 3981 mortis
3375 3925 3552 3996 januis
3593 3938 3811 3981 revoce-

2228 4064 2298 4117 les
2325 4061 2626 4133 supposuit)
2654 4063 2986 4133 profligatam
3011 4062 3325 4133 jamdudum
3364 4060 3812 4133 officinanncon-

2228 4130 2439 4203 fugere.
2487 4130 2782 4189 Laudasset
2820 4130 3226 4203 ipsumltuliutn
3260 4135 3432 4201 Epist.
3464 4131 3504 4186 I.
3532 4132 3597 4203 ad
3626 4130 3810 4203 Euse-

2229 4201 2611 4278 bianosgnumg.
2671 4203 2763 4258 22.
2811 4201 2986 4278 eoque
3013 4205 3194 4278 magis
3247 4204 3524 4278 Socratem
3745 4201 3808 4278 ll.

2228 4290 2346 4341 Cap.
2382 4276 2465 4329 17.
2496 4284 2550 4329 et
2577 4270 2930 4328 Sozomenum
2970 4275 3083 4327 [.ib.
3118 4270 3200 4328 III.
3234 4290 3355 4343 cap.
3390 4275 3471 4343 I0.
3510 4282 3599 4325 aut
3622 4270 3704 4325 his
3741 4270 3811 4323 εἰς

2230 4348 2383 4399 miles
2412 4361 2475 4400 ex
2528 4345 2772 4414 genuinis
2821 4347 3151 4409 auetoribus,
3203 4341 3415 4398 tametsi
3465 4355 3671 4413 parum,
3721 4348 3811 4397 aut

2230 4416 2363 4469 nihil
2394 4418 2459 4470 ad
2492 4416 2668 4469 Rufini
2700 4418 3029 4482 propasitum
3063 4416 3280 4469 faciant.

2303 4488 2329 4524 ά
2365 4487 2657 4553 Rescripsit
2684 4504 2713 4539 e
2746 4484 2920 4540 Vatic.
2953 4487 3224 4541 codicibus
3248 4483 3553 4540 Cacciarius
3582 4500 3694 4536 vere
3720 4496 3812 4550 pro

2226 4560 2365 4629 jure,
2394 4557 2537 4627 quod
2563 4565 2619 4629 et
2641 4557 2969 4629 reliquorum
3000 4558 3254 4629 librorum
3286 4565 3422 4619 erat,
3445 4564 3498 4608 et
3531 4553 3598 4608 ab
3621 4554 3811 4629 Rufino

2232 4625 2488 4698 scriptum
2524 4628 2737 4681 videtur
2762 4627 2886 4681 data
2933 4642 3119 4697 opera.
3150 4627 3357 4695 Quippe
3387 4636 3538 4698 erant
3563 4627 3652 4694 qui
3702 4625 3810 4677 lle-

2234 4696 2408 4752 Ienam
2464 4697 2796 4751 Constantini
2858 4696 3080 4753 matrem
3143 4711 3247 4750 non
3303 4696 3538 4763 legitime
3593 4705 3810 4763 nuptam

2231 4766 2542 4823 Constantio
2558 4769 2815 4824 dicerent.
2834 4768 3119 4839 Eutropius
3140 4766 3329 4826 Lib.‘x.
3350 4781 3468 4835 cap.
3486 4766 3540 4818 2.
3561 4766 3813 4839 Conuen-

2231 4841 2325 4903 tio,
2352 4841 2537 4908 inquit,
2569 4850 2790 4900 mortuo,
2837 4830 3200 4894 Constantinus
3232 4854 3295 4893 ea:
3323 4830 3605 4891 obscuriori
3637 4830 3812 4889 mulri-

2231 4911 2401 4962 monio
2430 4913 2541 4980 ejus
2578 4910 2736 4976 ﬁlius,
2766 4921 2867 4963 etc.
2904 4911 3085 4965 Facile
3116 4910 3237 4978 quia
3284 4924 3388 4962 non
3418 4918 3534 4965 erat
3580 4908 3665 4962 illa
3698 4909 3810 4962 Au-

2230 4981 2369 5050 gusti
2399 4980 2525 5045 filia,
2556 4984 2936 5047 repudiataque
2966 4992 3047 5035 cst
3072 4983 3140 5034 oh
3180 4980 3472 5035 nobiliores
3502 4980 3734 5050 nuptias.

2306 5058 2329 5086 ε’
2359 5050 2501 5105 Idem
2535 5052 2696 5118 petiit,
2729 5062 2782 5104 et
2812 5067 2931 5104 mox
2967 5052 3303 5120 prapendcrat
3343 5063 3440 5118 pro
3483 5049 3811 5117 pependerat,

2230 5120 2382 5174 libris
2413 5122 2610 5176 nostris
2635 5136 2765 5174 mss.
2794 5119 3112 5191 caete-risque
3138 5122 3389 5174 omnibus
3411 5119 3571 5191 editis
3602 5130 3813 5172 centra-

2226 5190 2552 5245 dicentibus.
2590 5194 2663 5246 De
2692 5191 2912 5247 Veneris
2935 5189 3243 5253 simulacro,
3273 5193 3413 5260 quod
3443 5189 3578 5243 infra
3608 5203 3812 5260 memo-

2226 5273 2393 5328 ratur,
2423 5263 2620 5317 videsis
2668 5262 3049 5328 Hieronymum
3083 5264 3256 5333 Epist.
3291 5258 3488 5316 LVIII.
3539 5260 3604 5313 ad
3637 5258 3811 5314 Pauli-

2229 5348 2355 5387 Ituttt
2388 5349 2536 5386 num.
2568 5336 2618 5388 5.
2647 5342 2701 5386 et
2729 5348 2827 5387 nos
2859 5333 2951 5386 ibi.

2303 5404 2321 5443 ί
2355 5404 2430 5458 Ex
2463 5404 2776 5457 Bononiensi
2809 5420 2908 5457 ms.
2941 5413 2996 5458 et
3024 5404 3315 5458 vetustiore
3345 5402 3449 5456 alio
3472 5400 3644 5455 Vatis.
3682 5401 3809 5456 olim

2227 5474 2445 5541 Regina:
2477 5474 2771 5528 Succorum
2807 5473 2945 5527 Hinc
2986 5476 3355 5541 rescripsimus
3383 5486 3482 5541 pro
3512 5469 3636 5527 llic.
3666 5470 3812 5528 Cotta

2229 5548 2309 5600 fer
2336 5545 2618 5613 Sulptium
2644 5546 2900 5598 Severum
2930 5562 3043 5598 rem
3069 5547 3223 5611 paulo
3251 5545 3410 5596 aliter
3436 5555 3809 5613 enarrantem,

2229 5633 2350 5669 nam
2381 5612 2468 5684 qui
2502 5616 2568 5668 ad
2592 5615 2817 5669 eundern
2847 5619 3001 5684 plane
3029 5614 3245 5668 modum
3274 5613 3535 5675 referunt,
3566 5630 3594 5663 ιι
3619 5612 3820 5665 ltufiuo

2226 5690 2520 5754 accepisse,
2568 5699 2672 5738 non
2707 5686 2923 5739 dubium
2968 5696 3068 5741 est.
3104 5685 3382 5739 Postremo
3411 5696 3569 5738 versu
3597 5685 3666 5735 ad
3697 5697 3813 5736 cum

2226 5765 2339 5811 erat
2369 5772 2462 5825 pro
2491 5757 2558 5808 ad
2588 5755 2766 5809 Deum.
