4166 6348
529 339 626 400 579

1547 335 1778 393 RUFINI
1820 334 2296 406 AQUlLElENSIS
2336 336 2762 396 PRESBYTERI

3681 349 3784 407 480

523 466 786 531 quendam
813 460 959 514 navis
988 505 998 528 ,
1047 475 1150 527 qua
1177 458 1468 513 vehebatur
1498 457 1754 526 applicuit
1785 456 1894 528 [AL
1925 455 2096 523 appli-
2132 454 2179 510 Α
2208 456 2319 509 ait:
2354 457 2419 509 Et
2464 473 2623 526 quem
2675 459 2837 513 alium
2884 457 3218 513 inveniemus
3268 462 3438 516 virum
3484 464 3678 529 talem,
3729 467 3783 522 in

522 553 712 625 cavit].
745 555 904 608 Moris
928 563 1006 608 est
1041 555 1165 608 inibi
1197 553 1547 607 Barbarorttm
1569 589 1586 614 ,
1617 559 1674 603 ut
1709 548 1968 618 siquando
1998 547 2100 602 fos-

522 647 624 701 dus
647 647 746 700 sibi
777 661 896 701 cum
930 646 1184 700 Roman’s
1213 644 1476 710 turbatum
1511 641 1697 695 vicinae
1738 640 2103 694 nuntiaverint

527 739 636 810 [ΑΙ.
671 737 1070 810 nuntiaverunt]
1118 747 1305 808 gentes
1329 778 1343 799 ,
1393 749 1580 789 omnes
1607 735 1692 801 qui
1724 732 1867 802 apud
1913 747 2006 787 eos
2035 747 2102 785 ex

529 831 788 885 Romanis
815 830 1016 884 inventi
1047 828 1242 882 fuerint
1282 826 1612 896 jugulentur.
1653 823 1924 878 lnvaditur
1951 821 2102 876 navis

522 924 866 991 philosophi:
913 922 1088 976 cuncti
1153 935 1274 974 eum
1335 919 1451 987 ipso
1501 917 1701 984 pariter
1748 915 2101 983 perimuntur.

526 1017 738 1070 Pueruli
779 1015 972 1084 reperti
1019 1014 1119 1068 sub
1147 1013 1338 1066 arbore
1373 1010 1692 1065 meditantes
1717 1049 1732 1072 ,
1763 1017 1816 1061 et
1848 1007 2104 1086 lectiones

523 1123 649 1161 suas
679 1117 927 1177 parantes
949 1149 963 1170 ,
993 1107 1347 1161 Barbarorum
1380 1103 1720 1158 miseratione
1747 1101 1977 1165 servati,
2007 1097 2105 1151 tlu-

524 1207 719 1252 cuntur
739 1198 804 1251 ad
835 1213 1038 1268 regem.
1088 1197 1285 1249 llorum
1318 1195 1408 1247 ille
1440 1193 1660 1246 alterum
1681 1232 1696 1255 ,
1738 1190 1924 1254 idest,
1961 1187 2102 1241 Ede-

521 1269 662 1343 siu.m
709 1288 810 1344 sibi
858 1290 1167 1358 pincernatn
1218 1285 1366 1340 fecit.
1409 1283 1722 1338 Frumentio
1747 1296 1898 1347 vero,
1945 1294 2102 1348 quem

523 1380 676 1449 quasi
705 1381 1069 1450 perSpicacem
1097 1377 1525 1445 deprehenderat
1553 1382 1608 1428 et
1641 1372 1990 1442 prudentem,
2019 1384 2106 1422 ra-

523 1472 698 1526 tiones
725 1486 851 1526 suas
876 1471 1180 1538 scriniaque
1207 1467 1492 1521 commisit.
1545 1465 1623 1518 Ex
1653 1477 1758 1532 quo
1791 1471 1815 1498 ι
1847 1471 1900 1515 et
1927 1461 1980 1514 in
2008 1459 2104 1513 ho-

526 1580 660 1621 nore
681 1581 875 1634 magno
905 1564 1042 1631 apud
1074 1578 1251 1631 regem
1278 1560 1467 1625 habiti,
1494 1567 1547 1613 et
1568 1558 1620 1612 in
1648 1571 1853 1610 amore.
1884 1557 1952 1608 At
1974 1567 2103 1607 vero

527 1658 766 1719 moriens
800 1673 922 1723 rex,
950 1671 1170 1709 uxorem
1205 1670 1325 1714 enm
1359 1652 1580 1720 parvulo
1603 1651 1708 1704 lilio
1739 1649 1884 1717 regni
1912 1645 2105 1701 dereli-

523 1750 637 1818 quit
667 1748 934 1803 hazredem
975 1766 986 1800 :
1038 1744 1468 1800 adolescentibus
1498 1751 1674 1795 autem
1704 1738 1827 1809 quid
1876 1737 2096 1801 vellent,

526 1839 722 1911 agendi
748 1840 892 1892 dedit
921 1839 1138 1892 liberam
1172 1837 1496 1889 facultatem.
1536 1833 1580 1900 Q
1620 1847 1679 1884 os
1711 1841 1888 1885 tamen
1915 1830 2097 1898 regina

521 1930 838 1998 suppliciter
886 1937 1109 1993 exorat,
1145 1939 1394 1996 tanquam
1448 1939 1566 1994 qua:
1615 1923 1745 1976 nihil
1795 1921 2016 1974 haberet
2047 1921 2098 1972 iu

523 2030 640 2075 toto
670 2036 835 2092 regno
867 2021 1074 2074 fidelius
1097 2063 1111 2085 ,
1144 2029 1200 2073 ut
1229 2034 1437 2082 secum,
1471 2031 1745 2084 usquequo
1769 2013 2101 2068 adolesceret

524 2112 664 2165 tilius
687 2152 704 2177 ,
730 2145 734 2150 -
762 2113 978 2180 regendi
1011 2111 1162 2181 regni
1191 2109 1609 2164 sollicitudinem
1651 2107 1977 2174 partirentur
2001 2120 2016 2157 :
2047 2113 2102 2158 et

522 2203 792 2272 praecipue
822 2201 1190 2256 Frutnentium
1216 2240 1232 2264 ,
1280 2201 1434 2266 cujus
1487 2197 1764 2267 prudentia
1799 2196 1865 2250 ad
1915 2194 2104 2249 mode!

520 2293 748 2348 randum
773 2292 1042 2348 snfl'iceret
1081 2307 1326 2360 regnum.
1370 2290 1499 2344 Nam
1531 2289 1669 2342 alius
1699 2287 1859 2342 tidem
1892 2300 2098 2354 puram,

515 2393 572 2442 et
620 2385 855 2439 sobriam
905 2394 1141 2438 mentem
1201 2380 1519 2449 simpliciter
1567 2379 1876 2433 exhibebat.
1940 2377 2102 2444 lthue

517 2477 644 2530 dum
668 2486 885 2547 agerent
921 2476 1028 2549 [ΑΙ.
1060 2473 1285 2546 ageret],
1318 2482 1372 2528 et
1404 2473 1548 2542 regni
1577 2471 1930 2542 gubernacula
1963 2469 2097 2524 Fru-

518 2570 751 2622 ment'ns
783 2567 1003 2622 haberet
1049 2567 1102 2620 in
1147 2566 1393 2620 manibus
1418 2607 1434 2632 ,
1470 2565 1579 2619 Deo
1628 2576 1860 2618 mentem
1898 2565 2015 2633 ejus
2045 2571 2100 2618 et

517 2662 727 2714 animos
758 2661 1043 2729 inStigante
1074 2660 1233 2730 232
1264 2660 1539 2728 requirere
1586 2658 1866 2712 sollicitius
1913 2660 2095 2727 erepit,

517 2751 562 2804 si
587 2753 674 2820 qui
711 2751 852 2806 inter
881 2755 1250 2820 negociatorcs
1281 2750 1545 2803 Romanos
1575 2749 1857 2802 Christiani
1889 2760 2092 2816 essent,

515 2851 572 2897 et
598 2844 728 2912 ipsis
771 2853 1085 2912 potestatem
1132 2845 1416 2898 maximam
1465 2844 1634 2906 dare,
1685 2858 2011 2905 acmonere,
2043 2855 2098 2897 ut

515 2937 888 2991 conventicula
940 2955 1033 3007 per
1078 2940 1186 2990 loca
1227 2938 1432 3005 singula
1466 2934 1492 2974 ιι
1529 2937 1802 3002 facerent,
1858 2936 1922 2990 ad
1976 2947 2096 3004 ipse

522 3027 762 3080 Romano
808 3029 912 3081 ritu
959 3029 1215 3082 orationis
1260 3042 1453 3081 caussa
1501 3027 1856 3081 confluerent.
1901 3028 2006 3081 Sed
2041 3037 2096 3081 et

515 3118 631 3185 ipse
662 3121 828 3173 multo
872 3119 1038 3189 magis
1077 3121 1263 3174 eadem
1295 3121 1468 3175 lacere
1494 3165 1508 3189 ,
1543 3129 1598 3174 et
1640 3123 1709 3176 ia
1751 3131 1977 3176 cmteros
2003 3137 2094 3176 eo-

2205 562 2310 616 quo
2340 548 2408 601 sit
2436 548 2654 616 spiritus
2683 549 2772 601 Dei
2819 549 2870 602 in
2903 549 3018 616 ipsn
3055 553 3185 605 sicut
3223 553 3274 606 itt
3301 561 3391 617 te,
3432 557 3520 623 qui
3556 557 3670 612 haec
3712 559 3784 613 ita

2204 648 2370 705 possrt
2402 639 2490 694 itm
2516 639 2656 693 lere?
2691 639 2755 692 Et
2784 641 2978 694 tradito
3019 642 3070 696 ei
3103 644 3420 708 saCertlotio,
3459 647 3634 701 redire
3663 663 3784 703 eum

2203 741 2322 781 cum
2375 728 2582 782 Domini
2625 730 2830 800 gratia,
2875 731 3018 785 unde
3067 745 3322 799 venerat,
3363 735 3538 806 jubet.
3581 739 3787 807 Quique

2204 834 2323 875 eum
2357 821 2649 890 EpiseOpus
2681 825 3006 891 perrexisset
3033 827 3096 879 atl
3131 828 3329 883 Indiam
3351 872 3367 896 ,
3397 839 3541 886 tanta
3573 835 3622 888 ei
3663 834 3785 889 data

2205 925 2326 968 esse
2353 927 2382 966 a
2417 914 2525 969 Deo
2552 916 2808 970 virtutum
2838 918 3005 985 gratia
3032 918 3252 984 dicitur,
3273 931 3335 975 ut
3357 921 3507 992 signa
3543 940 3634 991 per
3661 940 3782 980 eum

2209 1003 2514 1071 Apostolica
2549 1004 2758 1069 fierent,
2789 1017 2843 1061 et
2866 1009 3102 1065 infinitus
3136 1027 3392 1068 numerus
3423 1014 3778 1072 Barbarorunt

2207 1103 2621 1150 converteretur
2646 1097 2711 1151 ad
2746 1097 2925 1154 fidem.
2967 1100 3045 1155 Ex
3067 1117 3172 1169 quo
3197 1101 3247 1156 in
3275 1103 3437 1158 india:
3466 1107 3704 1175 partibus
3730 1118 3785 1162 et

2208 1184 2390 1253 p0puli
2416 1183 2845 1243 Christianorqu
2879 1199 2934 1244 et
2957 1191 3207 1248 Ecclesiae
3234 1193 3388 1250 facta:
3418 1207 3578 1263 sunt,
3609 1209 3663 1252 et
3690 1201 3787 1254 Sa.

2207 1277 2502 1332 cerdotium
2533 1280 2712 1349 erepit.
2751 1280 2881 1347 Quae
2918 1298 3014 1338 nos
3062 1284 3133 1339 ita
3171 1295 3324 1356 gesta
3349 1329 3364 1352 ,
3396 1304 3503 1343 non
3534 1290 3791 1358 opinione

2205 1369 2368 1439 vulgi,
2399 1371 2494 1425 sed
2526 1373 2642 1441 ipso
2680 1372 2876 1430 Edesio
2905 1376 3030 1447 Tyri
3083 1379 3400 1450 presbytero
3446 1383 3781 1452 postmodum

2207 1459 2346 1514 facto
2370 1500 2388 1524 ,
2435 1463 2522 1531 qui
2557 1463 2855 1522 Frumentii
2882 1483 3064 1525 comes
3089 1471 3237 1541 prius
3268 1471 3484 1542 fuerat,
3518 1477 3842 1540 referente-

2205 1567 2577 1623 cognovtntus.

2818 1674 3045 1731 CAPUT
3092 1676 3152 1739 Χφ

2131 1809 2178 1868 Β
2243 1805 2320 1858 De
2343 1807 2671 1863 sattversione
2699 1812 2861 1879 gentis
2892 1809 3158 1865 [berorum
3185 1829 3276 1884 per
3297 1791 3548 1886 captivam
3585 1819 3743 1886 farta.

2273 1919 2432 1990 233
2466 1920 2567 1975 Per
2594 1921 2733 1976 idem
2787 1931 2998 1992 tempus
3039 1925 3199 1980 etiam
3247 1936 3271 1964 ⁸
3317 1928 3588 1985 lberorum
3629 1948 3780 2004 gens,

2203 2027 2321 2081 qua:
2347 2013 2446 2065 sub
2468 2029 2570 2068 axe
2602 2013 2823 2069 Pontico
2851 2017 2995 2084 jacet.
3021 2058 3034 2081 ,
3080 2017 3229 2072 verbi
3256 2018 3347 2072 Dei
3377 2020 3571 2075 fietlera
3593 2067 3607 2086 ,
3637 2034 3690 2077 et
3722 2026 3780 2078 li-

2202 2102 2322 2156 tlem
2369 2102 2527 2156 futuri
2569 2091 2884 2173 susceperat
2935 2109 3107 2176 regni.
3148 2107 3252 2162 Sed
3294 2108 3451 2180 hujus
3494 2116 3622 2167 tmti
3657 2115 3787 2169 boni‘

2205 2195 2448 2262 przestitit
2479 2211 2721 2250 caussam
2747 2197 2939 2252 mulier
2960 2201 3200 2267 quaedam
3229 2205 3457 2272 captiva,
3491 2221 3610 2273 qute
3639 2210 3777 2276 apud

2202 2301 2295 2341 ens
2327 2302 2469 2354 repet
2488 2297 2534 2339 ta
2559 2329 2575 2354 ,
2621 2303 2740 2342 cum
2785 2289 2996 2346 fidelem
3025 2300 3078 2346 et
3106 2292 3341 2348 sobriam
3373 2295 3506 2350 satis
3536 2312 3596 2352 ac
3623 2299 3779 2367 pudi-

2202 2393 2319 2434 cam
2345 2379 2567 2435 duceret
2591 2382 2752 2435 vitam
2777 2423 2792 2444 ,
2843 2388 3075 2454 totisque
3097 2385 3287 2440 diebus
3316 2403 3378 2442 ac
3409 2389 3654 2444 noctibus
3680 2392 3779 2446 ob-

2203 2474 2530 2526 secrationes
2563 2473 2672 2526 Deo
2697 2475 2978 2544 pervigiles
3004 2476 3282 2532 exhiberet
3307 2519 3320 2543 ,
3353 2479 3404 2532 in
3431 2481 3780 2540 admiratione

2203 2580 2328 2618 esse
2357 2565 2467 2634 ipsa
2496 2565 2569 2618 rei
2606 2565 2813 2620 novitas
2847 2567 3096 2622 Barbaris
3119 2571 3292 2638 erepit,
3326 2582 3378 2626 et
3398 2573 3522 2642 quid
3552 2573 3651 2630 hoc
3679 2576 3779 2632 sibi

2211 2652 2394 2710 fvelit
2421 2697 2435 2716 ,
2479 2656 2742 2710 curiosius
2788 2659 3188 2723 perquirebant.
3231 2661 3352 2720 Illa.
3409 2671 3468 2716 ιιι
3511 2679 3596 2720 res
3643 2678 3777 2722 erat.

2199 2748 2515 2815 simpliciter
2565 2747 2833 2803 Christum
2866 2765 2924 2805 se
2970 2751 3136 2805 Deum
3180 2753 3279 2808 hoc
3310 2756 3413 2808 ritu
3441 2758 3621 2812 Colere
3648 2760 3780 2813 late-

2200 2837 2374 2890 batur.
2418 2837 2554 2892 Nihil
2585 2854 2648 2893 ex
2699 2839 2800 2893 hoc
2843 2841 3073 2909 amplius
3104 2842 3318 2896 Barbari
3357 2853 3552 2912 praeter
3574 2848 3778 2900 novita-

2201 2936 2306 2982 tem
2338 2927 2573 2982 nominis
2603 2929 2956 2984 mirabantur.
2995 2931 3189 2984 Verum
3217 2933 3298 2999 (ut
3329 2933 3440 2988 fieri
3471 2935 3632 3004 Solet)
3667 2939 3778 3006 ipsa

2198 3022 2598 3089 perseverantia
2625 3024 2989 3076 curiositatem
3037 3025 3300 3093 quandam
3332 3027 3656 3084 mulierculis
3699 3030 3778 3084 in-

2199 3112 2401 3165 ferebat
2430 3156 2444 3179 ,
2495 3118 2538 3166 si
2571 3114 2695 3182 quid
2728 3115 3072 3168 emolumenti
3103 3131 3166 3169 ex
3203 3126 3344 3170 tanta
3377 3119 3662 3175 devotione
3691 3137 3778 3175 ca-

517 3211 741 3275 horturi,
777 3211 957 3266 favore
985 3221 1038 3267 et
1070 3212 1340 3267 beneﬁciis
1369 3213 1620 3277 invitare,
1654 3222 1910 3282 prmstare
1941 3212 2092 3282 quie-

2205 3216 2438 3271 peretur.
2483 3203 2644 3258 Moris
2673 3205 2810 3273 apud
2839 3220 2930 3259 eos
2961 3223 3081 3261 esse
3110 3207 3330 3274 dicitur,
3377 3218 3435 3264 ut
3463 3212 3502 3264 si
3528 3213 3776 3280 parvulus

516 3303 642 3371 quid
673 3315 1029 3373 opportunum
1065 3305 1277 3370 fuisset,
1308 3304 1422 3360 loca
1457 3304 1722 3372 :edificiis,
1751 3306 1962 3373 aliaque
1998 3321 2092 3360 ne-

512 3397 744 3450 cessaria
779 3397 1040 3466 pra-bere,
1068 3408 1122 3452 et
1152 3397 1711 3466 omnimodogestire,
1742 3407 1796 3450 ut
1827 3396 2089 3451 Chridia-

511 3503 700 3542 norum
731 3489 864 3542 inibi
886 3504 1068 3544 semen
1101 3498 1436 3559 emergeret.
1477 3488 1580 3544 Sed
1611 3502 1732 3542 cum
1762 3488 1938 3556 regius
1961 3502 2091 3556 puer

511 3579 855 3644 adolevisset,
888 3583 971 3634 cui
1006 3591 1027 3618 ο
1069 3583 1496 3650 procurationem
1523 3580 1667 3648 regni
1690 3578 1966 3646 gerebant.
1987 3571 2090 3630 ex-

512 3669 673 3738 pletis
701 3670 948 3723 omnibus
971 3679 1024 3723 et
1053 3685 1119 3724 ex
1152 3658 1256 3724 title
1287 3669 1514 3731 traditis,
1547 3668 1766 3720 multum
1800 3665 1924 3720 licet
1951 3663 2090 3719 deti-

512 3759 761 3813 nentibus
804 3770 856 3813 et
894 3761 1204 3830 rogantibus
1228 3800 1243 3824 ,
1278 3770 1334 3812 ιιι
1365 3765 1665 3820 manerent,
1696 3757 1880 3823 regina
1911 3756 1993 3808 vel
2028 3757 2089 3808 li-

469 3849 604 3914 -lio,
633 3849 698 3902 ad
727 3850 912 3905 orbem
947 3864 1119 3905 tamen
1152 3862 1391 3904 nostrum
1424 3856 1786 3903 revertuntur.
1855 3847 1921 3900 Et
1953 3846 2090 3902 Ede-

506 3942 586 3993 sio
613 3939 901 3995 festiuante
928 3941 1126 4014 Tyrum
1154 3981 1168 4006 ,
1196 3950 1444 4007 parentes
1477 3937 1908 4006 propinquosque
1950 3938 2088 3992 revi-

504 4034 664 4094 sere.
721 4032 1065 4087 Frumentius
1132 4030 1514 4085 Alexandriam
1582 4029 1791 4097 pergit,
1866 4029 2085 4097 dicens,

503 4139 713 4192 aequum
745 4140 850 4178 non
881 4139 1000 4179 esse
1037 4123 1144 4195 [ΑΙ.
1178 4121 1280 4193 est]
1332 4136 1467 4190 opus
1519 4123 1790 4176 occultare
1847 4122 2087 4178 Domini-

505 4229 646 4266 cum.
691 4213 854 4281 Igitur
885 4230 994 4267 rem
1024 4227 1236 4267 onmem
1263 4251 1280 4278 ,
1325 4221 1382 4265 ιιι
1410 4221 1556 4280 gesta
1588 4223 1670 4266 est
1709 4217 1927 4282 exponit.
1965 4215 2084 4284 Epi-

503 4319 690 4373 scOpt),
713 4320 772 4358 ac
788 4314 991 4370 monet,
1021 4313 1075 4356 ut
1097 4302 1375 4369 provideat
1399 4303 1567 4357 virum
1592 4304 1820 4372 aliquem
1839 4306 2082 4376 dignum,

505 4411 686 4461 quem,
721 4397 1062 4466 congregatis
1089 4397 1198 4461 jam
1233 4393 1475 4461 plurimis
1505 4393 1858 4460 Christianis,
1906 4407 1958 4450 et
1983 4397 2084 4451 Ec—

500 4487 683 4540 clesiis
733 4485 1055 4541 constructis
1107 4483 1159 4536 in
1215 4485 1500 4538 Barbarico
1547 4486 1707 4551 solo,
1761 4485 2078 4555 Episc0putn

2196 3302 2452 3364 :egrotet,
2481 3294 2892 3351 circumferatur
2924 3312 2950 3348 a
2981 3308 3151 3352 matre
3184 3314 3280 3368 per
3304 3300 3537 3369 singulas
3564 3302 3774 3371 domos,

2194 3405 2301 3458 quo
2331 3389 2540 3445 scilicet
2584 3391 2629 3444 si
2657 3392 2776 3460 quis
2802 3393 3003 3460 experti
3037 3392 3236 3462 aliquid
3281 3395 3503 3450 remedii
3545 3399 3773 3463 noveri',

2192 3481 2436 3536 Conferat
2465 3481 2750 3536 laboranti.
2806 3483 3044 3551 Cumque
3093 3487 3282 3538 mulier
3309 3487 3550 3554 quaedam
3582 3505 3774 3556 parvu-

2193 3571 2302 3624 lum
2334 3587 2489 3626 suum
2542 3587 2638 3638 per
2687 3587 2875 3627 omnes
2921 3575 3334 3632 circumtulisset
3363 3593 3428 3632 ex
3462 3593 3639 3644 more,
3677 3594 3774 3634 nec

2195 3662 2394 3730 aliquid
2427 3663 2647 3718 remedii
2674 3707 2688 3731 ,
2717 3673 2936 3719 cunctas
2963 3666 3154 3720 domos
3180 3669 3474 3736 lustranda,
3503 3671 3768 3738 caepisset,

2191 3757 2340 3812 venit
2366 3759 2526 3812 etiam
2554 3757 2618 3813 ad
2649 3760 2913 3829 captivam
2942 3802 2957 3825 ,
2985 3773 3039 3816 ut
3069 3763 3111 3816 si
3143 3764 3264 3831 quid
3296 3765 3487 3830 sciret,
3521 3769 3772 3823 esti-mde-

2191 3860 2294 3908 ret.
2339 3850 2429 3907 llla
2460 3869 2518 3908 se
2545 3853 2762 3910 humani
2787 3858 2998 3926 quidem
3031 3860 3253 3914 remedii
3284 3860 3413 3914 nihil
3442 3861 3580 3917 scire
3610 3872 3771 3917 testa-

2192 3949 2298 4009 tur,
2326 3944 2491 4000 Deum
2521 3959 2696 4002 tamen
2729 3964 2884 4004 suum
2907 3951 3176 4006 Christum
3200 3970 3356 4021 quem
3383 3959 3610 4022 colebat,
3642 3961 3770 4011 dare

2189 4032 2242 4088 ei
2267 4035 2600 4103 desperatam
2633 4039 2701 4094 ab
2743 4040 3046 4096 hominibus
3091 4058 3245 4112 posse
3273 4044 3536 4112 salutem,
3570 4048 3768 4101 confir-

2189 4136 2322 4181 mat.
2365 4128 2606 4198 Cumque
2629 4130 2804 4187 cilicio
2828 4147 2925 4186 suo
2949 4135 3229 4202 parvulum
3264 4144 3289 4181 ε
3320 4139 3766 4204 superposuisset,

2187 4228 2346 4288 atque
2370 4219 2485 4289 ipsa
2511 4223 2744 4290 desuper
2777 4225 3075 4278 orationem
3111 4225 3334 4279 fudisset
3365 4227 3428 4278 ad
3464 4228 3765 4292 Dominum,

2187 4324 2372 4363 sanum
2423 4316 2578 4366 matri
2619 4314 2847 4368 reddidit
2897 4315 3175 4372 infantem.
3215 4319 3401 4374 Sermo
3431 4320 3671 4374 defertur
3700 4323 3766 4374 ad

2186 4403 2368 4473 plures
2389 4447 2403 4467 ,
2455 4407 2683 4476 laetique
2717 4407 2855 4461 fama
2898 4411 3165 4479 magniﬁci
3199 4427 3364 4487 usque
3394 4413 3456 4465 ad
3488 4427 3644 4468 aures
3677 4429 3764 4468 res

2185 4494 2322 4564 gina:
2350 4496 2660 4565 perlabitur.
2686 4498 2816 4565 Qua:
2845 4499 3032 4556 dolore
3059 4502 3286 4571 quodam
3309 4503 3624 4570 gravissimo
3645 4520 3765 4560 eor-

503 4577 697 4632 mittat.
739 4577 874 4631 Tum
907 4591 1033 4628 vero
1063 4575 1382 4629 Athanasius
1413 4577 1459 4648 (ά
1494 4593 1612 4631 nam
1644 4578 1688 4631 is
1713 4593 1879 4646 nuper
1901 4593 2078 4634 sacer-
2107 4571 2154 4628 Ι)
2183 4588 2326 4657 νοτίς
2357 4589 2548 4644 afﬂicta
2575 4630 2591 4656 ,
2636 4591 2688 4645 in
2733 4591 3106 4660 desperatione
3151 4595 3376 4648 muima
3417 4605 3551 4650 erat.
3595 4598 3763 4667 “oga;

499 4670 705 4725 dolium
729 4669 1055 4737 susceperat)
1080 4669 1332 4723 attentius
1357 4680 1408 4724 ct
1438 4672 1754 4740 propensius
1779 4671 2077 4727 Frumentii

501 4765 644 4820 dicta
672 4775 927 4835 gestaque
955 4764 1305 4821 considerans
1330 4809 1345 4833 ,
1377 4768 1430 4822 in
1473 4767 1701 4822 concilio
1739 4769 2076 4824 sacerdotum

573 4950 598 5014 ξ
637 4940 991 5014 Guarnerian.
1021 4959 1135 4995 cum
1166 4945 1358 5000 honore
1381 4987 1396 5009 ,
1450 4954 1503 5000 et.
1525 4944 1712 5014 jnncto
1745 4944 2070 4998 Bononiensi

499 5013 790 5085 aliisque,
818 5012 979 5085 liabiti
1004 5023 1119 5066 sunt
1150 5057 1162 5076 ,
1213 5019 1438 5082 denique
1466 5012 1578 5070 cum
1615 5032 1770 5085 parvo
1796 5017 1904 5082 ﬁlio
1930 5017 2072 5085 regni

497 5082 703 5148 reliquit
734 5082 850 5146 (ΑΙ.
884 5084 1153 5153 relinquit)
1195 5086 1464 5140 lueret/em.
1516 5082 1679 5139 Paulo
1735 5101 1799 5149 po
1834 5095 1851 5137 ι
1901 5082 2071 5136 Itono-

502 5166 674 5204 nteus.
697 5153 990 5217 simpliciter
1014 5166 1186 5208 exorat
1205 5198 1218 5217 ,
1243 5156 1593 5211 Gnarnerian.
1623 5156 1922 5220 supplicler
1944 5171 2068 5208 exo-

497 5223 802 5294 rabatﬁttunt
827 5232 880 5294 et
909 5226 1164 5290 prwcipue
1189 5225 1543 5287 Frttmcutitts,
1579 5228 1722 5294 cujus
1776 5235 1878 5276 etc.

545 5290 596 5361 _b
637 5291 776 5366 idem
805 5293 1045 5361 facerent,
1079 5305 1227 5366 atque
1257 5297 1507 5360 Romano,
1537 5290 1640 5350 etc.

571 5371 615 5436 "-_
637 5361 780 5414 Idem
807 5360 1187 5436 procuratorem
1216 5368 1377 5436 regni,
1409 5377 1538 5427 etc.,
1568 5364 1653 5436 qui
1681 5372 1734 5414 et
1759 5361 1881 5436 plus
1913 5360 2070 5436 habet

494 5431 654 5497 paulo
681 5440 826 5497 post,
860 5435 1023 5487 denuo
1063 5431 1377 5489 revertuntur
1401 5451 1420 5487 :
1453 5433 1800 5487 Bononiensis
1823 5470 1839 5495 ,
1872 5431 1938 5482 ad
1973 5448 2064 5483 ur-

493 5499 602 5552 bem
623 5512 787 5554 tamen
817 5514 1040 5556 nostram
1071 5508 1235 5560 denuo
1263 5513 1601 5558 revelluntur.

566 5569 592 5606 ά
631 5571 756 5637 th-
783 5575 1082 5641 parenthesi
1109 5576 1515 5633 concluduntur,
1541 5581 1798 5640 praetcrea
1823 5574 2063 5626 attentius

489 5649 540 5691 et
569 5642 724 5694 verba
757 5646 940 5696 reticet
966 5645 1311 5698 Bononiensis
1343 5644 1494 5695 lther.

565 5720 589 5747 ο
632 5711 780 5764 Nunc
810 5714 1056 5779 Georgia,
1081 5717 1286 5766 notiore
1307 5710 1721 5764 Voc:tt_mlo.V'itle
1747 5710 1888 5764 Cella
1901 5712 2056 5766 rium.

488 5778 884 5837 Cuarncriauus
909 5778 1007 5837 uts.
1039 5799 1159 5837 cum
1192 5783 1516 5852 aspiratione
1549 5781 1866 5851 Hybcrorum
1897 5823 1908 5848 ,
1950 5793 2058 5838 tutu

2184 4678 2250 4732 ad
2273 4695 2332 4733 se
2360 4681 2623 4749 captivam
2648 4681 2858 4736 deduci.
2902 4683 2994 4736 Illa
3019 4685 3096 4738 ire
3122 4685 3330 4750 abnuit,
3357 4701 3423 4738 ne
3441 4703 3762 4755 przesumcre

2182 4771 2410 4838 amplius
2457 4771 2653 4841 aliquid
2707 4789 2866 4844 quam
2915 4790 3076 4830 sexus
3106 4772 3133 4812 h
3179 4777 3412 4843 sineret,
3466 4780 3756 4836 videretur.

2176 4944 2358 5020 juneto
2406 4945 2532 5016 Reg.
2564 4945 2756 5020 _Vatic.
2807 4949 3026 5017 suscepit
3074 4964 3171 5017 pro
3213 4961 3530 5020 susceperat.
3579 4952 3752 5006 Bono-

2182 5019 2355 5088 niens.
2387 5017 2615 5084 suscipit.
2671 5018 2866 5072 Confer
2889 5021 3163 5073 Socratem
3197 5021 3288 5073 lib.
3316 5017 3502 5088 lfcnp.
3526 5021 3614 5076 9.0.
3649 5042 3755 5080 non

2172 5083 2263 5137 26.
2299 5083 2620 5207 tg'Cacciar.
2655 5097 2831 5153 notat,
2864 5101 2916 5142 et
2943 5089 3299 5145 Sozomenutn
3327 5093 3422 5146 lib.
3455 5083 3518 5146 ll.
3544 5110 3661 5162 cap.
3696 5096 3750 5149 7.

2175 5169 2279 5206 non
2353 5193 2366 5207 .

2175 5169 2279 5206 non
2313 5169 2366 5208 0.

2251 5222 2268 5260 ί
2312 5226 2666 5281 Guarnerian.
2711 5228 2896 5283 vellet:
2941 5237 3050 5282 tum
3089 5230 3344 5284 Christum
3370 5248 3426 5285 se
3476 5233 3752 5287 Dominum

2173 5293 2294 5373 Ιιοσ,⁸
2315 5297 2758 5373 etc._Paulo_post
2786 5315 2920 5373 unus
2939 5299 3109 5373 Vatia.
3139 5311 3186 5354 et
3213 5303 3323 5369 ipsa
3353 5309 3748 5373 perseverantia,

2174 5364 2403 5439 denique
2431 5364 2750 5421 Bononiens.
2782 5370 3026 5435 a/ferebat
3058 5386 3153 5438 pro
3179 5364 3445 5439 inferebat.

2249 5444 2273 5507 ς
2317 5437 2458 5507 idem
2485 5439 2857 5507 supposuisset,
2891 5437 3070 5494 minus
3098 5437 3244 5495 vere.

2253 5502 2281 5540 ιι
2322 5502 2861 5582 Ιιιῑιειιξὶιϐίιεςίειίιις
2889 5514 3109 5578 fiumina:
3138 5527 3200 5564 ex
3231 5526 3334 5566 uno
3374 5511 3540 5582 Regio
3570 5514 3740 5572 Vatic.

2173 5590 2272 5653 nts.
2317 5577 2565 5653 caeteris,
2616 5579 2805 5653 quibus
2835 5582 3142 5653 _ususdipse
3187 5594 3265 5636 est
3290 5623 3304 5645 ,
3344 5593 3400 5635 ιιι
3438 5577 3490 5638 ἐι
3521 5591 3740 5653 nostris,

2172 5645 2406 5718 itemque
2437 5645 2662 5718 vulgatis
2703 5650 2952 5703 omnibus
2986 5645 3133 5705 libris
3156 5691 3170 5716 ,
3215 5653 3303 5718 qtti
3356 5655 3579 5708 verbum
3612 5645 3739 5711 illud

2169 5715 2385 5767 tuinime
2433 5715 2666 5785 addunt,
2727 5715 3162 5777 reclamantibus.
3229 5715 3347 5776 illa
3399 5723 3732 5785 Bononietts.

2167 5785 2462 5855 simplici”
2488 5803 2583 5858 pro
2606 5789 2840 5844 similiter
2862 5791 3005 5860 legit.
3367 5813 3374 5820 ·
