2083 3174
170 162 216 191 ιει

617 162 777 191 HISTORIA
800 162 1075 199 ECCLESIASTZCA.
1097 163 1195 192 LIBER
1217 165 1354 195 Ριιιιιυε.

1746 167 1801 202 tsi

169 221 256 256 Ipsam
270 228 301 248 se
315 221 405 256 regina
427 220 626 256 ﬁahdeferri
650 221 683 248 ad
704 221 817 254 captiva:
835 220 958 248 cellulam
974 225 998 251 Α
1013 213 1081 248 rent;
1105 222 1224 257 Cumque
1251 228 1340 251 erecta
1366 224 1449 258 prima
1477 225 1517 253 vel
1538 227 1665 260 secunda,
1690 234 1800 257 ventum

166 268 251 302 jubet.
272 268 358 301 Quam
372 267 496 295 similiter
515 275 594 302 supra
610 268 728 299 cilicium
741 275 818 295 suum
834 268 957 302 positam,

167 313 292 340 invocato
303 312 403 340 Christi
422 314 547 345 nomine,
562 314 689 340 continuo
703 318 763 346 post
778 321 884 347 precem
894 334 901 345 ,
916 322 959 341 svi-

167 368 229 387 nam
243 365 271 386 et
292 361 407 388 alacrem
431 361 491 387 fecit
514 368 670 396 exsurgere.
690 360 879 395 Christumque
899 369 959 388 esse

169 406 262 437 Deum,
280 406 326 433 Dei
342 406 437 432 summi
462 406 570 437 Filium,
585 406 629 439 qui
652 406 764 432 salutent
783 406 850 432 hanc
866 411 959 432 cutttlt-

168 450 237 482 lerit,
254 450 334 477 docet
349 460 355 476 :
372 458 486 484 eumque
506 458 584 485 quem
599 451 648 477 sibi
663 456 800 478 ain-torem
813 459 867 477 sum
878 451 958 478 sciret

168 504 228 524 esse
250 497 443 524 incolumitatis
458 502 485 524 et
507 497 579 529 vitm,
602 503 754 524 commonet
770 498 956 524 invocandum.

167 543 255 577 Ipsum
279 550 395 576 namque
420 550 496 575 esse,
520 543 605 576 quiet
621 542 729 577 regibus
745 550 826 577 regna
841 547 853 560 ἰ
868 542 959 576 ιιιςιίη

167 588 230 616 buat
242 609 249 621 ,
278 593 305 615 et
330 588 488 615 mortalibus
505 589 594 615 \itam.
616 590 648 614 At
665 589 708 614 illa
727 596 787 614 cum
805 589 895 615 laetitia
911 588 958 615 do-

167 643 237 662 mum
251 642 372 669 regressa
383 655 391 668 ,
413 635 509 661 marito
524 635 692 668 percontanti
709 642 830 661 caussam
847 641 898 661 tam
913 642 958 661 su-

166 680 229 708 bita:
244 680 368 707 sanitatis
381 680 494 714 aperuit.
509 681 607 715 quique
622 688 683 706 cum
703 688 750 713 pro
766 681 852 706 salute
865 681 958 714 coniu-

166 727 204 760 gis
220 726 298 753 Itetus
311 746 317 755 .
342 730 369 752 et
395 726 498 752 mulieri
523 733 631 752 munera
644 725 742 752 deIerri
757 726 873 759 juln-rel,
891 726 932 752 illa
949 734 955 752 :

167 771 276 802 Horum,
292 770 386 805 inquit,
401 779 417 797 υ
432 778 489 803 rex,
507 771 570 796 nihil
583 771 687 805 captiva
700 770 841 805 dignatur:
862 779 956 798 aurum

165 817 289 851 despicit,
306 820 446 851 argentum
463 817 578 849 respuit,
592 816 695 850 jejunio
708 816 783 850 quasi
795 818 856 843 cibo
872 817 957 851 pasci-

166 869 207 889 tur
219 871 226 890 :
239 862 288 889 hoc
303 863 389 888 solum
404 863 427 888 ei
443 862 562 889 muneris
574 862 706 894 dabimus,
722 862 742 888 si
758 870 830 894 eum,
846 862 888 897 qui
902 871 954 895 me,

166 908 208 934 illa
225 908 378 939 invocante,
402 907 518 939 sanavit,
545 907 680 934 Christum
697 908 709 925 ι’
728 908 809 934 Detnn
824 911 952 935 colamus.

165 954 203 980 Ad
216 953 265 980 hoc
280 959 341 980 tunc
354 961 400 979 rex
413 952 522 987 segnior
537 952 595 983 fuit,
612 957 639 979 et
654 953 760 979 interim
776 953 888 987 distulit,
901 962 954 981 sa:-

165 999 221 1032 pius
239 998 301 1025 licet
313 999 346 1024 ab
361 1006 443 1025 uxore
458 999 652 1032 commonitus,
670 998 755 1025 donec
778 1000 874 1026 accidit
890 1008 955 1034 qlia-

166 1046 223 1071 dam
238 1044 281 1071 die
304 1049 419 1071 venante
444 1052 476 1070 eo
502 1044 527 1070 in
547 1044 622 1070 silvis
636 1051 696 1071 eum
719 1044 863 1071 comitibus
888 1046 952 1078 suis,

166 1090 300 1117 obscurari
323 1088 493 1116 densissimis
518 1089 634 1115 tenebris
649 1089 719 1115 diem
733 1109 740 1121 ,
765 1095 791 1116 ct
812 1097 858 1124 per
878 1095 953 1117 terra:

166 1136 248 1162 noctis
264 1135 406 1162 horrorem
420 1134 478 1161 luce
500 1134 640 1167 subducta,
658 1136 738 1161 caecis
753 1135 805 1162 iter
819 1137 955 1170 gressibus

165 1180 298 1215 denegari.
320 1180 397 1207 Alius
418 1180 469 1206 alio
485 1179 583 1206 diversi
600 1187 632 1206 ex
656 1180 800 1208 comitibus
815 1181 952 1215 oberrant,

167 1227 222 1261 ipse
238 1228 310 1254 solus
325 1226 483 1253 densissima
499 1226 662 1253 obscuritate
677 1226 856 1253 circumdatus
869 1247 876 1260 ,
890 1227 953 1261 qnid

165 1278 263 1310 ageret,
281 1281 334 1308 quo
349 1280 379 1301 se
391 1277 507 1300 verteret
523 1273 677 1300 nesciebat:
700 1280 759 1300 cum
776 1278 885 1307 repente
904 1281 953 1300 au-

166 1322 222 1349 xios
233 1321 324 1348 salutis
339 1319 527 1354 desperatiOne
539 1319 641 1346 animos
653 1320 778 1354 cogitatio
791 1320 849 1346 talis
863 1327 955 1347 ascen-

165 1370 212 1397 dit.
234 1369 261 1396 Si
273 1376 335 1396 vere
348 1367 402 1404 [ΑΙ.
420 1366 495 1402 vero]
513 1367 581 1393 Deus
594 1372 635 1393 est
655 1367 776 1393 Christus
792 1366 855 1399 ille,
873 1375 953 1401 quem

167 1414 243 1442 uxori
277 1421 331 1440 sua:
359 1413 464 1447 captiva
489 1412 672 1447 prtedixerat,
705 1420 774 1439 nune
798 1420 827 1439 se
855 1413 888 1440 de
914 1413 954 1439 his

167 1459 286 1488 tenebris
297 1459 405 1491 liberet,
428 1466 456 1484 ut
471 1459 558 1492 ipsum
572 1466 605 1484 ex
634 1458 683 1484 hoc
700 1459 806 1484 otniSsis
831 1458 954 1485 omnibus

165 1507 277 1535 coleret.
299 1505 370 1532 Illico
382 1510 409 1531 ut
427 1504 484 1531 haec
507 1504 623 1530 nondum
638 1503 728 1536 verbo,
745 1504 791 1530 sed
807 1505 863 1530 sola
880 1512 954 1530 tuen-

165 1557 190 1579 te
217 1551 380 1583 devoverat,
407 1550 508 1578 reddita
534 1550 633 1577 mundo
651 1550 726 1583 dies,
749 1558 837 1585 regem
860 1550 892 1577 ad
908 1559 952 1577 llr-

1010 266 1104 294 tuisset
1118 267 1151 294 ad
1177 269 1292 301 tertiatn,
1315 271 1461 297 consumtis
1480 272 1604 299 omnibus
1618 273 1802 306 uiacliiuis,.et

1011 311 1091 339 boum
1109 314 1298 348 hominumque
1317 316 1427 348 viribus,
1442 324 1502 344 cum
1526 318 1610 344 Inedia
1622 318 1678 353 jam
1694 320 1720 346 in
1735 319 1802 347 obli-

1010 365 1091 391 quum
1108 357 1201 385 fuisset
1219 366 1320 393 cret-ta,
1335 366 1361 387 et
1376 370 1436 394 pars
1451 363 1550 397 reliqua
1567 364 1645 390 nullis
1670 366 1801 394 machinis

1010 403 1169 437 erigeretur,
1186 407 1306 439 repetitis
1328 408 1446 434 secundo
1461 413 1487 435 et
1503 409 1582 436 tertio
1596 417 1628 436 ac
1641 411 1740 444 smpfus
1762 413 1800 438 vi.

1010 448 1093 478 ribus,
1113 457 1144 474 ne
1161 450 1218 476 loco
1239 451 1345 484 quidem
1362 453 1463 479 moveri
1490 453 1588 480 attritis
1612 456 1734 483 outnibus
1751 465 1800 490 po-

1012 493 1070 520 tuit.
1092 494 1238 521 Admiratio
1254 501 1311 522 erat
1327 499 1405 524 totius
1428 499 1528 532 populi,
1553 501 1623 533 regis
1643 501 1800 530 animositas

1011 538 1188 567 hebescehat:
1205 542 1267 576 quid
1282 544 1336 569 tieri
1353 544 1473 577 deberet,
1488 554 1581 572 omnes
1595 547 1672 573 simul
1688 548 1798 575 latebit.

1011 584 1063 611 Sed
1089 592 1150 611 cum
1180 586 1327 614 interventu
1358 590 1443 615 noctis
1468 597 1561 616 omnes
1584 591 1798 626 abscessissent,

1009 631 1150 664 cunetiqze
1173 633 1297 659 mortales
1312 639 1337 659 et
1353 633 1408 667 ipsa
1424 642 1505 667 opera
1533 640 1680 667 cessarent,
1694 638 1798 671 captiva

1009 676 1065 702 sola
1079 676 1104 702 iri
1121 677 1243 704 oratione
1254 684 1413 712 pernoctans
1428 682 1525 708 mansit
1538 682 1697 709 intrinsecus
1715 692 1721 710 :
1738 692 1800 712 cuin

1010 719 1073 755 ῘΑΙ.
1086 721 1213 757 cumque]
1226 731 1289 750 ecce
1301 725 1446 752 matutinus
1457 730 1484 752 et
1499 734 1592 753 anxius
1606 735 1666 755 cum
1678 729 1732 756 suis
1743 739 1801 757 utit-

1009 766 1086 793 nibus
1111 767 1265 801 ingrediens
1292 777 1350 800 rex,
1377 770 1449 797 tidet
1471 771 1634 805 columnam,
1656 782 1735 808 quam
1764 781 1802 804 tul

1010 813 1140 840 machinae
1153 821 1184 840 ac
1197 819 1235 840 tot
1256 815 1344 849 populi
1368 823 1478 843 movere
1492 825 1543 843 non
1560 819 1710 853 quiverunt,
1727 829 1802 849 erec-

1010 863 1072 887 tam.
1089 863 1115 885 et
1137 867 1216 893 supra
1242 861 1324 887 bas'm
1347 868 1422 888 suam
1448 862 1544 890 librate
1566 872 1734 900 suspensmo,
1753 876 1802 895 nec

973 907 993 935 lt
1010 909 1097 931 tamen
1116 910 1126 922 °
1143 906 1358 940 superpositam,
1384 907 1431 934 sed
1459 916 1586 943 quantum
1621 912 1698 938 unius
1725 913 1801 945 pedis

1009 958 1055 985 spa
1070 952 1094 977 io
1109 952 1133 978 in
1148 960 1210 978 aere
1233 954 1406 986 pendentem.
1421 954 1496 981 Tunc
1518 963 1581 982 vero
1596 963 1690 984 omnes
1708 959 1798 991 populi

1008 1001 1165 1023 contuentes
1179 1002 1207 1023 et
1218 998 1418 1031 magnilicaotes
1438 999 1532 1031 Dentri,
1548 1007 1638 1027 veram
1651 1008 1712 1029 esse
1728 1003 1800 1037 regis

1009 1040 1106 1073 ﬁdem,
1131 1046 1158 1068 et
1184 1043 1294 1076 captiva:
1322 1043 1479 1079 religionem
1508 1051 1647 1079 prtcsents
1675 1049 1797 1076 miraculi

1009 1087 1161 1113 testimonio
1186 1089 1371 1122 perliiliebant.
1388 1090 1420 1116 Iit
1441 1098 1504 1118 ecce
1528 1093 1686 1119 mirantibus
1708 1094 1797 1122 adhuc

1007 1137 1034 1159 et
1049 1134 1217 1167 stupentibus
1232 1135 1344 1163 eunetis.
1357 1136 1380 1162 in
1393 1137 1476 1163 oculis
1492 1145 1583 1163 eorum
1599 1139 1698 1164 sensim
1714 1146 1797 1173 supra

1008 1178 1092 1205 basim
1109 1187 1193 1211 suam,
1211 1180 1285 1206 nullo
1309 1181 1489 1216 contingente,
1513 1183 1634 1209 columna
1661 1184 1794 1218 deposita,

1007 1232 1111 1251 summa
1126 1234 1185 1252 cum
1201 1226 1340 1254 libratione
1364 1228 1496 1254 consedit.
1516 1228 1578 1255 I’o-t
1591 1229 1640 1256 hoc
1652 1230 1704 1264 [ΑΙ.
1727 1230 1796 1266 Iure}

1007 1271 1124 1305 re|:quus
1147 1280 1274 1299 numerus
1294 1276 1477 1300 co'ntnnaruin
1495 1279 1565 1301 tanta
1587 1277 1712 1303 facilitate
1737 1285 1797 1305 susd

1008 1325 1105 1351 pensus
1128 1323 1179 1351 est,
1204 1323 1232 1344 ut
1259 1326 1351 1345 ntrrncs
1375 1327 1433 1353 qua:
1449 1320 1646 1354 superfuerant,
1673 1323 1727 1356 ipsa
1752 1323 1798 1351 die

1007 1361 1169 1389 locarentur.
1188 1362 1282 1389 I’ostea
1312 1371 1374 1390 vero
1402 1372 1480 1398 quam
1508 1366 1627 1392 Ecclesia
1655 1367 1796 1402 magniﬁce

1006 1412 1157 1434 censtrnctt
1178 1413 1228 1439 est,
1244 1413 1270 1435 et
1285 1409 1373 1443 populi
1400 1409 1479 1436 Iidem
1503 1410 1546 1437 Dei
1573 1411 1676 1445 tnajore
1700 1413 1798 1440 ardore

1007 1452 1141 1485 sitiebant,
1170 1453 1281 1486 captiva:
1305 1454 1385 1489 236
1412 1455 1520 1482 mon‘tis
1545 1456 1578 1482 ad
1606 1457 1796 1491 Imperatorem

1007 1497 1213 1524 Constaritrnutii
1243 1500 1324 1526 totius
1350 1501 1436 1533 gentis
1462 1501 1558 1535 legatio
1585 1503 1699 1529 mittitur
1722 1512 1728 1529 :
1754 1511 1798 1531 res

1007 1550 1082 1577 gesta
1104 1546 1247 1578 exponitur
1271 1554 1276 1570 :
1299 1546 1474 1573 saccrdotes'
1491 1548 1597 1575 mittere
1620 1554 1722 1582 oratur,
1750 1552 1797 1585 qui

166 1599 224 1626 bern
259 1597 383 1633 perducit
415 1597 587 1623 incolumem.
627 1597 731 1630 Quique
764 1597 862 1631 regina:
895 1605 952 1623 rem
970 1596 992 1626 C
1008 1597 1121 1624 Civilium
1146 1599 1206 1625 ets?!
1231 1599 1260 1618 se
1276 1591 1321 1618 Dui
1343 1600 1436 1619 mumts
1460 1594 1608 1627 explerent.
1624 1595 1724 1628 Quibus
1750 1597 1796 1625 ille

166 1644 285 1679 protinus
312 1649 341 1671 ut
364 1648 436 1678 gesta
453 1649 493 1670 est
517 1643 617 1677 pandit.
641 1643 751 1670 Evocari
773 1643 827 1677 jam
846 1643 954 1677 jamque

166 1691 314 1725 captivam,
342 1695 368 1717 et
394 1689 496 1716 ('Oit‘lltli
524 1689 601 1716 ritum
627 1694 654 1715 ut
675 1689 725 1715 sibi
743 1690 826 1716 trarlat
844 1708 852 1722 ,
875 1696 955 1723 expo-

167 1737 232 1763 scit:
250 1744 338 1771 neque
364 1735 418 1771 [AL
446 1733 505 1769 nec]
530 1743 558 1761 se
583 1735 650 1761 ultra
674 1735 753 1761 alium
772 1735 853 1761 Deum
876 1742 953 1769 quarti

167 1782 298 1809 Christum
313 1786 501 1809 veneraturuin
516 1788 575 1808 esse
599 1781 750 1807 conﬁrmat.
777 1780 955 1815 Adestcapti-

167 1837 208 1861 va,
220 1829 315 1856 edocet
330 1834 340 1847 ε
356 1828 437 1855 Deum
453 1827 587 1854 Christum
601 1836 607 1854 :
623 1827 788 1862 supplicandi
804 1829 883 1854 ritum
901 1827 953 1862 [ΑΙ.

167 1873 252 1910 ritus]
283 1873 484 1908 veneranilique
510 1873 638 1905 modum,
670 1874 826 1907 inquanturn
859 1874 891 1900 de
914 1871 956 1901 his

166 1921 356 1956 2353perire
366 1919 471 1947 femina:
484 1920 522 1947 las
535 1920 853 1955 erat,pandit.Fahrlcaii
868 1926 956 1947 tamen

166 1966 312 1994 Ecclesium
321 1970 421 1998 tnonel,
431 1966 596 2000 futuramque
611 1966 747 1993 describit.
762 1966 842 2002 Igitur
852 1975 907 1999 res,
918 1973 956 1994 to-

167 2012 219 2038 tius
231 2011 317 2046 gentis
331 2011 430 2046 popqu
441 2015 597 2043 convocnto,
614 2019 668 2037 rem
685 2011 718 2037 ab
736 2011 812 2038 initio
823 2020 881 2045 qua:
893 2020 956 2046 erga

168 2064 197 2084 se
214 2065 246 2084 ac
260 2058 377 2092 reginam
399 2062 471 2090 pesta
494 2056 590 2087 fuerat,
611 2057 730 2090 exponit,
747 2057 878 2090 [idemque
894 2057 957 2084 edo-

169 2108 229 2135 cet,
248 2109 274 2130 et
296 2103 411 2130 nondum
435 2102 552 2130 initiatus
580 2103 606 2130 in
630 2104 723 2137 sacris,
740 2105 768 2130 tit
791 2111 847 2130 sua:
872 2105 957 2138 gentis

168 2149 322 2184 Apostolus.
336 2149 453 2177 Credunt
468 2150 516 2176 viri
534 2157 580 2183 per
602 2157 702 2184 regem,
725 2150 829 2176 l'eininze
854 2158 899 2184 per
914 2159 956 2177 re-

167 2195 256 2230 ginam
268 2203 276 2222 :
290 2196 446 2229 cunctisque
461 2195 530 2222 idem
544 2195 693 2222 volent'bus
709 2195 801 2222 Eccles
813 2204 826 2221 a
841 2195 956 2222 exstrui-

168 2248 210 2271 tur
222 2242 352 2269 instanter
367 2250 374 2269 :
389 2247 415 2269 et
431 2242 537 2269 elevato
555 2241 609 2275 jam
624 2240 637 2259 ἀ
653 2242 794 2275 perniciter
820 2249 955 2268 murorum

1007 1644 1065 1662 cum
1078 1637 1149 1662 omni
1164 1637 1259 1671 gaudio
1273 1644 1298 1664 ei
1314 1637 1415 1664 honore
1439 1641 1614 1673 transmissis,
1633 1642 1716 1668 tnulto
1737 1650 1796 1670 ant-

1007 1680 1075 1714 plius
1091 1689 1122 1707 cx
1137 1681 1187 1708 hoc
1199 1682 1303 1708 hetatus
1317 1688 1367 1713 est,
1381 1691 1458 1717 quam
1473 1684 1494 1710 si
1509 1684 1658 1719 incognitas
1676 1686 1796 1716 Itomano

1007 1727 1120 1762 imperio
1136 1733 1228 1761 gentes
1241 1732 1268 1755 et
1283 1737 1362 1763 regna
1380 1729 1469 1763 ignota
1484 1731 1628 1764 junxissct.
1643 1732 1703 1760 Ilaec
1719 1735 1796 1762 nobis

1007 1773 1040 1799 ita
1068 1778 1153 1807 gesta,
1181 1774 1350 1801 tideliSsinnrs
1371 1780 1431 1801 νιιις
1449 1776 1684 1812 llieui-ius,gentis
1713 1780 1797 1814 ipsius

1008 1826 1066 1849 rex,
1083 1824 1109 1845 et
1125 1818 1193 1853 apud
1216 1828 1265 1845 nos
1281 1818 1493 1847 Domesticurmn
1510 1822 1606 1849 Cotties
1620 1823 1679 1857 (cui
1693 1832 1798 1854 summa

1008 1868 1066 1890 erat
1090 1871 1152 1891 cura
1175 1870 1201 1891 et
1224 1865 1362 1899 religionis
1386 1871 1412 1892 et
1438 1867 1571 1901 veritatis)
1587 1874 1720 1901 exi'osuit,
1736 1878 1797 1897 cum

1008 1910 1147 1936 nobiscum
1164 1909 1300 1937 I’alrestiui
1316 1916 1376 1938 tunc
1389 1912 1480 1939 limitis
1498 1913 1563 1944 Dux.
1580 1913 1607 1940 iu
1623 1914 1799 1949 Jerosolymis

1008 1956 1076 1982 satis
1104 1957 1266 1983 unanimiter
1287 1956 1406 1991 degeret.
1433 1957 1484 1985 Sed
1508 1958 1541 1985 ad
1563 1963 1679 1994 emptum
1703 1961 1798 1988 redea-

1009 2010 1078 2030 Inus.

1318 2050 1430 2078 CAPUT
1452 2051 1496 2078 XI.

1011 2107 1078 2135 DsC
1096 2109 1208 2135 nsluntia
1226 2117 1312 2135 sorore
1335 2109 1505 2141 Constantini,
1530 2114 1554 2136 et
1579 2109 1731 2145 I’resbylrro
1753 2119 1798 2145 per

1251 2151 1306 2170 eam
1319 2144 1392 2178 fratri
1406 2145 1545 2170 insinuata.

1048 2201 1223 2234 Posteaquam
1239 2200 1354 2234 religiosi
1372 2200 1504 2233 Principis
1518 2204 1602 2226 mater
1614 2200 1712 2227 Helena
1725 2208 1799 2228 sum—

1012 2246 1061 2271 Illi)
1076 2245 1187 2272 Romani
1200 2245 1273 2280 regni
1291 2245 1435 2272 honoribus
1450 2245 1554 2277 allecta,
1569 2253 1601 2272 ex
1612 2246 1661 2273 hac
1671 2248 1728 2275 luce
1741 2248 1798 2275 dis»

167 2289 280 2323 ambitu,
293 2293 399 2323 tempus
414 2293 471 2315 erat
493 2295 546 2322 quo
568 2287 700 2314 columna:
725 2288 850 2314 collocari
875 2287 956 2314 debe-
974 2278 996 2307 ο
1012 2291 1106 2323 cessit,
1133 2278 1287 2317 Constantia
1302 2295 1364 2317 tunc
1380 2289 1474 2317 Licinii
1491 2287 1503 2308 ῐι
1518 2291 1622 2324 relicta,
1637 2290 1729 2320 fratris
1744 2294 1800 2320 Λα-

204 2374 216 2388 ⁸
237 2369 414 2397 Guarnerian.
442 2368 571 2395 distribuit
583 2389 589 2399 ,
607 2373 634 2394 ιιι
655 2372 680 2394 et
697 2368 857 2396 Bononiens.
873 2369 916 2403 qui
930 2374 958 2398 et

169 2412 230 2432 mox
245 2406 298 2432 duo
314 2406 394 2431 verba
410 2412 466 2430 cum
482 2404 533 2430 (arti
546 2405 570 2429 in
587 2405 688 2430 tetu-et.
729 2406 732 2409 “

204 2440 218 2460 δ
240 2441 334 2467 Denuo
349 2440 524 2466 Guarncrirn.
539 2438 667 2466 Christum
683 2437 818 2464 Dominum
833 2439 955 2466 coturnus.

206 2481 218 2496 ο
239 2475 306 2503 llect
317 2476 398 2502 ssime
415 2474 474 2501 huic
485 2475 590 2500 deinmn
606 2479 632 2500 et
649 2481 712 2500 mss.
728 2475 809 2500 nostri
826 2480 852 2500 et
868 2475 957 2509 \ulga-

170 2512 188 2539 tl
213 2511 273 2538 libri
297 2517 390 2537 omnes
413 2509 493 2535 Deum
519 2509 669 2541 Christum,
684 2514 777 2535 contra
791 2515 870 2541 atque
885 2509 959 2536 Vali-

169 2548 228 2574 caui
246 2546 316 2579 apud
330 2545 495 2572 Cacciarium
515 2544 631 2575 habent,
647 2543 735 2570 Iesum
749 2543 890 2573 Christum.
913 2545 941 2571 Di
953 2562 959 2565 -

169 2584 238 2609 citur
263 2583 289 2609 in
320 2585 411 2608 vetere
436 2579 587 2606 Christiana
621 2579 796 2613 lnscriptione
819 2579 961 2607 domestici

171 2616 263 2644 musmi
277 2615 361 2643 nostri
377 2636 384 2647 ,
403 2614 501 2641 Licinia
514 2615 556 2649 pia
570 2614 664 2649 femina
682 2614 737 2641 Deo
751 2614 867 2641 CHHISTO
878 2622 960 2643 cam:

170 2653 240 2687 quod
257 2656 299 2679 est
313 2651 348 2678 de
364 2650 456 2687 Divina
471 2648 676 2687 Christinatura
688 2648 805 2676 onmium
821 2649 877 2687 fere
889 2651 961 2687 lucu-

173 2684 349 2715 ll-ntissimum
372 2684 552 2711 testimonium
566 2706 572 2716 ,
597 2689 689 2719 utpote
703 2685 830 2711 marmori
842 2705 850 2717 ,
866 2685 959 2720 etjam

172 2723 234 2750 inde
246 2730 260 2749 a
278 2722 372 2755 primis
388 2720 514 2747 Ecclesia:
529 2720 645 2751 swculis,
663 2721 834 2752 insculptum.

205 2757 218 2776 ἀ
233 2759 261 2785 In
270 2756 456 2784 Guarneiiauo
465 2755 587 2788 pertinaci
599 2763 635 2785 er,
645 2755 725 2788 male,
738 2759 766 2782 ut
776 2760 802 2782 et
814 2756 892 2790 paulo
904 2761 964 2790 post

172 2798 260 2828 ενρια
281 2800 330 2827 pro
342 2794 437 2819 eruta.
451 2790 610 2825 Plerumque
632 2790 765 2825 ejusmodi
777 2791 875 2821 menda
891 2792 962 2819 tac.ti

174 2830 352 2864 praeterimus.
427 2861 433 2864 _
567 2860 574 2864 _
661 2860 676 2864 __
762 2860 768 2864 _
859 2860 865 2864 _
904 2854 907 2864 Ζ

210 2871 222 2882 ι·
235 2865 306 2891 Idem
327 2861 472 2898 Sttppgxila,
491 2866 518 2888 et
529 2860 604 2888 unius
617 2860 688 2896 pedis
701 2860 812 2898 spatium
825 2868 835 2888 :
850 2860 965 2897 denique

179 2900 239 2928 1'r.m
256 2907 313 2926 vero
328 2905 376 2933 pro
393 2896 477 2931 Tunc,
493 2901 549 2923 etc.

1050 2368 1059 2387 ί
1075 2369 1210 2396 ιιιιετνοτίι
1227 2368 1379 2396 Cnet-inritis
1394 2368 1448 2402 Dei,
1460 2369 1529 2403 quod
1543 2369 1659 2396 otiosum
1673 2370 1732 2398 Ireic
1745 2377 1797 2403 est,

1012 2409 1038 2431 et
1050 2412 1113 2431 mss.
1127 2405 1221 2434 nostri.
1238 2405 1355 2438 editiqoe
1379 2405 1437 2431 libri
1465 2413 1557 2431 onun-s
1574 2405 1706 2439 ignorant.
1732 2406 1796 2433 M01

1011 2438 1099 2466 oruiur
1120 2441 1281 2467 llonouiens.
1299 2447 1349 2467 ms.
1361 2448 1421 2468 cum
1443 2440 1554 2475 vulgatis
1577 2438 1655 2467 habet
1671 2449 1720 2475 pro
1738 2451 1800 2469 exo-

1010 2480 1092 2502 ratur.

1048 2515 1059 2534 B
1075 2511 1149 2537 llunc
1175 2509 1256 2537 etiam
1283 2510 1430 2544 insequenti
1461 2509 1530 2537 libro
1549 2517 1608 2544 cap.
1626 2510 1669 2538 55.
1687 2511 1798 2538 Iliillnus

1013 2546 1132 2579 impense
1147 2546 1246 2578 laudat,
1255 2547 1338 2572 virum
1351 2547 1410 2579 fide,
1427 2550 1530 2580 pietate,
1546 2547 1636 2572 virtute
1646 2551 1669 2572 et
1679 2548 1758 2573 animi
1775 2552 1799 2574 et

1012 2582 1126 2615 corporis
1139 2582 1274 2615 insignem,
1289 2589 1368 2615 quem
1384 2586 1412 2608 et
1424 2590 1470 2614 pro
1486 2581 1648 2615 linperature
1672 2582 1796 2609 Theodo-

1013 2616 1053 2648 sit)
1068 2616 1170 2644 l'ortiter
1180 2617 1351 2644 dimicantem
1369 2621 1470 2642 contra
1480 2616 1629 2650 Eugenium
1643 2616 1799 2650 Tyrannum

1012 2658 1056 2678 an.
1072 2651 1134 2679 594.
1160 2656 1272 2679 testatur
1295 2651 1437 2678 cecidisse.
1453 2651 1576 2678 Zosimus
1604 2651 1650 2678 lib.
1667 2650 1711 2677 IV.
1736 2657 1801 2678 ante

1014 2686 1093 2714 Iinern
1109 2695 1170 2714 eum
1183 2688 1247 2713 dicit
1265 2687 1405 2714 oriundum
1422 2693 1454 2713 ex
1470 2686 1606 2716 Armenia.
1623 2693 1682 2719 qua:
1707 2685 1800 2712 Iberia:

1018 2723 1131 2748 Conlinis
1151 2728 1202 2753 est,
1219 2722 1303 2748 virum
1318 2728 1343 2748 et
1368 2721 1475 2748 malitize
1500 2722 1587 2746 omnis
1609 2725 1757 2753 expertem,
1773 2726 1802 2747 et

1018 2756 1112 2784 bellea
1137 2757 1215 2784 laude
1243 2761 1422 2790 praestantem.
1440 2755 1469 2782 In
1495 2755 1655 2781 Bononiensi
1676 2762 1728 2781 tns.
1749 2754 1803 2781 Ben

1018 2792 1106 2818 curitis
1133 2789 1268 2825 scribitur,
1296 2796 1431 2824 corrupte.
1459 2790 1523 2817 Vide
1548 2789 1685 2816 Socratem
1709 2790 1757 2817 lib.
1782 2791 1802 2817 I.

1018 2834 1076 2854 can.
1091 2827 1136 2854 20.

1052 2835 1145 2889 i‘iﬁui.
1157 2869 1195 2889 ss.
1212 2861 1311 2888 nostris
1330 2859 1462 2891 derelicta,
1478 2859 1573 2886 marito
1584 2859 1686 2886 scilicet
1701 2859 1806 2887 Licinio

1022 2898 1175 2930 interiectu,
1192 2905 1206 2924 ιι
1229 2895 1401 2931 Constantino
1416 2894 1498 2922 Iralre
1517 2900 1639 2929 suscepta
1661 2899 1712 2927 est.
1730 2894 1799 2923 Prcs
