4166 6348
565 330 674 403 ass

1580 336 1811 395 norm
1852 301 2329 403 AQUILEIENSIS
2367 327 2804 385 PRESBYTER!

3723 331 3834 391 484

569 463 709 536 gusti
765 460 969 516 solatiis
1024 458 1293 515 utebatur.
1340 456 1473 511 Iluic
1514 454 1709 509 accidit
1768 451 2147 521 presbyterum
2181 448 2227 507 Α
2256 451 2404 536 mna
2432 443 2591 536 fuerit
2620 442 2845 536 (ξοπιεῖίῖί
2883 442 3207 512 ηιοάθτθίῖος
3237 452 3296 501 υῑ
3327 459 3431 536 "On
3463 445 3516 502 ῖη
3550 461 3838 518 Personam

567 553 833 624 quendam
881 552 1063 606 venire
1105 552 1155 605 in
1207 549 1474 610 notitiam,
1505 547 1729 600 latenter
1758 543 2005 614 partibus
2030 542 2141 596 Arii

568 647 857 702 faventem.
889 646 990 701 Sed
1036 644 1083 698 is
1133 643 1305 711 primo
1349 639 1478 693 nihil
1509 638 1727 692 omnino
1771 637 1835 689 de
1871 635 1954 689 his
2003 633 2141 703 apud

571 752 814 793 sororem
842 735 1098 803 Principis
1140 732 1347 800 aperire
1377 745 1393 784 :
1427 730 1514 782 ubi
1548 734 1674 782 Vero
1705 728 1869 780 multa
1913 724 2141 780 familia-

569 831 700 883 ritas
745 827 950 897 copiam
1014 824 1228 887 tribuit,
1289 821 1537 891 paulatim
1601 832 1906 874 sermonem
1982 815 2145 883 caepit

570 930 854 989 aspergere
887 915 1005 988 [Αἰ.
1038 910 1315 984 aperire],
1364 911 1613 966 invidiam
1660 909 1847 963 dicens
1895 906 2024 962 Ario
2052 920 2142 976 ges

573 1022 834 1074 neratam,
891 1015 947 1061 et
996 1021 1092 1075 pro
1142 1004 1501 1058 simultatibus
1546 1001 1767 1070 privatis
1822 999 2143 1067 Episcopum

570 1116 724 1155 suum
758 1114 866 1151 rem
890 1095 1226 1151 contentiose
1258 1093 1633 1162 exagitavisse,
1666 1088 2023 1145 aemulationis
2049 1088 2145 1142 stis

572 1194 716 1247 mulo
737 1190 1034 1253 confixum,
1065 1186 1205 1258 quod
1233 1186 1389 1239 Arius
1420 1185 1556 1251 apud
1591 1183 1798 1251 plebem
1834 1181 1965 1235 satis
1987 1193 2144 1234 carus

572 1282 875 1336 haberetur.
922 1280 1047 1333 Ilzec
1098 1288 1255 1347 atque
1309 1275 1613 1346 hujusmodi
1658 1274 1760 1327 alia
1814 1273 2146 1343 frequentius

570 1387 883 1444 suggerens,
934 1376 1142 1426 animos
1190 1370 1516 1424 Constantia:
1565 1383 1692 1423 suos
1739 1375 1764 1404 ει
1792 1364 1974 1421 efficit.
2016 1367 2147 1431 Quin

570 1479 691 1520 cum
736 1464 880 1519 diem
911 1464 1145 1530 abitura,
1171 1461 1478 1516 visitaretur
1505 1473 1532 1511 a
1563 1458 1747 1524 fratre,
1784 1465 1943 1526 atque
1975 1457 2041 1510 ab
2081 1470 2147 1510 eo

572 1554 769 1612 blande
795 1556 1150 1625 religioseque
1196 1552 1629 1621 compelleretur,
1665 1559 1961 1605 extremam
2007 1548 2145 1603 dici-

575 1660 662 1703 tur
701 1648 771 1703 ab
820 1661 886 1703 eo
933 1647 1157 1716 gratiam
1206 1645 1532 1714 peposcisse,
1584 1652 1644 1698 ut
1693 1642 2059 1711 presbyterum
2093 1641 2145 1696 in

572 1738 991 1793 familiaritatem
1031 1737 1313 1805 reciperet,
1344 1744 1398 1790 et
1442 1749 1559 1804 qua:
1588 1732 1689 1787 sibi
1720 1733 1784 1787 ab
1826 1749 1890 1787 eo
1923 1748 2020 1801 pro
2050 1746 2147 1802 spe

2247 535 2387 604 ejus,
2419 536 2511 590 sed
2544 535 2596 589 in
2627 534 2937 603 dogmatum
2988 536 3305 604 pravitatem
3356 535 3518 593 fuerit
3555 539 3660 594 lata
3709 554 3840 596 sett-

2246 624 2449 692 tentia)
2481 625 2526 678 si
2555 634 2731 678 tamen
2757 634 2811 679 et
2840 625 3089 694 Episcopi
3112 625 3136 662 ἀ
3162 626 3278 697 ejus
3299 627 3589 684 Alexandri
3620 644 3837 687 accom-

2247 715 2559 770 modaretur
2623 728 2899 770 assensus.
2955 715 3063 770 Sed
3117 726 3170 772 et
3219 717 3287 771 ab
3351 719 3434 773 his
3482 720 3699 789 quidem
3742 720 3835 792 qui

2250 809 2421 876 primo
2470 807 2662 876 coeptis
2710 807 2827 876 ejus
2858 806 3116 874 faventes,
3149 823 3271 863 cum
3318 809 3662 867 simulatione
3703 814 3835 870 sub-

2247 897 2595 965 scripserant,
2629 897 2787 952 facile
2828 912 3076 968 receptus
3115 909 3215 954 est.
3241 900 3373 955 Cum
3424 917 3552 958 vero
3591 904 3831 960 Alexan-

2247 986 2416 1040 driam
2468 989 2813 1055 perrexisset,
2849 989 2921 1043 ibi
2958 1004 3119 1045 omne
3153 991 3274 1060 ejus
3304 992 3595 1049 frustratur
3645 997 3834 1065 incep-

2248 1088 2360 1133 tum
2395 1097 2408 1132 :
2441 1082 2690 1149 quoniam
2737 1082 2952 1151 quidem
2992 1084 3131 1138 dolis
3169 1085 3309 1154 apud
3345 1087 3653 1157 ignorantes
3684 1087 3834 1143 locus

2248 1181 2351 1239 est,
2384 1172 2674 1228 scientibus
2698 1186 2845 1239 vero,
2878 1174 3058 1229 dolum
3093 1176 3395 1243 intendere,
3433 1192 3539 1231 non
3566 1178 3712 1233 aliud
3742 1186 3830 1234 est

2248 1279 2405 1334 quam
2461 1273 2486 1303 ο
2536 1265 2698 1319 risum
2768 1280 3007 1322 movere.
3061 1267 3267 1324 Interea
3326 1270 3451 1324 dum
3518 1271 3633 1327 hate
3692 1272 3834 1341 apud

2249 1354 2630 1409 Alexandriam
2658 1357 2853 1412 frustra
2885 1358 3179 1427 agitantur,
3212 1360 3540 1415 venerabilis
3564 1363 3834 1434 Augustus

2248 1445 2633 1502 Constantinus
2673 1450 2835 1520 238
2876 1451 2927 1504 in
2961 1451 3271 1507 suburbana
3331 1453 3455 1508 villa
3505 1454 3834 1511 Nicomedia:

2250 1536 2528 1606 trigesimo
2552 1537 2571 1575 τ
2598 1549 2653 1594 et
2702 1541 2876 1608 primo
2908 1541 3119 1610 imperii
3164 1542 3247 1596 sui
3277 1558 3420 1598 anno
3446 1545 3588 1599 diem
3622 1546 3835 1600 functus

2249 1637 2352 1692 est,
2384 1630 2566 1684 liberis
2590 1629 2658 1685 de
2684 1632 3030 1687 successione
3068 1631 3297 1687 Romani
3333 1634 3479 1689 orbis
3511 1643 3834 1690 testamento

2252 1721 2556 1778 haeredibus
2579 1725 2815 1794 scriptis.
2835 1726 2953 1791 Quo
2985 1727 3036 1781 in
3069 1734 3311 1796 tempore
3335 1728 3591 1797 quoniam
3619 1726 3832 1799 quidem

571 1836 628 1883 et
676 1828 851 1882 salute
900 1834 1334 1896 suggererentur,
1380 1824 1586 1879 audiret
1618 1841 1628 1875 :
1664 1838 1723 1878 se
1767 1822 1983 1892 quidem
2032 1822 2142 1892 jatn
2175 1827 2223 1886 Β
2248 1813 2616 1883 Constantius,
2650 1817 2735 1871 cui
2767 1817 3000 1872 Orientis
3044 1832 3270 1888 regnum
3311 1817 3663 1886 decreverat,
3696 1834 3835 1889 prte-

571 1932 640 1975 ex
661 1917 690 1956 ιι
720 1918 819 1973 hac
850 1917 967 1972 luce
1014 1917 1381 1971 discedentem
1412 1915 1541 1968 nihil
1572 1928 1760 1969 curare
1787 1932 1799 1967 :
1834 1928 1930 1984 pro
1967 1913 2148 1968 fratris

572 2022 704 2067 vero
733 2020 872 2066 statu
915 2011 1071 2081 237
1103 2022 1226 2065 esse
1261 2007 1566 2072 sollicitam,
1599 2022 1665 2061 ne
1698 2006 1836 2061 forte
1867 2021 1964 2076 pro
1994 2006 2148 2060 inno-

572 2106 807 2156 centium
853 2107 1044 2171 pmnis,
1079 2100 1228 2170 regni
1272 2100 1351 2153 sui
1383 2108 1653 2170 pateretur
1700 2097 1988 2152 excidium.
2019 2097 2150 2165 Qui-

571 2184 672 2249 bus
704 2193 795 2247 ille
823 2192 1040 2246 monitis
1067 2206 1095 2244 a
1118 2202 1304 2245 sorore
1331 2191 1613 2258 susceptis,
1646 2198 1704 2243 et
1729 2187 1937 2243 fidelem
1966 2204 2061 2258 pro
2091 2203 2149 2243 se

570 2297 840 2354 germanae
861 2281 1278 2336 sollicitudinem
1317 2280 1568 2345 credens,
1600 2281 2024 2335 accommodavit
2047 2295 2147 2334 au-

572 2392 685 2432 rem
716 2376 1032 2447 presbytero
1056 2394 1070 2431 :
1092 2384 1145 2429 et
1175 2375 1387 2429 interim
1417 2373 1666 2428 accersiri
1694 2373 1763 2429 de
1792 2373 2151 2429 exilioArium

572 2467 745 2536 jubet,
769 2474 827 2519 ut
854 2466 1306 2534 quemadmodum
1330 2464 1398 2519 de
1430 2465 1533 2518 fide
1563 2464 1805 2531 sentiret,
1836 2475 2149 2535 exponeret.

574 2555 711 2615 Tum
745 2558 835 2613 ille
865 2558 1022 2613 fidem
1047 2556 1385 2626 conscripsit,
1418 2570 1535 2625 qua:
1560 2571 1663 2610 non
1693 2555 1907 2625 quidem
1932 2572 2150 2612 sensum

574 2659 843 2717 nostrum,
880 2657 1056 2705 tamen
1097 2650 1258 2705 verba
1305 2659 1485 2703 nostra
1536 2649 1813 2705 continere
1862 2649 2152 2721 professio-

577 2756 810 2812 nemque
836 2744 1132 2799 videretur.
1181 2744 1401 2802 Miratus
1450 2746 1663 2816 quidem
1706 2757 1789 2802 est
1835 2748 2147 2818 Imperator,

577 2842 634 2889 et
670 2836 880 2902 putavit
929 2850 1087 2890 uuam
1129 2838 1461 2908 eandemque
1514 2839 1565 2891 in
1618 2838 1784 2907 ipsius
1829 2849 1884 2894 et
1925 2838 2151 2895 Concilii

576 2924 780 2980 dudum
808 2927 943 2997 gesti
973 2928 1307 2996 expositione
1353 2929 1676 2985 sententiam
1721 2933 1985 2988 contineri
2020 2950 2033 2987 :
2068 2941 2152 2987 ta-

579 3030 701 3072 men
730 3017 781 3070 in
829 3016 976 3072 nullo
1022 3018 1227 3074 relaxat
1272 3021 1435 3076 animi
1462 3031 1484 3060 ο
1513 3021 1777 3091 vigorem,
1821 3023 1915 3077 sed
1967 3037 2153 3081 rursus

580 3123 702 3163 eum
732 3109 797 3163 ad
829 3109 1042 3167 concilii
1093 3111 1316 3166 remittit
1345 3129 1570 3170 examen
1600 3131 1612 3168 :
1638 3116 1890 3185 quoniam
1935 3117 2151 3187 quidem

2250 1918 2375 1960 sens
2403 1920 2509 1960 non
2549 1916 2686 1974 erat,
2719 1907 2918 1963 dicitur
2960 1920 3174 1965 secreto
3203 1912 3509 1967 accersiens
3554 1913 3835 1982 presbyte-

2251 2010 2394 2062 rum,
2425 2011 2585 2065 quem
2610 2011 2640 2049 a
2682 2012 2869 2054 sorore
2900 2000 3337 2056 commendatum
3381 2015 3544 2071 supra
3574 2002 3832 2070 diximus,

2254 2095 2310 2142 et
2348 2089 2544 2143 exinde
2575 2086 2911 2145 familiariter
2940 2090 3205 2159 habitum,
3240 2092 3526 2149 tradidisse
3569 2096 3618 2149 ei
3665 2104 3836 2149 teSta-

2252 2194 2491 2236 mentum
2522 2182 2666 2252 quod
2713 2183 3023 2250 scripserat,
3074 2192 3129 2239 et
3166 2184 3468 2241 obtestatus
3516 2186 3615 2241 sub
3656 2200 3839 2241 sacra-

2251 2281 2455 2339 mento,
2484 2288 2550 2329 ne
2578 2273 2669 2328 ulli
2696 2274 2798 2329 nisi
2839 2272 3157 2330 Constantio
3188 2290 3308 2330 cum
3340 2274 3596 2342 venisset,
3631 2278 3682 2331 in
3725 2292 3839 2332 ma-

2254 2381 2354 2420 nus
2384 2367 2640 2421 traderet.
2665 2365 2762 2421 Cui
2790 2365 2953 2422 etiam
2997 2367 3137 2430 quod
3186 2369 3416 2423 eunuchi
3447 2369 3538 2438 qui
3584 2377 3739 2423 erant
3782 2369 3837 2424 in

2254 2459 2458 2514 Palatio
2492 2459 2760 2525 favebant,
2793 2467 2909 2515 arte
2940 2459 3139 2515 indicio
3167 2460 3234 2516 de
3277 2460 3620 2530 Imperatoris
3663 2470 3839 2517 morte

2252 2565 2543 2622 suppresso
2590 2567 2758 2623 usque
2808 2552 2875 2606 ad
2918 2551 3215 2608 Constantii
3246 2554 3611 2623 praesentiam,
3653 2553 3841 2608 multis

2254 2656 2391 2698 nova
2442 2644 2774 2698 tentantibus
2818 2645 3116 2713 oppressis,
3142 2648 3169 2692 ε
3200 2658 3288 2699 res
3338 2652 3466 2699 tuta:
3512 2645 3841 2715 integreque

2253 2747 2586 2790 remansere.
2616 2732 2750 2789 Cum
2788 2750 2917 2789 vero
2946 2733 3292 2791 Constantius
3330 2735 3592 2805 affuisset,
3622 2738 3840 2808 deposié

2257 2837 2368 2882 tum
2396 2828 2676 2898 presbyter
2704 2827 2959 2882 restituit.
2982 2828 3149 2897 Cujus
3188 2827 3434 2885 beneficii
3463 2829 3633 2901 gratia
3664 2830 3839 2898 Impeé

2253 2929 2400 2975 rator
2421 2935 2573 2991 regnt
2602 2920 2848 2990 cupidus,
2882 2920 2950 2976 ita
2983 2924 3031 2977 ei
3073 2922 3356 2978 devinctus
3389 2932 3491 2988 est,
3524 2932 3585 2979 ut
3614 2923 3704 2995 qui
3732 2923 3836 2978 im-

2256 3025 2447 3080 perare
2473 3011 2683 3067 cunctis
2714 3012 2990 3079 ambierit,
3022 3013 3090 3069 ab
3130 3013 3221 3068 illo
3250 3014 3351 3068 sibi
3380 3015 3632 3084 imperari
3660 3028 3839 3084 tequa3

2256 3102 2477 3157 nitniter
2501 3112 2792 3172 pateretur.
2830 3103 2902 3157 Ex
2928 3118 3052 3173 quo,
3086 3104 3333 3159 devincta
3362 3104 3465 3160 sibi
3489 3104 3838 3176 Imperatore,

579 3201 644 3255 ad
669 3202 1056 3258 dedicationem
1086 3203 1547 3275 Jerosolymorutn
1575 3222 1641 3261 ex
1667 3205 1812 3261 omni
1847 3207 1975 3262 orbe
2006 3208 2146 3264 coire

2253 3194 2411 3263 carpit
2436 3192 2503 3248 de
2526 3193 2636 3248 Arii
2667 3193 3007 3250 restitutione
3035 3211 3345 3266 suggerere,
3377 3207 3431 3252 et
3463 3197 3712 3254 nolentes
3740 3198 3837 3254 θαι

579 3294 884 3350 sacerdotes
912 3293 1295 3362 invitabantur,
1322 3297 1437 3352 hmc
1474 3296 1541 3350 ad
1571 3312 1663 3352 eos
1691 3297 1758 3354 de
1784 3300 2003 3355 nomine
2034 3298 2152 3370 ejus

580 3387 845 3455 scribens,
877 3397 937 3442 ut
966 3388 1009 3443 si
1042 3389 1433 3458 expositionem
1466 3390 1587 3445 fidei
1619 3390 1735 3462 ejus
1766 3391 2073 3461 probarent,
2100 3399 2155 3447 et

580 3490 704 3533 eum
726 3481 809 3533 vel
840 3493 937 3550 per
962 3479 1233 3546 invidiam,
1262 3490 1319 3534 ut
1345 3481 1642 3546 asserebat,
1669 3491 1791 3537 tunc
1819 3484 2155 3539 circumven-

580 3576 692 3625 tum
720 3571 1083 3640 dinoscerent,
1117 3574 1199 3627 vel
1225 3588 1364 3627 nunc
1390 3573 1456 3628 ab
1484 3586 1667 3629 errore
1696 3585 2018 3643 correctum,
2047 3577 2157 3631 cle-

581 3662 750 3717 menti
787 3677 912 3733 erga
947 3665 1119 3733 ipsum
1144 3662 1347 3734 judicio
1386 3673 1666 3719 uterentur
1690 3665 2155 3737 (quandoquidem

581 3821 739 3889 byter
784 3822 872 3890 qui
920 3831 1123 3876 tantum
1152 3820 1318 3891 gratia
1342 3827 1509 3891 atque
1534 3820 1852 3875 auctoritate
1881 3823 2016 3888 apud
2040 3839 2156 3880 eam

580 3892 812 3957 valebat,
840 3893 884 3947 is
918 3890 1173 3956 creditur,
1206 3896 1294 3960 qui
1326 3890 1629 3944 Eustathius
1659 3893 1709 3944 in
1743 3892 1891 3945 Actis
1920 3894 2152 3961 Cplitani

578 3964 900 4017 Arianorum
930 3963 1139 4017 concilii
1179 3963 1501 4026 appellatur.
1529 3962 1675 4015 Sane
1718 3962 1859 4031 quod
1887 3965 2003 4019 eius
2038 3967 2157 4022 heia

580 4045 778 4087 nomen
823 4034 1192 4101 supprimitur,
1223 4046 1327 4084 non
1368 4033 1499 4084 satis
1545 4047 1749 4085 caussa»
1776 4043 1890 4086 erat
1924 4031 2153 4101 Valesio,

578 4112 636 4155 ut
666 4114 969 4171 suspectam
1001 4104 1137 4155 hanc
1163 4101 1381 4155 haberet
1422 4112 1475 4154 et
1514 4103 1874 4157 narrationem
1914 4115 1966 4158 et
1998 4106 2154 4163 fidem

577 4172 776 4227 liulini.
1538 4176 1539 4179 “

649 4248 677 4280 ι
708 4241 858 4314 Idem
889 4241 1077 4309 e/fecit.
1122 4241 1241 4295 Mox
1273 4250 1410 4294 unus
1441 4237 1573 4309 Reg.
1608 4241 1784 4300 Vatic.
1832 4246 1950 4314 plus
1995 4246 2155 4306 habet

577 4330 611 4366 α
637 4314 797 4379 fratre
819 4310 1174 4366 Constantino.

651 4383 679 4423 δ
712 4383 939 4437 Rursum
966 4383 1124 4437 iidem
1154 4394 1218 4434 ea:
1246 4380 1378 4446 luce,
1408 4380 1571 4434 tacito
1593 4380 1689 4436 hac
1713 4388 2046 4451 pronomine.

650 4453 1061 4521 canarnerian.
1127 4453 1366 4521 rigorem.
1426 4452 1633 4521 _Confer
1701 4457 1877 4510 denuo
1939 4458 2152 4517 Socrat.

575 4536 734 4592 capp.
762 4520 853 4575 25.
885 4532 938 4592 et
965 4536 1081 4589 seq.
1108 4531 1161 4573 et
1178 4519 1242 4575 'iu
1274 4536 1390 4589 cap.
1424 4519 1515 4575 57.
1541 4523 1730 4578 Valesii
1761 4537 1936 4583 notas.

649 4590 676 4667 ξι
708 4590 1191 4667 Bononiens._ejus
1235 4606 1528 4667 pronomen
1585 4603 1765 4667 tacet:
1799 4613 1919 4667 qua:
1972 4612 2148 4658 autem

575 4665 975 4731 subsequuntur
1016 4660 1309 4741 _Ale.r_andri
1337 4660 1829 4741 accommodaretur,
1856 4671 1926 4723 ita
1955 4686 2150 4741 repra-

576 4730 774 4795 sentat,
803 4735 859 4782 ut
889 4730 1057 4794 magis
1081 4731 1316 4785 referant
1358 4735 1687 4789 Atexandriw
1712 4730 2145 4799 conimodarétur.

576 4804 646 4881 βε
669 4816 814 4880 sane.
844 4802 1252 4881 contritodaretur
1283 4818 1375 4869 pro
1419 4808 1889 4881 accommodaretur
1936 4815 2151 4881 prmten

574 4873 692 4939 ipse
746 4872 928 4948 etiam
963 4869 1313 4948 Guarnertan.
1348 4889 1449 4927 ms.
1483 4877 1615 4929 'l‘um
1667 4893 1793 4932 vero
1839 4881 1889 4933 in
1935 4869 2145 4948 promtu

576 4952 718 5027 9.5591
750 4940 826 5008 (si
866 4940 1206 5027 Alexandria',
1245 4944 1479 5027 inquam,
1513 4961 1607 5014 pro
1648 4940 1946 5004 Alexandri
1971 4955 2148 5027 legas)

574 5012 827 5064 Rufinum
859 5010 927 5061 ab
969 5010 1379 5089 anacltronislnu
1412 5010 1658 5089 liberare,
1687 5035 1843 5087 quem
1892 5010 2144 5089 gravissi:

575 5092 719 5161 mum
759 5094 978 5159 peccare
1008 5082 1236 5161 videtur.
1269 5085 1380 5161 Etsi
1412 5088 1573 5161 enim,
1605 5082 1718 5143 non'
1739 5099 1794 5142 ut
1824 5082 1979 5161 vulgo
2018 5111 2138 5148 eru-

574 5151 667 5228 diti
695 5152 931 5228 sentiunt
955 5166 1096 5228 anno
1121 5152 1247 5228 52b.
1282 5158 1373 5209 sed
1423 5158 1639 5211 biennio
1680 5169 1817 5228 post,
1861 5151 1973 5216 siie
2001 5180 2143 5222 anno

571 5223 785 5275 demunt
817 5220 938 5272 523.
973 5222 1277 5279 Alexandro
1318 5220 1749 5281 Athanasium-in
1783 5220 2139 5291 Alexandrina

569 5291 822 5367 cathedra
865 5296 1189 5367 successisse
1227 5298 1596 5367 existimamus
1629 5298 1824 5367 (idque
1854 5316 1916 5353 ex
1961 5313 2139 5362 vetere

569 5362 805 5417 llisuiria
833 5364 1083 5429 acephala
1109 5380 1277 5434 nuper
1307 5366 1446 5421 edita
1471 5362 2131 5433 Tom.'lll.'0hservation.

568 5434 798 5488 Literar.
819 5435 1149 5504 cotligimus,
1181 5451 1287 5504 quo
1318 5438 1436 5490 loco
1464 5439 1677 5499 dicitur,
1705 5438 1986 5495 Consulatu
2015 5446 2141 5501 Gra-

568 5505 697 5558 tiani
726 5515 769 5557 et
801 5502 1025 5573 Daglai/i
1064 5502 1218 5569 usque
1251 5508 1317 5559 ad
1352 5516 1639 5573 sequentem
1689 5507 1924 5573 Lupicini
1961 5526 2007 5567 et
2046 5516 2141 5569 Jo-

567 5576 668 5648 pini
720 5577 1059 5648 consulatum“
1088 5584 1132 5627 et
1182 5575 1438 5648 Valentis
1470 5579 1694 5630 secundo
1754 5580 1925 5648 Payni
1974 5585 2136 5643 XIV.

569 5643 741 5715 [Junii
786 5643 873 5713 8.]
919 5645 971 5696 in
1020 5644 1300 5715 Consulatu
1347 5646 1596 5711 liniuntur
1629 5643 1969 5705 At/tanaSiani
2018 5655 2137 5711 XL.

567 5714 707 5781 quod
730 5724 810 5768 est
834 5728 953 5766 cum
969 5715 1165 5767 Christi
1195 5714 1316 5767 568.
1334 5716 1770 5783 quadragesimus
1791 5722 2137 5780 Athanasiani

570 5784 920 5854 Episcopatus
966 5786 1269 5855 concurrit)
1302 5786 1643 5842 nihilosecius
1672 5801 1794 5845 cum
1828 5793 1904 5865 de
1947 5799 2138 5854 exsilio

2257 3284 2540 3355 quiescere
2577 3284 2908 3353 sacerdotes,
2942 3286 3015 3341 uti
3044 3297 3285 3358 cogeret,
3314 3289 3656 3359 persuadere.

2844 3424 3073 3484 CAPUT
3114 3427 3229 3484 XII.

2367 3558 2445 3612 De
2471 3558 2777 3629 Alexandri,
2812 3569 2861 3616 et
2898 3560 3125 3629 Eusebii,
3157 3573 3311 3632 atque
3331 3565 3444 3619 Arii
3466 3565 3732 3634 conﬂictu.

2333 3679 2409 3736 Ea
2439 3690 2755 3753 tempestate
2793 3684 2931 3756 apud
2958 3683 3334 3742 Alexandriam
3375 3686 3700 3757 Alexander,
3730 3691 3759 3724 α
3785 3694 3837 3744 Ill

2260 3836 2636 3911 Alexandriam
2673 3839 2833 3894 Arius
2882 3842 3165 3909 remeavit,
3208 3842 3318 3911 jam
3365 3859 3470 3898 non
3513 3843 3837 3909 Alexander;

2259 3908 2353 3983 sed
2385 3910 2711 3983 Athanasius
2746 3910 3039 3983 Ecclesiam
3069 3908 3307 3983 regebat.
3342 3916 3525 3982 Itaque
3565 3916 3711 3969 salva
3751 3908 3839 3969 res

2259 3979 2470 4054 eritpsi
2498 3995 2789 4054 suppresso
2827 3982 3075 4054 Episcopi
3124 3979 3363 4051 nomine,
3397 3979 3647 4054 reponas,
3699 3985 3836 4054 haud

2258 4049 2503 4116 equidem
2546 4052 2723 4105 IIIVIIIS
2756 4066 2857 4106 ms.
2892 4049 3243 4109 Alexandriae.
3275 4049 3523 4112 Dicemus
3552 4049 3651 4109 bac
3680 4053 3749 4111 de
3780 4072 3837 4111 re

2260 4118 2452 4173 iterum
2481 4120 2699 4175 inferius
2727 4120 2919 4174 notah.
3838 4130 3846 4141 '

2331 4198 2356 4263 ξ
2388 4188 2445 4263 _lt_t
2476 4189 2830 4246 Guarnerian.
2863 4207 2963 4247 ms.
2995 4206 3146 4263 quam
3178 4210 3384 4249 rursum
3410 4210 3623 4261 movere,
3656 4203 3764 4250 etc.

2334 4255 2354 4297 ¹
2387 4260 2532 4333 Idem
2561 4276 2679 4315 cum
2724 4255 3049 4333 Bononiensi
3092 4267 3349 4319 tricesimo
3394 4274 3439 4319 et
3488 4255 3698 4333 primo:
3726 4277 3835 4321 tum

2258 4330 2393 4405 diem
2415 4330 2689 4405 defunctus
2712 4341 2806 4386 est.
2836 4332 3093 4405 Eusebius
3119 4337 3169 4388 in
3205 4336 3322 4390 Vita
3353 4337 3443 4390 lib.
3476 4330 3563 4389 IV.
3591 4349 3711 4405 cap.
3742 4336 3833 4393 εδδ

2259 4398 2495 4477 Imperii,
2527 4401 2725 4477 inquit,
2764 4404 3074 4477 curriculum
3099 4405 3300 4477 duobus
3329 4418 3375 4459 et
3420 4408 3630 4477 triginta
3659 4398 3835 4462 'annis

2262 4472 3056 4554 explevit,_exceptisftensibus,
3070 4484 3117 4529 et
3148 4476 3324 4531 diebus
3353 4472 3548 4544 paucis,
3575 4485 3682 4533 etc.
3707 4480 3836 4535 Vide

2179 4564 2232 4632 υ
2265 4556 2360 4632 no:~
2384 4540 2729 4632 i‘t‘thhronico
2754 4542 3186 4632 Ilieronytttiarto.

2331 4619 2357 4658 Β
2389 4612 2525 4666 Olim
2556 4612 2709 4678 editi,
2742 4624 2798 4667 ut
2827 4628 2875 4669 et
2910 4612 3267 4670 Gnarnetian.
3299 4628 3400 4671 ms.
3440 4619 3686 4673 restituite
3727 4628 3833 4674 uno

2255 4682 2422 4737 verbo
2453 4698 2549 4748 pro
2585 4700 2663 4737 res
2693 4695 2833 4737 tutae.
2866 4686 2993 4738 Mss.
3027 4687 3114 4740 alii
3146 4690 3456 4742 emendant.
3490 4690 3623 4743 Tum
3663 4691 3831 4744 nostri

2255 4767 2485 4825 mansere
2553 4768 2653 4822 pro
2703 4770 3006 4809 remamcre.
3068 4756 3230 4811 Paulo
3287 4767 3407 4825 post
3475 4758 3831 4815 Bononiensis

2260 4823 2429 4876 ferme
2459 4827 2656 4877 rectius
2687 4824 2978 4890 imperitare
3010 4829 3217 4896 functis
3259 4823 3355 4895 pro
3385 4829 3657 4896 imperare,
3700 4841 3830 4895 etin,

2259 4901 2368 4969 tum
2402 4908 2599 4969 semper
2621 4909 2717 4969 pro
2745 4896 2859 4969 sibi,
2885 4894 3026 4969 quod
3056 4894 3496 4969 primoeccutrit.
3527 4900 3580 4953 In
3611 4894 3832 4969 sequen-

2257 4963 2394 5041 tibus
2423 4962 2775 5041 Cuarttetiztn.
2805 4962 3038 5041 deriucto
3058 4962 3164 5020 sibi
3204 4966 3536 5038 Imperatori,
3566 4962 3728 5041 atque
3779 4971 3831 5025 id

2253 5031 2425 5105 ferme
2457 5036 2652 5087 rectius
2683 5052 2778 5105 pro
2810 5035 3149 5105 Imperatore.

2324 5099 2351 5138 ¹¹
2382 5099 2696 5179 υηιιεμςςξξ
2722 5099 2904 5179 vatio;
2941 5109 3078 5179 apud
3109 5106 3505 5179 Jeroson-nam.
3556 5108 3827 5166 Caeterum

2249 5172 2587 5251 quantumvis
2612 5172 2726 5230 huic
2753 5178 2877 5251 late,
2910 5172 3296 5251 ut'ACacciarius
3313 5172 3526 5244 inonet,
3567 5184 3827 5251 accipias,

2247 5243 2675 5323 quandoquidem
2709 5246 2997 5323 Alexandri
3014 5250 3358 5323 temporibus
3390 5243 3831 5323 illiganturfquai'

2244 5314 2428 5365 solidis
2475 5318 2542 5366 ab
2569 5318 2685 5381 e‘jus
2714 5317 2861 5370 obitu
2902 5318 3078 5381 annis,
3117 5328 3171 5371 et
3198 5322 3297 5373 sub
3324 5314 3623 5376 Athanasio
3655 5314 3829 5378 contia

2242 5391 2455 5459 gerunt,
2489 5398 2687 5459 magno
2716 5386 2961 5459 lluﬁnum
2994 5390 3402 5443 anachronismo
3448 5393 3714 5459 laborare,
3751 5395 3830 5447 fa-

2247 5456 2600 5533 tendumﬂeSt.
2635 5456 2797 5524 quue
2837 5457 3028 5533 mirum
3072 5461 3260 5533 magis,
3294 5464 3435 5533 quod
3489 5464 3557 5517 ab
3606 5462 3673 5517 iis
3701 5456 3827 5533 ipse

2246 5524 2595 5599 temporibus
2623 5535 2727 5599 tam
2762 5531 3001 5594 proxime
3048 5524 3259 5599 aberat,
3290 5524 3345 5582 ut
3376 5532 3550 5599 ipsum
3585 5524 3826 5587 Albanae

2243 5593 2401 5655 simu,
2431 5603 2486 5646 et
2512 5598 2598 5663 qui
2633 5597 2779 5651 hisce
2807 5601 2963 5650 rebus
2992 5598 3348 5655 interfuerunt
3379 5593 3574 5657 inultos
3600 5621 3826 5661 noStere

2245 5664 2494 5745 potuerit,
2531 5666 2610 5718 vel
2632 5672 2800 5745 etiam
2834 5668 3061 5745 def-acie
3100 5672 3327 5745 noverit.
3361 5671 3465 5725 Sed
3498 5685 3615 5728 erat
3639 5679 3825 5745 utique

2243 5734 2369 5812 olim
2410 5734 2784 5814 Cltronologim
2831 5739 3042 5814 quidam
3094 5743 3254 5793 veluti
3295 5751 3624 5814 conterritus,
3660 5734 3822 5814 atque

2243 5800 2537 5873 ignoratio:
2570 5805 2625 5859 in
2674 5800 3032 5864 Alexandrina
3086 5820 3263 5865 autem
3314 5809 3559 5869 Ecclesia
3610 5800 3820 5879 'Aria'm,
