4166 6348
297 311 407 371 485

295 519 460 590 polim
507 530 661 584 teque
709 510 1058 571 Alexander,
1108 518 1166 563 ut
1220 525 1283 563 ex
1334 507 1615 567 Athanasii
1664 506 1882 573 scriptis

293 608 679 678 comperimus,
732 601 1034 658 sacerdotio
1066 600 1444 670 fungebantur.
1476 596 1583 651 Sed
1618 596 1886 650 EttSeDUS

296 704 389 775 qui
441 699 584 770 apud
634 696 1000 754 Nicomediam
1048 703 1186 758 erat,
1230 693 1298 747 de
1342 691 1498 761 cujus
1546 689 1887 743 simulatione

481 794 536 847 iu
564 788 954 848 subscribendo
986 800 1147 855 supra
1195 784 1452 849 diximus,
1484 783 1718 851 amplam
1754 791 1888 837 tem-

299 890 445 957 poris
485 891 675 938 nactus
705 879 1069 943 occasionem,
1111 885 1165 931 et
1208 874 1441 942 Principi
1480 887 1574 942 per
1605 873 1886 943 presbyte-

299 992 419 1033 rum
451 973 735 1029 familiaris
786 970 1027 1033 effectus,
1071 967 1351 1022 revolvere
1397 962 1599 1020 omnia.
1637 973 1799 1029 atque
1837 963 1888 1016 in

300 1068 510 1125 irritum
544 1076 802 1119 revocare
828 1057 1051 1114 Concilii
1102 1065 1254 1128 gesta
1285 1055 1526 1109 molitur.
1560 1056 1744 1106 Arium
1798 1066 1891 1107 ne-

300 1158 585 1233 quicquam
611 1154 753 1224 apud
784 1152 1160 1209 Alexandriam
1197 1153 1625 1204 commorantetn
1658 1147 1841 1200 Venire
1863 1150 1890 1182 ³

301 1249 447 1313 facit,
482 1256 538 1303 et
566 1244 938 1317 lmperialibus
970 1243 1157 1296 edictis
1199 1240 1490 1296 Concilium
1545 1239 1723 1295 denuo
1754 1238 1893 1293 Con-

304 1338 713 1407 stantinopobm
744 1334 1050 1390 convocari.
1066 1334 1181 1401 Quo
1198 1347 1300 1387 con
1311 1347 1510 1387 venere
1529 1333 1600 1386 illi
1636 1332 1887 1398 maxime,

303 1434 394 1503 qui
449 1431 636 1487 Arium
685 1440 846 1499 atque
896 1427 1185 1481 Eusebium
1251 1427 1641 1490 sectabantur,
1692 1425 1889 1495 quique

304 1542 449 1597 stepe
487 1540 610 1580 cum
653 1522 960 1579 Alexandro
1004 1520 1304 1590 congressi,
1338 1529 1391 1573 ttt
1424 1520 1609 1573 Arium
1649 1520 1891 1587 suscipe-

304 1627 407 1682 ret,
457 1631 557 1671 nec
607 1626 782 1669 tamen
836 1611 1037 1681 aliquid
1069 1608 1096 1648 δ
1128 1610 1508 1680 profligantes,
1561 1610 1628 1664 ab
1682 1608 1893 1677 injuriis

306 1707 521 1775 quidem
570 1709 687 1775 ejus
734 1704 1128 1774 temperabant.
1162 1703 1241 1756 Ad
1279 1703 1521 1755 ultimum
1553 1709 1751 1755 certam
1781 1710 1801 1739 ε
1845 1701 1893 1754 ei

1195 292 1519 362 HISTORIA
1559 298 2127 358 ECCLESIASTtCA.
2173 299 2373 356 uasa
2416 288 2692 356 minus.

292 420 648 494 Jerosolymis
686 419 949 476 Maximus
994 414 1297 485 confessor,
1328 416 1472 483 apud
1502 413 1885 469 Constantino-
1913 416 1961 472 Α
1993 410 2100 465 lum
2151 411 2424 468 defluxere
2463 431 2476 467 :

3481 303 3586 362 εδδ

2522 415 2592 467 ita
2649 413 2741 467 tali
2806 413 2859 467 iu
2909 413 3026 468 loco
3077 413 3294 486 dignam
3350 427 3583 475 mortem

1996 500 2015 539 ί
2040 503 2365 573 blasphemas
2392 522 2454 562 ac
2480 506 2678 562 fetida:
2711 508 2904 562 mentis
2926 509 3177 563 exsolvit.
3209 509 3362 576 Quod
3392 523 3581 580 postea

1989 612 2149 662 quam
2185 598 2236 651 in
2267 600 2508 653 Ecclesia
2542 601 2850 654 nuntiatum
2877 610 2961 656 est
3005 601 3262 667 Eusebio,
3294 614 3456 673 atque
3497 606 3582 662 his

1990 691 2077 756 qui
2114 704 2214 742 una
2233 705 2417 745 secum
2442 704 2686 747 sanctum
2719 704 2772 749 et
2795 696 3135 753 innocentem
3160 698 3331 752 virum
3360 699 3586 755 Alexan-

1990 780 2146 833 drum
2169 782 2236 836 de
2260 784 2725 854 Ario'rccipiendo
2750 787 3065 857 fatigabant,
3091 790 3324 859 superati
3357 794 3581 859 pudore,

1991 878 2045 922 et
2090 871 2334 937 adaperti
2379 875 2701 931 confusione
2743 878 3053 933 discedunt.
3090 880 3239 935 Tunc
3283 883 3586 950 completus

1993 971 2073 1015 est
2103 976 2285 1017 sermo
2333 965 2399 1017 ad
2428 967 2650 1034 gloriam
2709 969 2942 1037 Domini,
2976 986 3135 1039 quem
3168 974 3477 1029 Alexander
3526 975 3579 1030 in

1994 1053 2238 1107 oratione
2288 1068 2383 1108 sua
2414 1057 2481 1110 ad
2517 1059 2681 1112 Deum
2716 1060 2820 1132 [ΑΙ.
2860 1062 3165 1134 Dominum]
3201 1065 3570 1132 proclamave-

1996 1152 2101 1208 rat,
2146 1145 2336 1200 dicens
2368 1163 2382 1201 ε
2417 1148 2630 1215 Judica,
2665 1151 2913 1219 Domine,
2947 1155 3087 1208 inter
3134 1170 3221 1210 me
3264 1165 3320 1210 et
3365 1157 3580 1211 Eusebii

1997 1240 2169 1292 minas
2192 1248 2357 1308 atque
2384 1241 2493 1295 Arii
2526 1252 2549 1288 ις
2577 1243 2705 1296 vim.
2731 1243 2836 1299 Sed
2871 1247 2983 1299 hzec
3012 1247 3077 1299 ad
3105 1262 3340 1314 praesens
3360 1248 3577 1317 quidem

1999 1330 2272 1399 paululum
2307 1333 2524 1400 pudoris
2557 1334 2809 1389 habuere.
2854 1338 3246 1393 Convenientes
3278 1353 3402 1392 vero
3439 1340 3581 1394 inter

1995 1435 2055 1475 se
2099 1421 2361 1489 haeretici,
2395 1424 2547 1479 veriti
2578 1440 2645 1478 ne
2692 1425 2830 1480 forte
2878 1429 2944 1492 si,
2983 1430 3119 1483 sit-ut
3150 1444 3235 1484 res
3275 1440 3426 1499 gesta
3473 1438 3575 1496 est,

1996 1512 2206 1582 integre
2256 1514 2321 1567 ad
2369 1514 2747 1584 imperatorem
2793 1517 3169 1573 Constantium
3219 1523 3577 1589 pervenisset,

1995 1620 2100 1657 non
2136 1605 2309 1658 solum
2341 1620 2371 1659 a
2404 1604 2627 1673 perﬁdia
2660 1620 2871 1668 eorum,
2902 1604 2930 1642 ιι
2958 1607 3008 1661 in
3039 1622 3141 1677 qua
3167 1610 3358 1665 callide
3401 1611 3576 1666 irreti-

1996 1706 2080 1751 tus
2113 1699 2411 1764 tenebatur,
2436 1700 2752 1754 abscederet
2784 1717 2797 1753 :
2830 1715 3014 1755 verum
3036 1710 3091 1756 et
3120 1694 3181 1754 in
3201 1710 3449 1756 auctores
3475 1703 3573 1757 tle-‘-

308 1798 450 1854 diem
493 1805 790 1852 statuentes
822 1794 1159 1856 denuntiant,
1206 1802 1261 1845 ut
1291 1802 1381 1845 aut
1414 1794 1528 1860 ipse
1561 1791 1742 1845 Arium
1773 1804 1891 1846 sus-
1926 1805 1973 1865 Β
1999 1788 2265 1855 ceptionis
2315 1804 2425 1843 sua:
2470 1793 2714 1845 severius
2742 1792 2938 1861 aliquid
2969 1808 3034 1846 ex
3073 1793 3217 1863 regia
3261 1793 3582 1850 auctoritate

309 1887 537 1959 ciperet,
592 1898 684 1941 aut
727 1887 771 1939 si
815 1886 1158 1950 reniteretur,
1190 1898 1250 1938 se
1296 1882 1537 1937 Ecclesia
1572 1883 1725 1951 pulso
1753 1891 1804 1936 et
1836 1881 1890 1934 iu

306 1979 523 2034 exilium
555 1975 726 2043 truso,
758 1976 826 2031 ab
849 1976 954 2030 alio
978 1991 1098 2030 eum
1128 1974 1525 2043 suscipiendum
1555 1974 1889 2029 sciret.Tum

307 2075 398 2130 ille
427 2082 581 2128 nocte
606 2070 725 2144 [ΑΙ.
758 2068 1034 2141 noctem},
1068 2084 1186 2138 quae
1213 2068 1277 2121 ad
1309 2068 1653 2122 constitutam
1697 2067 1894 2123 intere-

309 2165 576 2230 ratdiem,
610 2163 712 2217 sub
749 2163 906 2215 altari
934 2161 1140 2231 jac-ens,
1175 2169 1333 2231 atque
1365 2160 1419 2213 in
1456 2159 1699 2214 oratione
1728 2169 1781 2213 ct.
1812 2159 1891 2213 la-

308 2260 505 2333 crymis
536 2267 701 2314 t0tam
736 2258 1050 2327 pervigilem
1102 2255 1324 2319 ducens,
1360 2254 1615 2309 Ecclesia:
1647 2268 1891 2308 caussam

309 2352 536 2408 Domino
578 2347 1014 2406 commendabat.
1043 2344 1284 2415 Cumque
1329 2346 1414 2399 lux
1461 2344 1651 2399 fuisset
1682 2354 1891 2414 exorta,

312 2458 411 2499 nec
439 2451 615 2498 tamen
648 2440 715 2495 ab
744 2439 988 2493 oratione
1012 2436 1318 2491 Alexander
1340 2444 1600 2502 cessaret,
1635 2433 1894 2491 Eusebius

310 2546 431 2587 cum
466 2530 578 2587 suis
605 2528 855 2583 omnibus
895 2526 1041 2580 velut
1074 2524 1312 2580 haeretici
1360 2525 1481 2578 belli
1530 2524 1774 2595 signifer,
1800 2523 1895 2579 do~

311 2636 456 2680 mum
478 2623 588 2679 Arii
609 2621 900 2677 matutinus
922 2620 1183 2688 ascendit,
1209 2634 1441 2690 eumque
1465 2620 1729 2689 propere"1
1745 2620 1893 2688 sequi

310 2715 380 2771 ad
429 2714 727 2771 Ecclesmm
774 2715 947 2783 jubet,
1002 2720 1329 2781 protestatus
1387 2710 1527 2780 quod
1574 2709 1897 2776 Alexander,

313 2807 416 2864 nisi
433 2816 682 2883 praesens
703 2805 1098 2878 adquiesceret,
1130 2804 1392 2874 expulsus
1417 2803 1632 2859 cederet
1652 2804 1791 2859 loco.

914 2939 1145 2997 CAPUT
1185 2936 1321 2995 XIII.

724 3048 803 3108 Dc
832 3051 1079 3123 probroso
1107 3052 1218 3105 Arii
1241 3051 1470 3106 interitu.

1999 1881 2338 1948 decerneret,
2369 1895 2699 1951 componunt
2744 1883 2867 1957 [ΑΙ.
2902 1884 3139 1956 ponunt]
3176 1900 3271 1954 per
3302 1885 3581 1942 eunuchos

1995 1986 2129 2041 quos
2155 1974 2267 2043 jam
2297 1973 2312 2011 ί
2344 1976 2566 2044 perfidia
2614 1976 2870 2046 dt‘CepiOS
2919 1980 3189 2046 tenebant,
3224 1979 3299 2034 uti
3352 1979 3421 2034 de
3467 1979 3582 2036 Arii

1998 2073 2174 2119 morte
2238 2066 2532 2135 Imperator
2580 2083 2738 2137 quam
2790 2068 2903 2123 fieri
2952 2080 3133 2138 posset
3179 2070 3477 2139 composite
3526 2080 3585 2124 et

1997 2158 2355 2212 eomtnuniter
2403 2172 2674 2224 nosceret,
2708 2175 2882 2229 neque
2926 2162 3124 2231 aliquid
3153 2163 3296 2232 quod
3330 2162 3424 2216 Dei
3472 2163 3582 2217 vin-

1998 2248 2196 2303 dictam
2263 2249 2502 2306 indicare
2559 2252 2867 2319 videretur,
2926 2256 3155 2309 audiret.
3230 2255 3432 2322 Quibus
3503 2255 3577 2310 ita

1998 2344 2187 2414 gestis,
2218 2344 2287 2401 de
2322 2359 2511 2401 caussa
2559 2345 2685 2401 fidei
2726 2356 2784 2401 ut
2828 2358 3125 2416 cteperant,
3161 2356 3576 2420 prosequuntur;

2584 2477 2815 2533 CAPUT
2857 2479 3000 2534 XIV.

2328 2587 2404 2644 De
2430 2588 2705 2643 Athanasii
2740 2588 2985 2662 Episcopi
3012 2590 3296 2663 principiis.

2074 2706 2241 2776 Igitur
2298 2707 2440 2778 apud
2494 2708 2893 2775 Alexandriam,
2942 2710 3199 2767 defuncto
3250 2712 3589 2779 Alexandro,-

2004 2799 2330 2856 Athanasius
2364 2799 2379 2850 i
2421 2811 2734 2871 susceperat
2780 2804 2987 2857 sedem.
3016 2804 3169 2872 Quod
3218 2820 3346 2861 vero
3382 2804 3406 2843 ’ί
3445 2816 3591 2863 esset

2006 2891 2147 2946 idem
2194 2893 2275 2946 vir
2311 2893 2454 2947 acris
2498 2894 2717 2963 ingenii,
2745 2907 2798 2950 et
2839 2896 2893 2952 in
2932 2898 3315 2955 ecclesiasticis
3360 2901 3590 2970 negotiis

2007 2983 2248 3053 apprime
2278 2983 2531 3055 vigilans,
2561 2987 2697 3042 satis
2724 2987 2832 3056 jam
2865 2996 2989 3043 tunc
3017 2990 3287 3046 haereticis
3314 2990 3470 3063 241
3504 2992 3588 3047 in;

2008 3086 2276 3141 noluerat,
2316 3092 2440 3133 cum
2481 3078 2548 3133 ad
2587 3078 2888 3135 Concilium
2921 3078 2939 3117 ι
2971 3080 3245 3136 Νίςωηυιη
3287 3098 3408 3137 cum
3465 3083 3591 3153 Epid

385 3156 547 3239 igitur
576 3164 822 3221 omnium
843 3178 1051 3218 summa
1073 3164 1400 3233 expectatio,
1430 3179 1533 3235 quo
1550 3164 1633 3219 vel
1662 3164 1900 3222 Alexau-
1930 3181 1975 3244 ρ
2007 3181 2175 3237 scopo
2206 3182 2305 3222 suo
2344 3181 2475 3223 sene
2498 3170 2804 3223 Alexandro
2835 3179 3078 3239 venerat,
3106 3170 3259 3241 cujus
3292 3173 3590 3242 suggestioé

317 3256 393 3314 dri
426 3257 851 3331 perseverantia,
884 3257 964 3311 vel
996 3255 1208 3311 Eusebii
1256 3255 1479 3327 Ariique
1517 3258 1769 3314 instantia
1808 3258 1903 3315 de-

317 3350 562 3407 clinaret.
585 3349 832 3420 Cumque
861 3354 1181 3403 cunctorum
1210 3348 1374 3402 animi
1405 3358 1607 3414 essent,
1640 3358 1699 3403 ut
1730 3350 1783 3404 in
1812 3350 1903 3405 tali

319 3458 397 3509 re,
417 3450 440 3479 ο
471 3442 848 3512 expectatione
878 3439 1145 3508 suspensi,
1177 3440 1338 3494 Arius
1368 3440 1431 3493 ad
1462 3440 1751 3496 Ecclesium
1784 3458 1905 3512 per-

320 3548 468 3605 gens,
502 3532 886 3602 episcoporum
914 3540 972 3586 et
1005 3531 1321 3602 populorum
1366 3532 1664 3602 frequentia
1705 3534 1904 3589 consti-

320 3631 494 3698 patus‘,
520 3625 684 3698 240
715 3628 966 3681 humanze
1014 3625 1358 3679 necessitatis
1388 3640 1577 3680 caussa
1622 3627 1687 3681 ad
1733 3627 1907 3697 publi-

320 3737 438 3775 cum
469 3721 643 3775 locum
669 3720 920 3776 declinat.
956 3718 1054 3774 Ubi
1084 3719 1191 3792 [ΑΙ.
1229 3718 1324 3790 lbi]
1370 3734 1491 3774 cum
1539 3722 1779 3785 sederet,
1825 3723 1906 3777 in-

321 3812 513 3867 testina
548 3810 667 3881 ejus
694 3817 857 3880 atque
886 3810 1065 3863 omnia
1102 3809 1308 3865 viscera
1336 3814 1386 3864 in
1418 3826 1666 3866 secessus
1695 3812 1907 3868 cunicu-

320 3940 614 4009 Meletiani,
644 3941 843 4009 aliique
881 3939 1058 3993 omnia
1092 3939 1411 4002 miscebant,
1435 3950 1494 3995 ut
1525 3950 1666 3996 recte
1697 3943 1904 4007 singula

320 4015 387 4068 ad
441 4024 740 4081 temporum
792 4015 1050 4065 amussim
1102 4011 1334 4065 describi
1387 4028 1505 4080 quae
1552 4026 1699 4081 gesta
1757 4024 1903 4080 sunt,

322 4084 544 4139 difficile
573 4091 806 4151 possent.

401 4164 430 4192 ⁸
466 4149 782 4208 Bononiens.
826 4149 947 4219 fecit
973 4158 1027 4204 et
1058 4166 1179 4204 mox
1219 4152 1467 4205 revocari.
1507 4150 1699 4220 Pagius
1727 4153 1904 4217 docet,

325 4240 474 4279 anno
507 4220 631 4276 556.
670 4237 851 4280 mense
898 4223 1112 4276 circiter
1157 4222 1452 4276 Februario
1484 4234 1719 4277 coactam
1768 4224 1909 4279 hanc

321 4293 590 4364 synodum
620 4294 753 4364 Cpli,
787 4304 836 4348 et
880 4293 1255 4364 Athanasium,
1303 4307 1407 4347 non
1452 4291 1771 4360 Constantii,
1810 4296 1907 4351 sed

365 4362 860 4433 cnstantini'magui
883 4365 1034 4432 jussu
1069 4365 1117 4416 iu
1152 4362 1378 4417 Galliatu
1410 4365 1730 4432 relegatum.

390 4436 755 4502 ltCarrumpit
802 4434 1105 4489 Caeciarius
1159 4450 1317 4501 quem
1382 4448 1441 4488 se
1490 4434 1659 4504 jactat
1702 4445 1904 4491 textum

321 4508 662 4563 emendasse.
694 4506 1002 4560 Lectioncm
1050 4504 1262 4559 scilicet
1306 4505 1461 4559 unice
1506 4521 1688 4560 veram
1720 4509 1906 4575 proﬂi-

321 4557 1121 4649 asininis;ausurae;
1151 4557 1472 4649 cipias-ique
1498 4557 1685 4631 suis
1710 4557 1904 4644 quibus
1935 4557 1987 4616 Ι)

324 4646 451 4704 usus
476 4646 590 4717 ipse
615 4658 716 4707 est.
747 4646 975 4714 denique
996 4647 1192 4715 vulgati
1223 4661 1411 4717 omnes
1444 4650 1751 4712 praeferunt,
1775 4664 1893 4702 tuu-

322 4729 399 4775 tat
427 4721 480 4774 in
502 4716 831 4784 proﬁcientes
881 4732 942 4772 ex
988 4720 1196 4770 duobus
1226 4716 1511 4781 Vaticanis,
1544 4733 1680 4787 quos
1709 4726 1762 4771 et
1791 4733 1904 4773 ma-

323 4806 451 4845 num
498 4791 647 4845 scioli
703 4789 1021 4859 interpolato
1054 4787 1098 4840 is
1138 4787 1300 4841 f'ui~se
1335 4802 1638 4859 perpessos,
1694 4790 1903 4856 perspi-

322 4876 482 4915 cuum
531 4867 632 4913 est.
680 4857 939 4913 Nimirum
994 4860 1270 4928 proﬂigare
1301 4857 1352 4911 id
1383 4870 1561 4925 sonat,
1602 4860 1741 4927 qulld
1793 4859 1902 4913 Ru-

324 4933 463 4985 ﬁnus
510 4930 757 4994 intendit,
799 4941 853 4986 et
898 4929 1242 4984 Grammatici
1277 4938 1492 4995 norunt,
1536 4946 1648 4984 rent
1697 4930 1905 4986 scilicet

323 5018 482 5071 quam
516 5010 844 5063 tentaveras,
879 5000 1167 5069 perduCere
1194 4999 1259 5051 ad
1304 5000 1524 5056 exitum.
1559 5003 1902 5067 Con~equen—

325 5084 408 5127 ter
431 5073 574 5128 idem
603 5074 777 5126 editor
803 5083 858 5125 et
887 5087 1099 5125 sensum
1132 5079 1320 5131 mutat,
1352 5073 1550 5140 legens,
1582 5073 1763 5123 addita
1810 5088 1907 5125 ne-

324 5144 481 5213 gandi
504 5144 786 5211 particula,
812 5159 876 5196 ne
897 5143 957 5193 ab
983 5143 1186 5213 injuriis
1212 5142 1437 5213 quidem,
1455 5144 1659 5195 etc.cui
1694 5142 1902 5196 lectioni

326 5217 618 5269 eorundem
650 5216 927 5276 librorum,
953 5212 1087 5281 ques
1110 5212 1713 5280 Iaudavimus,omuiuni
1746 5213 1905 5267 fidem

325 5298 759 5352 consensumque
792 5289 1133 5351 opponimus.

403 5366 427 5394 ε
459 5359 511 5408 lu
545 5355 868 5409 Bononien~i
902 5363 1152 5407 certamen
1184 5362 1230 5406 et
1259 5354 1391 5407 diem
1408 5363 1704 5421 statuentes,
1728 5363 1832 5407 etc.

397 5425 424 5463 ἀ
460 5426 732 5479 lutetserit
786 5422 1136 5479 Guarneriau.
1188 5439 1288 5477 ms.
1337 5440 1389 5477 se
1441 5430 1681 5483 voculdm
1711 5448 1724 5483 :
1753 5426 1908 5491 idest,

330 5513 547 5567 propere
560 5512 612 5549 se
635 5496 798 5561 sequi.

402 5565 603 5621 te‘ldt-tn
658 5567 773 5634 plus
819 5565 1001 5630 habet,
1044 5574 1099 5617 ut
1143 5565 1195 5617 in
1244 5566 1336 5619 tali
1381 5581 1436 5618 re
1479 5566 1627 5635 solet,
1678 5576 1915 5635 expecta-

331 5639 481 5703 tione,
513 5647 616 5692 etc.

370 5705 377 5709 “
404 5706 425 5748 ί
464 5711 647 5763 Denuo
676 5707 837 5771 idem,
863 5706 1048 5774 jnucto
1079 5706 1239 5762 etiam
1291 5705 1641 5773 Bononiensi,
1674 5706 1912 5775 blasphe-

256 5818 291 5855 .
333 5780 448 5835 suis
479 5795 498 5835 :
526 5781 656 5836 olun
698 5778 894 5848 vulgati
925 5777 1215 5847 blasphema
1243 5793 1303 5830 ac
1324 5779 1500 5845 [tetida
1541 5787 1729 5837 mente.
1759 5794 1910 5849 mque

2008 3263 2168 3320 nibus
2199 3263 2577 3319 brereticorum
2605 3263 2717 3319 doli
2757 3278 2821 3319 ac
2860 3262 3087 3320 fallacia:
3118 3266 3401 3334 vigilanter
3431 3266 3590 3321 dete-

2008 3356 2292 3426 gebantur.
2332 3355 2524 3411 Statim
2566 3370 2698 3427 ergo
2734 3364 2791 3411 ut
2842 3371 2965 3411 eum
3018 3357 3330 3427 episc0pum
3386 3356 3589 3413 factum

2006 3457 2375 3518 cOgnoverunt
2404 3449 2512 3524 [ΑΙ.
2539 3448 2957 3522 cognoverant],
2989 3452 3089 3506 rati
3118 3454 3169 3508 id
3212 3454 3357 3522 quod
3398 3468 3486 3509 res
3513 3453 3591 3509 in-

2007 3541 2256 3611 dicabat,
2292 3558 2387 3598 sua
2434 3545 2647 3615 negotia
2692 3559 2788 3615 per
2832 3545 2975 3601 illius
3019 3546 3437 3603 sollicitudinem
3482 3562 3591 3602 non

2009 3636 2165 3693 facile
2198 3651 2537 3708 processura,
2566 3638 2819 3695 omnibus
2850 3638 3021 3694 modis
3046 3654 3296 3710 quaerere
3332 3640 3593 3697 adversus

2008 3744 2132 3784 eum
2181 3732 2459 3788 machinas
2501 3732 2878 3803 deceptionum
2931 3733 3211 3801 parabant.
3240 3733 3437 3789 Verum
3486 3750 3593 3791 non

2010 3824 2139 3877 mihi
2184 3824 2388 3895 absque
2436 3823 2627 3879 ordine
2674 3824 2906 3894 videtur,
2954 3839 3120 3894 pauca
3167 3823 3234 3880 de
3284 3824 3444 3895 hujus
3494 3827 3594 3882 viri

2008 3958 2166 4013 bene.
2196 3959 2255 4016 S.
2283 3959 2573 4029 Gregorius
2605 3960 2940 4015 Turonensis
2977 3959 3115 4013 Hist.
3144 3958 3334 4014 Franc.
3372 3959 3463 4012 lib.
3500 3959 3594 4015 IX.

2008 4030 2414 4097 eap.15.bunc
2463 4031 2563 4085 sub
2597 4031 2809 4086 Eusebii
2854 4032 3069 4082 nomine
3119 4030 3293 4083 locum
3346 4030 3591 4097 laudans,-

2008 4100 2184 4163 Arius,
2206 4101 2392 4169 inquit,
2418 4118 2573 4185 queui
2585 4103 2857 4172 projecisse
2886 4103 2938 4154 in
2960 4116 3156 4153 secessu
3181 4107 3316 4165 exta,
3344 4098 3387 4151 Η
3396 4101 3595 4154 istorio-

2010 4174 2237 4240 graphus
2273 4172 2500 4224 narravit
2526 4171 2795 4226 Eusebius.

2031 4308 2052 4310 ῃ
2094 4248 2119 4286 8
2153 4240 2506 4293 Bononiensis
2552 4252 2702 4310 atque
2748 4240 2929 4293 Arium
2985 4254 3081 4307 pro
3133 4238 3246 4291 Arii
3295 4238 3415 4292 vim.
3471 4237 3595 4292 Mox

2014 4308 2372 4380 Guaruerian.
2405 4311 2448 4363 si
2476 4322 2530 4365 ut
2555 4308 2630 4365 res
2654 4321 2812 4380 gesta,
2844 4320 2948 4364 etc.

2082 4377 2108 4417 ιι
2144 4380 2216 4433 Ita
2240 4389 2296 4434 et
2325 4381 2570 4436 Barraeus
2620 4376 2822 4446 habet:
2860 4380 3167 4446 falliturque
3211 4378 3347 4433 adeo
3376 4376 3600 4430 Caccia-

2011 4451 2145 4517 rius,
2182 4453 2267 4518 qui
2294 4452 2531 4520 vulgatos
2555 4453 2631 4505 ait
2657 4444 2818 4507 libros
2846 4454 2899 4503 in
2931 4444 3241 4519 particulam
3267 4449 3448 4504 delere
3470 4462 3602 4502 cond

2014 4531 2094 4574 tra
2126 4535 2258 4575 mss.
2288 4520 2468 4575 ﬁdem.

2091 4590 2107 4629 ί
2136 4592 2295 4645 Addit
2324 4591 2490 4645 codex
2518 4597 2736 4655 uterque
2759 4590 2813 4643 in
2844 4591 3112 4652 voculam,
3136 4591 3249 4658 jam
3277 4589 3332 4643 in
3358 4590 3599 4657 perﬁdia.

2014 4662 2135 4718 Mox
2177 4663 2527 4717 Bononiensis
2554 4676 2666 4710 cum
2698 4661 2833 4729 fieri,
2869 4676 2966 4728 pro
2996 4678 3169 4729 quant,
3205 4678 3235 4716 e
3260 4679 3309 4716 c.
3359 4662 3599 4730 Denique

2012 4739 2153 4790 male
2197 4735 2303 4805 duo
2336 4734 2506 4805 vatio.
2551 4730 2689 4799 apud
2744 4730 3076 4789 Cacciarium
3111 4735 3227 4805 jam
3270 4732 3468 4803 aliquid
3497 4749 3599 4803 pro

2017 4821 2179 4872 neque
2210 4804 2425 4871 aliquid.

2089 4875 2105 4927 i
2145 4872 2582 4929 Diximus-videri
2606 4872 2951 4929 Athanasium
2979 4890 3122 4931 anno
3150 4875 3277 4931 528.
3308 4875 3597 4932 suffectum

2014 4946 2317 5002 Alexandro
2351 4945 2402 4998 in
2437 4944 2690 4999 Ecclesia:
2718 4948 3094 5017 Alexandrinae
3126 4948 3402 5017 regimine,
3435 4964 3600 5003 secus

2014 5028 2173 5085 atque
2219 5018 2309 5070 alii
2359 5017 2626 5080 sentiunt,
2673 5018 2761 5086 qui
2812 5018 2878 5071 ad
2926 5016 3051 5073 516.
3095 5016 3349 5073 referunt.
3398 5019 3597 5073 Ret-oe

2012 5104 2170 5156 quem
2202 5088 2479 5141 laudamus
2507 5087 2678 5141 locum
2706 5102 2769 5141 ex
2796 5088 3015 5142 historia
3053 5090 3310 5157 acephala
3345 5092 3598 5157 superius

2014 5160 2149 5229 (lutj.
2168 5158 2249 5213 ed.
2272 5158 2371 5211 col.
2391 5158 2523 5229 485,
2541 5166 2648 5211 not.
2670 5159 2747 5227 d).
2774 5158 2977 5224 Quibus
3004 5161 3116 5213 lia-c
3144 5161 3282 5214 adde
3304 5162 3485 5229 multo
3508 5160 3591 5210 lus

2014 5227 2310 5283 culetttiora
2339 5230 2439 5283 sub
2466 5228 2704 5297 ejusdem
2732 5231 3043 5298 paragraphi
3068 5230 3226 5284 finem
3254 5248 3266 5280 ε
3291 5227 3451 5281 Fiunt
3474 5240 3600 5298 erga

2016 5298 2358 5367 Episcopatus
2371 5301 2658 5365 Athanasii,
2677 5309 2730 5352 ut
2748 5303 2985 5367 praedixi,
3001 5317 3156 5366 usque
3171 5303 3239 5351 ad
3258 5299 3599 5367 Consulatum

2023 5365 2372 5441 Valentiniani
2390 5380 2436 5423 et
2462 5369 2686 5424 Valentis
2704 5365 2813 5441 (an.
2834 5368 2984 5435 568.)
3010 5365 3179 5438 Payni
3202 5369 3224 5420 Ι
3246 5368 3305 5420 ν.
3327 5367 3493 5441 (Junii
3511 5365 3598 5436 8.)

2019 5445 2140 5495 anni
2170 5440 2286 5495 XL.
2319 5443 2562 5495 ltecurrit
2591 5435 2767 5511 itaque
2795 5441 3020 5493 Rufinus
3048 5435 3112 5493 ad
3139 5435 3345 5511 priora,
3364 5435 3577 5490 scrienr

2018 5528 2121 5581 que
2150 5513 2404 5579 temporis
2435 5508 2755 5575 intermittit,
2789 5523 2880 5563 aut
2904 5513 3077 5577 potius
3100 5508 3407 5561 conturbat.

2089 5582 2114 5620 κ
2151 5582 2397 5637 lteticent
2425 5584 2560 5635 idem
2589 5582 2782 5649 vulgati
2814 5580 2932 5634 libri
2956 5578 3196 5648 plerique
3219 5592 3403 5649 omnes

2357 5601 2397 5635 ιι
2425 5601 2560 5635 taem
2589 5601 2782 5635 νυιιωιι
2814 5601 2932 5634 ΙΙυιἸ
2956 5601 3196 5635 νιεῐιηωτ
3219 5601 3426 5630 01111165.

2094 5650 2113 5691 1
2146 5654 2275 5708 Mss.
2308 5652 2479 5706 uestri
2536 5647 2770 5706 Nica'am
2820 5647 3148 5718 praeferunt:
3192 5663 3315 5702 mox
3346 5647 3589 5703 Coactusb

2018 5725 2156 5783 rian.
2189 5724 2505 5796 uigilanter.
