4166 6348
562 315 670 377 ιδἹ

1606 318 1837 375 ηυιτιδι
1881 304 2358 383 ΑΟΕΙΙΕΙΕΝΞΙΞ
2401 304 2832 371 PRESBYTER!

3735 317 3845 375 ιδδ

567 434 775 503 origine
804 445 966 503 supra
1013 442 1284 501 repetere,
1318 441 1372 486 et
1401 432 1554 501 cujus
1584 448 1610 483 a
1639 445 1805 500 puero
1852 430 2147 484 institutio-
2178 434 2226 493 Α
2260 430 2389 484 illud
2442 430 2798 487 conservabat
2842 427 3135 496 eloquium,
3192 427 3378 483 dicens
3410 447 3423 484 :
3455 429 3516 485 Si
3559 432 3847 489 consistant

568 527 653 579 nis
675 526 854 592 fuerit,
877 528 1031 580 sicuti
1059 528 1125 577 ab
1154 525 1236 579 his
1262 526 1350 593 qui
1382 540 1502 577 cum
1530 524 1645 593 ipso
1667 525 1827 577 vitam
1861 524 2145 589 duxerant,

566 620 896 687 accepimus,
928 632 1253 671 memorare.
1287 616 1551 683 Tempore
1596 628 1704 683 quo
1753 616 1891 684 apud
1920 615 2150 668 Alexan-

566 712 739 766 driam
802 711 943 764 i’etri
1002 710 1251 780 martyris
1298 709 1451 762 diem.
1493 707 1797 761 Alexander
1854 708 2150 775 Episcopus

568 806 779 874 agebat.
805 818 923 858 cum
960 815 1073 871 post
1099 804 1310 869 expleta
1341 802 1602 856 solemnia
1641 810 1667 836 α
1691 784 2055 855 (πυήνεὶηιιτυε
2082 799 2147 852 ad

568 896 875 950 convivium
919 911 1070 949 suum
1120 894 1347 949 clericos
1378 904 1738 964 exspectaret,
1773 895 1824 947 in
1872 894 1991 948 loco
2016 892 2150 947 mari

568 990 766 1053 vicino,
797 988 940 1042 videt
990 988 1200 1041 eminus
1249 1002 1538 1057 puerorum
1588 1002 1750 1055 supra
1799 1001 1947 1039 oram
1990 986 2151 1040 maris

569 1082 753 1137 ludum
787 1080 1131 1145 imitantium,
1173 1092 1231 1135 ut
1276 1081 1389 1135 ﬁeri
1438 1081 1598 1142 solet,
1644 1081 1961 1148 Episcopum
1993 1087 2151 1149 atque

566 1190 627 1228 ea
656 1190 774 1244 qua:
806 1175 856 1229 in
885 1175 1136 1230 Ecclesiis
1166 1175 1279 1244 geri
1314 1190 1429 1227 mos
1449 1185 1548 1228 est.
1567 1174 1668 1228 Sed
1698 1189 1817 1229 cum
1841 1172 1869 1212 δ
1897 1173 2153 1229 intentius

565 1266 773 1320 diutine
798 1281 990 1332 pueros
1023 1268 1370 1335 inspectaret,
1398 1266 1544 1319 videt
1575 1267 1643 1318 ab
1672 1266 1755 1319 his
1777 1266 1886 1331 geri
1909 1265 2150 1335 quredam

566 1359 726 1410 etiam
759 1358 1049 1412 secretiora
1080 1370 1131 1413 et
1164 1360 1407 1429 mystica.
1446 1357 1794 1411 Perturbatus
1845 1357 2008 1420 illico,
2054 1365 2154 1411 vo-

565 1448 676 1502 cari
709 1448 775 1502 ad
807 1464 865 1503 se
894 1450 1122 1503 clericos
1148 1448 1324 1517 jubet,
1356 1458 1517 1518 atque
1539 1447 1616 1502 eis
1640 1448 1765 1515 quid
1796 1448 2006 1502 eminus
2038 1448 2153 1512 ipse

564 1539 800 1605 videret,
847 1541 1102 1595 ostendit.
1127 1540 1264 1594 Tum
1295 1541 1446 1595 abire
1490 1554 1604 1606 eos,
1637 1547 1691 1593 et
1734 1536 2152 1607 comprehensos

566 1629 633 1684 ad
684 1644 743 1684 se
788 1631 1081 1707 perducere
1134 1643 1325 1685 omnes
1376 1644 1568 1698 pueros
1618 1630 1863 1697 imperat.
1910 1627 2153 1699 Cumque

572 1722 846 1790 adessent,
879 1724 999 1792 quis
1030 1724 1108 1776 eis
1137 1722 1316 1787 ludus,
1348 1731 1400 1776 et
1430 1721 1556 1789 quid
1600 1722 1855 1790 egissent,
1885 1724 1968 1776 vel
2019 1737 2153 1788 «pto-

2253 524 2520 576 adversum
2542 539 2619 574 me
2645 534 2838 587 castra,
2867 536 2971 573 non
3013 521 3203 574 timebit
3236 537 3323 574 cor
3354 538 3520 576 meum
3548 538 3567 576 :
3597 524 3644 577 si
3671 526 3849 579 insur-

2252 626 2338 684 gat
2366 616 2416 667 in
2448 632 2523 667 me
2554 614 2808 680 prtrlium,
2834 613 2889 666 in
2922 613 3018 666 hoc
3042 629 3134 685 ego
3162 613 3377 681 sperabo
3413 613 3587 684 (Psal.
3620 615 3713 672 23.
3737 617 3842 686 3.).

2252 702 2449 757 Verum
2490 705 2743 771 quoniam
2803 710 2945 755 tanta
3005 716 3067 757 ac
3100 703 3219 756 talia
3268 706 3386 771 ejus
3413 713 3562 773 gesta
3593 715 3735 770 sunt,
3787 716 3847 761 ut

2259 798 2571 867 magnitudo
2596 796 2811 867 quidem
2854 802 3037 851 rerum
3068 797 3206 850 nihil
3236 811 3323 851 me
3351 798 3631 866 praeterire
3673 799 3845 868 patia-

2255 898 2340 945 tur
2373 908 2385 942 :
2419 889 2705 943 multitudo
2735 898 2758 925 ε
2789 898 2917 942 Vero
2959 896 3234 959 gestorum
3277 904 3438 959 quam
3474 890 3704 959 plurima
3750 907 3847 946 co-

2253 990 2341 1051 gat
2369 981 2649 1045 omittere,
2698 980 2935 1034 incertus
2982 988 3174 1034 :estuat
3214 981 3451 1047 animus,
3482 982 3608 1034 dum
3638 981 3847 1038 delibe-

2253 1084 2376 1127 rare
2429 1086 2537 1125 nou
2596 1070 2739 1125 valet
2769 1069 2895 1138 quid
2930 1079 3130 1135 teneat,
3178 1070 3306 1140 quid
3346 1071 3582 1125 omittat.
3615 1072 3679 1125 Et
3723 1071 3845 1127 ideo

2254 1176 2421 1235 pauca
2473 1178 2571 1215 nos
2620 1176 2741 1231 quae
2787 1162 2854 1215 ad
2903 1176 3016 1216 rem
3070 1162 3343 1232 pertinent
3397 1164 3840 1231 memorabimus,

2252 1257 2458 1327 reliqua
2491 1256 2608 1326 ejus
2640 1256 2779 1309 fama
2812 1255 3050 1311 narrabit
3090 1257 3210 1311 sine
3252 1255 3417 1311 dubio
3462 1258 3669 1311 minora
3709 1272 3842 1312 vero

2258 1349 2587 1404 nuntiatura.
2621 1346 2757 1404 Nam
2809 1348 2944 1404 nihil
2998 1348 3141 1419 quod
3194 1348 3394 1405 addere
3446 1351 3634 1420 possit,
3684 1350 3839 1405 iuve-

2255 1440 2386 1495 niet.
3370 1464 3371 1467 η

2852 1507 3081 1565 CAPUT
3121 1508 3239 1563 XV.

2536 1623 2612 1678 De
2636 1623 2961 1679 Constantini
2993 1624 3329 1693 Imperatoris
3358 1638 3553 1677 errore.

2328 1737 2492 1808 igitur
2562 1739 2650 1793 ubi
2712 1737 3058 1792 Constantius
3105 1737 3341 1792 Orientis
3405 1753 3628 1807 regnum
3692 1738 3843 1795 solus

573 1813 736 1866 modo
768 1822 1165 1880 percunctatur.
1200 1815 1303 1877 liii,
1336 1822 1391 1866 ut
1422 1812 1538 1866 talis
1567 1812 1726 1867 habet
1755 1822 1905 1877 artas,
1956 1811 2148 1880 pavidi,
2184 1799 2230 1859 Β
2259 1799 2485 1885 animi"
2507 1873 2520 1896 ν
2565 1832 2918 1887 consumma
2977 1832 3142 1886 fratre
3204 1848 3310 1886 non
3357 1799 3513 1901 longe
3562 1832 3630 1886 ab
3680 1832 3836 1901 Aqui.

573 1916 773 1973 negare
809 1906 1002 1971 primo,
1027 1904 1224 1958 deinde
1259 1918 1370 1957 rem
1393 1914 1595 1970 gestam
1622 1917 1717 1971 per
1747 1903 1989 1956 ordinem
2025 1918 2155 1969 pan-

567 1997 722 2061 dunt,
749 2005 801 2051 et
829 1997 1123 2065 baptizatos
1140 2012 1167 2049 a
1190 2010 1247 2050 se
1266 2006 1288 2033 ο
1306 2010 1426 2050 esse
1448 1994 1706 2063 quosdam
1735 1994 2153 2049 catechumenos

576 2089 903 2143 conﬁtentur
948 2104 1043 2157 per
1073 2088 1447 2150 Athanasium,
1477 2085 1565 2155 qui
1604 2085 1712 2139 ludi
1748 2085 1892 2138 illius
1938 2084 2153 2154 puerilis

563 2183 849 2252 episcopus
879 2181 1053 2235 fuerat
1078 2180 1532 2234 simulatus.'fum
1566 2178 1654 2232 ille
1673 2176 1958 2246 diligenter
1980 2176 2155 2245 inquit-

565 2288 691 2328 rens
715 2274 783 2327 ab
813 2272 897 2327 his
924 2273 1016 2342 qui
1044 2272 1296 2339 bapt'zati
1322 2268 1661 2335 dicebantur,
1686 2268 1813 2337 quid
1844 2267 2151 2338 interrogati

566 2366 786 2430 fuerint,
816 2366 1014 2434 quidve
1042 2363 1439 2432 responderint,
1476 2360 1634 2415 simul
1662 2361 1805 2415 etab
1841 2376 1906 2416 eo
1950 2364 2039 2430 qui
2074 2362 2154 2415 in-

514 2472 517 2475 ‘
566 2467 957 2528 terrogaverat.
997 2456 1095 2511 Ubi
1127 2457 1293 2522 videt,
1325 2456 1617 2510 secundum
1647 2456 1923 2525 religionis
1954 2465 2153 2511 nostra:

564 2554 728 2609 ritum
756 2563 948 2607 cuncta
985 2563 1261 2622 constare,
1292 2553 1609 2607 conlocutus
1638 2567 1757 2606 cum
1788 2550 2016 2607 concilio
2044 2552 2153 2607 cle-

567 2648 830 2711 ricorum,
888 2646 1144 2701 statuisse
1193 2646 1440 2708 traditur,
1504 2646 1629 2711 illis,
1677 2645 1872 2715 quibus
1930 2646 2151 2715 integris

570 2736 1091 2805 interrogationibus
1131 2745 1185 2791 et
1216 2734 1657 2802 restonsionibus
1698 2750 1836 2805 aqua
1868 2734 2039 2790 fuerat
2071 2736 2152 2789 in-

572 2828 710 2893 fusa,
763 2828 943 2881 iterari
983 2828 1306 2895 baptismum
1346 2842 1452 2879 non
1484 2826 1704 2892 debere,
1736 2826 1830 2880 sed
1870 2825 2151 2895 adimpleri

569 2918 729 2989 242
763 2916 870 2990 [ΑΙ.
917 2917 1236 2989 adimplere]
1275 2932 1335 2971 ea
1380 2932 1498 2986 qum
1546 2932 1574 2970 a
1621 2917 1989 2972 sacerdotibus
2034 2932 2153 2971 mos

571 3021 674 3066 est.
708 3012 1056 3066 Athanasium
1089 3025 1216 3065 vero
1259 3020 1421 3079 atque
1466 3025 1560 3064 eos
1587 3024 1722 3079 quos
1766 3009 1921 3065 ludus
1949 3009 2037 3064 ille
2067 3009 2149 3064 vel

570 3103 911 3172 presbyteros
941 3101 1139 3157 habere
1167 3102 1313 3154 visus
1341 3104 1533 3168 fuerat,
1567 3101 1648 3154 vel
1688 3102 1984 3166 ministros,
2018 3115 2150 3154 cou-

2259 1922 2363 1978 leia
2427 1922 2565 1991 apud
2621 1918 2639 1960 ί
2700 1923 2882 1977 Alsum
2940 1922 3159 1978 [luvium
3217 1937 3246 1977 a
3298 1915 3557 1979 militibus
3622 1925 3843 1979 interfe-

2256 2026 2385 2081 cto,
2433 2016 2699 2079 Constans
2763 2016 3039 2085 utriusque
3104 2029 3432 2086 germanus,
3494 2015 3844 2071 Oecideutem

2256 2109 2385 2163 satis
2455 2109 2716 2163 industrie
2768 2108 3119 2178 gubernabat.
3178 2106 3308 2161 Nam
3367 2103 3529 2178 25.3
3573 2106 3842 2162 Constan-

2257 2204 2362 2254 tius
2420 2210 2611 2255 natura
2684 2210 2739 2253 et
2803 2201 2982 2254 animo
3037 2200 3204 2268 regio,
3276 2198 3403 2253 dum
3475 2199 3661 2268 primis
3736 2198 3845 2253 illis

2256 2293 2404 2362 regni
2465 2294 2548 2347 sui
2618 2289 2921 2347 fautoribus
2990 2292 3120 2347 satis
3187 2291 3459 2359 indulget,
3521 2307 3615 2359 per
3676 2307 3844 2345 eunu-

2255 2386 2385 2439 chos
2424 2394 2538 2441 arte
2582 2386 2632 2439 in
2669 2383 2945 2454 perﬁdiam
2988 2382 3251 2453 decipitur
3281 2399 3310 2438 a
3341 2382 3611 2452 perversis
3658 2398 3843 2439 sacer-

2256 2475 2471 2531 dotibus
2514 2490 2529 2533 :
2580 2487 2633 2530 et
2688 2485 2891 2531 intento
2959 2478 3091 2530 satis
3160 2476 3379 2543 studio,
3433 2477 3610 2546 pravis
3654 2492 3841 2532 eorum

2256 2564 2737 2622 Bcoutentionibus
2766 2568 3117 2623 obseeundat.
3161 2566 3264 2623 Sed
3315 2568 3389 2623 illi
3437 2579 3722 2634 verentes,
3775 2585 3843 2624 ne

2256 2658 2395 2714 forte
2426 2659 2658 2714 adeundi
2692 2660 2833 2730 regis
2878 2660 3029 2729 copia
3070 2661 3391 2730 quandoque
3424 2654 3578 2715 ﬁeret
3605 2661 3842 2714 Athana-g

2257 2752 2358 2814 sio,
2389 2761 2441 2806 et
2463 2767 2556 2821 per
2586 2768 2706 2807 eum
2734 2752 2801 2806 de
2832 2754 3059 2807 veritate
3092 2752 3214 2806 fidei
3245 2760 3402 2822 quam
3436 2748 3836 2822 pervertebaut,

2256 2843 2550 2896 secundum
2603 2841 2911 2909 Scripturas
2956 2842 3295 2910 educeretur,
3345 2842 3671 2898 omnimodis
3701 2837 3838 2896 insi-

2256 2933 2458 2986 mulare
2505 2948 2627 2987 eum
2674 2932 2812 3002 apud
2866 2933 3159 3003 principem
3187 2976 3202 3001 ,
3244 2944 3298 2989 et
3347 2935 3494 2989 velut
3536 2935 3580 2988 si
3619 2932 3649 2971 ³
3688 2950 3839 2991 reum

2254 3025 2492 3079 omnium
2543 3026 2808 3080 scelerum
2863 3040 2926 3080 ac
2974 3025 3295 3096 ﬂagitiorum
3334 3027 3716 3097 adgrediuntur
3739 3042 3839 3083 εχει

2257 3132 2488 3183 ponere,
2522 3131 2799 3185 usquequo
2830 3117 3046 3171 humani
3083 3118 3327 3187 corporis
3354 3118 3629 3173 brachium
3660 3120 3837 3173 loculo

565 3196 772 3249 vocatis
803 3194 1137 3265 parentibus,
1162 3193 1263 3249 sub
1310 3195 1398 3247 Dei
1452 3196 1814 3248 obtestatione
1846 3194 2005 3248 trad.t
2041 3194 2145 3248 Ec-

2256 3182 2491 3261 delatutn
2527 3182 2843 3277 Imperatori
2886 3182 3218 3263 ostendunt:
3251 3208 3391 3281 quod
3435 3210 3503 3264 ab
3546 3212 3838 3266 Athanasio

564 3289 745 3344 clcsiac
778 3286 804 3325 ἀ
834 3303 943 3343 sua:
973 3289 1304 3343 nutriendos.
1335 3288 1505 3342 Parvo
1535 3297 1710 3342 autem
1738 3296 2001 3355 tempore,
2024 3302 2146 3342 cum

566 3399 594 3434 a
651 3381 870 3436 Notario
926 3381 1156 3451 integre,
1217 3392 1271 3435 et
1316 3396 1345 3435 a
1400 3381 1766 3435 Grauuuatico
1814 3381 2150 3437 sufﬁcienter

566 3475 895 3531 Athanasius
954 3474 1143 3528 fuiSSct
1201 3475 1534 3543 instructus,
1583 3476 1840 3528 continuo
1896 3481 2145 3543 tauquam

566 3569 723 3624 ﬁdele
772 3568 982 3622 Domini
1015 3569 1450 3623 commendatum
1480 3584 1509 3621 a
1550 3568 1880 3637 parentibus,
1912 3566 2150 3620 restitui-

566 3671 655 3716 tur
698 3662 990 3727 sacerdoti,
1022 3675 1085 3715 ae
1134 3660 1281 3715 velut
1326 3662 1547 3716 Samuel
1594 3659 1813 3729 quidam
1864 3658 1914 3712 in
1949 3658 2148 3727 templo

566 3752 776 3807 Domini
828 3752 1079 3819 nutritur,
1109 3765 1161 3808 et
1211 3754 1278 3808 ab
1306 3768 1372 3807 eo
1422 3762 1681 3822 pergente
1739 3751 1804 3804 ad
1861 3761 2043 3818 patres
2093 3750 2146 3804 in

567 3855 843 3899 senecmtc
874 3845 1034 3910 bona,
1065 3845 1131 3898 ad
1165 3844 1482 3913 portandum
1517 3856 1638 3913 post
1669 3857 1729 3897 se
1751 3842 1925 3911 cphod
1968 3858 2151 3898 sacer-

566 3936 743 3990 dotale
789 3935 1062 4006 deligitur.
1097 3937 1202 3993 Sed
1257 3935 1413 4003 hujus
1476 3935 1609 3990 tauti
1659 3935 1711 3988 in
1765 3936 2001 3988 Ecclesia
2052 3951 2148 4004 pro

566 4027 691 4083 tidei
743 4029 1048 4098 integritate
1099 4044 1304 4097 agones
1359 4027 1594 4093 fuerunt,
1628 4035 1685 4093 ut
1726 4026 1886 4080 etiam
1941 4027 2008 4082 de
2048 4028 2149 4083 hoc

565 4121 819 4176 videatur
847 4123 1050 4176 dictum
1082 4137 1203 4176 esse
1246 4120 1373 4175 i'lud
1406 4119 1547 4188 quod
1581 4118 1837 4188 scriptum
1879 4129 1999 4173 est:
2033 4122 2146 4193 Ego

564 4217 698 4271 enim
728 4218 991 4269 ostendant
1036 4217 1100 4282 ei,
1125 4223 1321 4285 quanta
1369 4228 1484 4265 eum
1531 4213 1636 4282 pati
1662 4221 1893 4279 Oportent
1922 4231 2015 4284 pro
2057 4231 2150 4268 no-

564 4310 699 4361 mine
722 4323 832 4361 mco
856 4308 991 4378 (Act.
1024 4307 1077 4361 9.
1117 4306 1252 4369 Μὴ).
1291 4304 1345 4357 lu
1380 4303 1535 4372 hujus
1576 4304 1773 4357 etenim
1824 4309 2151 4372 persecutio-

564 4415 664 4455 nes
713 4401 995 4453 universus
1044 4396 1357 4465 cnnjuratus
1406 4396 1575 4459 orbis,
1622 4406 1676 4450 et
1722 4400 1973 4452 commeti
2026 4410 2149 4454 sunt

566 4491 841 4561 principes
884 4501 1039 4546 terra:
1075 4507 1087 4543 :
1130 4500 1338 4557 gentes,
1373 4504 1559 4558 regna,
1598 4490 1868 4543 exercitus
1903 4492 2148 4546 coierunt

2251 3299 2491 3351 excisUm
2538 3298 2757 3368 magica:
2804 3299 2935 3352 artis
2985 3299 3157 3368 gratia
3206 3302 3271 3355 de
3318 3298 3836 3369 Arscniicujusdaul

2254 3396 2483 3457 corpore
2534 3388 2945 3442 conﬁrmabant.
2988 3386 3090 3443 Sed
3138 3399 3193 3444 et
3237 3382 3341 3445 alia
3393 3407 3551 3461 quam
3606 3391 3835 3461 plurima

2249 3478 2539 3533 criminosa
2568 3479 2728 3534 simul
2757 3489 2812 3534 et
2841 3472 3101 3549 ﬂagitiosa
3130 3492 3481 3551 componunt.

2830 3614 3058 3672 CAPUT
3114 3615 3252 3671 XVI.

2249 3736 2329 3793 De
2351 3737 2567 3792 concilio
2595 3737 2949 3793 ltwreticorum
2985 3740 3126 3807 apud
3166 3741 3362 3811 Tyrum
3401 3750 3582 3797 contra
3604 3742 3834 3799 Athana-

2798 3830 2929 3884 sium
2960 3842 3288 3903 congregato.

2322 3939 2528 4007 Quibus
2558 3956 2624 3997 ex
2651 3944 2857 3998 caussis
2882 3942 3177 4015 Imperator
3197 3947 3352 4017 jubet
3380 3960 3677 4003 convocato
3699 3951 3837 4005 Cons

2250 4033 2374 4087 cilio
2404 4033 2762 4089 Athanasium
2802 4036 3172 4093 condemnari.
3218 4038 3383 4108 quue
3412 4041 3551 4110 apud
3582 4039 3599 4078 ί
3636 4041 3833 4111 Tyrum

2258 4126 2450 4198 (misso
2480 4144 2509 4180 c
2541 4127 2708 4183 latere
2756 4143 2858 4183 suo
2905 4146 3013 4183 uno
3057 4147 3124 4185 ex
3176 4130 3515 4199 Comitibus,
3563 4133 3838 4189 adnitente

2262 4235 2475 4289 quoque
2501 4220 2769 4274 Archelao
2797 4232 2924 4276 tunc
2970 4224 3180 4280 Comite
3223 4226 3490 4292 Orientis,
3522 4243 3621 4283 nec
3651 4243 3755 4282 non
3787 4236 3841 4282 et
3870 4230 3875 4236 ’

2252 4327 2319 4367 eo
2351 4314 2442 4381 qui
2479 4313 2787 4369 thnicem
2838 4319 3171 4385 provinciam
3214 4321 3568 4391 gubernabat)
3607 4338 3838 4394 copgre-

2253 4407 2364 4477 gari
2411 4407 2587 4477 jubet.
2646 4409 2720 4461 Eo
2766 4407 3050 4466 deducitur
3089 4416 3455 4471 Athanasius:
3485 4417 3690 4473 leculus
3717 4434 3836 4473 cum

2255 4497 2491 4551 humano
2540 4498 2762 4552 brachio
2804 4502 3182 4559 circumfertur
3224 4524 3234 4558 :
3269 4507 3509 4561 invidiai
3548 4518 3602 4562 et
3648 4508 3841 4564 horror

569 4584 679 4658 [ΑΙ.
725 4581 985 4652 coierant]
1032 4581 1289 4635 adversus
1347 4596 1492 4636 eum.
1544 4579 1636 4635 ille
1681 4591 1857 4636 autem
1908 4583 2144 4639 divinum
2181 4563 2223 4619 ί)
2254 4604 2359 4642 non
2390 4589 2565 4643 solum
2599 4590 2899 4659 religiosas,
2926 4594 3019 4647 sed
3052 4603 3105 4648 ct
3138 4598 3270 4651 viles
3297 4600 3504 4651 animas
3534 4597 3801 4667 pervadit.

2328 4690 2351 4716 ι’
2385 4682 2599 4763 ignorat
2642 4682 2963 4740 Bononiens.
2997 4704 3059 4741 ac
3103 4688 3251 4756 talin,
3278 4702 3330 4747 et
3370 4708 3491 4746 mox
3542 4695 3678 4747 enim
3740 4709 3842 4763 pro
3896 4696 3901 4705 '

640 4683 667 4711 ⁸·
701 4673 1055 4729 Guarnrriau.
1087 4688 1186 4726 ms.
1216 4681 1570 4739 enrtt'enturos,
1604 4674 1758 4738 idest,
1791 4676 2021 4729 clericos.

636 4744 665 4782 δ
693 4746 832 4799 Idem
873 4748 1097 4798 intentus
1123 4744 1339 4805 dmino,
1368 4745 1474 4797 duo
1511 4744 1675 4798 Vatic.
1710 4746 1923 4815 intentu,
1963 4748 2054 4802 sed
2084 4757 2139 4802 et

568 4815 922 4869 Booonicnsis
945 4815 1141 4867 diutine
1166 4814 1323 4866 habet
1352 4832 1444 4882 pro
1476 4817 1690 4869 diutine.

643 4895 666 4922 ο
692 4883 855 4937 Tacet
895 4883 1251 4941 Guarneriau.
1307 4902 1433 4939 esse.
1472 4887 1736 4940 Catterum
1780 4902 1845 4940 an
1878 4887 1991 4941 haec
2022 4904 2145 4943 vera

570 4955 808 5009 narratio
835 4955 902 5007 sit
930 4958 999 5008 de
1024 4955 1302 5022 haptizatis
1334 4958 1509 5024 pueris
1538 4958 1604 5010 ab
1632 4956 1925 5011 Athanasio
1961 4974 2147 5026 puero,

570 5034 724 5079 vetus
748 5038 812 5077 ac
845 5026 1096 5079 tralatitia
1138 5034 1220 5078 est
1248 5040 1493 5093 quaestio.
1547 5029 1745 5083 Confer
1774 5030 1913 5083 inter
1958 5044 2147 5083 recen-

575 5102 740 5148 tiores
792 5096 1006 5161 Pagium
1040 5094 1104 5148 ad
1134 5112 1222 5151 an.
1272 5099 1398 5153 5H.
1437 5100 1811 5152 Bullandianos
1856 5103 2033 5152 Socios
2079 5100 2145 5152 ad

569 5166 712 5219 diem
735 5165 790 5217 ‘2.
824 5166 942 5219 Maii
970 5182 1091 5233 cap.
1117 5168 1169 5221 1.
1204 5184 1520 5236 rursumque
1564 5170 1615 5222 in
1648 5169 1881 5222 Historia
1918 5170 2146 5221 l’:tlt‘ial'-

569 5240 718 5287 char.
758 5238 1098 5290 Alt-xaudriu.
1145 5248 1274 5293 tom.
1309 5240 1375 5295 ν.
1414 5241 1554 5293 Junii
1590 5278 1601 5289 .
1635 5239 1865 5291 vicissim
1908 5239 2149 5292 Moufau-

571 5307 788 5360 couium
831 5309 885 5360 in
918 5311 1027 5361 \‘ita
1056 5309 1113 5363 S.
1149 5311 1446 5373 Athanasii,
1481 5320 1535 5362 et
1585 5310 1836 5376 peculiari
1892 5310 2149 5363 disserta-

572 5376 715 5429 tione
748 5379 960 5432 Parisiis
982 5380 1126 5433 edita
1153 5396 1237 5435 an.
1276 5382 1431 5434 1710.
1469 5380 1717 5433 Ilisadde
1748 5396 1865 5445 qua:
1899 5380 2147 5435 Fontani-

571 5463 672 5517 nus
720 5449 770 5501 in
806 5450 919 5502 Vita
956 5451 1133 5504 Ruﬁni
1162 5453 1251 5505 lib.
1301 5453 1361 5504 ll.
1387 5467 1504 5517 cap.
1538 5450 1591 5502 5.
1639 5466 1783 5499 nunt.
1818 5452 1871 5501 “2..
1905 5452 2144 5505 adnotat.

640 5516 667 5554 ἀ
699 5519 839 5574 Idem
868 5537 987 5575 cum
1024 5522 1344 5575 Bouottieusi
1369 5516 1493 5580 sunt,
1520 5518 1753 5571 vicissim
1782 5520 1979 5588 vulgati
2004 5523 2145 5589 quod

571 5605 692 5643 mox
728 5592 970 5660 sequitur
992 5600 1172 5647 exacto
1202 5590 1445 5645 reticent.
1480 5593 1579 5641 l’ro
1605 5589 1991 5660 {Voturio‘qttod
2025 5609 2145 5646 cum

571 5658 819 5732 vulgatis
847 5663 1045 5715 habent
1077 5677 1205 5714 mss.
1236 5661 1426 5732 nostri,
1448 5659 1763 5732 Cacciarius
1796 5658 2025 5713 A'oturiis
2061 5678 2147 5717 re-

572 5730 806 5797 scripsit.
855 5734 1088 5799 Denique
1139 5731 1488 5785 Bononiensis
1528 5730 1683 5799 paulo
1729 5740 1850 5798 post
1890 5732 1993 5799 [ide
2041 5733 2147 5787 Do-

574 5804 695 5854 mini
720 5803 838 5871 ‘egit
871 5818 964 5871 pro
997 5802 1161 5866 fidele,
1192 5814 1296 5854 etc.

2250 4764 2367 4803 vero
2392 4752 2571 4804 habet.

2330 4818 2348 4857 τ
2381 4823 2706 4907 liquentieus.
2736 4825 2913 4880 Alsan.
2949 4827 3146 4884 Confer
3186 4824 3404 4901 Pagium
3460 4833 3524 4887 ad
3578 4850 3668 4891 an.
3712 4833 3837 4890 557.-

2254 4907 2402 4946 num.
2442 4906 2485 4945 Ι.
3348 4932 3363 4942 ς

2326 4972 2351 5047 ξ
2396 4962 2507 5047 Quo
2540 4961 2711 5047 Vatic.
2742 4969 3077 5047 recentiores
3106 4962 3492 5027 intentionibus.

2399 5032 2554 5085 Placu
2585 5043 2602 5087 t
2630 5031 2888 5115 [clarioris
2934 5050 3216 5115 contextus
3264 5048 3433 5112 gratia
3461 5084 3478 5109 ,
3502 5062 3669 5106 _renm
3721 5046 3839 5113 huic

2253 5103 2516 5178 sufﬁcere
2535 5120 2596 5157 ex
2624 5107 2974 5163 tiunrueriani
3004 5123 3216 5178 optume
3249 5103 3388 5167 nota:
3424 5103 3624 5170 codicis
3656 5112 3841 5174 anetu—

2257 5175 2433 5225 ritate.
2498 5175 2572 5229 De
2623 5178 2848 5232 Arsenio
2916 5175 3156 5237 Valesius
3211 5186 3262 5237 in
3314 5186 3462 5239 Notis
3512 5188 3578 5242 ad
3628 5188 3837 5245 Socrat.

2250 5259 2367 5310 cap.
2402 5245 2489 5296 ‘27.

2330 5313 2345 5352 ξ
2397 5315 2595 5367 Passim
2628 5317 2999 5374 admonuimus
3019 5322 3084 5376 de
3111 5324 3319 5378 inversa
3349 5326 3444 5381 abs
3472 5327 3665 5383 Ruﬁno
3698 5339 3840 5384 tent-

2256 5397 2441 5468 porum
2464 5387 2624 5468 serie.
2660 5388 2899 5443 liccurrit
2924 5394 3060 5468 id_e_m
3086 5395 3206 5468 heic
3231 5412 3402 5463 error,
3436 5399 3665 5468 Tyrtana
3692 5406 3837 5457 enim

2254 5456 2505 5534 Synodus
2536 5467 2761 5539 at2ta_cst
2790 5478 2929 5539 anno
2960 5462 3087 5517 533i.
3116 5466 3280 5533 Cplua
3314 5456 3586 5524 θιιὶθιιῖαυ
3616 5456 3718 5539 qua
3750 5487 3840 5525 sud

2257 5530 2435 5606 perius
2458 5541 2594 5606 “cap.
2650 5530 2731 5580 1'2.
2790 5534 3042 5606 loquitur,
3084 5530 3225 5589 anno
3276 5542 3598 5606 insequenti.
3634 5530 3841 5596 iidesis

2257 5595 2818 5684 limereiereutetumat‘l
2859 5595 3107 5684 Historia:
3153 5616 3205 5661 et
3244 5595 3619 5681 Chronolugue
3669 5595 3837 5684 leges,

2256 5667 2470 5743 Pagium
2500 5669 2564 5719 ad
2596 5684 2684 5721 au.
2715 5670 2835 5724 552.
2869 5692 2920 5727 u.
2955 5676 3016 5728 ll.

2334 5736 2347 5785 i
2395 5736 2650 5816 fortasse
2684 5746 2878 5816 rectius
2912 5749 2957 5796 in
2992 5747 3148 5803 Guar.
3176 5751 3343 5806 eriau.
3379 5752 3585 5807 inedire
3614 5757 3799 5810 horror
3822 5770 3841 5809 ε

2255 5807 2361 5863 duo
2395 5806 2562 5864 Vatic.
2595 5812 2797 5868 incidite
2817 5830 2979 5869 error.
