4166 6348
299 341 403 398 ιεθ

871 458 1102 516 CAPUT
1140 459 1301 514 XVII.

299 567 379 628 De
396 585 572 626 exciso
591 570 810 626 brachio
839 572 1036 625 Arsenii
1061 615 1075 638 ,
1117 572 1416 639 caveristh
1458 571 1590 623 dolis
1619 567 1883 623 haeretico-

758 659 871 696 rum
893 644 945 696 in
970 643 1186 697 concilio
1212 644 1431 696 retectis.

370 759 466 814 llic
494 758 752 814 Arsenius
772 798 786 821 ,
812 758 965 826 cujus
997 756 1271 811 brachium
1310 755 1590 810 dicebatur
1620 754 1880 819 excisum,

300 848 492 905 Lector
540 847 832 916 aliquando
879 846 1156 901 Athanasii
1209 850 1412 911 fuerat,
1456 855 1510 900 et
1551 844 1621 897 ob
1672 844 1883 910 culpam

299 949 328 978 ι
350 940 746 1008 correptionem
773 938 997 1006 veritus,
1031 939 1341 1006 frequentiae
1371 951 1492 991 sese
1520 933 1880 990 subtraxerat.

301 1034 472 1102 Cujus
498 1032 734 1086 latebras
767 1042 1095 1100 opportunas
1119 1029 1218 1084 sibi
1250 1029 1312 1082 ad
1343 1027 1708 1098 hujuStemodi
1739 1042 1886 1081 cotn-

298 1137 537 1181 mentum
566 1123 823 1194 flagitiOsi
856 1125 1100 1178 homines
1132 1124 1254 1187 rati,
1284 1123 1438 1176 initio
1464 1121 1746 1191 compositi
1777 1121 1884 1174 cri-

300 1218 461 1272 minis
492 1217 816 1270 uccultatum
863 1232 985 1269 eum
1038 1215 1173 1282 apud
1215 1215 1478 1282 quendam
1502 1254 1516 1277 ,
1549 1228 1707 1282 quem
1741 1212 1885 1264 fidis-

301 1311 492 1362 simum
519 1307 816 1360 sceler.bus
858 1307 970 1360 suis
990 1305 1164 1377 25.5
1201 1305 1545 1360 crediderant
1578 1303 1682 1376 [ΑΙ.
1711 1303 1888 1358 credi-

299 1396 554 1469 derunt].
605 1397 931 1451 retinebant.
999 1397 1251 1451 Pervenit
1306 1405 1482 1449 tamen
1528 1396 1595 1449 ad
1645 1395 1787 1449 hunc
1832 1395 1883 1448 in

302 1489 520 1542 latebris
546 1488 777 1556 positum
801 1528 816 1551 ,
845 1489 972 1555 quid
1004 1503 1104 1542 suo
1131 1487 1344 1542 nomine
1374 1487 1616 1542 criminis
1656 1488 1888 1541 intenta-

303 1590 451 1635 retnr
472 1580 790 1633 Athanasio.
829 1582 889 1633 Et
921 1579 1033 1635 sive
1062 1597 1183 1635 eum
1236 1583 1349 1649 ipsa
1379 1581 1723 1636 humanitatis
1757 1597 1887 1635 con-

301 1672 598 1741 templatio,
629 1670 743 1725 sive
773 1669 953 1724 divina
986 1673 1214 1740 perpulit
1245 1672 1597 1740 providentia,
1629 1672 1766 1725 clam
1791 1686 1887 1741 per

301 1766 478 1820 noctis
505 1767 714 1822 silentia
751 1769 986 1822 evadens
1014 1769 1293 1832 claustris,
1323 1769 1623 1838 enavigavit
1654 1767 1879 1837 Tyrum,

303 1863 356 1910 et
411 1856 581 1925 pridie
643 1872 800 1925 quam
850 1871 1061 1912 caussae
1105 1857 1346 1913 dicenda:
1393 1858 1608 1912 adesset
1667 1859 1887 1911 ultimus

303 1945 416 2000 dies
441 1987 456 2010 ,
507 1945 801 2002 Athanasio
847 1961 969 2001 sese
1012 1948 1274 2002 Arsenius
1320 1947 1551 2011 obtulit,
1585 1945 1610 1983 ιι
1637 1956 1800 2016 utque
1830 1960 1890 2000 se

303 2055 483 2096 rerum
514 2052 787 2110 gestarum
831 2042 1000 2096 series
1047 2041 1298 2107 haberet,
1344 2040 1577 2095 edocuit.
1621 2039 1713 2093 Ille
1744 2038 1889 2092 domi

304 2147 426 2189 esse
475 2133 788 2197 hominem,
842 2147 941 2187 nec
988 2134 1325 2188 innotescere
1373 2135 1621 2202 cuiquam
1673 2132 1740 2186 de
1775 2129 1892 2198 ejus

303 2226 616 2297 praesentia,
645 2226 817 2295 jubet.
860 2226 1068 2280 Interea
1092 2224 1388 2278 Concilium
1411 2223 1640 2294 cogitur,
1667 2224 1717 2278 in
1749 2221 1891 2292 quod

307 2319 569 2389 aliquanti
600 2319 930 2373 concinnatae
958 2317 1241 2371 calumniae
1269 2316 1504 2382 conscii,
1538 2331 1727 2370 omnes
1758 2330 1892 2385 pene

306 2413 514 2468 infenso
544 2414 726 2465 animo
755 2411 1035 2464 adversum
1063 2409 1408 2464 Athanasium
1437 2409 1892 2479 prtrjudicatoque

306 2503 662 2557 conveniunt.
693 2501 796 2555 Per
827 2501 966 2554 idem
996 2513 1203 2569 tempus
1232 2500 1562 2566 Paphnutius
1589 2499 1889 2567 confessor,
1925 2537 1928 2541 η

306 2591 374 2646 de
401 2605 508 2660 quo
535 2605 694 2659 supra
725 2591 1138 2644 memoravimus
1167 2632 1181 2655 ,
1234 2590 1446 2655 aderat,
1488 2590 1768 2644 Athanasii
1811 2590 1894 2644 in-

308 2684 578 2737 nocentia:
608 2682 875 2735 conscius.
920 2682 968 2734 Is
1005 2696 1126 2736 cum
1166 2681 1389 2737 vidisset
1418 2682 1704 2736 Maximum
1735 2682 1894 2738 Jero-

308 2775 644 2844 solytnorum
674 2774 1021 2842 Episc0pum,
1043 2773 1134 2842 qui
1164 2790 1266 2828 una
1289 2791 1470 2828 secttm
1491 2777 1688 2830 effosso
1715 2777 1890 2842 oculo,

307 2875 366 2920 et
395 2865 596 2934 poplite
624 2865 852 2930 succiso,
884 2866 1162 2920 confessor
1192 2867 1480 2930 extiterat,
1518 2876 1541 2904 ο
1583 2882 1766 2921 verum
1801 2883 1895 2936 pro

306 2957 473 3010 nimia
517 2953 858 3024 simplicitate
907 2956 1040 3011 nihil
1084 2957 1152 3012 de
1196 2959 1530 3024 sacerdotum
1568 2959 1773 3014 scelere
1801 2975 1894 3014 su-

309 3048 608 3115 spicantem
635 3086 652 3113 ,
707 3048 1020 3102 consedisse
1066 3063 1188 3102 cum
1240 3051 1449 3104 caeteris
1479 3065 1616 3120 quos
1648 3051 1893 3108 factionis

311 3139 519 3193 macula
551 3140 854 3193 sociaverat
881 3181 897 3206 ,
946 3139 1179 3194 medium
1210 3137 1238 3177 ά
1270 3156 1580 3196 consessum
1611 3142 1758 3198 adire
1786 3159 1889 3197 non

311 3231 558 3286 veritus:
592 3229 690 3294 Te,
720 3229 915 3300 itquit,
941 3245 973 3284 o
1006 3230 1252 3296 Maxime,
1285 3247 1405 3286 cum
1437 3248 1541 3302 quo
1564 3232 1696 3287 mihi
1728 3249 1889 3287 unum

310 3331 469 3392 atque
500 3322 641 3377 idem
671 3321 1027 3377 confessionis
1074 3324 1281 3392 insigne
1325 3333 1407 3378 est
1433 3366 1448 3388 ,
1480 3340 1599 3379 cum
1627 3341 1736 3395 quo
1766 3325 1896 3381 mihi

308 3417 510 3484 pariter
561 3414 788 3468 mortale
843 3413 1018 3468 lumen
1050 3413 1301 3469 effossum
1331 3457 1346 3482 ,
1396 3416 1678 3472 clariorem
1726 3416 1896 3472 divini

310 3507 529 3562 luminis
553 3507 858 3561 conciliavit
879 3517 1157 3576 aspectum
1185 3525 1200 3563 :
1229 3518 1304 3574 te,
1336 3509 1574 3580 inquam,
1599 3527 1704 3566 non
1731 3511 1898 3578 patiar

313 3601 507 3655 sedere
539 3601 592 3654 in
618 3600 852 3656 concilio
883 3602 1283 3668 malignantium
1309 3645 1322 3664 ,
1373 3614 1427 3659 et
1457 3619 1575 3658 cum
1605 3605 1782 3676 iniqua
1809 3621 1900 3675 ge-

312 3693 558 3748 rentibus
597 3694 850 3748 introire.
893 3694 1194 3764 Injectaque
1225 3713 1384 3751 manu
1428 3699 1647 3754 elevans
1675 3715 1797 3755 eum
1829 3701 1900 3755 de

314 3788 492 3841 medio
541 3802 728 3842 eorum
757 3825 774 3853 ,
806 3801 868 3841 ac
917 3787 982 3841 de
1031 3789 1252 3858 singulis
1301 3790 1610 3856 instruens,
1645 3801 1898 3860 perpetua

314 3878 510 3933 dehinc
545 3876 840 3932 Athanasio
865 3881 1242 3934 communione
1272 3881 1515 3936 sociavit.
1555 3882 1659 3936 Sed
1687 3883 1899 3938 interim

319 3985 510 4024 caussa
542 3971 758 4025 dicitur.
800 3971 979 4025 Prima
1024 3974 1373 4027 introducitur
1408 3975 1678 4030 accusatio
1706 3978 1901 4033 mulie-

318 4060 395 4116 ris
443 4063 721 4131 cujusdam
751 4105 769 4130 ,
816 4079 935 4132 quae
983 4077 1042 4118 se
1087 4063 1290 4120 diceret
1333 4067 1625 4136 aliquando
1669 4069 1902 4139 hospitio

323 4154 670 4208 Athanasium
703 4156 975 4224 recepisse
1008 4156 1123 4230 [ΑΙ.
1154 4159 1508 4230 suscepisse],
1543 4169 1600 4216 et
1626 4162 1693 4215 ab
1717 4178 1782 4217 eo
1810 4179 1904 4217 no-

323 4252 416 4297 ctu
442 4244 578 4298 nihil
608 4246 994 4315 suspicantem,
1021 4251 1128 4302 vim
1159 4251 1516 4317 corruptionis
1545 4266 1665 4307 esse
1689 4269 1904 4322 perpes-

323 4350 464 4392 sam.
507 4335 771 4393 ltttroducl
799 4341 866 4394 ad
896 4342 1006 4394 haec
1033 4341 1252 4409 jubetur
1280 4344 1635 4401 Athanasius:
1669 4347 1904 4418 ingredi-

319 4439 407 4483 tur
426 4445 547 4483 cutn
597 4430 884 4487 Timotheo
915 4433 1235 4503 presbytero
1266 4450 1394 4502 suo,
1437 4453 1668 4508 eumque
1698 4450 1900 4510 monet,

319 4530 377 4574 ttt
422 4530 766 4590 posteaquam
811 4524 1004 4579 mulier
1045 4524 1255 4580 dicendi
1298 4527 1453 4581 finem
1482 4530 1714 4595 fecisset,
1747 4549 1803 4587 se
1828 4544 1900 4587 ta-

319 4619 496 4676 cente,
532 4620 556 4648 ε
588 4612 701 4680 ipse
734 4612 800 4667 ad
842 4629 903 4668 ea
933 4631 1050 4683 qua:
1079 4615 1290 4670 dixerat
1331 4619 1700 4684 responderet.
1741 4621 1901 4676 Cum-

321 4717 425 4769 que
454 4702 650 4758 mulier
677 4717 741 4757 ea
768 4719 888 4773 qua:
917 4704 1105 4761 edocta
1138 4705 1338 4773 fuerat,
1370 4721 1691 4776 perorasset,
1722 4712 1901 4767 Timo-

393 4843 420 4870 ἰ
464 4834 605 4915 Idem
631 4832 984 4916 Guarnerian.
1009 4841 1364 4910 correptionis,
1393 4851 1502 4896 tum
1530 4844 1899 4916 Regio-Vatic.

321 4907 594 4976 prorsentia
616 4921 709 4968 pro
737 4909 1049 4976 frequentitc.

397 4973 429 5062 lt.
465 4975 579 5028 Duo
611 4973 886 5062 Vatic.,‘et
925 4997 1038 5050 qua:
1066 4996 1161 5050 pro
1188 4991 1340 5048 utque
1363 5023 1378 5048 ,
1415 4993 1470 5036 ttt
1497 4996 1550 5041 et
1600 4989 1753 5056 paulo
1784 5003 1903 5062 post

325 5049 495 5117 agitur
529 5061 623 5112 pro
654 5049 870 5117 cogitur.

401 5126 423 5154 ε
468 5115 540 5168 Ita
567 5124 623 5170 et
653 5115 1002 5174 Bononiensis
1050 5130 1098 5174 et
1131 5123 1235 5176 duo
1272 5123 1436 5180 Vatic.
1484 5125 1697 5181 habent.
1732 5130 1899 5186 Guar-

320 5188 579 5238 nerianns
614 5199 806 5266 autem
859 5205 980 5244 cum
1015 5193 1215 5266 pridem
1268 5194 1492 5264 vulgatis
1521 5214 1692 5251 verum
1720 5243 1732 5266 ,
1767 5216 1822 5256 ιιι
1851 5213 1906 5258 et

319 5272 448 5331 mox
475 5260 795 5331 suspicatum
827 5275 924 5326 pro
952 5263 1312 5331 suspicantem.

402 5325 427 5363 1
467 5325 772 5382 Caeciarius
815 5325 1000 5385 maluit
1043 5325 1347 5397 consessus,
1379 5337 1518 5391 male
1547 5337 1898 5397 Guarnerian.

317 5412 650 5451 consensum.
683 5398 937 5481 Voculam
966 5418 1147 5482 o_mox
1179 5444 1195 5469 ,
1227 5406 1314 5482 u_hi
1345 5407 1557 5482 dicitur,
1591 5427 1620 5462 ο
1651 5410 1899 5482 Maxime,

321 5483 459 5520 mss.
478 5483 706 5541 unoque
734 5472 898 5524 nostri
927 5472 1160 5537 addunt,
1188 5476 1382 5541 vulgati
1409 5472 1652 5534 reticent.

405 5546 428 5574 ο
449 5607 457 5609 _
476 5537 777 5609 Prooomen
807 5541 915 5605 ipse
941 5544 1142 5596 addunt
1171 5537 1334 5601 nostri
1368 5563 1494 5603 tnss.
1525 5559 1580 5603 et
1608 5554 1909 5609 Cacciarius

331 5607 639 5688 eaduobus
672 5608 960 5688 Vaticanis.
1007 5613 1170 5669 l‘aulo
1204 5626 1320 5685 post
1353 5618 1705 5677 Guarncriau.
1737 5636 1782 5678 et
1810 5607 1909 5678 vini

329 5681 440 5732 tibi.
474 5694 567 5745 pro
592 5686 680 5730 aut
715 5681 830 5742 vim,
863 5693 967 5736 etc.

407 5745 425 5786 ί
473 5749 584 5825 Duo
616 5748 784 5825 Vatic.
819 5749 1068 5820 decipere,
1100 5763 1155 5808 et
1179 5771 1297 5809 mox
1331 5775 1360 5807 η
1383 5767 1430 5812 te
1455 5775 1547 5825 pro
1576 5761 1670 5814 hoc
1699 5773 1776 5823 te.
1810 5781 1909 5818 no-

335 5826 478 5874 tante
509 5818 808 5880 Cacciario,
839 5818 1004 5887 quiet
1037 5818 1312 5890 perperam
1343 5818 1612 5884 Athanasii
1635 5849 1728 5903 pro
1752 5818 1910 5891 Aha-

641 5910 912 5972 PATBOL.
955 5914 1132 5978 XXI.

1198 341 1511 400 HISTORIA
1559 336 2112 398 ECCLESIASTICA.
2154 338 2356 400 LIBER
2395 340 2664 400 PRIMUS.

1933 4583 1983 4642 D

3455 342 3561 400 £90

1903 457 1954 514 Α
1985 453 2138 510 theus
2165 470 2457 513 conversus
2487 457 2647 530 255
2672 455 2739 512 ad
2761 468 2878 511 eam
2904 471 2919 510 :
2947 455 3107 523 Vere,
3138 454 3327 526 inquit.
3347 457 3561 523 mulier,

1991 559 2089 615 ego
2118 548 2289 602 mansi
2317 549 2454 619 apud
2481 560 2532 604 te
2559 548 2870 619 aliquando,
2903 557 2994 602 aut
3019 548 3124 602 vim
3154 549 3286 612 tibi,
3319 557 3378 602 ut
3417 563 3568 604 asse-

1992 637 2089 704 ris,
2121 636 2261 694 feci?
2290 640 2438 695 Tunc
2470 641 2557 695 illa
2596 642 2692 712 (ut
2715 640 2993 695 mulierum
3023 654 3082 695 se
3112 639 3295 694 talium
3335 640 3569 708 procaci-

1991 736 2072 781 tas
2104 728 2308 800 habet)
2354 731 2644 801 objurgans
2686 731 3066 786 Timotheum:
3111 730 3194 786 Tu
3237 739 3329 796 tu,
3374 731 3566 800 inquit,

1989 819 2120 873 tuibi
2147 821 2249 874 vim
2280 821 2488 888 fecisti,
2525 833 2576 876 tu
2611 825 2662 877 in
2693 824 2782 876 illo
2810 823 2928 878 loco
2970 822 3373 877 commaculasti
3403 825 3572 876 casti-

1991 918 2153 964 tatem
2184 926 2382 966 meam.
2408 913 2574 967 Sitnul
2602 922 2661 968 et
2689 927 2951 968 c0nversa
2971 912 3034 967 ad
3054 911 3288 982 judices,
3311 912 3572 968 obtestari

1991 1004 2150 1059 fidem
2183 1005 2278 1060 Dei
2304 1007 2492 1073 cmpit,
2523 1023 2649 1062 vera
2675 1023 2734 1062 se
2759 1008 2954 1062 dicere.
2996 1007 3130 1061 Tum
3157 1022 3345 1062 omnes
3372 1006 3570 1061 ridicu~

1992 1093 2139 1148 losus
2194 1095 2367 1164 pudor
2398 1096 2596 1151 habere
2623 1097 2800 1165 cepit,
2830 1097 2969 1168 quod
3003 1108 3106 1152 tam
3139 1098 3325 1163 facile,
3361 1105 3573 1152 tacente

1991 1184 2102 1258 [ΑΙ.
2125 1186 2376 1259 docente]
2407 1203 2491 1254 eo,
2522 1187 2686 1243 factio
2710 1191 2990 1257 compositi
3018 1191 3257 1246 criminis
3289 1191 3570 1260 patuisset.

1990 1279 2098 1334 Nec
2130 1290 2304 1332 tamen
2337 1280 2582 1349 permissi
2625 1289 2751 1334 sunt
2778 1282 2984 1349 judices
3025 1283 3224 1338 habere
3250 1284 3317 1337 de
3343 1283 3572 1338 muliere

1990 1372 2340 1436 quaestionem
2363 1413 2380 1437 ,
2409 1371 2556 1426 unde
2585 1372 2718 1438 hare,
2751 1373 2831 1427 vel
2857 1388 2952 1442 per
2976 1387 3108 1443 quos
3130 1417 3144 1440 ,
3177 1383 3269 1427 aut
3297 1374 3570 1443 quomodo

1992 1461 2180 1518 fuisset
2208 1471 2383 1531 aptata
2425 1462 2726 1528 calumnia,
2764 1463 3011 1531 quoniam
3048 1463 3314 1531 jndicandi
3355 1463 3574 1520 libertas

1992 1569 2154 1623 penes
2176 1562 2512 1607 accusatores
2528 1562 2661 1608 erat.
2679 1552 2810 1606 llinc
2833 1553 3087 1606 transitur
3105 1553 3167 1606 ad
3187 1552 3328 1607 aliud
3346 1549 3571 1607 crimen.

1992 1645 2272 1701 Profertur
2322 1645 2526 1700 facinus
2566 1645 2762 1700 seculis
2806 1645 3125 1700 inauditum.
3183 1645 3292 1700 lloc
3335 1656 3440 1712 est,
3484 1646 3568 1700 in-

1991 1739 2211 1809 quiunt,
2237 1739 2326 1793 ubi
2356 1753 2516 1792 nemo
2540 1741 2706 1808 possit
2733 1739 3020 1794 verborum
3057 1740 3339 1811 praestigiis
3374 1739 3394 1778 ι
3433 1740 3576 1795 deci-

1919 1823 1965 1882 B
1996 1831 2044 1898 pi
2073 1873 2087 1897 ,
2122 1843 2209 1885 res
2236 1831 2406 1884 oculis
2436 1830 2630 1898 agitur,
2672 1831 2850 1885 verbis
2890 1831 3257 1887 cessantibus:
3291 1832 3574 1887 Brachium

1994 1924 2097 1978 hoc
2123 1933 2194 1988 te,
2226 1924 2394 1988 aiunt,
2427 1923 2679 1978 Athanasi
2707 1963 2723 1989 ,
2773 1934 2989 1979 accusat
3015 1926 3277 1980 excisum.
3336 1925 3460 1980 Ilaec
3491 1935 3574 1980 cst

1993 2016 2207 2073 Arsenii
2235 2017 2477 2084 dextera,
2511 2032 2667 2086 quain
2700 2026 2753 2070 ttt
2783 2017 3073 2087 quomodo,
3099 2019 3178 2072 vel
3203 2017 3267 2072 ad
3291 2033 3426 2087 quos
3450 2033 3578 2072 usus

1997 2109 2264 2164 excideris
2290 2150 2305 2174 ,
2350 2108 2606 2163 indicato.
2652 2108 2786 2162 Tum
2835 2108 2925 2163 ille
2957 2127 2968 2163 :
3001 2108 3131 2173 Quis
3157 2109 3299 2162 enim
3329 2151 3342 2172 ,
3387 2108 3578 2179 inquit,

1995 2211 2234 2254 vestrum
2283 2200 2567 2255 Arsenium
2618 2211 2875 2265 noverat,
2949 2207 3006 2254 ut
3055 2199 3195 2254 hanc
3237 2202 3404 2270 ipsius
3457 2216 3581 2255 esse

1996 2300 2021 2338 Β
2045 2291 2317 2345 dexteram
2345 2291 2700 2361 cognoscatis.
2720 2291 3147 2346 Exsnrrexerunt
3174 2292 3455 2360 aliquanti,
3489 2293 3580 2362 qui

1995 2395 2056 2435 se
2094 2380 2342 2434 dicerent
2367 2382 2568 2448 optime
2598 2383 2766 2436 scisse
2800 2382 3114 2442 Arsenium.
3145 2383 3197 2435 itt
3228 2384 3419 2449 quibus
3449 2398 3582 2436 non-

1996 2470 2128 2523 nulli
2159 2479 2309 2524 erant
2340 2470 2543 2536 absque
2573 2471 2899 2525 conscien:ia
2930 2471 3196 2526 factionis.
3229 2473 3358 2526 Orat
3387 2473 3582 2527 dehinc

1997 2560 2319 2629 ajudicibus
2367 2560 2719 2628 Athanasius,
2776 2572 2831 2615 ut
2854 2562 3124 2617 hominem
3175 2578 3363 2629 suum,
3423 2580 3582 2632 quem

1994 2648 2022 2688 ιι
2051 2654 2330 2721 negocium
2357 2654 2695 2723 deposceret,
2742 2654 2962 2723 jubeant
3016 2655 3299 2712 introduci.
3339 2657 3584 2726 Cumque

1997 2749 2332 2802 introductus
2360 2759 2507 2804 esset
2535 2750 2813 2814 Arsenius,
2848 2753 3056 2804 elevato
3077 2749 3192 2820 ejus
3221 2751 3388 2814 vultu,
3421 2750 3584 2804 Atha-

1995 2843 2175 2895 nasius
2205 2841 2435 2896 concilio
2474 2850 2529 2896 et
2576 2841 2846 2910 jndicihus
2889 2842 2964 2895 ait
2999 2861 3012 2896 :
3049 2842 3144 2896 llic
3175 2851 3261 2898 est
3298 2841 3582 2897 Arsenins.

1997 2929 2066 2984 Et
2109 2931 2348 2986 allevans
2391 2929 2513 3000 ejus
2563 2931 2911 2986 nihilominus
2958 2932 3236 2988 dexteram
3272 2953 3286 2987 :
3323 2933 3447 2988 Hac
3477 2944 3582 3001 est,

1998 3021 2192 3089 inquit,
2225 3022 2388 3076 etiam
2418 3025 2638 3078 dextera
2669 3025 2804 3092 ejus,
2841 3025 2957 3079 hmc
2986 3035 3067 3080 est
3094 3037 3144 3080 et
3175 3027 3414 3082 sinistra.
3456 3027 3586 3082 Haec

1997 3121 2202 3177 autem,
2236 3130 2394 3182 quant
2426 3114 2512 3168 isti
2545 3115 2808 3182 offerunt,
2846 3131 3032 3171 manus
3058 3117 3198 3171 unde
3228 3117 3331 3185 sit,
3375 3133 3468 3174 vos
3497 3134 3586 3174 re-

1919 3197 1962 3258 C
1997 3205 2216 3272 quirite.
2257 3204 2406 3258 Tunc
2435 3205 2542 3278 [ΑΙ.
2569 3205 2726 3278 Tum]
2757 3207 2907 3260 velut
2946 3222 3050 3261 nox
3077 3209 3319 3278 quaedam
3351 3217 3404 3263 ct
3434 3219 3586 3266 tene-

2003 3298 2112 3349 brat
2163 3305 2532 3350 accusatorum
2564 3299 2733 3352 oculis
2777 3299 2964 3353 infusae.
2989 3339 3005 3363 ,
3033 3299 3159 3368 quid
3191 3309 3443 3369 agerent,
3475 3315 3586 3372 quo

1997 3401 2057 3441 se
2088 3397 2394 3452 verterent,
2431 3389 2761 3444 nesciebant.
2806 3389 2980 3459 Ipsum
3026 3393 3223 3446 etenim
3269 3407 3389 3447 esse
3416 3395 3582 3447 Arse-

1999 3479 2145 3532 nium
2178 3490 2340 3533 testes
2379 3481 2473 3548 qui
2505 3483 2663 3550 paulo
2692 3492 2816 3536 ante
2847 3480 2862 3519 ί
2896 3483 3031 3536 scire
3057 3498 3113 3537 se
3147 3483 3425 3547 dixerant,
3455 3500 3587 3538 con-

2001 3569 2306 3625 firmabant.
2359 3572 2590 3636 Verum,
2643 3573 2764 3642 quia
2817 3590 2919 3628 non
2967 3574 3461 3648 judicandi,256
3489 3577 3587 3633 sed

1999 3662 2339 3730 opprimendi
2393 3664 2624 3719 hominis
2679 3680 2867 3720 caussa
2929 3667 3214 3720 concilium
3275 3677 3582 3738 gerebatur,

2003 3748 2182 3819 fragor
2238 3753 2479 3808 omnium
2541 3769 2760 3824 repente
2831 3758 3126 3824 attollitur,
3194 3775 3405 3830 magum
3462 3777 3585 3818 esse

2003 3843 2382 3913 Athanasium,
2407 3854 2462 3900 et
2490 3846 2745 3918 decipere
2771 3849 3089 3904 intuentium
3119 3851 3307 3906 oculos
3328 3895 3340 3915 .
3373 3855 3589 3908 concla-

2004 3946 2211 4000 matur,
2244 3951 2344 3991 nec
2374 3938 2573 3992 debere
2603 3941 2714 3994 ullo
2741 3943 2901 3996 modo
2935 3946 3073 3997 ultra
3115 3945 3274 3999 talem
3311 3945 3588 4001 hominem

2004 4026 2220 4082 vivere:
2255 4027 2500 4098 factoque
2525 4029 2760 4100 impetu,
2795 4032 2906 4088 suis
2933 4049 3053 4087 eum
3082 4035 3388 4102 discerpere
3418 4037 3590 4089 tuanio

2004 4115 2105 4172 bus
2155 4127 2367 4187 parant.
2433 4120 2539 4175 Sed
2591 4123 2929 4186 Archelaus,
2981 4125 3227 4192 quicum
3273 4131 3485 4179 caeteris
3518 4141 3584 4180 es

2006 4218 2276 4277 prmeepto
2307 4212 2648 4279 Imperatoris
2675 4213 2905 4268 concilio
2936 4215 3254 4282 praesidebat
3277 4255 3293 4282 ,
3344 4227 3586 4286 ereptum

2006 4325 2128 4365 eum
2160 4309 2228 4364 de
2258 4311 2370 4381 [ΑΙ.
2400 4310 2489 4381 ex]
2520 4312 2937 4381 discerpentium
2972 4313 3248 4382 manibus,
3283 4330 3375 4384 per
3404 4319 3587 4371 occul-

2009 4420 2092 4464 tos
2125 4413 2302 4464 exitus
2335 4411 2350 4460 l
2390 4410 2609 4476 eduxit,
2658 4427 2721 4465 ac
2751 4413 2887 4480 fuga:
2916 4417 3042 4484 (qua
3070 4417 3238 4470 solum
3273 4416 3474 4486 posset)
3502 4433 3586 4471 sa-

2009 4509 2173 4563 lutem
2224 4509 2434 4564 monuit
2475 4511 2872 4594 commendare.
2915 4512 3212 4570 Concilium
3257 4524 3436 4570 tamen
3467 4532 3590 4572 rur-

2008 4626 2125 4666 sum
2174 4611 2540 4678 conveniens,
2587 4621 2835 4683 tanquam
2886 4615 2931 4669 si
2975 4617 3106 4672 nihil
3147 4621 3366 4675 omnino
3393 4623 3585 4691 depre-

2009 4712 2233 4767 hensum
2267 4712 2451 4766 fuisset
2473 4752 2488 4779 ,
2536 4721 2594 4767 ut
2618 4715 2922 4770 confessum
2949 4716 3016 4772 de
3045 4718 3320 4775 intentatis
3349 4723 3590 4777 crimini-

2008 4852 2120 4903 ηαδὶ
2151 4851 2327 4901 hauet.

2082 4921 2357 5000 s-IToaccnt:
2384 4920 2580 5000 vulgati
2610 4937 2718 5000 esse
2741 4938 2760 4977 :
2785 4940 2934 4994 :rque
2966 4928 3118 4981 liene.
3163 4923 3588 5000 Cogimttl'ejus-

2011 4991 2154 5043 modi
2188 4990 2452 5044 interdum
2499 4994 2788 5048 lectionum
2833 4990 2887 5050 et
2936 5014 3032 5052 nos
3080 4990 3338 5054 rationem
3385 4990 3584 5056 habere

2011 5061 2246 5184 laliquam
2269 5100 2283 5125 ,
2312 5062 2524 5129 quando
2553 5065 2853 5121 Caeciarius
2882 5068 2933 5121 itt
2965 5071 3028 5123 iis
3059 5086 3323 5126 summam
3353 5075 3431 5127 rei
3474 5089 3539 5128 co
3561 5101 3587 5115 -

2031 5140 2168 5184 ocat.

2031 5140 2168 5184 00111..

2085 5199 2114 5237 ιι
2156 5201 2369 5282 Addunt
2419 5203 2611 5282 vulgati
2656 5206 2725 5282 ing
2761 5211 3227 5278 prmpositionem,
3258 5228 3417 5282 quam
3450 5228 3580 5266 mss.

2011 5271 2276 5351 ignorant.
2309 5271 2657 5351 Gnarnerian.
2690 5271 2986 5351 deposceret
3011 5298 3103 5349 pro
3134 5271 3443 5351 deposceret.

2093 5342 2110 5380 ί
2153 5343 2505 5416 Quarttet'ian.
2563 5362 2616 5398 se
2663 5342 2895 5402 dixerant
2922 5342 3092 5404 scisse.
3137 5342 3294 5414 Inira,
3323 5355 3504 5416 juncto
3530 5366 3584 5404 e-

2013 5413 2139 5487 tiam
2161 5413 2529 5487 -βοιιοῐιίεξηεή,⁸
2547 5418 2861 5472 acclamatur
2893 5437 2985 5487 pro
3011 5413 3378 5474 conclamatur.

2089 5483 2104 5533 i
2154 5483 2242 5538 Sic
2270 5493 2322 5537 et
2352 5499 2482 5555 mss.
2518 5484 2708 5542 habent
2741 5501 2795 5541 et
2844 5483 3038 5555 vulgati
3091 5491 3231 5544 libri.
3279 5488 3582 5544 Cacciarins

2017 5555 2084 5608 de
2111 5567 2247 5620 suo,
2282 5561 2337 5607 ut
2382 5554 2612 5619 videtur,
2664 5559 2895 5612 deduxit.
2928 5561 3276 5613 Guarnerian.
3329 5562 3396 5612 ab
3439 5563 3582 5614 ine-

2019 5635 2213 5694 qnente
2241 5624 2480 5698 periodo,
2514 5627 2691 5698 verbis
2721 5625 3002 5680 Concilium
3027 5638 3194 5681 tamen
3215 5672 3228 5692 ,
3260 5640 3417 5698 caput
3446 5632 3582 5682 :tltc-

2022 5713 2139 5750 rum
2167 5693 2478 5770 exorditur._
2514 5695 2585 5748 Ibi
2615 5706 2685 5770 e_t_
2711 5712 2913 5770 vocem,
2948 5701 3152 5751 omnino
3188 5693 3584 5770 Cllll'l-thigztlls

2022 5770 2234 5838 retinet,
2264 5764 2349 5815 ubi
2380 5763 2584 5838 di_citur_
2611 5767 2740 5818 nihil
2781 5769 3021 5834 omnino,
3073 5785 3228 5838 quam
3257 5763 3580 5838 Caccaartus,

2023 5835 2222 5892 lectore
2252 5848 2347 5888 nec
2375 5833 2668 5902 admonito,
2696 5838 2916 5905 respuit.

3131 5937 3202 5996 16
