4166 6348
596 366 701 419 «lli-3

1594 362 1824 421 RUFINI
1862 362 2338 430 AQUILEIENSIS
2379 364 2813 423 PRESBYTER!

3749 377 3849 434 ωδ

597 484 865 551 ομοούσιον
905 479 1054 551 quasi
1090 480 1326 549 ignOtum
1356 486 1410 532 et
1439 491 1468 531 a
1492 478 1780 546 Scripturis
1807 478 2040 533 alienum
2072 495 2183 532 scr-
2215 474 2258 532 Α
2290 482 2471 548 doxio,
2513 498 2633 537 cum
2685 483 2838 538 multi
2886 482 3217 539 diversarum
3256 483 3465 540 urbium
3511 485 3761 560 Episc0pi
3788 493 3851 548 ad

596 588 806 628 nionem
836 572 1027 627 auferri
1056 573 1121 625 de
1150 572 1268 625 lidci
1301 569 1648 637 Expositione
1686 571 2002 637 decernunt,
2033 585 2181 623 com-

595 677 1010 730 muntonctuquc
1050 676 1199 714 suam
1250 660 1621 713 ltmreticorum
1663 660 1920 715 societate
1947 676 2183 713 comma-

594 754 795 819 culaut.
830 754 902 807 Ea
938 762 1248 820 tempestate
1273 752 1431 804 facies
1457 750 1715 807 Ecclesia:
1745 751 1886 807 foeda
1914 762 1966 804 et
1996 751 2181 805 admo-

596 846 721 919 dum
750 845 918 913 turpis
936 854 1070 899 erat.
1095 842 1207 897 Non
1235 843 1375 895 enim
1405 844 1544 896 sicut
1564 844 1720 912 prius
1747 844 1814 897 ab
1855 853 1880 879 ἰ
1920 843 2178 908 externis,

595 940 690 994 scd
721 954 748 991 a
782 936 1006 1006 propriis
1035 934 1363 989 Vastabatur.
1395 934 1633 1002 Fugabat
1664 936 1820 999 alius,
1853 935 1992 991 alius
2026 936 2185 1004 fuga-

596 1030 767 1097 batur,
786 1037 838 1081 et
865 1038 1083 1097 uterque
1112 1026 1178 1081 de
1207 1027 1445 1081 Ecclesia
1476 1037 1612 1081 erat.
1648 1028 1753 1080 Ara
1783 1042 2183 1096 nusquam,ncc

596 1118 909 1186 immolatio,
926 1132 1025 1171 nec
1050 1116 1295 1170 libamina
1313 1133 1327 1170 :
1348 1118 1718 1186 praevaricatio
1740 1124 1916 1172 tamen
1931 1127 1987 1172 ct
2006 1117 2183 1185 lapsus

592 1221 725 1275 erat,
755 1225 817 1265 ac
866 1210 1015 1265 ruina
1061 1210 1371 1263 multorum.
1421 1208 1624 1263 Similis
1655 1225 1833 1279 paena,
1865 1210 1957 1264 sed
2000 1210 2183 1277 impar

593 1305 835 1359 victoria.
851 1303 1111 1359 Similiter
1134 1302 1491 1366 cruciabatur,
1511 1302 1668 1373 251
1688 1301 1783 1357 sed
1805 1316 1910 1357 non
1936 1302 2176 1355 similiter

592 1396 1025 1469 glorificabantur
1080 1412 1093 1448 ε
1140 1396 1261 1463 quia
1290 1393 1508 1448 dolebat
1554 1394 1793 1449 Ecclesia
1830 1395 1988 1449 etiam
2038 1393 2182 1449 illius

593 1504 797 1557 casum,
830 1488 919 1558 qui
944 1486 1245 1558 impelltbat
1272 1485 1338 1540 ad
1371 1485 1596 1555 lapsum.

1174 1614 1400 1670 CAPUT
1446 1613 1612 1669 XXII.

907 1726 982 1782 De
1008 1726 1205 1781 Liberio
1230 1725 1489 1797 Episcopo
1520 1724 1657 1777 urbis
1689 1723 1886 1779 Rom.

686 1833 848 1904 Igitur
884 1829 1151 1892 Liberius,
1180 1828 1269 1897 qui
1300 1836 1414 1895 post
1438 1824 1635 1879 Julium
1663 1823 1859 1892 Marci,
1892 1836 2050 1891 quem
2078 1822 2181 1878 Sil-
2212 1846 2258 1906 Β

595 1937 771 1979 voster
802 1930 1171 1993 prmeesseral,
1204 1932 1590 1985 successorem,
1624 1918 1676 1970 in
1708 1916 1842 1971 urbe
1872 1915 2043 1970 Roma
2075 1932 2171 1986 per

596 2019 735 2071 idem
759 2015 786 2055 δ
814 2027 1021 2084 tempus
1049 2012 1345 2067 sacerdotio
1371 2010 1713 2078 fungebatur,
1746 2010 1798 2064 in
1824 2010 2041 2065 exilium
2067 2020 2180 2064 tru-

595 2109 735 2161 ditur
773 2123 788 2161 :
824 2108 984 2175 inque
1011 2103 1127 2174 ejus
1155 2105 1330 2159 locum
1350 2102 1503 2158 Felix
1533 2103 1789 2157 diaconus
1816 2116 1944 2156 suus
1972 2103 2042 2156 ab
2070 2108 2180 2155 ha:-

595 2201 772 2257 reticis
818 2200 1159 2269 subrogatur.
1211 2197 1275 2251 Et
1322 2210 1430 2250 non
1476 2204 1583 2249 tam
1623 2203 1785 2249 secta:
1832 2194 2180 2260 diversitate,

594 2308 749 2361 quam
802 2290 1199 2346 communionis
1245 2298 1303 2344 et
1345 2298 1367 2327 ε
1426 2287 1779 2343 ordinationis
1834 2288 2181 2344 conniventia

594 2383 917 2439 maculatur.

1162 2471 1389 2529 CAPUT
1419 2470 1615 2527 XXII].

759 2587 835 2641 De
855 2584 1303 2655 lcrosolymorum
1330 2591 1374 2637 et
1402 2581 1731 2637 Alexandria
1752 2580 2045 2651 Episcopis.

664 2700 1017 2772 Jcrosolymis
1040 2714 1169 2755 vero
1195 2696 1425 2771 Cyrillus
1444 2706 1565 2768 post
1587 2697 1897 2764 Maximum,
1926 2696 2185 2751 sacerdo-

598 2796 672 2850 tio
700 2794 923 2850 confusa
950 2793 1060 2862 jam
1096 2792 1431 2847 ordinatione
1473 2799 1725 2862 suscepto
1746 2830 1761 2855 ,
1808 2790 2093 2861 aliquando
2124 2792 2175 2844 in

599 2885 725 2952 fide,
755 2886 952 2955 schius
974 2884 1028 2941 in
1060 2885 1436 2938 communione
1456 2882 1719 2938 variabat.
1756 2883 1911 2953 Apud
1942 2883 2177 2937 Alexan—

599 2980 773 3034 driam
817 2974 995 3035 rerod
1044 2977 1309 3047 Georgius
1351 2976 1479 3030 satis
1516 2973 1817 3045 procaciter
1867 2975 1921 3030 vi
1967 2985 2177 3044 raptum

604 3076 972 3139 episcopatum
1004 3069 1255 3141 gerebat,
1290 3068 1361 3123 ita
1393 3080 1449 3121 ut
1479 3067 1649 3137 magis
1672 3067 1774 3123 sibi
1799 3066 1935 3137 juris
1965 3066 2177 3121 dicendi

598 3164 832 3218 creditos
866 3164 1059 3229 fasces,
1086 3176 1243 3231 quam
1273 3160 1631 3217 sacerdotium
1658 3160 2069 3217 ministrandum
2096 3174 2181 3216 re-

600 3246 805 3326 ligiosis
831 3251 1026 3307 ofﬁciis
1056 3251 1373 3307 testiinaret.

1157 3387 1382 3444 CAPUT
1426 3387 1617 3444 XXIV.

672 3509 749 3564 De
770 3518 794 3547 ο
828 3510 1164 3579 permixtione
1193 3504 1563 3581 Episwporum
1592 3508 1733 3578 apud
1755 3507 2104 3563 Antiochiam.

672 3621 825 3689 Apud
857 3621 1193 3676 Antiochiam
1224 3637 1355 3676 sane
1384 3618 1612 3677 diversis
1647 3620 1979 3689 temporibus
2008 3622 2179 3676 multa

604 3725 657 3772 et
689 3713 980 3769 admodum
1009 3713 1234 3769 confuse
1266 3723 1414 3785 gesta
1446 3725 1589 3769 sunt.
1622 3710 1755 3769 Nam
1780 3710 2034 3770 defuncto
2064 3713 2183 3771 Eu-

681 3881 703 3909 ·
747 3871 801 3925 1η
854 3870 1171 3927 Bononiensi
1217 3872 1278 3925 ab
1306 3872 1509 3926 exlcris.
1542 3871 1657 3925 Mox
1689 3872 2041 3928 Guarnerian.
2065 3889 2187 3931 cum

607 3942 978 4012 Regio-Vatic.
1008 3943 1355 4012 gloriabantur
1385 3957 1477 4010 pro
1506 3941 1944 4012 gloriﬁcabantur.

684 4013 711 4052 δ
740 4011 855 4068 lam
881 4015 947 4067 ab
978 4011 1118 4067 anno
1144 4011 1267 4065 552.
1302 4013 1593 4066 Roman-un
1624 4011 1949 4068 Cathedram
1981 4016 2189 4071 obtine-

608 4084 702 4138 bat
743 4100 756 4137 :
801 4094 950 4139 actus
979 4092 1153 4137 autem
1180 4094 1261 4137 est
1301 4082 1353 4135 in
1387 4084 1604 4137 exilium
1638 4099 1728 4137 an.
1762 4081 1887 4137 555.
1922 4098 2185 4150 exeunte.

610 4164 728 4224 post
758 4154 1046 4217 biennium,
1067 4162 1135 4224 _et
1160 4152 1301 4223 quod
1330 4156 1586 4215 excurrit.
1612 4154 1726 4224 sive
1748 4153 1899 4207 initio
1924 4153 2051 4211 358.
2084 4156 2191 4209 llo-

612 4222 751 4297 inam
789 4228 1021 4293 repetiit.
1052 4222 1404 4297 Guarnerian.
1434 4239 1536 4279 ms.
1568 4240 1662 4295 pro
1689 4222 1853 4294 Inque
1886 4229 1995 4297 ejus
2022 4227 2190 4281 locum

611 4295 776 4350 habet
798 4298 850 4349 in
880 4312 979 4364 quo
1010 4297 1120 4367 ejus
1145 4296 1275 4367 loco.

688 4378 710 4403 ο
740 4364 1059 4419 Bononiens.
1087 4364 1391 4425 cohibentia,
1414 4367 1553 4433 quod
1576 4366 1643 4420 ab
1663 4366 1889 4419 aliorum
1914 4382 2044 4421 mss.
2066 4383 2190 4422 cono

614 4438 835 4490 niventia
881 4453 1063 4505 parum
1104 4437 1324 4490 abludit.
1367 4435 1576 4505 Vulgari
1620 4447 1795 4490 autem
1841 4436 1959 4491 libri
2006 4454 2190 4491 corrue-

612 4509 802 4560 nientia
833 4522 849 4561 .'
888 4524 1006 4573 qua:
1035 4521 1207 4574 neque
1238 4507 1523 4577 incongrua
1561 4508 1719 4577 lectio
1750 4508 1992 4577 ipsaiest,
2025 4509 2191 4577 siqui-

614 4578 734 4657 dem
757 4587 811 4657 et
856 4589 1057 4657 notare
1087 4576 1216 4657 illud
1259 4576 1480 4657 [iutilius
1520 4576 1887 4657 voluitl-quod
1906 4576 2101 4657 “fuerit
2123 4578 2189 4657 ab
2221 4598 2268 4657 υ

618 4648 826 4701 Arianis
855 4649 1148 4700 ordinatus.
1186 4646 1243 4700 S.
1285 4647 1634 4712 Hieronymus
1678 4644 1779 4699 lib.
1809 4646 1877 4699 de
1906 4644 2190 4712 Scriptori-

615 4718 717 4772 bus
758 4718 1116 4772 Ecclesiastic.
1148 4731 1267 4768 eum
1309 4716 1437 4768 dicit
1482 4715 1643 4769 luisse
1672 4716 1741 4769 ab
1772 4718 1965 4770 Acacio
2007 4715 2191 4771 Gaesa-

618 4789 800 4849 rieusi,
837 4790 1015 4840 uerna:
1048 4787 1368 4853 Episcopum
1396 4786 1764 4840 constitutum.
1792 4785 1999 4839 Vitlesis
2028 4787 2191 4840 Atha-

624 4860 828 4911 nasium
855 4856 1015 4924 Epist.
1040 4859 1104 4908 ad
1129 4855 1415 4908 Monachus
1440 4872 1454 4905 :
1487 4857 1757 4908 Socratem
1778 4871 1987 4924 quoque
2011 4856 2103 4909 lib.
2127 4856 2193 4911 ll.

622 4927 862 5050 chksz
892 4927 991 4981 sub
1018 4927 1196 4992 linem,
1231 4934 1283 4979 ct
1313 4927 1669 4981 Sozomenutn
1697 4925 1787 4980 lib.
1822 4925 1911 4980 IV.
1943 4939 2099 4995 capp.
2134 4928 2192 4979 ll

623 5012 651 5050 c
771 5039 784 5050 .

623 5005 675 5051 ει
701 5005 784 5051 15.

699 5064 724 5102 ἀ
757 5066 954 5121 llecole
980 5079 1098 5132 qua:
1126 5064 1193 5118 de
1221 5064 1313 5117 illo
1340 5064 1581 5131 superius
1602 5079 1665 5117 ex
1688 5064 1918 5119 Historia
1945 5064 2200 5133 acephala

625 5136 748 5204 (col.
792 5152 959 5207 prata.
977 5136 1029 5187 in
1068 5136 1336 5207 finenota:
1369 5140 1382 5185 l
1416 5150 1529 5207 qua:
1568 5135 1747 5207 incipit
1775 5136 1872 5189 col.
1905 5134 2031 5204 492)
2061 5137 2201 5191 dicta

627 5216 770 5261 sunt.
793 5205 883 5262 'De
912 5205 1151 5275 ejusdem
1183 5205 1362 5258 infami
1396 5205 1539 5259 exitu
1572 5219 1692 5256 mox
1722 5206 1980 5259 dicemus.

698 5288 721 5314 θ
756 5274 1000 5347 Legimus
1034 5274 1107 5347 De
1136 5276 1469 5347 permixtione
1500 5284 1605 5347 tum
1633 5274 1878 5347 codicum
1912 5291 2039 5329 mss.
2066 5292 2200 5345 quos

628 5349 680 5402 iu
708 5343 941 5401 Eleneho
964 5346 1316 5413 capitulorum
1344 5343 1695 5415 laudavimus,
1732 5353 1839 5398 tum
1870 5346 1982 5413 ipso
2008 5343 2202 5415 cogen-

628 5430 685 5472 te
726 5417 899 5471 Rufini
945 5418 1239 5483 proposito,
1284 5424 1395 5468 toto
1443 5413 1799 5483 subsequente
1839 5413 2093 5469 contextu
2132 5420 2200 5473 de

629 5488 788 5544 rebus
816 5488 950 5556 apud
978 5486 1312 5540 Antiochiam
1343 5485 1618 5538 admodum
1641 5484 1848 5552 confuse
1870 5496 2057 5556 gestis.
2090 5491 2199 5541 An-

630 5569 714 5613 tea
740 5564 930 5613 leCtum
963 5558 1249 5610 ambitione.

706 5628 722 5665 τ
748 5629 1076 5683 Adverbium
1107 5629 1257 5680 etiam
1286 5622 1635 5696 Guarnerian.
1666 5638 1766 5681 ms.
1800 5627 2087 5696 postponit,
2119 5628 2200 5682 le-

633 5698 812 5767 gitque
839 5700 1079 5766 prwdives
1106 5698 1254 5750 etiam
1283 5694 1501 5767 molitio.

727 5763 871 5821 itDuo
893 5783 1020 5821 mss.
1046 5767 1408 5829 substantibus,
1428 5763 1700 5836 Cacciario
1721 5773 1876 5830 teste,
1900 5767 1986 5836 qui
2012 5766 2203 5822 deinde

633 5838 811 5892 minus
841 5840 973 5892 bene
1012 5846 1068 5894 et
1103 5836 1488 5907 refragantibus
1521 5835 1665 5893 libris
1705 5838 1898 5893 nosuis
1921 5835 2196 5907 omnibus,

2287 573 2430 627 illam
2462 575 2646 629 sedem
2679 590 2883 629 summa
2933 575 3224 631 ambitione
3271 580 3585 645 niterentur,
3628 581 3692 635 ad
3726 582 3848 637 ulti-

2285 678 2428 717 mum
2459 648 2725 718 Melctium
2758 664 2826 718 de
2853 664 3091 719 Sebastia
3122 667 3384 721 Armeniae
3406 668 3640 733 civitate,
3668 680 3852 725 contra

2282 755 2495 810 decreta
2526 756 2736 811 concilii
2762 756 2885 810 illuc
2916 757 3267 811 transferunt.
3300 758 3402 823 Qui
3433 769 3609 815 tamen
3637 762 3703 814 ab
3730 763 3856 831 ipsis

2283 860 2496 901 rursum
2528 846 2579 900 in
2611 849 2769 918 252
2809 848 3032 902 exilium
3067 849 3317 913 truditur,
3350 852 3489 919 quod
3520 863 3706 907 contra
3732 858 3849 921 opi-

2284 938 2497 993 nionem
2526 940 2766 1008 ipsorum
2798 956 2903 995 non
2937 942 3070 1008 Arii,
3121 942 3213 997 sed
3245 952 3483 999 nostram
3513 945 3669 1000 fidem
3701 949 3857 1014 erepit

2282 1030 2334 1085 in
2362 1029 2599 1087 Ecclesia
2632 1034 2944 1102 pmdicare.
2977 1033 3146 1100 Quem
3176 1050 3367 1107 magna
3397 1038 3550 1107 plebs
3574 1039 3702 1094 sede
3739 1037 3856 1111 [ΑΙ.

2290 1117 2564 1193 Ecclesia]
2595 1122 2876 1191 depulsum
2908 1133 3118 1187 secuta.
3166 1127 3233 1181 ab
3270 1127 3642 1183 haereticorum
3682 1129 3858 1185 socie-

2285 1221 2390 1268 tate
2419 1212 2714 1270 divellilur.

2859 1370 3083 1430 CAPUT
3122 1372 3287 1430 XXV.

2282 1474 2361 1531 De
2385 1479 2657 1533 schismate
2696 1480 3033 1547 Arianorum,
3059 1484 3196 1549 quod
3234 1486 3283 1537 in
3315 1492 3415 1537 tres
3446 1494 3615 1552 partes
3643 1486 3861 1539 divisum

2353 1580 2425 1624 est
2448 1586 2467 1624 :
2491 1580 2536 1623 et
2566 1574 2775 1641 quidam
2798 1590 2973 1627 eorum
2994 1573 3325 1639 Eunomiani,
3358 1577 3449 1629 alii
3472 1574 3855 1645 Macedoniani,

2351 1664 2443 1717 alii
2465 1681 2579 1718 vero
2606 1676 2993 1737 permanserunt
3021 1668 3223 1724 Ariani.

2353 1796 2559 1855 Interea
2592 1809 2650 1855 ut
2674 1801 2961 1870 aliquando
2988 1800 3008 1841 ί
3042 1803 3202 1857 etiam
3223 1803 3273 1857 in
3302 1805 3639 1873 semetipsam
3663 1804 3864 1874 prandio

2285 1904 2377 1943 ves
2417 1891 2615 1945 malitia
2664 1892 2971 1957 desawiret,
3013 1894 3353 1960 sacerdotes,
3397 1903 3453 1948 et
3502 1895 3702 1963 populi,
3750 1898 3865 1965 qui,

2284 1978 2414 2035 Ario
2441 1981 2598 2047 duce,
2640 1982 2882 2051 primitus
2923 1982 3133 2037 fuerant
3174 1985 3241 2038 ab
3271 1982 3512 2039 Ecclesia
3545 1985 3762 2051 diviil-i,
3810 1986 3866 2039 in

2294 2079 2405 2126 tres
2455 2070 2633 2126 denuo
2683 2083 2861 2126 sectas
2913 2081 3198 2143 partesque
3252 2074 3543 2129 finduntur.
3599 2075 3732 2130 Nam
3793 2076 3869 2131 illi

2286 2161 2447 2233 (quos
2482 2161 2640 2229 paulo
2686 2162 2934 2232 superius
2961 2164 3289 2230 dixeramus,
3324 2179 3427 2217 non
3456 2164 3871 2233 adquiescentes

2288 2255 2505 2310 Eusebii
2555 2265 2978 2325 caeterorumque
3026 2257 3484 2325 simulationibus,
3561 2272 3679 2311 cum
3739 2258 3871 2311 Ario

2286 2351 2502 2405 exilium
2527 2350 2829 2420 pertulisse)
2853 2352 3192 2420 postmodum
3222 2366 3317 2405 nec
3341 2351 3438 2421 ipsi
3464 2350 3589 2404 Ario
3616 2365 3871 2421 regresso

2288 2438 2355 2493 de
2382 2438 2541 2492 exilio
2569 2440 2971 2494 communicare
3002 2440 3311 2506 voluerunt,
3353 2453 3419 2494 eo
3446 2440 3585 2508 quod
3617 2440 3870 2494 simulata

2286 2526 2622 2584 confessione
2651 2531 3103 2585 communicasset
3133 2530 3216 2596 iis,
3258 2530 3349 2600 qui
3374 2530 3440 2584 de
3470 2531 3581 2599 ipsa
3612 2530 3868 2585 siibstan-

2289 2623 2363 2675 tia
2393 2622 2484 2675 Dei
2511 2622 2683 2676 Patris
2712 2622 2905 2677 Filium
2935 2624 3318 2677 confiterentur
3342 2638 3357 2674 :
3385 2622 3507 2689 quia
3536 2622 3634 2689 ipsi
3660 2636 3719 2675 ea
3745 2636 3870 2690 qua)

2288 2716 2464 2785 primo
2503 2715 2589 2768 dor
2608 2726 2759 2770 uerat
2800 2715 2989 2783 Arius,
3032 2731 3102 2769 ex
3136 2715 3293 2769 nullis
3316 2722 3341 2759 κ
3375 2716 3682 2768 extantibus
3703 2727 3870 2769 cres-

2291 2816 2398 2860 tum
2426 2816 2479 2860 et
2509 2806 2730 2871 factum,
2770 2822 2875 2861 non
2914 2817 3094 2861 natum
3132 2805 3346 2873 Filium,
3384 2806 3513 2861 satis
3546 2807 3731 2873 libera,
3766 2820 3869 2863 svn

2290 2897 2467 2967 potius
2498 2897 2789 2966 impudenti
2821 2897 3154 2967 blasphemia
3185 2898 3595 2951 conlirmabant.
3626 2898 3778 2963 Quod
3816 2908 3872 2956 et

2289 2998 2411 3057 post
2438 2988 2652 3043 illorum
2683 2989 2887 3043 obitum
2917 2990 3103 3045 Aetius
3130 2989 3367 3060 quidam,
3400 2998 3522 3059 post
3546 2989 3757 3044 Aetium
3785 3004 3875 3043 va-

2288 3080 2445 3135 lidius
2474 3090 2530 3136 et
2562 3081 2720 3134 latius
2762 3082 3039 3135 asserebat
3075 3080 3391 3144 Eunomius,
3426 3081 3508 3134 vir
3538 3094 3767 3148 corpore
3818 3089 3875 3135 et

2292 3172 2471 3227 anima
2490 3171 2753 3243 leprosus,
2770 3173 3064 3228 etinterius
3091 3172 3431 3241 exteriusque
3471 3173 3661 3226 morbo
3717 3172 3874 3243 regis

2286 3260 2318 3302 ³³
2340 3274 2645 3333 corruptus,
2662 3278 2779 3319 arte
2805 3263 3273 3319 tameudislectica
3299 3271 3624 3333 prapotens,
3641 3262 3873 3332 plurima

2287 3364 2473 3412 contra
2516 3356 2676 3410 Iidem
2726 3366 2961 3410 nostram
3000 3356 3250 3424 scripsit,
3290 3365 3344 3410 et
3374 3354 3680 3420 disputandi
3726 3356 3874 3425 leges

2286 3450 2640 3507 sectatoribus
2658 3448 2771 3505 suis
2794 3450 2963 3505 dedit.
2991 3451 3035 3505 A
3057 3463 3163 3519 quo
3189 3449 3347 3504 etiam
3379 3464 3516 3504 nunc
3540 3448 3872 3506 Eunomiaua

2288 3540 2509 3598 haeresis
2527 3542 2849 3612 appellatur.
2876 3542 3026 3597 Alius
3041 3557 3255 3612 quoque
3268 3540 3612 3596 Macedonius
3626 3541 3873 3608 nomine,

2289 3647 2472 3702 quem,
2522 3616 2723 3687 nostris
2763 3632 3025 3702 expulsis,
3058 3631 3076 3670 ί
3123 3636 3228 3687 imo
3263 3633 3439 3700 potius
3466 3633 3698 3697 necatis,
3733 3634 3875 3700 apud

2288 3726 2812 3801 Constantinopolim
2852 3734 3145 3784 statuerant
3172 3724 3495 3798 Episcopum
3516 3766 3532 3792 ,
3562 3727 3683 3797 quia
3713 3724 3877 3798 253

2288 3882 2379 3938 sed
2408 3883 2573 3950 potius
2614 3897 2709 3950 pro
2746 3899 2833 3937 seu
2853 3883 3021 3952 potius
3058 3880 3200 3950 legit.
3234 3880 3376 3935 Idem
3409 3881 3478 3935 de
3512 3879 3666 3952 Aetio
3698 3890 3875 3946 notat,

2290 3954 2429 4023 quod
2452 3954 2715 4007 Diaconos
2735 3953 2989 4008 Ecclesia:
3021 3953 3388 4023 alexandrina)
3413 3951 3689 4023 ordinatus
3704 3954 3877 4023 luerit

2290 4021 2321 4077 εἰ
2363 4025 2594 4092 Georgio
2643 4026 2838 4076 Ariano
2881 4023 3167 4093 EpiSCupo.
3212 4022 3355 4076 Satis
3395 4024 3622 4075 erudito.
3674 4021 3875 4093 Verum

2291 4091 2542 4149 Socrates
2565 4095 2658 4147 lib.
2684 4093 2749 4148 ll.
2773 4107 2891 4160 cap.
2918 4094 3006 4147 55.
3030 4091 3169 4157 quod
3198 4094 3445 4146 nimirum
3468 4096 3535 4146 de
3556 4093 3711 4145 Aetio
3734 4091 3803 4161 St
3818 4109 3879 4146 ro

2293 4164 2539 4219 Eunomii
2588 4164 2840 4229 magistro
2869 4163 3189 4225 inscribitur,
3223 4178 3344 4216 eum
3389 4167 3567 4224 tradit,
3594 4164 3697 4216 ὑπὸ
3722 4177 3880 4218 Asop-

2290 4237 2427 4298 τίον,
2459 4250 2490 4285 a
2540 4232 2778 4297 Leontio,
2814 4232 3161 4287 Antiochena
3202 4231 3347 4301 urbis
3393 4232 3656 4301 Episcopo
3688 4235 3879 4288 diaco—

2292 4320 2419 4358 num
2449 4304 2772 4357 ordinatum.
2810 4302 2958 4365 Vide,
2990 4303 3076 4356 cui
3105 4303 3258 4356 malis
3287 4300 3451 4355 fidem
3471 4301 3747 4357 adhibere.

2375 4391 2403 4432 ιι
2432 4391 2782 4447 Guarnerian.
2808 4393 3038 4457 interior,
3055 4406 3103 4447 et
3124 4395 3340 4447 exterior
3359 4410 3378 4447 :
3404 4404 3509 4447 tum
3526 4392 3883 4448 Bononiensis

2291 4476 2551 4534 correptos
2585 4480 2678 4531 pro
2705 4475 2996 4534 corruptus,
3030 4472 3086 4518 et
3103 4475 3213 4518 arte
3242 4473 3438 4517 tantum
3463 4465 3752 4529 dialectico,
3784 4480 3885 4533 pro

2294 4547 2405 4589 arte
2434 4547 2620 4601 tamen,
2654 4546 2757 4589 etc.

2374 4624 2392 4663 ί
2431 4626 2637 4694 Vulgari
2682 4623 2760 4679 vel
2792 4625 2983 4695 potius.
3014 4625 3160 4679 lianc
3190 4636 3402 4693 quoque
3435 4630 3650 4688 prtestat
3686 4622 3759 4677 ab
3789 4623 3885 4677 Hi-

2299 4698 2461 4753 Storia
2493 4699 2768 4760 acephala,
2803 4698 2993 4763 Saepius
3025 4697 3236 4748 laudato
3261 4695 3578 4761 exitiumque
3610 4695 3730 4747 tidei
3756 4711 3885 4763 nio-

2302 4768 2561 4831 nimento,
2592 4768 2949 4819 narrationem
2973 4766 3296 4825 describere,
3327 4780 3446 4833 qua:
3480 4780 3508 4816 a
3542 4763 3704 4817 Paulo
3736 4762 3884 4816 Con-

2304 4838 2786 4903 stantinOpolitante
2812 4838 2953 4889 sedis
2981 4836 3241 4902 Episcopo
3271 4835 3321 4888 in
3350 4835 3676 4903 exsiliumin
3700 4834 3884 4887 Arme—

2304 4908 2445 4961 nium
2489 4902 2767 4976 deportato
2822 4909 2889 4959 ita
2940 4915 3297 4976 c0ntexttur:
3359 4903 3541 4976 Valens
3585 4902 3884 4976 Eudoxium

2307 4973 2790 5030 hmexeos'Arianm
2805 4978 3016 5041 socium,
3048 4986 3094 5028 et
3127 4974 3421 5043 participem
3446 4973 3739 5043 Theodorus
3764 4989 3884 5026 cum

2311 5049 2485 5101 ceteris
2513 5047 2693 5099 throno
2728 5046 2955 5098 Civitatis
2985 5041 3259 5109 imponere,
3292 5041 3583 5096 ordinatum
3614 5041 3889 5095 Germani-

2308 5134 2410 5181 crr;
2445 5121 2636 5184 populo
2675 5132 2791 5170 vero
2832 5127 2968 5169 moto
3000 5117 3065 5166 μά
3103 5118 3421 5180 seditiomm,
3466 5125 3640 5184 etinon
3673 5115 3887 5180 permit-

2310 5183 2451 5240 lente
2473 5204 2773 5257 quemquam
2804 5187 2977 5257 sedere
3018 5188 3069 5237 in
3114 5186 3294 5253 throno
3331 5186 3463 5237 beati
3502 5183 3691 5257 Pauli;
3720 5186 3889 5235 adsu-

2308 5269 2496 5310 mentes
2529 5254 2911 5318 Macedonium,
2945 5255 3099 5307 Pauli
3130 5254 3886 5324 presbyterum,ordinaverunt

2310 5326 2620 5394 Episcopum
2644 5326 3222 5395 Coustantinopolitaute
3244 5327 3472 5377 civitatis
3497 5340 3516 5377 :
3544 5328 3887 5395 quemromnis

2310 5395 2681 5466 Episcoporum
2711 5407 2981 5448 conventus
3017 5396 3307 5458 damnavit,
3346 5396 3595 5466 quoniam
3639 5394 3887 5466 adversus

2306 5462 2453 5519 suum
2484 5462 2678 5534 patrem
2717 5467 3083 5538 impositionem
3119 5479 3301 5517 manus
3334 5465 3687 5518 Iiwreticorum
3726 5462 3888 5530 impe

2305 5540 2545 5607 suscepit.
3824 5568 3831 5569 κ

2380 5628 2710 5681 Macedonius
2746 5637 2911 5680 tamen
2949 5638 3211 5696 postquam
3246 5627 3633 5681 communicavit
3666 5624 3808 5688 illis,
3840 5632 3890 5675 et

2307 5700 2622 5766 subscripsit,
2642 5701 2927 5751 occasiones
2955 5698 3267 5767 ingesserunt
3302 5700 3494 5749 nullius
3524 5698 3769 5751 momenti
3792 5700 3892 5767 ,-__et

2306 5764 2589 5822 amovcntcs
2614 5770 2676 5819 de
2699 5768 2948 5830 Ecclesia,
2978 5764 3286 5821 constituunt
3304 5767 3598 5820 Eudoxium
3618 5764 3895 5830 supradic-

2307 5850 2414 5893 tum
2457 5834 2865 5892 Antiochensem.
2920 5836 3067 5893 Unde
3104 5840 3155 5893 in
3196 5839 3292 5891 hac
3326 5839 3603 5893 secessione
3636 5833 3893 5888 Macedo-
