4166 6348
350 339 452 399 497

1239 326 1560 386 HISTORIA
1600 323 2156 384 ECCBESI‘ASTICA.
2201 326 2401 385 LIBER
2441 324 2715 388 PRIMUS.

3512 326 3621 385 I98

349 452 580 511 similem
621 449 763 507 Patri
790 446 981 504 Filium
1026 443 1307 510 fatebatur,
1333 445 1456 499 licet
1483 442 1741 513 Spiritum
1774 442 1936 497 Sanco
1967 452 2024 507 Αε
2049 446 2190 499 velut
2221 460 2452 514 arguens
2481 458 2762 515 perperam
2794 449 2957 514 gestat
2972 440 3295 510 Constantii,
3325 442 3633 514 Episcopos-

351 555 463 600 tum
515 556 670 610 aeque
720 549 779 595 ut
842 540 922 594 illi
967 536 1410 602 blasphemaret,
1470 544 1660 590 tamen
1701 534 1769 588 ab
1831 535 1937 589 illis

346 634 661 703 expellitur,
700 631 821 700 quia
866 629 1063 683 similia
1101 637 1158 680 ut
1185 626 1252 681 de
1298 626 1476 688 Patre,
1511 630 1673 679 etiam
1703 625 1769 680 de
1801 623 1937 678 Filio

348 724 688 793 pradicaret.
727 721 908 789 Neque
945 734 1072 774 vero
1105 717 1301 771 nostris
1330 716 1709 786 coniungitur,
1755 730 1787 769 a
1819 716 1936 783 qui-

347 816 445 870 bus
477 816 545 869 de
576 814 772 884 Spiritu
799 822 826 850 ι
847 812 1045 868 Sancto
1076 811 1283 864 diversa
1306 808 1545 862 sentiret.
1580 807 1653 861 Ita
1684 806 1934 875 pestifera

349 911 438 965 illa
485 911 681 973 beStia,
727 923 846 975 qua:
894 920 991 975 per
1021 905 1203 959 Arium
1244 903 1417 971 primo
1459 901 1609 971 quasi
1642 900 1707 954 de
1748 897 1936 954 inferis

347 1000 619 1055 extulerat
649 1004 840 1067 caput,
883 996 1063 1050 subito
1093 992 1354 1048 triformis
1381 992 1627 1062 apparuit
1658 1009 1671 1044 ε
1704 1006 1800 1061 per
1828 989 1937 1045 Eu-

348 1092 655 1155 nomianos,
698 1088 788 1154 qui
817 1087 1003 1141 dicunt
1038 1102 1132 1156 per
1173 1084 1350 1139 omnia
1381 1083 1699 1138 dissimilem
1742 1082 1933 1138 Filium

345 1178 516 1246 Patri,
558 1180 681 1251 quia
722 1180 870 1232 nullo
897 1191 1096 1248 genere
1136 1176 1329 1231 similis
1370 1177 1537 1244 possit
1566 1190 1688 1231 esse
1725 1173 1931 1230 factura

349 1272 540 1327 fat-tori
574 1287 591 1325 :
637 1271 742 1325 Per
784 1271 1035 1334 Arianos,
1077 1269 1167 1339 qui
1196 1268 1402 1334 dicunt,
1447 1266 1678 1320 similem
1716 1268 1931 1335 quidem

348 1378 509 1434 posse
557 1362 665 1418 dici
707 1363 899 1417 Filium
939 1361 1107 1424 Patri,
1160 1358 1253 1415 sed
1295 1359 1542 1429 largitate
1585 1358 1790 1428 gratias,
1826 1374 1931 1414 non

349 1457 682 1527 proprietate
712 1464 940 1518 naturas,
974 1454 1025 1506 in
1058 1461 1318 1521 quantum
1342 1452 1550 1506 scilicet
1578 1458 1754 1518 potest
1782 1466 1935 1505 crea-

348 1547 453 1602 tori
483 1558 729 1601 creatura
752 1542 987 1600 conferri
1013 1560 1027 1597 :
1052 1541 1156 1598 Per
1182 1542 1613 1604 Macedonianos,
1638 1543 1726 1610 qui
1747 1542 1935 1597 dicunt

344 1642 579 1695 similem
626 1638 843 1707 quidem
887 1636 1082 1693 Filium
1119 1652 1214 1706 per
1249 1637 1431 1690 omnia
1474 1635 1638 1700 Patri,
1678 1635 1930 1689 Sanctum

344 1747 477 1788 vero
517 1730 773 1799 Spiritum
798 1745 920 1785 cum
951 1728 1110 1785 Patre
1136 1737 1191 1782 et
1223 1726 1360 1782 Filio
1389 1726 1540 1782 nihil.
1559 1728 1757 1782 habere
1786 1742 1935 1781 com-

2036 536 2188 603 jnbet
2211 538 2278 591 de
2299 537 2485 591 exiliis
2504 537 2753 591 relaxari.
2785 536 2913 590 Post
2938 551 3071 591 vero
3092 536 3377 593 adversum
3409 547 3631 594 nostros

2044 638 2157 681 tota
2199 628 2427 681 nocendi
2467 636 2582 682 arte
2619 628 2918 696 consurgit.
2966 627 3184 683 Interim
3216 626 3308 695 qui
3342 626 3625 697 superfue-

2043 728 2164 773 rant
2198 720 2467 788 Ep’scopi,
2508 720 2576 775 de
2605 721 2783 776 exiliis
2823 721 3151 775 relaxantur.
3203 720 3335 777 Nam
3379 721 3625 776 Liberius

2041 812 2187 864 urbis
2213 810 2396 864 Romae
2423 810 2718 880 Episcopus
2742 852 2757 876 ,
2802 812 3117 867 Constantio
3144 812 3378 879 vivente,
3414 827 3626 881 regres-

2038 918 2131 958 sus
2157 914 2261 958 est.
2307 903 2410 959 Sed
2453 904 2554 959 hoc
2609 916 2785 958 utrum
2818 905 2959 973 quod
2991 905 3330 975 adquieverit
3361 905 3624 959 voluntati

2039 1008 2151 1046 sum
2190 992 2256 1047 ad
2288 992 2759 1059 subscribendum,
2785 990 2811 1031 ἀ
2846 1009 2912 1048 an
2941 994 3006 1048 ad
3036 996 3215 1064 populi
3244 993 3470 1049 Romani
3501 1010 3623 1066 gra-

2040 1084 2188 1149 tiam,
2224 1100 2255 1138 a
2299 1099 2406 1154 quo
2456 1084 2809 1154 proﬁciscens
2855 1086 3029 1141 luerat
3067 1098 3322 1143 exoratus
3374 1089 3616 1160 [Subint.

2039 1172 2441 1245 Constantius],
2483 1174 2795 1239 indulserit,
2842 1191 2938 1243 pro
2969 1186 3118 1231 certo
3142 1188 3479 1245 compertum
3512 1193 3619 1231 non

2040 1269 2233 1323 habeo.
2276 1266 2490 1322 Lucifer
2526 1278 2706 1322 autem
2747 1283 2869 1323 cum
2908 1280 3223 1332 exoraretur
3263 1271 3331 1325 ab
3363 1270 3617 1334 Eusebio,

2038 1361 2160 1432 quia
2187 1370 2412 1430 uterque
2442 1358 2494 1413 in
2526 1359 2769 1429 partibus
2795 1360 2991 1413 vicinis
3020 1360 3253 1432 Egypto
3281 1361 3459 1415 fuerat
3482 1363 3622 1415 rele-

2037 1464 2233 1523 gatus,
2283 1460 2343 1506 ut
2384 1451 2450 1505 ad
2498 1450 2789 1506 videndum
2839 1450 3205 1505 Athanasium-
3240 1451 3619 1506 Alexandriam

2037 1551 2345 1615 pergerent,
2381 1542 2779 1611 communique
2814 1551 3041 1597 traetatu
3086 1542 3341 1597 cumbis
3388 1543 3477 1612 qui
3529 1558 3619 1598 su-

2035 1637 2347 1708 perluerant
2376 1634 2765 1699 sacerdotibus,
2792 1634 2867 1689 de
2891 1643 3043 1689 statur
3069 1634 3321 1690 Ecclesia:
3360 1635 3625 1691 decerne-

2038 1737 2179 1793 rent,
2231 1727 2571 1796 pnesentiam
2619 1726 2700 1781 sui
2741 1727 3031 1795 abnegans,
3079 1725 3307 1797 legatum
3359 1734 3505 1794 pro.
3554 1740 3617 1781 se

345 1838 531 1880 mune.
582 1820 711 1876 Hzec
750 1821 967 1892 quidem
1028 1821 1167 1875 inter
1196 1819 1337 1874 illos.
1361 1819 1431 1872 ita
1459 1826 1607 1888 gesta
1629 1828 1772 1873 sunt.
1825 1819 1929 1874 Sed
1966 1841 2014 1900 Β
2039 1818 2321 1873 diaconum
2353 1833 2510 1873 suum
2538 1818 2721 1880 mittit,
2755 1825 2916 1885 atque
2943 1819 3056 1887 ipse
3081 1818 3285 1871 intento
3314 1817 3495 1872 animo
3520 1818 3619 1871 An-

344 1917 484 1970 sicut
513 1914 583 1969 de
624 1912 819 1967 talibus
858 1910 1115 1980 scriptum
1158 1920 1288 1966 est:
1327 1907 1710 1977 Discissisunt,
1735 1918 1785 1965 et
1828 1927 1930 1966 non

343 2014 465 2061 sunt
495 2003 790 2072 compuncti
816 2000 993 2071 (Psal.
1022 2003 1111 2056 54.
1146 1999 1291 2071 15.):
1323 1998 1537 2068 plurimi
1565 2014 1694 2055 sane
1719 2015 1927 2068 eorum,

343 2097 439 2165 qui
466 2096 788 2151 videbantur
819 2094 1163 2149 attentiorem
1195 2093 1354 2146 vitam
1383 2107 1572 2161 gerere
1602 2132 1618 2159 ,
1654 2103 1705 2145 et
1748 2108 1934 2145 mona-

342 2190 526 2246 steria
539 2189 679 2259 apud
708 2186 1228 2256 Constantinopolim
1262 2186 1570 2256 vicinasque
1599 2185 1928 2252 provincias,

341 2294 402 2337 et
434 2281 679 2353 Episcopi
730 2278 941 2337 nobiles
981 2278 1279 2335 Macedonii
1309 2280 1481 2349 magis
1525 2292 1767 2334 errorem
1808 2285 1934 2332 sunt

341 2377 551 2431 secuti-

911 2461 1140 2519 CAPUT
1178 2460 1369 2517 XXVI.

455 2578 532 2633 De
553 2577 655 2646 ﬁne
680 2575 968 2630 Constantii
997 2573 1356 2643 Imperatoris,
1383 2579 1428 2626 et
1456 2580 1570 2626 ortu
1598 2569 1822 2626 Juliani.

421 2669 529 2726 Sed
577 2668 924 2725 Constantius
968 2666 1285 2736 Imperator,
1337 2664 1465 2719 dum
1496 2663 1708 2719 Iuliano
1751 2665 1932 2732 (quem

345 2762 621 2817 Casarem
656 2759 796 2831 apud
826 2758 1024 2815 Gallias
1059 2754 1375 2825 reliquenat)
1420 2755 1779 2825 dignationem
1830 2754 1933 2808 sibi

348 2853 581 2922 Augusti
603 2861 791 2921 sponte
819 2849 1183 2918 prmsumenti,
1213 2848 1381 2901 armis
1413 2848 1488 2900 ire
1517 2845 1728 2899 obviam
1762 2853 1930 2914 parat,

344 2942 602 2996 vicesimo
634 2951 689 2996 et
714 2949 904 3008 quarto
946 2949 1068 3007 post
1107 2951 1355 2991 occasum
1397 2935 1562 3002 patris
1595 2934 1807 3003 imperii
1841 2935 1927 2987 sui

343 3048 528 3099 anno,
587 3034 640 3088 in
686 3031 850 3105 354
871 3029 1070 3102 oppido
1095 3029 1295 3085 Ciliciae
1333 3026 1696 3097 blopsocreuis
1737 3024 1765 3064 δ
1791 3024 1933 3082 diem

344 3126 636 3183 «Iunctus
663 3137 783 3183 est.

896 3242 1127 3299 CAPUT
1165 3237 1381 3298 XXVII.

662 3356 746 3415 De
776 3355 1047 3429 Episcopis
1081 3356 1143 3411 ab
1171 3357 1332 3411 exilio
1360 3356 1629 3414 relaxatis.

423 3468 553 3527 Post
590 3485 748 3541 quem
775 3468 1016 3523 Julianus
1042 3509 1061 3535 ,
1112 3477 1457 3538 prmsumtum
1508 3467 1656 3539 prius
1680 3509 1695 3536 ,
1746 3468 1940 3527 deinde

352 3576 380 3606 α
404 3579 457 3621 ut
483 3566 801 3637 legitimum,
836 3563 987 3618 solus
1015 3561 1243 3617 obtinuit
1280 3560 1654 3634 principatum.
1687 3563 1734 3620 Is
1762 3564 1935 3635 primo

352 3702 497 3756 niani
546 3700 895 3771 appellantur,
927 3700 1064 3755 circa
1111 3698 1370 3773 Spiritum
1420 3699 1673 3756 Sanctum
1721 3702 1938 3773 naufra-

387 3787 553 3827 antes.

461 3790 475 3824 ι
538 3812 553 3826 .

351 3790 455 3879 9a:
475 3790 638 3898 ’ἤθει
675 3842 1029 3898 Guarnerian.
1069 3854 1267 3911 sancto,
1302 3851 1412 3897 tum
1438 3841 1625 3914 juncto
1671 3850 1725 3898 et
1760 3842 1934 3899 Bono-

350 3914 525 3970 niensi
556 3915 774 3983 infernis
804 3915 959 3968 habet
992 3929 1089 3981 pro
1114 3914 1313 3982 inferis.

423 3983 452 4024 h
485 3985 625 4038 Editi
667 3992 819 4038 antea
857 3985 959 4036 vita
988 3999 1085 4053 pro
1115 3985 1272 4050 diem,
1312 3993 1424 4038 tum
1469 3984 1794 4041 Bononiens.
1825 3999 1930 4040 ms.

357 4056 564 4126 functus
581 4070 696 4126 gpro
730 4056 1025 4126 defunctus.
1058 4053 1254 4109 Confer
1279 4054 1583 4126 Chronicon
1618 4055 1930 4126 Hieronym.

354 4124 424 4179 ad
453 4139 541 4179 an.
567 4124 764 4180 Christi
798 4125 927 4180 364.
966 4136 1021 4181 et
1050 4140 1169 4196 quae
1201 4125 1357 4181 nobis
1396 4125 1450 4180 in
1475 4140 1595 4181 eum
1623 4125 1801 4181 locum
1828 4124 1935 4180 ad-

356 4204 543 4251 notata
571 4206 709 4250 sunt.

435 4275 458 4304 ί
514 4263 859 4322 Guarnerian.
898 4267 1098 4320 demum
1146 4275 1202 4320 ut
1239 4266 1522 4335 legitimum
1562 4264 1702 4322 solus
1744 4265 1932 4321 obtinet

353 4335 721 4407 principatum.
755 4336 809 4390 Is
833 4338 1054 4408 primum
1075 4337 1207 4391 velut
1236 4338 1497 4405 (Cacciar.
1521 4339 1599 4392 vel
1621 4349 1703 4402 ut,
1725 4337 1932 4392 duobus

355 4408 554 4475 verbis)
584 4424 822 4477 arguens,
852 4421 957 4477 etc.
982 4408 1291 4462 Audiendus
1318 4408 1509 4462 iterum
1546 4410 1774 4472 scriptor
1809 4409 1930 4462 llis-

352 4478 506 4531 toria:
522 4476 813 4543 acephalm.
838 4476 864 4530 I
881 4478 941 4532 V.
964 4478 1046 4531 die
1073 4480 1256 4532 mensis
1281 4478 1415 4548 Cyac
1433 4481 1571 4547 (limc
1594 4480 1675 4533 vel
1698 4477 1932 4548 Novem:-

2040 1911 2289 1965 tiocliiam
2341 1912 2512 1980 pergit
2554 1928 2566 1964 :
2615 1910 2792 1980 ibique
2822 1911 3212 1967 dissidentibus
3241 1910 3420 1966 adhuc
3452 1911 3621 1980 parti-

2036 2000 2157 2069 bus,
2188 2002 2281 2055 sed
2310 2001 2363 2055 in
2395 2017 2559 2055 unum
2590 2010 2768 2056 tamen
2800 2004 3042 2058 revocari
3069 2018 3226 2073 posse
3248 2004 3616 2073 sperantibus,

2033 2091 2079 2146 si
2110 2094 2211 2147 sibi
2243 2093 2361 2149 talis
2384 2094 2673 2164 eligeretur
2694 2093 3010 2165 Episcopus,
3040 2110 3164 2163 erga
3197 2111 3353 2165 quem
3385 2112 3491 2151 non
3515 2112 3620 2150 una

2035 2185 2204 2253 plebs,
2229 2184 2325 2239 sed
2349 2194 2574 2256 utraque
2591 2186 2871 2255 gauderet,
2900 2202 3272 2256 praeproperus
3295 2187 3620 2242 catholicum

2034 2278 2252 2347 quidem
2281 2286 2335 2332 et
2364 2288 2608 2331 sanetum
2634 2280 2826 2349 virum,
2862 2293 2925 2332 ac
2958 2294 3054 2349 per
3079 2281 3259 2333 omnia
3289 2279 3506 2347 dignum
3531 2294 3619 2333 sa-

2036 2367 2280 2423 cerdotio
2318 2368 2598 2422 Paulinum
2629 2367 2949 2437 Episcopum
2980 2369 3286 2434 collocavit,
3318 2369 3412 2424 sed
3443 2378 3621 2426 tamen

2036 2459 2089 2514 in
2115 2474 2272 2529 quem
2300 2459 2650 2529 adquiescere
2682 2460 2832 2529 plebs
2861 2471 3089 2530 utraque
3116 2475 3220 2515 non
3251 2474 3455 2530 posset.

2568 2572 2795 2629 CAPUT
2834 2571 3076 2627 XXVIII.

2036 2665 2115 2720 De
2152 2662 2382 2718 Concilio
2415 2663 2556 2730 apud
2592 2665 2960 2717 Alexandriam
2997 2671 3295 2717 sanctorum
3330 2664 3616 2734 Episcopo-

2357 2751 2495 2800 rnm,
2526 2743 2574 2788 et
2595 2734 2823 2804 Luciferi
2852 2736 2912 2787 ab
2946 2737 3030 2788 bis
3053 2736 3293 2790 dissidio.

2107 2826 2269 2900 255
2310 2827 2492 2897 Pergit
2539 2826 2741 2880 interea
2776 2826 3034 2879 Eusebius
3065 2826 3479 2892 Alexandriam,
3517 2828 3618 2882 ibi.

2035 2936 2138 2990 que
2163 2918 2541 2974 Confessorum
2563 2919 2791 2974 concilio
2812 2929 3154 2990 congregato,
3186 2921 3338 2990 pauci
3362 2935 3613 2986 numero,

2036 3011 2136 3067 sed
2169 3008 2190 3049 ί
2227 3010 2332 3065 lide
2363 3009 2585 3080 integri,
2621 3019 2674 3064 et
2707 3010 2913 3065 meritis
2945 3012 3135 3077 multi,
3177 3027 3283 3082 quo
3315 3010 3469 3081 pacto
3499 3022 3620 3083 post

2039 3102 2417 3159 haereticorum
2463 3101 2758 3171 procellas,
2805 3109 2860 3156 et
2907 3101 3143 3170 perﬁdia:
3186 3104 3427 3158 turbines
3473 3114 3622 3160 tran-

1968 3223 2017 3288 ρ
2045 3197 2281 3268 quillitas
2312 3205 2656 3251 revocaretur
2684 3194 2940 3249 Ecclesia}
2962 3239 2977 3263 ,
3007 3196 3153 3250 omni
3182 3211 3307 3250 cuia
3330 3208 3381 3252 et
3406 3205 3430 3243 8
3458 3198 3621 3252 libra-

2048 3289 2190 3343 ti0ne
2211 3286 2525 3343 discutiunt.
2557 3286 2691 3341 Aliis
2740 3285 3017 3342 videbatur
3049 3286 3174 3342 ﬁdei
3204 3289 3381 3343 calore
3407 3287 3620 3343 ferven-

2044 3379 2210 3447 tibus,
2234 3378 2440 3435 nullum
2461 3378 2661 3436 debere
2684 3378 2821 3434 ultra
2854 3380 2907 3434 in
2934 3379 3289 3435 sacerdotium
3320 3380 3506 3451 recipi,
3531 3384 3620 3451 qui

2039 3488 2100 3529 se
2130 3482 2425 3544 utcumque
2456 3472 2723 3529 hazreticas
2746 3474 3141 3529 communionis
3161 3475 3480 3544 contagione
3508 3492 3621 3531 ma.

2036 3570 2291 3627 culasset.
2340 3568 2447 3627 Sed
2480 3569 2573 3642 qui
2621 3570 2892 3627 imitantes
2932 3571 3249 3642 Apostolum
3276 3574 3611 3644 quaerebant,

2036 3705 2183 3760 reddi
2226 3702 2414 3782 Idalis,
2459 3714 2503 3759 et
2539 3703 2880 3782 ‘Neoclioris,
2908 3716 2956 3761 et
3002 3709 3216 3777 publita:
3253 3710 3465 3776 rationi,
3510 3727 3621 3782 quia

2037 3778 2308 3847 prieteritis
2337 3778 2642 3845 temporibus
2670 3778 2774 3832 illis
2803 3780 2999 3834 sublata
3022 3792 3159 3835 sunt.

2112 3846 2238 3903 Post
2268 3848 2375 3923 dies
2409 3858 2578 3923 autem
2591 3847 2727 3923 λιι.
2757 3848 2962 3923 Aleti:er
2984 3848 3067 3923 XI
3081 3849 3147 3917 V,
3178 3851 3358 3923 datum
3387 3860 3460 3923 est
3492 3869 3627 3923 prie.

2036 3929 2241 3986 ceptum
2287 3917 2532 3992 Gerontio
2584 3917 2836 3992 Prtefecto
2887 3917 3118 3992 ejusdem
3165 3920 3368 3975 Juliani
3424 3917 3620 3991 Imper.

2035 4006 2231 4044 necnon
2270 3991 2419 4043 etiam
2471 3988 2656 4043 Vicarii
2693 3988 2944 4054 Modesti,
2984 3993 3282 4059 prwcipiens
3330 3988 3615 4060 Episcopos

2036 4077 2209 4115 omnes
2246 4059 2553 4129 factionibus
2592 4062 2807 4114 antehac
2858 4064 3247 4126 circumventos,
3300 4073 3346 4116 et
3383 4059 3619 4118 exiliatos

2036 4131 2216 4186 reverti
2244 4131 2313 4183 ad
2340 4147 2460 4185 suas
2494 4129 2761 4195 Civitates,
2795 4140 2845 4185 et
2876 4130 3197 4186 Prouincias.
3237 4132 3332 4186 Ila:
3362 4144 3527 4187 autem
3559 4137 3622 4187 li-

2038 4210 2160 4255 tera:
2200 4201 2429 4269 sequenti
2468 4200 2786 4272 die_Methyr
2816 4199 2941 4254 XV.
2976 4203 3249 4270 prepositw
3279 4214 3401 4256 sunt
3429 4219 3449 4255 :
3484 4216 3621 4272 post-

2036 4272 2247 4323 modum
2269 4279 2438 4323 autem
2458 4280 2505 4325 et
2534 4269 2774 4341 Prwfec'ti
2793 4269 3022 4324 Cerontii
3044 4272 3279 4324 Edictum
3304 4269 3622 4341 propositum

2034 4351 2128 4409 est,
2154 4356 2242 4412 per
2257 4341 2400 4412 quod
2435 4340 2709 4412 uocabatur
2734 4341 3017 4412 Episcopus
3029 4342 3352 4412 Athanasius
3382 4340 3447 4395 ad
3476 4360 3623 4403 suam

2035 4409 2216 4466 reverti
2246 4410 2550 4465 Ecclesium.
2585 4410 2650 4464 Et
2682 4420 2794 4480 post
2828 4412 2936 4466 dies
2963 4409 3285 4482 X.Il.thujus
3320 4413 3473 4466 edicti
3505 4431 3623 4480 pro-

2041 4483 2306 4549 posiiionis
2340 4482 2648 4535 Athanasius
2682 4484 2816 4536 visus
2843 4491 2916 4535 est
2946 4484 3086 4547 apud
3110 4483 3501 4549 Alexandriam,
3545 4487 3624 4537 in-

352 4548 778 4623 brispostreﬁma
824 4556 926 4615 est,
971 4549 1050 4601 vel
1085 4543 1395 4623 Decembris
1426 4543 1592 4623 prima
1623 4546 1928 4623 anni_5_6l.)
1961 4543 2338 4623 Dpressusque
2382 4562 2454 4604 est
2508 4551 2791 4606 Ecclesium
2839 4543 3014 4605 eodem
3068 4570 3237 4607 mense
3283 4543 3499 4623 Met/zyr'
3541 4558 3626 4611 die

350 4616 638 4688 Praefectus
660 4616 931 4688 Gerontius
973 4621 1222 4672 nuntiavit
1246 4628 1456 4672 mortem
1484 4616 1766 4673 Constantii
1791 4616 1929 4688 Imp.

348 4699 398 4742 et
435 4687 574 4757 quod
620 4690 759 4743 solus
806 4687 1050 4744 Julianus
1096 4692 1253 4744 tenuit
1300 4690 1589 4742 uniuersum
1632 4687 1931 4757 Imperium.

352 4760 471 4823 Quo
507 4760 688 4812 audito
716 4761 846 4812 cives
884 4760 1252 4826 Alexandrini,
1290 4771 1335 4813 et
1366 4776 1542 4814 omnes
1573 4770 1748 4813 contra
1773 4759 1937 4815 Geor-

348 4833 492 4900 gium
530 4831 911 4897 clamauerunt;
961 4832 1235 4900 eodemque
1280 4842 1531 4885 momento
1573 4837 1663 4884 sub
1704 4834 1935 4885 custodia

347 4901 511 4971 illum,
530 4901 943 4966 constituerunt;
972 4910 1019 4954 et
1049 4902 1145 4971 fuit
1173 4904 1223 4955 in
1250 4918 1450 4955 carcere
1477 4903 1613 4971 ferro
1645 4902 1838 4955 vinctus
1875 4918 1938 4956 ea:

346 4970 595 5045 pradicto
610 4971 721 5045 _die
767 4972 913 5045 Cane
929 4970 1056 5045 .7
1078 4990 1248 5045 usque
1266 4974 1358 5045 _t_1t_l_
1372 4970 1620 5045 _VII
1643 5013 1657 5027 .
1707 4974 1937 5045 ejusdem

346 5040 538 5113 mensis
585 5042 762 5095 diebus
807 5040 1022 5096 XXIV.
1067 5041 1207 5096 Nam
1255 5042 1536 5097 XXVIII.
1585 5045 1670 5097 die
1708 5040 1937 5113 eiusdem

344 5112 538 5186 mensis
567 5128 717 5186 mane
757 5129 906 5186 pene__
924 5114 1086 5167 omnis
1128 5117 1351 5186 populus
1385 5112 1783 5186 illiusCivitatis
1823 5130 1937 5181 per-

344 5180 503 5235 duxit
542 5180 608 5235 de
626 5198 836 5253 carcere
865 5180 1162 5253 Georgium,
1196 5180 1297 5238 nec
1337 5200 1440 5238 non
1484 5185 1633 5238 etiam
1670 5180 1933 5248 Comitem,

348 5254 439 5318 qui
463 5268 576 5305 cum
616 5252 726 5322 ipso
758 5263 890 5320 erat,
916 5255 1229 5307 insistentem
1255 5254 1463 5321 fabricat
1491 5252 1795 5318 Dominicis,
1824 5271 1938 5323 qua:

348 5324 543 5375 dicitur
568 5323 879 5391 Caesarium,
926 5335 973 5378 et
1002 5326 1298 5379 occiderunt
1320 5326 1491 5380 ambos
1527 5336 1575 5379 et
1616 5341 1790 5379 eorum
1824 5342 1937 5379 cor-

348 5409 480 5465 pora
517 5393 970 5447 circumduxerunt
1009 5411 1111 5465 per,
1138 5397 1355 5450 mediam
1395 5396 1686 5461 Civitatem,
1730 5396 1937 5465 Georgii

345 5464 572 5535 quidem,
594 5478 750 5532 super
775 5470 1044 5529 cametum,
1085 5464 1350 5520 Dracontii
1378 5482 1496 5521 vero
1521 5467 1752 5521 homines
1793 5464 1934 5535 funi-

348 5534 444 5605 bus
470 5534 763 5597 trahentes;
784 5542 830 5584 et
854 5536 928 5586 sic
953 5536 1158 5603 injuriis
1178 5536 1404 5605 adfectos
1431 5554 1568 5591 eirea
1590 5538 1769 5591 horam
1796 5534 1937 5592 VII.

347 5604 454 5657 diei
474 5605 739 5673 utriusque
765 5618 977 5672 corpora
1007 5604 1407 5662 combusserunt.

425 5673 676 5746 Proximo
715 5683 883 5746 a_utern
925 5674 1274 5746 die_Methyr,
1321 5677 1392 5731 Χ.
1442 5678 1525 5732 die
1564 5679 1774 5744 mensis,
1822 5686 1936 5745 post

347 5742 693 5818 Consulun
720 5742 898 5809 Tauri,
931 5755 975 5797 et
999 5742 1247 5818 Florenii,
1277 5747 1481 5818 Juliani
1506 5747 1647 5814 Imp.
1669 5742 1779 5818 {an}
1805 5742 1932 5803 362.

349 5814 513 5874 Febr.
559 5812 643 5886 4.]
683 5825 995 5885 prwccptum
1033 5814 1484 5888 propositum'est,
1526 5812 1626 5891 quo
1655 5812 1935 5892 jubebatur

2037 4611 2139 4677 XX
2155 4611 2288 4677 VII.
2320 4630 2372 4676 ut
2401 4624 2467 4677 sit
2497 4638 2561 4676 ea:
2586 4625 2694 4692 ejus
2731 4628 2877 4694 fuga,
2913 4624 3146 4692 Syriani,
3186 4635 3235 4676 et
3270 4611 3464 4678 Hilarii
3491 4635 3626 4680 tem-

2037 4693 2247 4767 poribus
2285 4696 2661 4767 facta,_usqne
2706 4693 3041 4767 udireditnm
3088 4699 3199 4767 ejus
3238 4694 3620 4767 Juliano.......

2039 4762 2245 4833 Met/tyr
2276 4762 2523 4819 XXVII.
2562 4765 2903 4819 llemansitiin
2937 4762 3166 4820 Ecclesia
3199 4782 3355 4833 usque
3384 4764 3625 4832 P/taoplii

2037 4832 2256 4888 XXVI.
2304 4834 2588 4888 Consulatu
2629 4835 2954 4898 Mamertini,
3007 4845 3055 4892 et
3107 4832 3330 4892 Nevitta:
3372 4840 3625 4895 mensibus

2045 4904 2216 4978 VIII.
2240 4908 2447 4978 integris
2476 4905 2617 4976 (Oct.
2647 4909 2736 4962 ‘23.
2768 4923 2858 4959 an.
2878 4906 3049 4978 562.).

2068 4976 2073 4981 ’
2112 4974 2135 5015 δ
2166 4974 3248 5050 Vetus’haec‘et_irrntramque'partem
3299 4978 3494 5050 agitata
3541 4994 3626 5038 est

2038 5048 2266 5118 quaestio
2290 5049 2563 5102 Sescentis
2586 5048 2758 5103 libris.
2786 5048 2964 5112 Adito,
2999 5050 3043 5103 si
3075 5051 3222 5114 libet,
3250 5065 3280 5103 e
3310 5048 3627 5108 recentiori-

2038 5118 2139 5173 bus
2166 5118 2618 5173 Montl‘auconium
2645 5120 2694 5172 in
2722 5119 2837 5172 Vita
2862 5120 2918 5174 S.
2944 5120 3243 5174 Athanasii.

2113 5198 2137 5226 ο
2174 5187 2498 5259 Bononiens.
2526 5204 2616 5255 pro
2651 5190 2768 5243 sede
2801 5189 3105 5257 Diaconum,
3132 5202 3265 5257 etc.,
3306 5193 3464 5259 paulo
3493 5209 3627 5259 quo-

2078 5275 2143 5315 ue
2176 5270 2313 5327 pOSl,
2355 5259 2402 5312 si
2439 5258 2508 5310 ibi
2539 5260 2678 5321 talis,
2709 5267 2842 5325 etc.,
2870 5276 2965 5325 pro
3000 5262 3045 5313 si
3081 5262 3199 5326 sibi,
3230 5258 3357 5326 etc.,
3394 5262 3626 5329 denique

2068 5331 2397 5385 inaruerint).
2431 5329 2569 5384 infra
2616 5345 2708 5399 per
2746 5330 2919 5384 omnia
2962 5331 3320 5403 dignissimum
3365 5347 3463 5400 pro
3507 5335 3625 5403 dig-

2039 5416 2189 5455 num.
2213 5409 2338 5455 etc-

2117 5443 2420 5543 ξ”ᾗιῦἱέὶέιιη
2452 5469 2666 5543 Barrteo
2702 5470 2753 5523 in
2792 5470 2915 5543 aliis
2939 5470 3087 5543 libris
3112 5470 3229 5543 ⁸ποεῖ
3262 5469 3391 5543 ﬁdei
3411 5471 3623 5543 integri-

2039 5551 2161 5604 tate,
2207 5541 2349 5609 quod
2379 5547 2433 5593 et
2464 5540 2783 5608 probaretur
2828 5540 2953 5591 mihi
3002 5539 3212 5606 quidem
3257 5541 3445 5607 magis.
3480 5541 3623 5609 Vide

2040 5626 2202 5665 unum
2228 5608 2328 5677 pro
2355 5611 2563 5665 cunctis
2594 5610 2973 5677 Hieronymum
3006 5609 3221 5677 Dialogo
3249 5619 3433 5661 contra
3466 5608 3623 5664 Luc;-

2039 5682 2289 5736 let-ianos.

2112 5760 2139 5798 ε
2169 5752 2221 5805 In
2260 5748 2630 5805 Guarneriano
2673 5744 2812 5798 omni
2839 5761 2965 5797 cura
2994 5756 3040 5799 et
3071 5746 3452 5804 deliberatione.
3497 5749 3619 5807 Iton

2044 5822 2363 5879 Bononieus.
2396 5818 2675 5887 furentibus
2702 5814 2862 5870 habet
2888 5831 2986 5886 pro
3015 5818 3341 5887 ferventibus.
