4166 6348
532 304 635 366 409

1565 300 1801 359 suam
1839 290 2325 367 AQUILEIENSIS
2362 292 2797 356 nassonem

3703 308 3819 363 δια

529 443 637 484 ιιυιι
672 424 815 497 quod
853 424 959 480 sibi
988 422 1125 478 utile
1146 427 1291 477 esset
1311 459 1326 488 ,
1365 416 1460 475 sed
1489 416 1632 488 quod
1664 414 1906 484 pluribus
1928 422 1986 480 λ,
2023 408 2111 466 vel
2136 406 2189 466 Α
2217 406 2594 480 rationemque
2616 452 2633 478 ,
2675 428 2779 483 qua
2824 419 3072 480 constat,
3110 414 3362 487 designet
3395 413 3414 472 ξ
3447 414 3819 474 Subsistemus

528 521 623 594 qui
665 521 1000 576 imitarentur
1034 516 1343 580 Christum,
1372 513 1464 580 qui
1509 524 1631 567 cum
1676 518 1822 567 esset
1864 508 2107 564 omnium

527 613 663 675 vita,
703 624 802 681 pro
830 607 1002 665 salute
1041 615 1356 663 cunctorum
1385 600 1672 658 humilians
1700 615 1791 667 se,
1833 598 2113 655 descendit

532 704 588 760 in
635 708 884 769 mortem,
916 716 1023 771 quo
1067 699 1274 755 scilicet
1313 696 1646 752 inveniretur
1680 703 1734 749 et
1784 693 1837 748 in
1884 692 2113 746 mortuis

532 796 641 850 vita
672 810 687 848 :
719 794 968 850 dicebant
995 792 1185 847 melius
1211 803 1353 853 esse,
1385 787 1654 842 humiliari
1678 784 1711 825 δ
1735 800 1801 841 se
1838 784 2111 855 paululum

530 896 751 957 propter
777 885 1041 955 deiectos,
1069 891 1125 939 et
1150 880 1395 938 inclinari
1434 891 1657 950 propter
1695 877 1883 943 elisos,
1923 885 1980 931 ut
2018 891 2115 931 eos

531 993 721 1033 rursus
746 976 1046 1047 erigerent,
1084 988 1187 1031 nec
1225 974 1443 1029 sibimet
1473 972 1605 1028 solis
1634 970 1880 1042 puritatis
1923 971 2116 1027 merito

529 1067 786 1122 caelorum
826 1080 988 1137 regna
1027 1064 1403 1133 defenderent,
1442 1063 1536 1119 sed
1565 1077 1686 1119 esse
1716 1062 2029 1133 gloriosius,
2064 1063 2112 1119 si

528 1175 649 1215 cum
674 1159 913 1229 pluribus
943 1158 1072 1215 illuc
1104 1166 1444 1214 mererentur
1472 1158 1697 1213 intrare.
1746 1158 1814 1212 Et
1841 1158 1962 1214 ideo
1992 1172 2112 1214 rec-

529 1259 641 1307 tum
680 1249 780 1305 sibi
807 1248 1015 1317 videri,
1054 1260 1113 1303 ut
1144 1258 1347 1304 tantum
1385 1248 1627 1319 perﬁdiae
1655 1248 1966 1303 auctoribus
1995 1263 2114 1302 am-

542 1342 763 1410 putatis,
794 1340 1017 1410 reliquis
1043 1338 1415 1396 sacerdotibus
1446 1339 1666 1393 daretur
1693 1338 1870 1406 optio,
1897 1338 1944 1393 si
1975 1336 2115 1393 forte

532 1432 704 1486 velint
733 1431 842 1504 [Αι.
870 1428 1119 1502 vellent],
1139 1429 1384 1500 abjurato
1413 1444 1603 1485 errore
1634 1428 1877 1499 perﬁdiae
1898 1472 1914 1497 ,
1958 1429 2023 1482 ad
2053 1428 2114 1482 ﬁ-

526 1522 649 1577 dem
680 1532 891 1594 patrum
920 1530 1225 1593 statutaque
1254 1520 1521 1586 converti,
1555 1536 1656 1576 nec
1687 1535 1885 1592 negare
1908 1520 2113 1576 aditum

524 1614 897 1681 redeuntibus,
925 1614 1053 1686 quin
1082 1613 1261 1684 potius
1289 1612 1358 1669 de
1382 1627 1573 1671 eorum
1600 1612 1955 1669 conversione
1982 1627 2124 1681 gau-.

524 1710 653 1765 dere
678 1724 693 1762 :
724 1708 846 1777 quia
876 1716 933 1763 et
959 1707 1054 1763 ille
1081 1707 1425 1778 evangelicus
1449 1707 1633 1777 iunior
1662 1706 1804 1761 filius
1827 1746 1843 1770 .
1874 1716 2114 1776 paterna

524 1799 881 1869 depopulator
902 1792 1318 1863 substantize,'in
1338 1799 1685 1868 semetipsum
1702 1812 1973 1865 reversus,
2000 1814 2109 1854 non
2143 1792 2189 1852 B

524 1892 700 1947 solum
738 1892 937 1962 suscipi
971 1891 1194 1959 meruit,
1238 1890 1334 1946 sed
1373 1897 1428 1945 et
1466 1888 1662 1961 dignus
1691 1889 1931 1958 paternis
1962 1904 2111 1945 com-

526 1984 772 2055 plexibus
798 1983 906 2058 [ΑΙ.
933 1979 1293 2053 amplexibus]
1322 1981 1633 2051 deputatur,
1662 1988 1718 2036 et
1744 1980 1964 2035 anulum
1989 1980 2114 2035 ﬁdei

526 2078 759 2147 recepit,
790 2086 844 2131 et
884 2078 1019 2132 stola
1055 2074 1417 2131 circumdatur
1444 2092 1457 2128 :
1499 2089 1594 2145 per
1621 2090 1778 2144 quam
1808 2073 1935 2144 quid
1963 2073 2109 2129 aliud

526 2184 687 2239 quam
719 2169 1007 2224 sacerdotii
1035 2169 1377 2224 declarantur
1406 2167 1674 2236 insignia?
1716 2182 1813 2221 nec
1853 2168 2108 2237 probabi-

526 2261 593 2316 lis
638 2260 817 2316 extitit
853 2260 993 2331 apud
1025 2270 1231 2330 patrem
1273 2260 1454 2315 senior
1489 2259 1693 2325 filius,°
1727 2260 1867 2325 quod
1917 2260 2110 2315 invidit

523 2365 744 2422 recepto
770 2371 784 2409 :
818 2371 919 2410 nec
947 2365 1150 2410 tantum
1180 2354 1356 2409 meriti
1381 2352 1564 2408 habuit
1595 2369 1701 2407 non
1723 2353 2105 2421 delinquendo,

524 2453 779 2513 quantum
811 2461 964 2500 noxae
995 2442 1263 2500 contraxit
1303 2459 1407 2498 non
1439 2442 1765 2514 indulgendo
1793 2458 2069 2515 germano.

1075 2572 1303 2630 CAPUT
1344 2572 1537 2629 XXIX.

685 2707 764 2763 De
794 2710 872 2764 his
897 2723 1013 2779 qua:
1042 2708 1096 2761 in
1116 2707 1293 2762 eodem
1323 2706 1553 2761 Concilio
1579 2714 1771 2760 statuta
1798 2714 1939 2762 sunt.

594 2845 756 2919 256
779 2845 911 2901 Cum
935 2844 1098 2915 igitur
1125 2841 1490 2913 hujuscemodi
1522 2842 1818 2897 sententias
1849 2840 1959 2914 [ΑΙ.
1989 2855 2108 2896 sen-

525 2942 744 2994 tentiam
776 2948 829 2995 et
859 2936 1143 3011 prolatam]
1194 2952 1259 2992 ex
1291 2937 1597 3007 evangeliea
1633 2937 1951 2992 auctoritate
1982 2951 2105 3007 pro-

524 3034 685 3099 latas,
712 3033 848 3088 ordo
877 3031 965 3087 ille
994 3029 1343 3086 sacerdotalis
1364 3039 1420 3085 et
1443 3029 1786 3099 Apostolicus
1812 3029 2104 3098 approbas-

2212 506 2392 555 autem
2423 502 2845 573 uniuscujusque
2872 519 3151 573 pereunte,
3188 504 3291 561 hoc
3324 507 3497 577 ipsum
3530 508 3672 576 quod
3706 525 3807 565 cx-

2216 602 2292 649 tat
2320 606 2375 649 et
2425 596 2691 666 subsistit,
2744 600 3012 655 ostendat.
3062 600 3295 672 ldceqne
3334 612 3556 673 propter
3586 602 3789 658 Sabelli

2215 683 2471 741 haeresim
2522 698 2629 743 tres
2671 704 2793 745 esse
2844 690 3220 746 subsistentias
3262 692 3615 760 confitendas,
3667 693 3813 763 quod

2215 779 2368 847 quasi
2394 788 2503 833 tres
2527 780 2883 836 subsistentes
2907 797 3167 852 personas
3184 783 3489 853 significare
3511 785 3813 852 videretur,

2216 884 2285 926 ne
2312 870 2673 941 suspicionem
2703 872 2976 939 daremus,
3010 884 3262 945 tanquam
3297 876 3438 930 illius
3473 876 3593 931 fidei
3626 886 3804 932 secta-

2218 970 2398 1025 tores,
2428 977 2550 1031 quae
2582 960 2904 1020 Trinitatem
2937 966 2989 1019 in
3024 968 3329 1022 nominibus
3362 976 3588 1033 tantum,
3619 978 3673 1024 et
3700 986 3805 1024 non

2216 1051 2269 1107 in
2302 1051 2461 1107 rebus
2486 1067 2551 1109 ac
2578 1056 2942 1111 subsistentiis
2971 1058 3278 1115 conﬁtetur.
3306 1059 3412 1115 Sed
3442 1067 3497 1115 et
3519 1060 3586 1115 de
3620 1061 3805 1115 incar-

2224 1142 2443 1199 natione
2466 1143 2675 1200 Domini
2698 1146 3143 1215 comprehensum
3166 1159 3271 1215 est,
3294 1150 3417 1219 quia
3444 1164 3642 1217 corpus
3664 1151 3806 1219 quod

2223 1245 2541 1304 susceperat
2567 1236 2862 1303 Dominus,
2907 1253 3081 1309 neque
3117 1241 3233 1295 sine
3263 1256 3447 1309 sensu,
3496 1256 3669 1310 neque
3693 1241 3808 1297 sine

2224 1326 2401 1379 anima
2431 1328 2778 1397 suscepisset.
2814 1329 3015 1396 Quibus
3050 1332 3300 1387 omnibus
3320 1340 3478 1387 caute
3503 1333 3805 1387 moderate-

2215 1434 2321 1488 que
2358 1419 2710 1490 compositis,
2746 1423 3115 1494 unusquisque
3158 1423 3353 1481 itinere
3392 1438 3493 1480 suo
3528 1439 3649 1479 eum
3680 1439 3808 1495 pace

2215 1512 2471 1582 perrexit.
3538 1527 3549 1537 ο

2795 1625 3021 1681 CAPUT
3062 1625 3239 1682 XXX.

2276 1733 2354 1790 De
2381 1733 2607 1790 Eusebio
2632 1745 2681 1790 et
2715 1735 2955 1804 Hilario,
2986 1747 3136 1805 atque
3168 1736 3512 1792 Ecclestarum
3542 1754 3631 1809 per
3659 1755 3756 1794 eos.

2796 1836 2799 1837 '
2838 1830 3181 1883 restitutione.

2282 1942 2444 2015 .257
2473 1940 2580 1998 Sed
2621 1941 2886 1998 Eusebius
2922 1958 3042 1999 cum
3075 1943 3305 2000 redisset
3345 1943 3712 2011 Antiochiam,
3751 1956 3809 2001 et

2215 2035 2511 2091 invenisset
2535 2035 2606 2092 ibi
2642 2051 2672 2090 a
2699 2035 2950 2091 Lucifero
2981 2046 3167 2091 contra
3198 2038 3636 2108 pollicitationem
3662 2039 3805 2093 crdis

2213 2138 2395 2183 natum
2452 2129 2817 2200 Episcopum,
2867 2128 3072 2200 pudore
3124 2129 3283 2184 simul
3334 2138 3390 2185 et
3439 2130 3805 2201 indignatione

2212 2222 2526 2291 compulsus
2586 2203 2893 2288 abscessit,
2951 2221 3126 2275 neutri
3177 2220 3313 2290 parti
3370 2222 3803 2278 communionem

2212 2329 2365 2368 suam
2396 2315 2672 2380 relaxans,
2704 2314 2826 2384 quia
2868 2314 3173 2385 digrediens
3216 2315 3340 2370 inde
3378 2315 3701 2385 promiserat
3744 2329 3807 2371 se

2210 2413 2451 2457 acturum
2487 2404 2540 2457 in
2569 2400 2841 2468 Concilio,
2882 2412 2941 2457 ut
2965 2412 2988 2449 κ
3025 2402 3071 2457 is
3098 2402 3179 2457 eis
3221 2402 3560 2459 ordinaretur
3584 2403 3802 2473 Episco-

2213 2509 2349 2563 pus,
2397 2510 2428 2549 a
2481 2510 2587 2563 quo
2640 2509 2763 2563 pars
2793 2504 2979 2549 neutra
3044 2492 3390 2550 descisceret.
3438 2493 3531 2549 llle
3572 2510 3803 2565 namque

2212 2588 2441 2657 populus
2462 2627 2480 2653 ,
2512 2588 2603 2657 qui
2632 2588 2904 2642 Meletium
2942 2586 3142 2642 dudum
3174 2587 3243 2642 de
3273 2588 3511 2643 Ecclesia
3554 2589 3802 2659 pulsum,

2211 2681 2358 2749 quasi
2399 2696 2496 2750 pro
2532 2680 2635 2735 fide
2659 2690 2806 2736 recta
2832 2679 3011 2736 fuerat
3046 2687 3285 2747 secutus,
3319 2696 3425 2736 non
3451 2681 3701 2751 iunxerat
3732 2698 3799 2739 se.

2210 2776 2273 2825 ad
2300 2774 2502 2841 priores
2531 2773 2844 2837 catholicos,
2879 2774 2927 2827 id
2956 2782 3073 2842 est,
3101 2774 3334 2843 quicum
3370 2775 3653 2831 Eustatbio
3678 2817 3693 2842 ,
3739 2787 3795 2832 et

2209 2862 2237 2899 ¹ι
2255 2867 2481 2920 Eusebio
2506 2866 2769 2936 Episcopo
2789 2864 3000 2921 fuerant
3023 2866 3112 2939 (ex
3137 2866 3331 2936 quibus
3359 2869 3520 2923 etiam
3547 2868 3797 2925 Paulinus

2206 2958 2343 3029 erat)
2366 2958 2459 3013 sed
2485 2975 2639 3014 suum
2664 2959 3042 3028 principatum,
3072 2974 3333 3030 suumque
3354 2961 3789 3018 conventiculum

2208 3052 2396 3106 tenuit.
2444 3051 2551 3106 Hos
2591 3065 2720 3121 ergo
2756 3066 2877 3107 eum
2916 3051 2967 3105 in
3017 3066 3180 3106 unum
3231 3066 3488 3109 revocare
3538 3052 3797 3109 voluisset

522 3134 642 3191 set,
696 3139 764 3181 ex
804 3124 1025 3181 Concilii
1053 3125 1304 3193 decreto,
1346 3118 1613 3179 Asteriod
1646 3123 1968 3193 eaeterisque
2009 3122 2098 3191 qui

2218 3151 2227 3176 ¹
2264 3118 2676 3208 Eusebius,'nec
2701 3150 2875 3197 tamen
2909 3143 3275 3213 (praiventusa
3297 3142 3567 3217 Lucifero)
3590 3145 3795 3214 potuis-

523 3234 645 3274 cum
674 3219 791 3290 ipso
814 3227 987 3284 erant,
1010 3217 1244 3272 Orientis
1270 3216 1564 3287 iniungitur
1596 3217 1925 3285 procuratio,
1950 3216 2104 3270 Occi-

519 3308 700 3365 dentis
729 3324 858 3365 vero
887 3307 1122 3364 Eusebio
1151 3306 1482 3364 decernitur.
1525 3307 1752 3362 Additur
1775 3322 1905 3361 sane
1930 3308 1981 3361 in
2012 3308 2105 3361 illo

519 3398 745 3457 Concilii
787 3399 1049 3465 decreto,
1091 3399 1252 3455 etiam
1296 3398 1365 3454 de
1407 3398 1611 3466 Spiritu
1653 3398 1852 3455 Sancto
1897 3399 2106 3469 plenior

520 3492 812 3562 disputatio
838 3531 854 3559 ,
882 3499 941 3546 ut
969 3489 1213 3561 ejusdem
1243 3490 1558 3545 substantiae
1586 3504 1649 3544 ac
1673 3488 1908 3554 deitatis,
1948 3489 2105 3560 cujus

520 3587 680 3641 Pater
707 3594 762 3641 et
792 3584 964 3640 Filius
983 3624 1000 3651 ,
1048 3584 1211 3640 etiam
1250 3582 1485 3654 Spiritus
1509 3582 1739 3639 Sanctus
1766 3582 2099 3647 crederetur,

519 3692 619 3734 nec
648 3676 755 3749 [ΑΙ.
785 3675 874 3747 ne]
896 3676 1177 3746 quicquam
1203 3689 1420 3747 prorsus
1443 3676 1496 3731 in
1527 3674 1810 3742 Trinitate,
1839 3683 1931 3729 aut
1951 3688 2105 3730 crea-

522 3781 661 3832 tum,
706 3776 798 3823 aut
835 3768 1093 3834 inferius,
1118 3768 1455 3836 posteriusve
1484 3766 1773 3822 diceretur.
1816 3764 1922 3821 Sed
1952 3772 2008 3821 et
2036 3766 2104 3821 de

518 3863 821 3919 differentia
859 3862 1281 3921 substantiarum
1319 3868 1375 3917 et
1422 3860 1891 3915 subsistentiarum
1921 3872 2103 3913 sermo

518 3954 638 4025 ejus
691 3968 788 4024 per
843 3952 1163 4025 scripturam
1205 3960 1413 4007 motus‘
1489 3957 1591 4006 est.
1625 3950 1800 4004 Graeci
1841 3952 2019 4011 οὐσίας
2047 3959 2103 4006 et

517 4050 853 4116 ὑποστάσης,
872 4054 1087 4104 vocant.
1112 4046 1337 4114 Quidam
1361 4044 1561 4100 ctenim
1582 4042 1835 4099 dicebant
1852 4045 2101 4100 substan-

518 4145 645 4201 tiam
691 4151 746 4198 et
791 4139 1194 4197 subsistentiam
1241 4152 1403 4192 unum
1448 4134 1617 4191 videri
1664 4151 1679 4190 :
1730 4145 1785 4191 et
1823 4137 1945 4205 quia
1990 4146 2103 4193 tres

515 4232 888 4291 subsistentias
910 4246 1018 4286 non
1039 4230 1268 4285 dicimus
1288 4230 1338 4281 in
1356 4227 1491 4295 Deo,
1517 4240 1614 4282 nec
1637 4234 1748 4282 tres
1768 4228 2099 4285 substantias

514 4328 697 4383 dicere
736 4324 1050 4382 debeamus.
1083 4321 1189 4377 Alii
1211 4334 1363 4385 vero,
1394 4318 1587 4389 quibus
1616 4319 1772 4391 longe
1797 4319 1944 4374 aliud
1970 4320 2100 4375 sub-

513 4420 732 4488 stantia,
770 4412 929 4487 quam
956 4413 1305 4472 subsistentia
1334 4410 1638 4479 signiﬁcare
1668 4411 1979 4481 videbatur,
2017 4411 2100 4467 di-

2207 3248 2311 3301 set,
2358 3238 2641 3294 abscessit.
2688 3238 2839 3293 Tunc
2876 3251 3152 3306 regressus
3198 3237 3445 3293 Meletius
3495 3239 3561 3295 de
3604 3238 3787 3302 exilio,

2208 3332 2333 3402 quia
2361 3346 2482 3386 cum
2517 3344 2584 3385 eo
2618 3330 2959 3386 numerosior
2988 3329 3217 3399 populus
3246 3338 3388 3394 erat,
3419 3328 3688 3385 Ecciesias
3718 3338 3798 3383 te-

2208 3422 2324 3477 nuit
2354 3439 2366 3475 :
2394 3431 2447 3477 et
2476 3436 2544 3477 ex
2577 3436 2641 3476 eo
2672 3426 2778 3491 iam
2822 3421 3089 3490 propriam
3130 3419 3396 3488 synodum
3430 3435 3550 3475 eum
3588 3423 3795 3476 creterris

2207 3511 2574 3571 Orientalibus
2608 3512 2889 3583 Episcopis
2912 3510 3118 3578 habuit,
3158 3527 3256 3567 nec
3293 3520 3469 3567 tamen
3504 3512 3795 3567 Athanasio

2202 3607 2422 3677 iunctus
2462 3616 2569 3661 est.
2613 3605 2828 3660 Interim
2866 3603 3077 3660 Lucifer
3110 3603 3360 3674 iniuriam
3398 3604 3609 3671 dolens,
3653 3604 3794 3673 quod

2208 3697 2532 3766 Episcopum
2564 3710 2593 3748 a
2623 3709 2683 3749 se
2703 3694 3011 3749 ordinatum
3042 3693 3183 3765 apud
3205 3692 3541 3749 Antiochiam
3573 3708 3679 3748 non
3705 3708 3795 3748 τοι»

2206 3794 2448 3860 cepisset
2476 3791 2765 3855 Eusebius,
2790 3805 2892 3846 nec
2918 3790 3034 3859 ipse
3064 3789 3307 3859 recipere
3337 3789 3536 3858 cogitat
3558 3788 3794 3843 Alexan-

2204 3887 2343 3942 drini
2376 3885 2593 3942 decreta
2628 3883 2867 3947 concilii,
2897 3882 2993 3939 sed
3022 3881 3490 3951 eonslringebatur
3519 3880 3677 3950 legati
3706 3880 3789 3935 sui

2204 3976 2423 4031 vinculo
2444 4016 2460 4039 ,
2487 3975 2579 4045 qui
2619 3974 2671 4028 in
2700 3973 2931 4028 concilio
2976 3973 3147 4043 ipsius
3172 3972 3492 4028 auctoritate
3518 3971 3792 4042 subscrip-

2203 4079 2365 4122 serat.
2396 4066 2643 4136 Alijicere
2671 4080 2903 4135 namque
2939 4079 3059 4121 eum
3088 4080 3195 4119 non
3226 4072 3458 4134 poterat,
3496 4064 3625 4134 quil
3664 4078 3791 4119 auc-

2204 4162 2477 4216 toritatem
2530 4160 2647 4229 eius
2697 4161 2937 4214 tenebat.
2994 4158 3051 4216 Si
3098 4172 3229 4213 vero
3277 4157 3591 4225 recepisset,
3636 4172 3793 4213 omne

2203 4264 2359 4304 suum
2405 4248 2775 4303 frustrandum
2814 4248 3032 4304 videbat
3076 4248 3373 4317 inceptum.
3420 4246 3518 4301 Diu
3561 4263 3689 4317 ergo
3727 4247 3792 4302 de

2203 4340 2304 4396 hoc
2347 4340 2679 4408 multumque
2719 4339 3046 4406 deliberans,
3091 4354 3214 4394 eum
3257 4354 3324 4394 ex
3366 4349 3601 4409 utraque
3641 4348 3791 4409 parte

2203 4433 2643 4498 concluderetur,
2683 4430 2862 4501 elegit,
2910 4440 2967 4485 ut
3010 4431 3185 4501 legato
3237 4444 3337 4485 suo
3384 4438 3625 4499 recepto,
3668 4445 3791 4500 erga

512 4513 725 4580 “ibam:
757 4508 881 4579 quia
908 4503 1211 4563 δ’ὡδίδηίίδ
1234 4499 1254 4539 ί
1287 4502 1459 4572 ipsam
1490 4500 1569 4557 rei
1596 4500 1823 4571 alicujus
1850 4512 2093 4557 "almam
2124 4546 2177 4607 ι)
2201 4542 2429 4589 caeteros
2467 4499 2790 4587 sententiam
2841 4499 3112 4598 disparem
3134 4525 3162 4565 ιε
3191 4567 3207 4593 ,
3250 4526 3347 4583 sed
3389 4526 3490 4583 sibi
3542 4526 3793 4597 placitam

585 4655 612 4683 ι
650 4642 859 4698 Placuit
899 4642 1164 4709 vulgatam
1216 4635 1502 4709 lectionem
1558 4636 1815 4709 retinere,
1869 4651 1991 4707 quae
2037 4646 2093 4692 et

508 4714 824 4771 concinnior
846 4706 1076 4774 videtur,
1104 4718 1157 4763 et
1188 4706 1575 4776 codicumrms.
1618 4706 1895 4776 praecipue
1920 4709 2113 4761 Bono»

510 4786 720 4840 niensis
750 4781 1070 4838 auctoritate
1100 4792 1207 4833 non
1228 4786 1396 4833 caret.
1426 4775 1729 4833 Caeciarius
1754 4778 1943 4832 maluit
1970 4792 2095 4834 cum

512 4854 809 4920 Vaticanis,
839 4852 975 4919 quod
1004 4848 1179 4903 multis
1207 4848 1485 4916 expediret.

584 4925 609 4964 δ
647 4916 860 4980 llludae
884 4920 1087 4975 addunt
1114 4929 1168 4974 et
1188 4934 1316 4972 mss.
1344 4916 1514 4990 nostri
1544 4936 1558 4972 :
1590 4918 1794 4989 vulgati
1822 4918 2090 4990 ignorant.

507 4996 631 5053 Mox
662 4991 1014 5047 Bononiensis
1042 4990 1283 5060 disjectas
1313 5001 1409 5057 pro
1436 4989 1659 5059 dejectos
1688 4991 1831 5058 legit.

584 5076 609 5105 α
641 5062 967 5119 Bononiens.
1000 5062 1087 5131 qui
1117 5058 1316 5125 invidit,
1355 5069 1467 5113 tum
1494 5058 1552 5114 in
1584 5061 1688 5115 ﬁne
1716 5075 1838 5117 cum
1868 5062 2098 5133 vulgatis

508 5145 643 5192 noue
672 5148 770 5192 pro
799 5146 969 5186 nam.

635 5200 777 5262 Idem
804 5202 1100 5273 calorisque
1124 5200 1211 5269 qui
1244 5216 1358 5256 cum
1390 5201 1660 5272 Episcopis
1689 5212 1877 5258 erant:
1922 5205 2096 5260 Guar-

508 5277 720 5331 ncrian.
765 5275 853 5343 qui
901 5287 1016 5328 cum
1050 5273 1392 5346 ipsis__erant;
1428 5285 1481 5331 et
1520 5273 1679 5346 paulo
1723 5284 1843 5345 post
1886 5277 1941 5329 in
1982 5277 2096 5332 loco

509 5346 755 5410 Concilii,
779 5342 910 5408 etc.,
945 5357 1041 5412 pro
1070 5342 1124 5397 in
1149 5342 1263 5411 illo,
1290 5354 1395 5399 etc.

581 5427 605 5454 ο
639 5418 837 5487 Denuo,
859 5414 1406 5487 Guarnerianrmotus
1444 5427 1549 5484 est,
1583 5416 1720 5487 quod
1753 5416 1920 5472 (ἐγωεὶ
1953 5419 2097 5472 asiae

508 5496 553 5539 et
581 5486 1099 5559 ypostaseis_aoeant.
1119 5483 1351 5559 Quidam
1383 5488 1556 5559 etiam,
1583 5483 1721 5553 ete.;
1760 5498 1870 5543 tum
1900 5498 1945 5543 et
1970 5491 2092 5559 quia

509 5555 610 5611 tres
638 5555 945 5612 substantias
966 5572 1069 5610 non
1094 5555 1308 5610 dicimus
1336 5558 1388 5612 in
1414 5557 1605 5623 Deum,
1635 5569 1738 5614 etc.

585 5626 606 5699 ἰ
632 5628 722 5684 Sic
741 5626 1068 5699 duonostri,
1091 5625 1419 5699 totidemque
1440 5630 1579 5697 apud
1599 5629 1932 5699 Caeciarium
1957 5644 2086 5684 mss.

510 5698 712 5753 habent
741 5715 755 5751 :
786 5697 987 5769 vulgati
1016 5697 1149 5767 ipsa.
1181 5696 1345 5757 Paulo
1361 5696 1494 5773 post
1521 5701 1850 5759 Bononiens.
1882 5698 2089 5759 Idcirco

510 5782 607 5822 μω
633 5769 865 5822 ideoque.
1447 5776 1451 5780 '

509 5782 607 5842 pro
633 5782 865 5838 ideoque.

2283 4681 2308 4719 8
2344 4670 2420 4725 Ex
2453 4670 2639 4725 codice
2666 4666 3033 4724 Guarneriano
3062 4665 3105 4720 is
3136 4678 3433 4735 pronomen
3460 4662 3793 4729 calfecimus,

2200 4742 2343 4813 quod
2365 4741 2501 4813 libri
2534 4741 2625 4813 alii
2659 4740 2926 4813 ignorant.

2277 4810 2303 4848 ιι
2334 4812 2447 4865 Non
2484 4805 2758 4865 addunt'et
2792 4808 3011 4862 Eusebio
3041 4807 3240 4876 vulgati
3271 4806 3414 4871 libri,
3449 4813 3503 4860 et
3531 4805 3620 4873 qui
3652 4805 3793 4871 opti-

2203 4898 2305 4936 mae
2333 4892 2472 4936 notte
2500 4890 2583 4935 est
2613 4896 2714 4934 ms.
2745 4875 3181 4934 Guarnerianus:
3207 4877 3412 4931 addunt
3438 4892 3563 4930 vero
3593 4875 3704 4937 alii,
3739 4884 3791 4928 et

2200 4968 2321 5007 cum
2350 4953 2536 5021 primis
2565 4950 2826 5005 Vaticani.
2853 4950 2968 5021 lluc
2988 4958 3044 5002 tu
3072 4946 3215 5001 refer
3238 4945 3791 5021 Historizefraguiem

2204 5032 2315 5076 tum
2347 5016 2415 5078 de
2440 5023 2732 5078 schismate
2762 5020 3068 5084 Meletiano,
3102 5032 3271 5085 nuper
3299 5033 3366 5071 ex
3396 5016 3785 5084 antiquissimis

2207 5094 2531 5148 Veronensis
2562 5092 2814 5147 Ecclesia
2835 5088 3036 5146 chartis
3066 5086 3271 5143 editum
3296 5097 3443 5142 tonio
3470 5085 3559 5141 Ill.
3590 5086 3785 5142 Obser-

2207 5176 2307 5219 ιιι.
2339 5163 2645 5219 Literariar.

2280 5236 2293 5272 ί
2331 5236 2462 5297 ﬂeic
2490 5246 2706 5302 quoque
2735 5230 3044 5286 suﬁ‘eeimus
3083 5226 3293 5283 Eusebii
3321 5242 3519 5302 nomen
3553 5226 3620 5282 ad
3651 5240 3781 5302 mss.

2200 5305 2360 5361 fidem
2382 5346 2397 5371 ,
2432 5297 2573 5374 quod
2606 5297 2826 5376 vulgati,
2858 5301 3013 5356 nullo
3035 5310 3213 5354 tamen
3245 5313 3439 5355 sensus
3468 5297 3791 5367 diSpendio,

2200 5376 2464 5429 iuuorant.

2217 5392 2682 5499 g'iog‘tﬁrnerian.
2713 5443 2841 5512 quia
2880 5441 3185 5512 auctoritate
3219 5441 3355 5509 ejus,
3387 5446 3493 5493 ete.
3513 5480 3539 5505 ,,
3571 5444 3626 5492 et
3662 5445 3781 5506 post

2199 5530 2389 5585 pauca,
2418 5515 2510 5567 diu
2542 5515 2856 5585 multumque
2877 5514 2940 5567 de
2964 5512 3061 5585 hoc
3090 5511 3395 5585 deliberans,
3430 5518 3536 5564 etc.

2276 5584 2299 5623 κ
2335 5576 2477 5639 Idem
2505 5624 2519 5648 ,
2553 5576 2811 5652 disparem
2848 5590 2895 5637 et
2935 5584 3030 5637 sibi
3060 5582 3326 5650 placitam,
3359 5592 3491 5652 θυεμ
3524 5589 3634 5652 tum
3660 5576 3783 5652 quia

2195 5657 2297 5735 cito
2322 5664 2479 5735 morte
2511 5648 2815 5735 praetentus.
2845 5648 3171 5711 Bononiens.
3214 5666 3334 5709 eum
3367 5650 3597 5721 vulgatis
3617 5688 3632 5717 ,
3662 5648 3783 5721 quia

2194 5733 2296 5782 cita
2317 5733 2496 5794 morte,
2523 5733 2627 5782 etc.
