4166 6348
525 279 630 341 503

521 493 729 550 disserit
757 492 952 548 vidisse
980 507 1039 548 se
1063 508 1184 546 eum
1207 509 1308 546 non
1339 494 1489 563 longe
1511 503 1753 558 euntem,
1772 505 1878 546 tota
1918 493 2110 550 celeri-

521 596 634 642 tate
665 588 1050 657 pertransieus,
1083 595 1333 656 properat
1377 585 1430 640 in
1471 602 1687 651 vanum,
1735 586 1993 642 festinans
2023 600 2111 638 ca-

522 692 672 746 pere,
702 691 860 745 quem
915 687 1038 730 ante
1081 677 1264 730 oculos
1304 677 1536 746 positum
1567 676 1750 730 videre
1781 691 1886 730 non
1919 675 2108 744 potuit.

522 768 621 824 llle
650 782 780 823 vero
829 767 921 822 Dei
970 767 1165 823 virtute
1207 768 1437 821 monitus
1488 768 1863 822 Alexandriam
1896 777 1920 803 ⁸·
1951 768 2107 831 redit,

520 857 704 926 ibique
759 867 873 913 tuto
917 858 1152 914 latebras
1195 873 1469 930 usquequo
1510 861 1814 930 persecutio
1852 872 2110 927 cessaret,

517 953 723 1024 exegit.

1082 1065 1308 1125 CAPUT
1346 1067 1564 1124 XXXV.

879 1157 955 1212 De
979 1160 1217 1226 sepulcro
1259 1160 1502 1230 martyris
1528 1158 1756 1229 Babylce.

594 1269 752 1326 Dedit
790 1282 845 1328 et
872 1272 1016 1327 aliud
1046 1273 1287 1328 Julianus
1329 1273 1594 1328 vecordiae
1619 1287 1729 1327 sua:
1772 1285 1836 1326 ac
1879 1271 2110 1326 levitatis

520 1359 796 1416 indicium.
825 1361 956 1417 Nam
986 1378 1108 1418 cum
1139 1363 1375 1432 Daphnis
1402 1365 1453 1418 in
1481 1364 1788 1418 suburbano
1811 1364 2110 1419 Antiochia:

519 1453 671 1524 juxta
723 1455 920 1510 fontem
950 1454 1238 1510 Castalium
1287 1457 1458 1512 litaret
1489 1456 1742 1526 Apollini,
1776 1467 1827 1511 et
1861 1458 2001 1511 nulla
2042 1471 2106 1511 ex

522 1545 610 1600 his
658 1561 775 1613 qua:
815 1548 1106 1614 quaerebat,
1138 1561 1396 1616 responsa
1425 1548 1742 1616 susciperet,
1783 1562 2109 1615 caussasque

520 1636 722 1692 silentii
749 1645 1155 1706 percontaretur
1177 1653 1206 1692 a
1233 1639 1598 1694 sacerdotibus
1622 1638 1902 1705 daemonis,
1933 1639 2104 1703 aiunt,

517 1723 736 1796 Babylte
763 1726 1011 1797 martyris
1049 1727 1352 1795 sepulcrum
1395 1742 1562 1798 prope
1599 1727 1878 1790 adsistere,
1904 1737 1958 1783 et
1988 1728 2108 1781 ideo

518 1831 778 1886 responsa
810 1833 916 1873 non
964 1819 1131 1873 reddi.
1173 1817 1307 1873 Tum
1359 1819 1466 1883 ille,
1499 1821 1682 1874 venire
1712 1819 2109 1889 Galilreosuioc

517 1908 664 1964 enim
688 1908 903 1964 nomine
928 1921 1140 1964 nostros
1161 1909 1432 1980 appellare
1453 1909 1644 1965 solitus
1667 1909 1803 1981 erat)
1826 1921 1878 1965 et
1899 1911 2109 1966 auferre

523 2001 835 2071 sepulcrum
874 2003 1120 2073 martyris
1155 2003 1324 2071 jubet.
1377 2003 1537 2074 Igitur
1569 2003 1808 2058 Ecclesia
1859 2003 2108 2059 universa

523 2093 869 2159 conveniens,
902 2094 1058 2164 261
1089 2103 1284 2149 matres
1315 2102 1369 2149 et
1390 2095 1508 2158 viri,
1536 2093 1639 2164 [ΑΙ.
1671 2095 1878 2148 additur
1902 2092 1975 2164 et]
2005 2096 2110 2149 vir—

519 2181 695 2252 gines,
713 2182 1042 2253 juvenesque
1068 2184 1328 2238 immensa
1353 2184 1680 2239 exultatione
1702 2183 1979 2248 succincti,
2005 2194 2111 2238 tra-

517 2273 718 2329 hebant
751 2275 908 2344 longo
933 2275 1144 2346 agmine
1164 2291 1342 2330 arcam
1367 2274 1635 2343 Martyris,
1660 2275 1946 2344 psallentes
1967 2291 2113 2331 sum-

515 2365 623 2422 mis
650 2367 996 2435 clamoribus,
1035 2375 1090 2422 et
1127 2382 1247 2422 cum
1279 2366 1609 2422 exultatione
1649 2366 1891 2422 dicentes
1924 2386 1936 2420 :
1972 2365 2110 2421 Con-

519 2459 810 2527 fundantur
837 2475 1010 2513 omnes
1053 2459 1142 2527 qui
1184 2459 1404 2512 adorant
1432 2457 1713 2528 sculptilia,
1737 2468 1782 2512 et
1819 2459 1904 2528 qui
1934 2457 1960 2497 δ
1991 2476 2112 2512 con-

517 2547 685 2617 fidunt
706 2549 758 2603 in
781 2551 1068 2603 simulacris
1091 2551 1194 2604 suis
1221 2549 1394 2620 (Psal.
1417 2551 1506 2605 96.
1531 2546 1633 2620 7.).
1666 2551 1788 2604 Hmc
1819 2550 1869 2604 in
1896 2552 2110 2606 auribus

515 2638 776 2706 propbani
810 2637 1070 2706 Principis
1092 2654 1186 2709 per
1205 2655 1299 2696 sex
1328 2640 1491 2696 millia
1521 2654 1770 2711 passuum
1800 2651 1940 2696 tanta
1960 2643 2110 2697 exul-

515 2731 717 2786 tatione
747 2730 1008 2800 psallebat
1031 2733 1203 2786 omnis
1236 2733 1496 2800 Ecclesia,
1537 2742 1594 2787 ut
1635 2734 1830 2790 ctelum
1863 2734 2111 2788 clamori-

514 2819 619 2874 bus
666 2831 688 2860 ο
733 2821 1040 2878 resultaret.
1072 2823 1222 2879 Unde
1267 2833 1323 2880 et
1352 2825 1444 2879 illo
1487 2824 1541 2878 in
1587 2834 1783 2880 tantam
1824 2826 2110 2882 iracundia:

515 2913 720 2968 rabiem
744 2913 1001 2970 deductus
1026 2925 1125 2982 est,
1155 2926 1213 2971 ut
1241 2916 1404 2972 altera
1433 2916 1520 2972 die
1556 2918 1936 2986 comprehendi
1962 2918 2111 2974 Chri-

516 3008 726 3063 stianos
755 3010 950 3078 passim
979 3017 1032 3065 et
1059 3009 1196 3066 trudi
1220 3010 1431 3081 juberet
1460 3010 1510 3065 in
1537 3025 1829 3079 carcerem,
1857 3025 1918 3067 ac
1940 3013 2108 3082 penis

520 3109 576 3157 et
601 3101 924 3160 cruciatibus
944 3100 1108 3159 allici.

585 3245 613 3276 ι
654 3235 1004 3293 Guaruerian.
1049 3237 1218 3292 rediit.
1250 3236 1434 3293 Tradit
1472 3247 1528 3294 et
1557 3239 1828 3302 Socrates.
1861 3238 2100 3294 Athana-

516 3307 655 3380 sium
690 3308 1120 3380 persequentium
1169 3309 1412 3363 manibus
1439 3311 1702 3380 elapsum,
1732 3311 1976 3365 clanculo
2009 3326 2105 3365 ve-

512 3377 658 3433 uisse
687 3377 1090 3444 Alexandriam,
1120 3380 1295 3449 ibique
1319 3377 1616 3447 delituisse,
1640 3380 1986 3449 quoadusque
2009 3397 2104 3436 se-

515 3449 736 3518 dataest
755 3451 1204 3518 persequutio.|ta
1221 3461 1274 3504 et
1294 3450 1651 3506 Theodoritus
1680 3461 1876 3504 narrat.
1905 3451 2102 3505 Verum

516 3517 770 3590 Historiae
799 3517 1071 3586 acephalae
1100 3521 1300 3575 Auctor
1326 3521 1443 3576 loco
1469 3522 1668 3576 dudum
1703 3523 1912 3574 laudato
1939 3523 2107 3590 signi-

515 3589 641 3642 ﬁcat
670 3604 986 3661 peragrasse
1013 3591 1164 3645 illum
1193 3593 1394 3647 interea
1415 3593 1718 3661 superiores
1745 3590 1960 3661 Egypti
1985 3589 2106 3658 par-

516 3668 602 3714 tes
630 3674 801 3731 tisque
829 3661 894 3714 ad
928 3660 1309 3731 Hermopolim,
1335 3673 1389 3716 et
1419 3660 1747 3728 superiorem
1775 3660 2105 3716 Thebaidem

518 3744 689 3798 usque
700 3729 988 3803 Antinoum
1009 3749 1021 3785 :
1043 3729 1174 3803 Quo,
1197 3733 1385 3803 inquit,
1401 3735 1452 3786 in
1471 3734 1547 3786 his
1563 3733 1688 3803 locis
1702 3733 1930 3802 degente,
1947 3732 2109 3803 cogni-

519 3807 632 3852 tum
661 3809 738 3854 est
763 3799 1033 3855 lulianum
1059 3799 1552 3868 lmrerfmortuum,
1584 3813 1629 3856 et
1658 3799 1930 3854 Iovianum
1961 3799 2109 3854 Citri-

513 3869 1137 3942 stianumlmperatorem.
1152 3873 1286 3928 Tum
1307 3889 1433 3928 vero
1453 3871 1929 3942 subditJngressus
1949 3871 2108 3941 igitur

516 3940 884 4015 Alexandriam
916 3943 1128 3998 latenter
1161 3944 1446 4015 Episwpus
1473 3945 1696 4015 aduentu
1722 3940 1842 4015 ejus
1865 3940 2109 4011 non’plu-

513 4011 654 4064 ribus
691 4013 915 4085 cognito,
946 4015 1164 4067 occurrit
1208 4011 1406 4085 navigio
1448 4013 1686 4085 adflmp.
1715 4011 2018 4085 Jovianum,
2060 4023 2108 4067 et

512 4090 650 4148 post,
682 4079 1054 4138 Ecblesiasticis
1099 4085 1247 4138 rebus
1270 4079 1581 4152 coinpoaitis,
1613 4079 1870 4151 accipiens
1910 4085 2104 4150 literas,

512 4152 649 4204 venit
671 4153 1057 4217 Alexandriam,
1082 4163 1127 4208 et
1149 4157 1351 4208 intravit
1377 4157 1428 4206 in
1457 4152 1759 4219 Ecclesium,
1780 4153 1926 4206 Athir
1943 4153 2102 4210 XIX.

513 4223 596 4303 die
644 4221 770 4303 (An.
803 4224 929 4278 ὅθι.
969 4225 1101 4303 Nov.
1137 4225 1268 4303 lli),
1305 4223 1519 4303 consul.
1550 4225 1778 4303 Ioviani,
1811 4233 1857 4277 et
1913 4224 2106 4279 Varro-

513 4292 660 4361 niani
685 4309 703 4346 :
733 4309 796 4347 ea:
832 4310 934 4361 quo
976 4296 1098 4348 exiit
1141 4292 1459 4348 Alexandria
1488 4295 1764 4347 secundum
1797 4306 2108 4360 praeceptum

510 4359 732 4426 Iuliani,
761 4359 920 4433 usque
959 4365 1080 4417 dum
1123 4365 1326 4419 advenit
1369 4365 1612 4432 prwdicto
1643 4365 1723 4418 die
1751 4365 1899 4418 Athir
1941 4366 2102 4420 XIX.

511 4442 630 4503 post
659 4449 849 4487 annum
877 4451 1056 4502 unum,
1085 4445 1133 4488 et
1163 4451 1356 4488 menses
1386 4433 1504 4487 ΙΙΙ.
1539 4444 1583 4486 et
1615 4435 1720 4487 dies
1746 4434 1938 4491 ΧΧΙΙ.
1968 4438 2103 4503 Quin

1529 285 1757 344 RUFINI
1801 279 2282 353 AQUILEIENSIS
2323 284 2757 346 PRESBYTER!

521 404 634 468 bet,
666 400 756 458 ubi
778 399 1050 457 audissent
1073 414 1192 456 esse
1219 400 1590 458 Athanasium.
1621 402 1863 473 Cumque
1887 417 2106 470 respon-
2134 400 2187 460 Α

2753 445 2980 503 CAPUT
3033 445 3276 506 XXXVI.

2391 579 2464 634 De
2488 580 2757 636 Theodoro
2788 582 3088 653 Confessore
3113 587 3254 654 apud
3276 583 3619 646 Antiochiam.

2287 711 2440 776 Quod
2470 712 2752 768 Sallustius
2787 715 3074 771 Prtefectus
3104 713 3131 754 ἀ
3160 718 3277 788 ejus
3307 733 3410 774 non
3442 720 3698 790 probans,
3729 719 3797 778 li-

2214 812 2298 854 cet
2325 813 2466 856 esset
2508 802 2760 870 Gentilis,
2789 815 2963 862 tamen
2986 809 3168 877 jussus
3196 811 3494 880 exequitur,
3523 821 3579 868 et
3605 829 3800 884 appre-

2215 891 2438 946 hensum
2491 910 2652 948 unum
2701 898 2964 965 quendam
3019 901 3408 956 adolescentem
3458 904 3546 972 qui
3597 907 3805 971 primus

2214 984 2468 1047 occurrit,
2494 981 2833 1040 Theodorum
2861 989 3103 1055 nomine,
3131 1005 3160 1044 a
3191 992 3357 1059 prima
3389 991 3506 1047 luce
3536 1008 3703 1062 usque
3730 994 3798 1050 ad

2214 1073 2325 1146 [ΑΙ.
2359 1073 2440 1145 ἰιι]
2467 1077 2649 1130 horam
2681 1077 2940 1132 decimam
2970 1089 3114 1134 tanta
3145 1083 3480 1146 crudelitate,
3504 1094 3554 1138 et
3578 1093 3658 1138 tot
3684 1102 3801 1140 uiu-

2213 1169 2338 1222 tatis
2365 1169 2706 1224 carnificibus
2737 1173 2912 1238 torsit,
2945 1181 3000 1225 ut
3029 1174 3170 1226 nulla
3213 1185 3349 1228 tetas
3371 1175 3546 1230 simile
3599 1176 3796 1230 factu-ii

2213 1262 2534 1317 meminerit.
2566 1263 2697 1318 Cum
2731 1273 2906 1318 tamen
2962 1266 3050 1321 ille
3092 1268 3142 1320 in
3181 1268 3365 1322 eculeo
3401 1277 3423 1305 ο
3455 1269 3718 1336 sublimis,
3749 1279 3804 1326 et

2212 1351 2334 1405 hinc
2366 1353 2488 1407 inde
2517 1353 2775 1408 lateribus
2806 1355 3040 1411 instante
3067 1367 3287 1422 tortore,
3321 1359 3454 1412 nihil
3483 1361 3622 1412 aliud
3657 1361 3802 1414 face-

2211 1455 2310 1504 ret.
2345 1445 2444 1500 nisi
2485 1446 2623 1515 quod
2669 1447 2826 1501 vultu
2861 1464 3052 1503 securo
3089 1460 3148 1503 et
3177 1451 3301 1505 leto
3327 1452 3613 1523 psalmum,
3643 1469 3802 1518 quem

2211 1538 2380 1606 pridie
2410 1540 2587 1592 omnis
2616 1540 2850 1595 Ecclesia
2878 1545 3166 1608 cecinerat,
3191 1546 3442 1600 iter-aret:
3468 1561 3695 1616 cumque
3717 1564 3800 1611 se,

2208 1627 2354 1682 omni
2401 1645 2630 1698 expensa
2673 1633 3004 1697 crudelztate,
3056 1635 3340 1689 Sallustius
3391 1637 3517 1689 nihil
3566 1639 3739 1706 egisse
3775 1637 3802 1676 τ

2138 1763 2184 1823 Β
2214 1720 2561 1786 perspiceret,
2581 1731 2795 1791 recepto
2824 1723 2875 1776 in
2904 1738 3173 1778 carcerem
3187 1727 3402 1793 juvene,
3421 1727 3617 1784 abiisse
3635 1729 3810 1784 fertur

2215 1810 2280 1864 ad
2314 1811 2712 1879 Imperatorem,
2743 1815 2900 1885 262
2934 1826 2990 1870 et
3034 1817 3160 1885 quid
3205 1819 3374 1885 egerit
3405 1820 3707 1888 nunciasse,
3741 1837 3814 1878 ac

2215 1904 2488 1958 monuisse
2529 1918 2596 1958 ne
2636 1905 2739 1960 tale
2791 1907 2988 1976 alquid
3039 1918 3245 1964 tentare
3294 1910 3454 1964 vellet
3491 1913 3557 1966 de
3581 1923 3802 1982 czetero,

2213 1994 2445 2062 alioquin
2471 2004 2524 2050 et
2551 1995 2655 2050 illis
2684 1998 2904 2066 gloriam
2952 2009 3006 2054 et
3032 1999 3130 2054 sibi
3155 2001 3495 2071 ignominiam
3518 2017 3800 2073 quererer.

2214 2085 2364 2141 Iluuc
2409 2087 2749 2144 Theodorum
2782 2092 2880 2159 ipsi
2915 2107 3011 2147 nos
3059 2095 3398 2160 postmodum
3446 2098 3583 2164 apud
3614 2102 3810 2154 Antio-

2211 2177 2385 2234 chiam
2409 2181 2657 2235 vidimus.
2683 2181 2748 2236 Et
2775 2197 2896 2236 cum
2926 2185 3318 2254 requireremus
3345 2188 3412 2242 ab
3433 2203 3495 2242 eo
3517 2189 3569 2243 s'r
3585 2205 3812 2244 sensum

2211 2271 2409 2326 doloris
2442 2273 2711 2328 habuisset
2739 2289 2801 2329 ex
2831 2275 3058 2344 integro,
3083 2277 3293 2331 dicebat
3323 2293 3378 2332 se
3407 2297 3437 2347 q
3481 2281 3619 2335 idem
3647 2282 3804 2336 doin-

2213 2380 2300 2420 res
2331 2381 2516 2431 parum
2559 2367 2814 2434 sensisse,
2849 2369 3122 2424 adstitisse
3150 2380 3325 2425 autem
3354 2373 3618 2442 quendam
3643 2375 3806 2442 jure-

2212 2472 2355 2521 neni,
2380 2457 2470 2524 qui
2502 2459 2711 2513 sudanti
2741 2459 2862 2525 sibi,
2898 2461 3060 2515 linteo
3089 2461 3474 2516 candidissimo
3497 2475 3547 2518 et
3577 2465 3812 2520 sudores

2213 2549 2319 2620 ιΑι.
2342 2549 2617 2622 sudorem]
2645 2551 2995 2622 abstergeret,
3013 2562 3065 2607 et
3085 2569 3278 2622 aquam
3299 2555 3540 2620 frigidam
3567 2556 3804 2626 frequen.

2213 2649 2294 2695 ter
2343 2640 2668 2708 inl'underet,
2700 2653 2753 2697 et
2801 2643 2870 2697 ita
2915 2657 2975 2699 se
3021 2659 3142 2700 esse
3192 2646 3534 2713 delectatum,
3569 2657 3626 2702 ut
3679 2657 3804 2703 tunc

2212 2735 2457 2787 maestior
2487 2731 2662 2786 factus
2691 2735 2781 2800 sit,
2811 2735 3027 2804 quando
3075 2737 3269 2806 deponi
3319 2739 3388 2794 de
3417 2742 3604 2796 eculeo
3626 2741 3804 2809 jussus

2210 2834 2312 2878 est.
2367 2824 2733 2880 Comminatus
2780 2827 2939 2896 igitur
2986 2828 3314 2897 Imperator,
3361 2840 3482 2900 post
3529 2833 3804 2889 victoriam

2211 2915 2479 2970 Persicam
2530 2917 2724 2972 melius
2771 2932 2836 2972 se
2870 2915 3204 2975 Christianos
3237 2923 3652 2991 debellaturum,
3685 2940 3804 2995 pro-

2213 3010 2377 3063 lectus
2405 3009 2616 3078 quidem
2649 3019 2747 3077 est,
2769 3013 2862 3065 sed
2889 3013 3067 3066 nullus
3088 3021 3120 3060 τ
3143 3015 3301 3068 redit.
3333 3016 3412 3070 lbi
3442 3031 3694 3087 namque,
3721 3020 3805 3074 in-

2135 3125 2182 3187 c
2216 3113 2417 3156 certum
2442 3115 2471 3156 a
2500 3101 2633 3169 suis,
2659 3115 2726 3155 an
2755 3102 2823 3157 ab
2854 3103 3094 3159 hoStibus
3123 3104 3429 3172 confossus,
3462 3119 3581 3180 post
3607 3124 3811 3168 annum

2207 3233 2604 3309 difC/iristianos
2645 3237 2834 3306 passim
2857 3246 2902 3309 et
2942 3236 3078 3291 traa‘i
3101 3239 3323 3309 juberet,
3356 3249 3460 3296 etc.
3491 3239 3566 3296 Ut
3609 3254 3804 3298 cat-tera

2209 3308 2386 3381 minus
2411 3319 2557 3381 recte
2588 3308 2784 3381 habere
2809 3307 3110 3381 videantur,
3135 3310 3259 3364 illud
3291 3321 3438 3365 certe
3470 3313 3640 3381 magis
3669 3316 3805 3368 arri-

2208 3376 2320 3450 det.
2357 3377 2498 3445 quod
2527 3379 2684 3450 habet
2713 3380 3068 3450 uerecundiam
3095 3389 3141 3433 et
3173 3382 3363 3434 rabiem
3400 3397 3494 3450 pro
3524 3376 3805 3438 iracundae

2207 3447 2298 3500 rab
2324 3448 2624 3511 em,etc.De
2651 3449 3034 3517 Babylte.quod
3060 3447 3627 3518 attinet,reliquiaruni
3646 3469 3804 3509 trans-

2209 3517 2407 3591 latione
2439 3519 2634 3591 videsis
2661 3519 3048 3591 Theodorituin
3081 3521 3280 3574 Histor.
3316 3523 3409 3576 lib.
3440 3523 3525 3576 ιιι.
3558 3539 3678 3591 cap.
3715 3527 3802 3580 ιθ.

2209 3588 2462 3642 Caussam
2483 3589 2638 3642 aliam
2663 3589 2857 3642 Juliani
2883 3591 2934 3642 in
2959 3591 3292 3645 Christianos
3320 3595 3602 3648 iracundiae
3627 3588 3804 3651 narrat

2209 3659 2523 3711 Ammianus
2570 3659 2908 3712 Marcellinus
2941 3660 3032 3714 lib.
3077 3661 3240 3716 XXII.
3272 3678 3391 3729 cap.
3434 3665 3520 3717 l5.
3557 3667 3804 3721 uimiinnt

2210 3739 2579 3802 exustumper
2609 3731 2661 3802 id
2703 3732 2958 3802 temporis
2993 3732 3244 3802 Daplintei
3291 3735 3552 3802 Apollinis
3595 3737 3798 3800 lauutu,

2211 3800 2352 3868 quod
2384 3801 2585 3853 [acinus
2610 3800 2931 3854 Christianis
2962 3800 3276 3869 imputabat.

2283 3870 2306 3905 ιι
2347 3869 2695 3923 Guarneriau.
2734 3886 2840 3923 uno
2871 3871 3058 3936 verbo,
3092 3873 3406 3938 improbans.
3444 3875 3593 3930 llunc
3621 3876 3802 3933 Sallu-

2212 3941 2374 3994 stium
2410 3940 2723 4018 PraeAfectum
2759 3941 3047 4018 Praetorio1
3071 3944 3187 4018 sive
3226 3945 3459 4018 ἔπαρχον
3485 3958 3672 4000 vol-ant
3703 3950 3803 4004 So-

2208 4016 2467 4082 cratesiet
2502 4009 2856 4076 Sozomenus,
2879 4013 2968 4082 qui
3014 4009 3591 4072 Ruliuianatii'liancce
3621 4019 3802 4074 Histo-

2211 4081 2344 4137 riam
2376 4081 2560 4135 Grzece
2585 4081 2956 4136 reddiderunt.

2287 4162 2315 4228 ξ
2345 4152 2486 4228 Ideni
2529 4168 2804 4228 suspensus
2837 4153 2996 4228 habet
3043 4169 3140 4222 pro
3168 4157 3418 4214 sublimis.
3453 4159 3586 4214 Tum
3615 4161 3802 4228 juncta

2209 4234 2262 4279 et
2287 4225 2630 4299 Bononiensi,
2651 4223 2822 4277 altero
2843 4225 2911 4278 ab
2935 4227 3035 4299 hoc
3057 4240 3235 4299 versu,
3250 4231 3387 4297 quod
3409 4223 3650 4286 voculam
3671 4249 3802 4299 prae-

2211 4295 2478 4371 termittit.
2510 4295 2614 4347 Pro
2642 4309 2842 4371 securo,
2875 4294 3016 4361 quod
3058 4294 3321 4371 sequitur,
3351 4310 3403 4354 et
3453 4316 3556 4356 ms.
3590 4294 3800 4371 quoque

2209 4365 2604 4444 Quaruerianus
2625 4364 2840 4444 optima:
2863 4373 3000 4443 nota:
3025 4367 3208 4444 probat
3231 4386 3354 4423 cum
3379 4364 3800 4444 vulgatis'oiuoi-

2211 4435 2330 4496 bus,
2355 4444 2547 4501 estque
2577 4449 2633 4488 re
2659 4435 2770 4501 ipsa
2804 4438 3142 4500 concinnius,
3167 4435 3564 4498 Uacciarius'ex
3593 4443 3798 4500 Vatica-

513 4502 680 4575 etiam
705 4505 1041 4575 Ammonius,
1083 4516 1239 4575 aetate
1277 4506 1570 4559 Athanasio
1596 4508 1834 4573 aequalis,
1870 4502 2100 4575 Epis’tola
2135 4509 2188 4568 D
2215 4512 2302 4575 nisi
2323 4506 2594 4568 rescripsit
2618 4521 2816 4558 sereno.

510 4572 567 4626 in
601 4573 749 4628 Actis
785 4575 883 4628 SS.
928 4577 994 4630 lli
1026 4574 1168 4643 Maji,
1201 4584 1424 4629 testatur
1457 4591 1576 4628 eum
1615 4572 1680 4628 ad
1710 4572 2103 4642 Juliaui‘usque

509 4652 744 4697 mortem
767 4643 820 4696 in
842 4659 1024 4698 eremo
1051 4644 1344 4709 delituisse,
1373 4645 1581 4713 sibique
1602 4647 1822 4700 veritum
1849 4650 2102 4703 continuo

515 4726 547 4767 a
581 4715 1014 4784 persequentium
1059 4714 1288 4780 insidiis,
1321 4715 1538 4770 incertis
1578 4717 1794 4771 sedibus
1823 4720 1960 4784 apud
1993 4720 2104 4772 Mo-

513 4783 720 4855 naehos
747 4783 1050 4839 oberrasse.
1077 4784 1306 4839 Omnino
1331 4787 1444 4841 hac
1475 4783 1958 4855 itaqueRulinianae
1982 4805 2105 4843 nar-

515 4853 1042 4924 rationi_repugnant
1071 4869 1133 4908 ac
1161 4858 1467 4922 praevalent.
1501 4853 1806 4913 Caeciarins
1835 4860 1974 4924 quod
2006 4875 2106 4911 no-

518 4931 597 4978 tat
625 4922 677 4976 in
709 4921 1079 4999 Regiol_Vatic.
1115 4921 1214 4999 ms.
1247 4942 1385 4999 tuo:
1413 4937 1518 4981 tota
1563 4929 1664 4999 legi
1695 4943 1790 4996 pro
1818 4921 1946 4994 tuto,
1972 4929 2107 4983 nihil

513 5000 629 5066 est;
655 5002 712 5046 ut
731 4997 873 5046 enim
898 4994 1106 5066 demus,
1124 4996 1409 5065 significari
1435 4994 1723 5066 utcumque
1743 5013 1918 5066 posse,
1937 5000 2104 5052 Atha-

514 5063 724 5118 nasium
756 5073 861 5118 tota
893 5063 1209 5119 Alexandria
1255 5068 1484 5123 latebras
1514 5063 1804 5122 identidem
1841 5075 2097 5135 mutasse,

511 5148 672 5258 (error
719 5135 773 5190 in
821 5150 886 5191 eo
915 5145 1017 5203 est,
1050 5137 1193 5206 quod
1235 5149 1358 5194 tunc
1396 5139 1588 5194 dicitur
1618 5143 1829 5193 venisse
1870 5137 2103 5192 Alexan-

552 5218 707 5258 riam.

552 5218 707 5258 riam.

588 5273 616 5313 δ
656 5274 1010 5331 Guarnerian.
1034 5279 1442 5348 quigloriantur,
1466 5275 1912 5348 quemadmodum
1935 5278 2102 5332 etalia

440 5366 442 5392 ;
513 5353 646 5419 quot
672 5349 783 5400 scio
815 5345 1052 5401 omnium
1077 5345 1372 5419 linguarum
1407 5345 1660 5402 Psalteria
1689 5345 2001 5414 prmferunt.
2037 5350 2102 5402 Et

425 5417 436 5427 ”
513 5415 691 5471 nullus
719 5426 896 5472 tamen
925 5420 1109 5473 dubito
1136 5415 1199 5474 ἐκ
1232 5420 1473 5472 codicum
1501 5419 1826 5483 reliquorum
1858 5420 2096 5472 omnium

511 5499 798 5558 consensu,
829 5488 1023 5558 legisse
1049 5490 1296 5542 Rufinum
1325 5490 1374 5540 in
1409 5503 1504 5539 suo
1531 5485 1846 5551 exemplari,
1871 5489 1958 5554 qui
1979 5503 2099 5541 con-

517 5554 684 5621 ﬁdunt
713 5574 730 5610 :
761 5554 949 5627 estque
1002 5560 1138 5613 adeo
1168 5559 1283 5612 hinc
1313 5558 1520 5626 dignior
1552 5565 1734 5609 notato
1767 5558 1966 5611 veteris
1995 5574 2097 5627 qua

513 5627 779 5706 nitebatur,
812 5628 1082 5706 Versionis
1105 5629 1283 5706 lectio.
1330 5705 1333 5706 ν
1389 5694 1427 5706 η
1491 5695 1501 5706 .
1674 5693 1684 5702 ,

585 5705 609 5734 ο
649 5696 708 5751 lu
737 5697 1056 5754 Bononiensi
1085 5697 1355 5751 exultaret.
1384 5694 1530 5748 Unde
1555 5692 1641 5746 ille
1668 5693 1720 5746 in
1744 5705 1937 5748 tantam
1959 5713 2096 5752 vere-

515 5767 753 5823 cundiam
773 5775 818 5822 et
847 5768 1034 5824 rabiem
1063 5768 1307 5824 deductus
1327 5774 1421 5832 est,
1453 5773 1506 5820 ut
1529 5764 1634 5820 alia
1660 5765 1740 5821 die
1770 5770 2100 5839 comprehen-

2290 4574 2306 4650 ζ
2328 4649 2332 4650 ν
2355 4575 2700 4650 Bononiens.,
2725 4578 3036 4644 prospiceret
3060 4593 3080 4633 :
3104 4594 3260 4648 anIO
3282 4592 3396 4650 post
3423 4582 3797 4650 Guarnerian.,

2210 4648 2334 4716 quid
2357 4649 2510 4716 egerit
2535 4651 2869 4712 renuntiasse,
2893 4658 2998 4702 etc.

2285 4727 2309 4761 ις
2353 4714 2406 4789 ln
2439 4714 2790 4769 Guarnerian.
2839 4720 3007 4773 rediit.
3041 4720 3162 4774 Mox
3189 4718 3516 4789 Cacciarius,
3546 4726 3635 4780 ubi
3665 4727 3796 4782 dici-

2212 4795 2318 4850 tur,
2353 4788 2618 4850 incertum,
2661 4804 2694 4839 a
2717 4789 2826 4841 suis
2862 4805 2948 4853 an,
2980 4803 3088 4844 etc.
3134 4794 3373 4845 voculam
3404 4810 3468 4846 ne
3495 4811 3558 4849 ex
3591 4797 3796 4851 duobus

2214 4872 2344 4912 mss.
2379 4857 2643 4928 Vaticanis
2672 4858 2958 4921 interserit,
2985 4878 3017 4913 a
3039 4860 3142 4914 suis
3167 4879 3249 4927 ne,
3279 4880 3366 4928 an,
3392 4878 3493 4918 etc.
3526 4865 3666 4920 Nihil
3693 4869 3796 4923 tale

2215 4927 2582 4999 neque_nostri
2622 4941 2753 4999 mss.
2787 4944 2958 4998 neque
3001 4930 3088 4984 alii
3139 4946 3326 4999 magno
3356 4927 3599 4999 numero,
3645 4949 3699 4992 ut
3741 4947 3796 4993 et

2210 4997 2408 5074 vulgati
2435 5010 2622 5074 omnes
2645 4998 2862 5074 habent.
2886 5001 3152 5074 Craterum
3178 4997 3301 5055 utiei
3327 4997 3794 5074 niorenigersmus

2209 5069 2260 5121 in
2303 5068 2388 5120 his
2416 5081 2533 5136 quae
2565 5067 2685 5139 lacti
2730 5073 3087 5125 narrationem
3118 5081 3382 5139 spectant,
3421 5067 3666 5132 auctores
3704 5094 3796 5133 su-

2212 5153 2329 5217 nius
2354 5145 2411 5217 ut
2437 5151 2535 5217 pro
2568 5137 2799 5217 llistorin
2840 5137 3455 5217 T'ripartita,‘Lilianium
3486 5145 3673 5211 adeat,
3703 5149 3791 5217 qtti

2207 5208 2401 5262 Juliani
2435 5208 2830 5264 interfectorem
2862 5209 3224 5265 Christianum
3259 5211 3384 5266 facit
3418 5232 3429 5266 :
3464 5231 3586 5270 eum
3618 5208 3790 5272 locum

2208 5280 2409 5347 profert
2430 5289 2483 5331 et
2510 5279 2838 5349 Sozomenus
2869 5280 2962 5332 lib.
2995 5279 3079 5335 Vl.
3110 5296 3230 5349 cap.
3254 5284 3306 5335 Ξ.
3341 5284 3511 5338 initio.
3538 5287 3792 5342 Conferat

2208 5349 2401 5403 deinde
2433 5348 2766 5414 Eutropium,
2798 5352 2886 5414 qui
2920 5351 3156 5404 huicmet
3183 5348 3342 5406 bello
3381 5355 3594 5410 Persico
3627 5357 3791 5412 inter—

2208 5419 2324 5483 l'nit,
2361 5418 2550 5471 Rufum
2579 5435 2789 5486 quoque
2821 5421 3057 5484 Fesmin,
3084 5433 3137 5474 et
3166 5422 3484 5477 Victoriam:
3512 5437 3786 5483 auctorem

2208 5492 2497 5557 Epitomes,
2528 5490 2615 5556 qui
2656 5490 2724 5542 ab
2758 5490 2912 5543 hoste
2937 5491 3240 5544 confossum
3262 5508 3385 5546 eum
3416 5508 3654 5552 narrant.
3699 5499 3784 5552 lu-

2205 5561 2387 5633 terfnit
2435 5561 2554 5612 huic
2595 5560 3108 5633 expedition‘i‘etiam
3155 5563 3520 5633 Eutychianus
3557 5568 3788 5622 chrono-

2203 5632 2437 5698 graplius
2487 5631 2625 5697 apud
2678 5630 2836 5684 Joan.
2891 5630 3150 5692 Malelam,
3183 5630 3274 5697 qui
3323 5648 3351 5686 a
3411 5634 3467 5690 S.
3523 5637 3784 5692 Mercurio

2206 5703 2440 5771 Martyre
2469 5701 2721 5754 divinitus
2759 5701 3068 5754 transﬁxum
3099 5698 3366 5757 Jtilianum
3406 5706 3590 5771 refert,
3618 5708 3702 5762 cui
3729 5715 3785 5764 et

2203 5772 2452 5830 Chronici
2481 5771 2823 5830 Alexandrini
2863 5779 3048 5828 auctor
3075 5776 3365 5848 consentit,
3392 5783 3447 5836 et
3485 5777 3783 5836 Theodori-
