4166 6348
333 311 438 371 5οό

332 441 384 485 et
423 437 548 483 octo
586 438 801 484 menses
841 427 1112 498 praisumti
1147 428 1451 499 Augustalis
1480 429 1714 498 imperii,
1749 428 1906 483 finem
1935 437 1983 496 Α

332 519 456 574 vita:
491 519 619 575 fecit
660 527 709 573 ⁸.

855 628 1081 685 CAPUT
1111 629 1382 701 .xxxvn.

330 762 410 820 De
443 761 749 820 Judcorum
791 765 1074 828 conatibus,
1105 765 1192 830 qui
1233 781 1264 817 a
1290 761 1508 817 Juliano
1534 761 1748 833 decepti,
1785 768 1914 814 tem-

650 856 792 927 plum
814 856 866 910 in
894 853 1230 925 Jerosolymis
1261 854 1593 922 retediﬁcant.

401 994 573 1051 Tanta
611 1008 747 1050 vero
789 994 909 1062 ejus
935 993 1000 1048 ad
1029 991 1399 1062 decipiendum
1429 990 1693 1044 subtilitas
1730 997 1785 1044 et
1807 988 1917 1044 cal-

329 1085 509 1142 liditas
547 1087 668 1156 t'uit,
717 1095 776 1142 ut
829 1085 990 1141 etiam
1043 1085 1285 1141 infelices
1329 1085 1540 1139 Juilteos
1595 1083 1746 1138 vanis
1795 1098 1916 1152 spe-

330 1177 432 1233 bus
471 1177 698 1241 illectos,
728 1186 790 1231 ut
824 1178 938 1246 ipse
986 1177 1301 1246 agitabatur,
1324 1175 1591 1229 illnderet.
1613 1174 1757 1242 Quos
1803 1173 1915 1242 pri-

328 1282 419 1321 mo
457 1270 693 1322 omnium
732 1275 1056 1322 convocatos
1110 1265 1175 1320 ad
1225 1279 1286 1321 se
1332 1266 1640 1333 interrogat,
1670 1278 1764 1319 cur
1808 1278 1913 1317 non

329 1358 713 1423 sacriﬁcarent,
758 1373 878 1412 cum
918 1359 998 1413 eis
1045 1359 1128 1411 lex
1178 1372 1272 1411 sua
1321 1356 1388 1411 de
1429 1358 1704 1411 sacriﬁciis
1744 1357 1915 1423 impc-

328 1449 528 1504 raret?
581 1451 650 1504 At
715 1449 794 1503 illi
867 1451 1200 1504 occasionem
1261 1461 1321 1504 se
1381 1447 1649 1504 invenisse
1713 1459 1916 1516 tempo-

329 1541 406 1595 ris
435 1541 593 1612 263
624 1543 721 1595 rati
753 1559 765 1593 :
799 1539 916 1596 Non
948 1556 1251 1610 possumus,
1281 1540 1548 1611 inquiunt,
1581 1539 1684 1595 nisi
1716 1541 1768 1594 in
1797 1541 1916 1594 solo

327 1633 788 1706 Jerosulymorum
839 1635 1060 1704 templo.
1111 1635 1186 1688 Ita
1236 1649 1464 1705 namque
1515 1635 1754 1705 praecipit
1805 1635 1913 1690 lex.

327 1726 397 1783 Et
415 1737 632 1796 accepta
659 1727 729 1783 ab
749 1742 816 1782 eo
839 1727 1122 1797 reparandi
1146 1727 1328 1797 templi
1359 1727 1596 1792 licentia,
1626 1727 1679 1782 in
1707 1736 1912 1782 tantum

1191 315 1510 372 HISTORIA
1551 311 2110 372 ECCLESIASTICA.
2151 315 2356 371 LIBER
2397 314 2660 375 PRIMUS.

3485 314 3589 371 506

2524 425 2749 484 CAPUT
2789 423 3072 482 XXXVIII.

2021 543 2088 600 Ut
2111 553 2397 599 terrtetnotu
2417 544 2564 609 inibi,
2599 552 2647 598 et
2674 542 2779 614 igni
2807 541 3049 595 diuinitus
3071 555 3302 604 accenso,
3327 538 3501 594 Iudici
3533 539 3596 593 ab

2356 635 2551 689 illicitis
2580 634 2997 688 disturbabantur
3023 632 3257 701 inceptis.

2088 743 2156 798 Et
2187 759 2316 800 ecce
2342 758 2498 801 nocte
2525 761 2644 816 qua:
2680 745 2744 798 ad
2793 743 3154 812 incipiendum
3183 757 3317 811 opus
3341 742 3452 811 jam
3481 741 3594 796 sola

2016 837 2280 901 restabat,
2319 846 2653 892 terra-motus
2691 838 2877 906 ingens
2913 838 3170 902 oboritur,
3201 845 3254 890 et
3283 851 3386 890 non
3419 836 3594 890 solum

2016 927 2484 982 iundamentorum
2516 944 2642 982 saxa
2672 929 2827 998 longe
2853 929 3061 998 lateque
3086 926 3377 997 iactantur,
3407 941 3592 981 verum

2015 1015 2175 1072 etiam
2217 1019 2376 1072 totius
2419 1019 2519 1073 loci
2545 1035 2679 1089 pene
2708 1018 2868 1090 264
2896 1018 3116 1074 aedilicia
3165 1019 3593 1088 complanantur.

2016 1107 2258 1162 Porticus
2279 1122 2492 1177 quoque
2520 1109 2742 1176 publica:
2763 1151 2777 1174 ,
2813 1113 2864 1164 in
2904 1109 3098 1178 quibus
3123 1109 3428 1165 Judteorum
3457 1109 3593 1163 mul-

2019 1198 2219 1262 titudo,
2244 1214 2359 1268 qua:
2389 1201 2538 1266 Operi
2571 1199 2850 1254 videbatur
2892 1200 3164 1268 insistere,
3197 1199 3593 1264 commonebat,

2015 1291 2080 1344 ad
2111 1291 2284 1346 solum
2313 1291 2584 1356 deducta,
2630 1306 2818 1346 omnes
2843 1292 3064 1346 ludieos
3101 1293 3195 1362 qui
3232 1294 3426 1361 reperti
3469 1300 3596 1346 sunt

2015 1396 2354 1449 oppressere.
2401 1383 2543 1436 Luce
2571 1397 2698 1436 vero
2727 1391 2839 1436 orta
2857 1422 2873 1448 ,
2900 1398 3019 1437 cum
3051 1399 3108 1437 se
3137 1386 3270 1437 mala
3313 1384 3598 1439 crederent

2015 1473 2296 1543 ell‘ugisse,
2340 1473 2405 1528 ad
2447 1475 2799 1543 requirendos
2843 1490 2936 1532 eos
2963 1477 3059 1546 qui
3085 1479 3324 1547 oppressi
3363 1475 3595 1547 fuerant,

2017 1567 2222 1639 reliqua
2251 1567 2536 1624 multitudo
2563 1570 2855 1624 concurrit.

2533 1680 2760 1738 CAPUT
2798 1680 3044 1737 ΧΧΙΙΧ.

328 1791 632 1876 insolentiae
661 1791 1062 1890 pervenerunt,
1107 1831 1163 1874 ut
1199 1791 1392 1888 aliquis
1421 1824 1501 1875 eis
1532 1820 1910 1890 prophetarum

2122 1791 2202 1848 De
2226 1791 2386 1865 signis
2409 1801 2456 1847 et
2485 1793 2748 1848 virtutibus
2776 1794 3032 1862 terriﬁcis,
3061 1809 3174 1864 qua:
3201 1793 3253 1848 in
3283 1794 3494 1850 exitium

327 1911 568 1966 redditus
591 1911 880 1966 videretur.
909 1910 1071 1982 igitur
1089 1926 1153 1964 ex
1174 1909 1423 1964 omnibus
1447 1909 1581 1966 locis
1600 1919 1762 1979 atque
1791 1925 1913 1978 pro-

327 2003 521 2057 vinciis
546 1999 576 2040 ι’
607 2015 912 2056 convenere
954 2001 1123 2057 Judaei
1146 2042 1160 2066 ,
1201 2002 1374 2056 locum
1411 2001 1594 2072 templi
1632 2003 1759 2057 olim
1792 2003 1914 2073 igne

328 2091 595 2150 consumti
631 2091 854 2163 aggredi
880 2107 1087 2161 erepere
1105 2135 1119 2159 ,
1147 2092 1355 2148 Comite
1383 2094 1702 2162 properandi
1734 2095 1914 2163 operis

329 2183 396 2239 ab
437 2184 765 2254 ltnperatore
793 2199 1050 2240 concesso
1084 2201 1096 2236 :
1138 2198 1318 2239 sumtu
1368 2186 1580 2252 publico
1626 2195 1679 2240 et
1709 2186 1912 2252 privato

329 2291 416 2332 res
443 2277 588 2328 omni
629 2276 882 2330 instantia
915 2277 1222 2346 gerebatur.
1272 2276 1476 2331 Interea
1509 2278 1762 2330 insultare
1790 2292 1914 2332 nus-

329 2370 445 2435 tris,
472 2380 526 2423 et
555 2369 700 2423 velut
730 2371 996 2438 reparatis
1023 2380 1044 2408 ε
1079 2371 1178 2424 sibi
1210 2371 1355 2438 regni
1390 2369 1736 2437 temporibus,
1765 2384 1913 2423 com-

329 2459 518 2513 tninari
546 2460 745 2528 acrius,
768 2474 832 2515 ac
855 2461 1114 2514 saevitiam
1144 2468 1435 2523 ostentare,
1470 2474 1684 2528 prorsus
1715 2462 1766 2513 in
1798 2475 1911 2513 ma-

329 2565 431 2620 gno
463 2561 670 2606 tumore
709 2561 762 2606 et
791 2551 1039 2620 superbia
1076 2565 1256 2622 agere.
1290 2549 1518 2620 Cyrillus
1545 2548 1572 2586 ἀ
1605 2560 1724 2619 post
1748 2551 1912 2605 Maxi-

329 2657 472 2696 mum
493 2642 870 2698 Coniessorem
895 2641 1246 2713 Jerosolymis
1271 2641 1568 2710 Episcopus
1598 2641 1908 2696 habebatur.

331 2733 543 2802 Apertis
573 2734 730 2803 igitur
762 2735 1126 2788 fundamentis
1145 2773 1158 2797 ,
1186 2733 1364 2787 calces
1396 2741 1420 2769 ο
1446 2742 1796 2801 cementaque
1820 2731 1912 2785 ad-

333 2827 496 2880 hibita
516 2867 532 2892 ,
564 2827 688 2880 nihil
728 2829 949 2882 omnino
980 2827 1198 2891 deerat,
1232 2825 1357 2896 quin
1388 2824 1475 2880 die
1501 2837 1731 2893 postera,
1765 2839 1914 2880 vete-

337 2916 487 2972 ribus
517 2917 832 2980 deturbatis,
878 2932 1013 2970 nova
1056 2915 1302 2985 jacet-ent
1345 2913 1694 2970 fundamenta
1729 2931 1743 2968 :
1790 2930 1910 2970 eum

329 3017 506 3064 tamen
535 3009 832 3078 Episcopus
864 3009 1108 3080 diligenti
1138 3008 1570 3064 consideratione
1597 3009 1796 3075 habita,
1831 3009 1914 3064 vel

330 3115 393 3155 ex
417 3102 517 3156 illis
544 3099 654 3174 [ΑΙ.
683 3102 787 3173 his]
809 3118 926 3172 qua:
956 3105 1006 3156 in
1031 3101 1267 3157 Danielis
1298 3101 1576 3171 prophetia
1610 3101 1677 3156 de
1707 3110 1912 3172 tempo-

2439 1900 2680 1940 conversa
2706 1896 2822 1941 sunt
2840 1884 3170 1940 Judworum.

2085 1995 2251 2054 dides
2276 2006 2392 2054 erat
2415 2001 2696 2069 Itquiedam
2727 2002 2780 2056 in
2805 2001 3149 2058 inferioribus
3173 2003 3357 2071 templi
3386 2003 3600 2060 demer-

2015 2104 2096 2153 sa,
2131 2091 2330 2144 habens
2358 2091 2558 2145 aditum
2608 2092 2717 2162 [ΑΙ.
2751 2092 2946 2164 aditus]
3005 2094 3144 2149 inter
3178 2096 3309 2148 duas
3340 2099 3596 2165 porticus,

2014 2195 2132 2248 quae
2159 2180 2367 2234 fuerant
2392 2183 2761 2248 complanata,
2801 2185 2852 2236 in
2877 2201 2976 2252 qua
3010 2185 3356 2250 ferramenta,
3387 2188 3597 2252 aliaque

2015 2268 2488 2344 operi[Al.opera]
2514 2273 2811 2328 necessaria
2840 2277 3209 2339 servabantur,
3239 2291 3270 2328 e
3295 2292 3394 2346 qua
3423 2279 3600 2332 subito

2013 2363 2202 2432 globus
2227 2364 2442 2432 quidam
2483 2365 2618 2432 ignis
2657 2365 2894 2429 emicuit,
2924 2375 2978 2419 et
3005 2381 3098 2434 per
3126 2367 3359 2420 medium
3405 2367 3598 2435 platea:

2016 2453 2573 2520 percurrens,adustis
2603 2463 2653 2507 et
2678 2455 2993 2508 exanimatis
3015 2456 3102 2522 qui
3134 2455 3596 2522 aderantJinlazis,

2015 2547 2158 2601 ultro
2187 2547 2429 2617 citroque
2457 2547 2748 2601 ferebatur.
2795 2548 2907 2602 Hoc
2957 2547 3147 2601 iterum
3200 2553 3500 2616 saepiusque
3546 2557 3602 2602 et

2015 2639 2448 2709 frequentissime
2461 2655 2556 2709 per
2574 2649 2736 2694 totam
2757 2640 2896 2693 illam
2921 2640 3059 2694 diem
3085 2649 3352 2708 repetens,
3371 2640 3602 2708 pertina-

2015 2735 2093 2789 cis
2125 2735 2303 2804 p0puli
2333 2737 2691 2790 temeritatem
2724 2735 2953 2790 ﬂammis
2985 2737 3264 2792 ultricibus
3291 2739 3598 2791 coercebat.

2014 2826 2147 2881 Cum
2171 2827 2381 2882 interim
2405 2842 2601 2897 pavore
2627 2827 2827 2898 ingenti
2847 2838 2901 2884 et
2924 2829 3281 2898 trepidatione
3304 2843 3492 2882 omnes
3513 2829 3602 2896 qui

2014 2919 2238 2973 aderant
2263 2919 2531 2984 deterriti,
2561 2921 2736 2975 solum
2766 2936 2947 2976 verum
2978 2919 3007 2957 δ
3037 2922 3205 2977 Deum
3233 2921 3420 2976 Jesum
3445 2922 3598 2976 Cini-

2016 3022 2159 3067 stum
2182 3013 2424 3067 conliteri
2447 3014 2774 3083 cogebantur
2799 3014 2972 3069 inviti.
3017 3015 3082 3068 Et
3106 3029 3171 3070 ne
3195 3015 3308 3070 hinc
3331 3027 3457 3070 casu
3485 3013 3600 3069 lieri

2018 3103 2383 3170 crederentur,
2409 3106 2460 3160 in
2488 3107 2731 3176 sequenti
2759 3116 2916 3162 nocte
2937 3108 2991 3162 in
3012 3108 3342 3163 vestimentis
3366 3108 3602 3162 omnium

331 3194 473 3249 ribus
501 3196 722 3264 legerat,
751 3197 832 3250 vel
869 3193 887 3233 ί
915 3210 1033 3264 quae
1062 3195 1114 3248 in
1148 3194 1453 3264 Evangeliis
1482 3195 1738 3250 Dominus
1778 3210 1914 3264 prae-
1942 3175 1990 3239 ο
2019 3196 2350 3267 signaculum
2381 3175 2576 3252 Crucis
2598 3199 2665 3252 ita
2697 3200 2918 3254 evidens
2947 3201 3211 3268 apparuit,
3245 3208 3302 3253 ut
3330 3201 3487 3253 etiam
3513 3201 3601 3268 qui

331 3285 557 3349 dixerat,
592 3289 901 3357 persisteret
924 3328 940 3353 ,
983 3288 1131 3341 nullo
1156 3301 1353 3357 genere
1381 3287 1496 3340 ileri
1524 3300 1701 3356 posse,
1733 3297 1790 3341 ut
1841 3287 1914 3341 ibi

331 3392 358 3432 ι
378 3379 578 3435 iudicis
607 3381 747 3449 lapis
785 3395 946 3450 super
973 3379 1202 3451 lapidem
1236 3391 1546 3450 poneretur.
1579 3379 1686 3434 Res
1714 3389 1830 3436 erat
1857 3381 1912 3436 in

331 3475 752 3542 exspectatione.

332 3624 412 3666 tos
457 3628 521 3666 ex
573 3623 742 3678 parte,
789 3610 895 3677 qui.
931 3608 1143 3663 Christo
1174 3609 1337 3662 telum
1369 3608 1651 3676 dirigentc,
1684 3606 1911 3662 interie-

333 3696 468 3737 ctum
494 3697 616 3736 eum
647 3685 839 3747 prodit.
866 3683 972 3733 Sed
1012 3684 1223 3749 longum
1253 3690 1335 3734 est
1364 3681 1446 3733 his
1476 3683 1770 3732 itnttmrari.

402 3764 426 3790 ι
464 3753 517 3806 In
564 3754 931 3807 tiuaruet'iano
979 3748 1131 3818 finem
1174 3751 1312 3818 fecit,
1346 3754 1548 3819 absque
1597 3748 1914 3805 intermedio

334 3838 458 3880 ΜΝΞ.

404 3896 429 3933 δ
460 3891 836 3952 Guarnerian.,
883 3893 1168 3958 convenire,
1218 3901 1328 3946 tum
1366 3891 1738 3955 Bononiensis,
1790 3905 1915 3943 con-

334 3977 574 4028 sumtum,
607 3979 703 4030 pro
726 3966 999 4015 consimili.

407 4047 429 4074 α
464 4037 646 4088 Denuo
677 4034 1028 4096 Bononiens.,
1072 4033 1140 4084 ibi
1172 4047 1266 4098 pro
1306 4032 1422 4098 sibi,
1457 4041 1595 4086 tacet
1639 4041 1817 4085 autem
1859 4042 1913 4086 et

339 4107 477 4173 quod
527 4105 869 4172 subsequitur
915 4119 1108 4156 nomen
1163 4103 1325 4171 regni.
1359 4103 1520 4154 l'aulo
1571 4115 1689 4173 post
1737 4119 1830 4168 pro
1860 4105 1912 4155 in

342 4169 523 4243 magno
551 4169 764 4241 timore,
796 4169 1242 4242 quemadmodum
1273 4182 1325 4224 et
1355 4186 1481 4224 mss.
1517 4169 1702 4232 nostri,
1737 4181 1789 4222 it
1817 4173 1914 4223 Va-

347 4246 500 4300 ticani
537 4259 718 4298 omnes
759 4249 983 4306 habent,
1034 4246 1201 4296 l'ertne
1243 4247 1439 4295 rectius
1472 4244 1662 4310 vulgati
1702 4243 1913 4294 immani

341 4325 535 4369 tumore
565 4319 939 4382 pt'arlerebunt.

407 4383 433 4422 ἀ
461 4387 834 4449 Guainer.an.,
868 4385 1086 4454 Lyriilus
1117 4395 1235 4436 tunc
1264 4393 1373 4448 post
1400 4382 1702 4445 Maximum,
1732 4391 1838 4436 etc.

2015 3287 2224 3343 diluere
2269 3304 2366 3357 pro
2405 3291 2486 3344 sui
2530 3288 2850 3346 inﬁdelitate
2888 3291 3182 3356 voluisset,
3229 3293 3372 3346 nullo
3409 3307 3604 3362 genere

2015 3379 2219 3433 valeret
2251 3379 2491 3434 abolere.
2527 3380 2616 3434 Sic
2646 3381 2888 3436 deterriti
2931 3380 3100 3435 Judtei
3148 3390 3308 3449 atque
3340 3381 3600 3446 Gentiles,

2013 3473 2188 3528 locum
2219 3471 2379 3527 simul
2419 3471 2432 3510 ί
2467 3484 2520 3528 et
2551 3473 2781 3528 inaniter
2814 3483 2991 3544 empta
3023 3474 3315 3543 reliquere.

2097 3616 2120 3644 ⁸
2150 3606 2326 3676 Atque
2363 3609 2479 3664 licic
2509 3619 2760 3664 constans
2790 3624 2918 3663 mss.
2949 3609 3110 3664 lectio
3139 3605 3466 3678 pratici-endo
3510 3605 3607 3662 fuit

2023 3679 2270 3745 vulgatae,
2321 3697 2440 3748 qua:
2492 3690 2667 3734 tamen
2721 3680 2889 3735 ferme
2941 3684 3252 3734 concmnior
3303 3679 3602 3746 videbatur,

2023 3753 2160 3802 calci:
2208 3764 2546 3818 cwmeutoque
2591 3753 2856 3806 adhibitis.
2903 3751 3020 3804 Mox
3069 3750 3230 3805 habet
3258 3750 3603 3814 Bononiens.,

2020 3824 2142 3890 quin
2169 3822 2219 3876 in
2247 3822 2328 3874 die
2352 3833 2572 3888 postera.

2099 3890 2116 3927 ι
2151 3891 2347 3945 Vitiose
2382 3902 2436 3945 et
2470 3902 2655 3946 contra
2685 3907 2814 3947 mss.
2845 3891 3001 3948 fidem
3033 3890 3356 3954 Caeciarius,
3385 3888 3461 3943 vel
3489 3890 3608 3959 quia

2027 3961 2081 4016 in
2107 3960 2420 4029 Evangrltis,
2441 3975 2547 4016 etc.

2091 4039 2115 4077 8
2151 4031 2529 4099 Guarnerian.,
2556 4043 2662 4086 erat
2689 4049 2886 4102 quoque
2913 4032 3171 4098 qua’dam.

2092 4108 2117 4136 ο
2150 4103 2310 4164 Idem,
2358 4097 2523 4154 verunt
2554 4097 2716 4154 Deum
2739 4097 3016 4168 Christum,
3051 4099 3394 4164 Bononiens.,
3423 4097 3605 4151 Domi-

2020 4186 2143 4223 num
2171 4188 2342 4222 verum
2367 4173 2646 4225 Christum.

2099 4241 2113 4278 ί
2153 4242 2344 4294 lterum
2367 4245 2747 4307 Guarncrian.,
2775 4252 2820 4294 et
2845 4251 3002 4310 empta
3028 4241 3196 4293 inanis
3222 4239 3429 4309 fabricte
3453 4237 3609 4310 relin-

2022 4327 2213 4379 quere:
2244 4312 2330 4378 qui
2355 4326 2404 4364 et
2441 4311 2704 4380 ejnsii.odi
2735 4307 3129 4364 conclusionem
3161 4307 3451 4379 subiungit,
3479 4307 3609 4360 Ha'c

1942 4376 1992 4435 D
2018 4376 2236 4435 continet
2261 4376 2392 4434 iiber
2415 4376 2786 4434 Ecclesiastij
2817 4382 3046 4435 historia:
3075 4381 3320 4434 decimus.

645 4674 1040 4747 265*266
1093 4661 1723 4744 ELENCHUS
1802 4661 2338 4745 CAPITUM
2414 4661 2727 4742 LIBRI
2775 4659 3324 4743 SECUNDI.

341 4821 475 4874 CAP.
498 4819 536 4870 Ι.
725 4823 800 4872 De
824 4829 932 4869 ortu
957 4827 1008 4870 et
1034 4835 1072 4870 ri
1094 4820 1266 4882 ligiosa
1291 4829 1460 4870 mente
1484 4821 1715 4882 principis
1739 4821 1764 4850 ⁸
1789 4820 1925 4870 Jovi-

839 4885 984 4944 niani,
1013 4895 1060 4930 et
1089 4885 1152 4932 de
1178 4887 1270 4930 line
1298 4886 1416 4941 ejus.

497 4947 560 4996 11.
726 4945 802 4996 De
827 4954 936 4993 ortu
964 4945 1288 4993 ValenLiuiani
1314 4952 1363 4992 et
1389 4943 1624 4994 Valentis.

497 5008 589 5059 ιιι.
718 5007 794 5057 De
813 5008 1098 5054 dormitione
1126 5006 1398 5062 Athanasii,
1430 5014 1481 5054 et
1500 5007 1929 5067 persecutionilius

835 5067 970 5117 Lucii
999 5069 1242 5117 haeretici.

495 5131 582 5183 ιν.
738 5128 813 5179 De
841 5131 1100 5179 virtutibus
1144 5139 1193 5176 et
1220 5129 1516 5177 niiraotlibus
1538 5129 1823 5177 Sanctorum
1847 5129 1928 5189 qui

837 5191 1034 5241 fuerunt
1076 5194 1124 5240 in
1151 5190 1372 5252 {Egypto

419 5296 848 5359 ‘Guarnerian.,
890 5293 1114 5359 Ioviani,
1165 5295 1302 5358 quod
1353 5304 1404 5348 ct
1452 5298 1703 5361 praeferre
1743 5295 1926 5363 utique

348 5371 564 5433 malim,
607 5369 652 5422 si
699 5373 974 5422 constaret
1012 5371 1124 5420 tunc
1169 5368 1268 5417 sibi
1305 5365 1460 5420 lcetio
1509 5366 1728 5433 reliquis
1773 5366 1924 5418 locis.

349 5441 498 5507 Quod
527 5441 772 5503 Capitnm
823 5437 1223 5507 initiaspcrtat,
1264 5439 1313 5507 in
1355 5437 1546 5504 quibus
1582 5436 1774 5488 alicubi
1824 5452 1926 5489 ms.

346 5505 608 5575 a'vnlgata
639 5510 922 5577 partitione
942 5505 1209 5570 dissentit,
1233 5506 1344 5558 suis
1377 5513 1505 5577 locis
1527 5507 1930 5577 adnotaliimus.

422 5579 450 5620 ⁵
483 5576 649 5642 Idem,
672 5593 792 5631 cum
823 5577 1044 5642 negandi
1088 5588 1210 5628 nota
1231 5616 1245 5637 ,
1289 5593 1387 5628 non
1417 5576 1640 5640 vidente,
1682 5592 1746 5630 ex
1777 5576 1935 5640 scioli

355 5650 693 5718 glossatoris,
726 5658 784 5701 ut
813 5651 988 5718 nullus
1017 5646 1221 5718 dubito,
1254 5661 1432 5698 manu.
1464 5647 1615 5718 Quod
1647 5648 1788 5700 enim
1817 5661 1939 5718 ocn-

353 5714 525 5775 lorum
557 5719 801 5784 corporis
828 5714 1067 5769 Caecitate
1110 5715 1364 5784 Didymus
1406 5717 1707 5778 laboraret,
1739 5717 1934 5770 mentis

353 5800 531 5850 autem
561 5789 767 5857 oculis,
809 5796 865 5842 ut
908 5787 981 5841 ait
1009 5785 1366 5855 Hieronymus
1395 5788 1598 5856 praefat.
1629 5785 1680 5841 in
1719 5785 1836 5856 ejus
1864 5786 1934 5842 li-

2192 4819 2254 4882 γε
2428 4819 2508 4882 De
2536 4823 2904 4882 persecutione,
2925 4834 3035 4882 quae
3056 4819 3143 4869 fuit
3165 4818 3290 4880 apud
3309 4817 3556 4867 Edessam.

2199 4834 2225 4865 ν
2240 4854 2254 4868 .
2436 4834 2508 4867 ue
2555 4834 2904 4881 iersccuttone,
2925 4834 3035 4882 qua
3056 4834 3143 4869 ttnt
3165 4834 3290 4880 apuu
3311 4834 3556 4867 coessam.

2197 4880 2276 4930 Vl.
2427 4881 2500 4931 De
2531 4834 2712 4943 Libyse,
2730 4896 2873 4942 quem
2893 4886 3062 4942 regina
3082 4884 3476 4939 Sarracenorum,
3496 4893 3614 4941 gett-

2529 4953 2589 5005 t_ts
2612 4957 2711 4991 suae
2737 4946 2952 5005 poposcit
2977 4944 3284 5005 Episcopum.

2189 5002 2304 5067 ΪΙῙἒ
2430 5005 2504 5054 De
2535 5002 3090 5067 Didytno'A'lexiindri—no
3117 5007 3142 5045 b
3156 5002 3367 5054 'vidente

2191 5065 2325 5115 Vlll.
2436 5073 2562 5126 Quot
2591 5085 2595 5091 ·
2635 5065 2696 5115 ex
2723 5068 2968 5129 discipulis
2996 5069 3186 5116 Antonii
3226 5075 3375 5129 etiam
3413 5072 3528 5129 tunc
3555 5065 3618 5129 in

2526 5140 2696 5177 eremo
2722 5126 3064 5189 habitantibus,
3093 5127 3298 5179 virtut‘es
3315 5136 3366 5178 et
3388 5128 3524 5187 signa
3549 5126 3621 5176 fc-

2530 5194 2730 5239 cerint.-

2033 5294 2183 5349 brum
2215 5295 2283 5351 de
2305 5295 2505 5365 Spiritu
2530 5297 2748 5361 Sancto,
2781 5296 2963 5363 procul
2988 5297 3141 5348 altius
3161 5297 3462 5358 intueretur,
3485 5295 3624 5347 anti-

2033 5383 2189 5436 quunt
2233 5369 2374 5420 nobis
2417 5384 2606 5420 morem
2650 5368 2895 5429 reddidit,
2947 5379 2997 5418 ut
3033 5367 3224 5436 \‘totzss
3269 5374 3491 5436 vocetuz.
3544 5365 3621 5418 Eo

2035 5431 2242 5490 scilicet
2273 5439 2487 5490 nornine
2519 5438 2794 5504 PrOphetze
2833 5437 2958 5488 olim
2989 5435 3412 5504 appellabantur.
3444 5431 3531 5504 Sic
3560 5443 3614 5487 et

2040 5507 2092 5558 in
2129 5507 2364 5559 Eloncho
2395 5507 2536 5560 Libri
2569 5500 2636 5561 de
2668 5508 2928 5573 Scriptor.
2963 5500 3327 5556 bicolesiastic.
3361 5500 3616 5570 Didymus

2041 5576 2067 5632 ὁ
2099 5577 2294 5648 βλέπων
2312 5576 2585 5648 .Didyntus
2616 5583 2945 5648 cognomento
2969 5575 3158 5648 videns.

2119 5657 2140 5685 ε
2171 5648 2224 5699 ltt
2256 5638 2468 5708 eodeni,
2496 5638 2697 5710 Quanti
2709 5644 3014 5699 Sanctorum
3045 5656 3108 5692 ea:
3133 5638 3396 5710 discipulis
3418 5642 3628 5698 Antonii

2042 5718 2094 5772 in
2116 5733 2285 5773 eremo
2313 5709 2630 5791 habitabant,
2658 5716 2861 5768 virtutes
2894 5721 2938 5765 ct
2960 5713 3107 5780 signa
3131 5709 3398 5778 facientes.
