4166 6348
552 308 655 369 507

702 421 788 474 IX.
943 421 1018 474 De
1041 420 1285 495 Gregorio
1323 422 1374 471 et
1397 416 1577 469 Basilio
1600 418 1911 481 Cappadocia:
1934 416 2133 479 Episco-
2164 421 2207 477 Α

704 546 766 597 Χ.
944 544 1021 595 De
1046 497 1252 594 Eiinaso
1266 543 1522 605 Episcopo,
1546 549 1598 592 et
1616 540 1774 591 Ursini
1794 539 2128 603 subreptione.
2150 554 2153 559 λ

704 608 793 658 XI.
947 608 1022 658 De
1044 608 1299 656 Ambrosio
1322 605 1570 666 EpiscOpo.

700 669 810 720 XII.
940 668 1020 718 De
1045 671 1068 698 ⁸
1097 667 1421 716 Valentiniani
1444 667 1556 715 line.

702 730 835 782 XIII.
944 730 1020 780 De
1044 730 1312 790 Gothorum
1347 740 1433 790 per
1464 726 1698 777 Thracias
1740 724 2039 786 irruptione,
2080 727 2132 773 et

1038 789 1259 840 Valentis
1282 789 1424 838 nece.

702 853 833 907 XIV.
948 852 1011 903 Ut
1034 852 1289 903 Gratianus
1329 851 1597 911 Imperator
1616 846 1959 911 Theodosium
1988 845 2129 905 regni

1073 915 1337 975 articipetui
1348 907 1625 971 adsciverit,
1655 918 1706 959 et
1721 915 1845 975 post
1864 907 2011 975 multa
2051 922 2133 975 rc-_-

1042 971 1226 1037 Iigiose'
1244 982 1296 1024 et
1318 974 1507 1022 fortiter
1528 980 1691 1035 gesta,
1720 971 1919 1021 Maximi
1945 971 2131 1032 ty.anoi

1042 1037 1232 1085 insidiis
1253 1036 1583 1084 succubuerit.

1530 1051 1583 1083 ΙΙ..

708 1098 813 1151 XV.
948 1096 1027 1148 De
1051 1098 1393 1159 Valentiniano
1437 1109 1609 1159 puero.
1649 1093 1813 1155 thue
1848 1094 2133 1159 materrejus

1040 1158 1235 1210 Iustina
1279 1155 1510 1208 Arianim
1565 1158 1792 1206 heresim
1838 1155 2130 1215 defendens,

1044 1219 1293 1270 Ecclesiae
1318 1221 1605 1280 perturbare
1633 1225 1802 1267 conata
1826 1220 1907 1265 sit.

696 1280 827 1333 XVI.
940 1281 1018 1332 De
1042 1282 1261 1331 Benivoli
1300 1279 1400 1342 [ΑΙ.
1419 1280 1675 1342 Benevoli]
1698 1279 1917 1342 magistri
1943 1290 2131 1327 memo-

1037 1346 1123 1393 riae
1147 1344 1274 1393 iideli
1298 1345 1588 1393 constantia.

700 1404 853 1456 XVII.
941 1404 1007 1455 Ut
1029 1403 1335 1454 Theodosius
1356 1417 1525 1453 necem
1544 1402 1757 1453 Gratiani
1784 1398 1933 1462 ultus,
1951 1398 2015 1449 de
2030 1398 2132 1449 lla-

1043 1468 1175 1534 x_i_mo
1198 1466 1581 1534 triumphaverit.
1642 1528 1652 1534 _
1726 1523 1781 1534 __
1915 1523 1927 1534 .
1998 1524 2009 1534 θ

702 1527 877 1578 XVIII.
946 1526 1023 1578 De
1047 1527 1307 1600 Theodosii
1346 1523 1602 1600 commisso
1640 1528 1689 1575 in
1726 1523 2129 1600 Thessalonicen-

1041 1603 1142 1646 ses,
1168 1596 1221 1637 et
1243 1589 1527 1650 poenitentia
1556 1587 1661 1650 ejus
1686 1585 1880 1649 publice
1904 1585 2029 1647 apud
2052 1596 2133 1633 sa-

1041 1650 1269 1700 cerdotes
1292 1658 1471 1711 gesta.
1536 1710 1541 1711 γ
2057 1708 2066 1711 Α

1566 298 1795 357 ηυιηΝι
1837 294 2316 368 AQUILEIENSIS
2355 292 2784 353 PRESBYTERI

2393 413 2545 479 ξ
2635 414 2711 479 pe
2738 418 2769 479 ον
2788 414 3029 479 seditione
3048 417 3350 479 Psganorum
3372 419 3541 466 contra
3562 412 3751 479 ﬁdeles.

2393 475 2566 542 XXIII.
2632 474 2711 542 pe
2734 478 2828 542 situ
2851 478 3022 542 templi
3039 474 3255 542 Serapis,
3279 479 3669 542 etsubversione
3692 477 3815 537 ejus.

2388 535 2555 586 XXIV.
2629 538 2705 586 De
2730 535 3006 602 fraudibus,
3041 535 3250 602 qua'in’
3280 540 3476 602 templis
3513 535 3821 601 Paganorum

2723 600 2935 650 detectae
2957 610 3092 650 sunt.

2759 610 2935 651 electa:
2957 610 3092 652 sunt.

2388 657 2533 707 XXV.
2631 660 2707 709 De
2731 662 2925 711 Sazurni
2963 666 3218 713 sacerdote
3241 661 3486 724 Tyranno,
3511 662 3660 711 totius
3686 672 3816 723 pene

2730 724 3041 774 Alexandria
3061 726 3299 773 adultero.

2628 779 2705 856 13c
2730 783 2971 856 Canopi-fl
2998 786 3131 856 initio
3156 796 3208 856 et
3232 787 3454 856 interitu.
3508 847 3518 856 ι
3578 846 3588 856 .

2386 842 2583 893 XXVII.
2629 843 2706 893 De
2728 842 2962 909 Eccle'siis
2992 854 3042 894 et
3067 847 3330 909 Martyrlis,
3355 859 3465 909 quae
3506 847 3555 895 in
3578 842 3817 894 idolorum

2636 965 2670 977 ⁸
2727 907 3324 977 Ιροὶδορηςιωειξεβυηιέ
3554 973 3563 977 _
3654 966 3682 977 η
3758 967 3786 977 η

2387 962 2604 1015 XXVIII.
2632 965 2708 1017 De
2730 968 2930 1032 Joannis
2985 970 3245 1032 sepulchro
3283 968 3480 1029 violato,
3507 973 3572 1032 et
3593 966 3815 1027 reliquiis

2728 1031 2850 1089 apud
2879 1032 3221 1080 Alexandriam
3248 1031 3559 1080 conservatis.

2385 1086 2553 1138 XXIX.
2626 1088 2702 1139 De
2724 1086 3024 1164 'Iflioracibus
3064 1095 3264 1164 Serapis
3305 1093 3442 1164 apud
3469 1087 3813 1164 Alexandriam

2726 1155 2931 1226 abi-esis,
2954 1164 3007 1205 et
3038 1152 3393 1215 signoChristi
3432 1156 3480 1203 in
3514 1152 3620 1201 loco
3641 1162 3813 1200 eorum

2384 1270 2526 1320 XXX.
2632 1273 2696 1323 Ut
2963 1290 3099 1350 aqua
3119 1276 3207 1350 βίη
3230 1276 3455 1350 ﬂuminis,
3475 1286 3617 1350 quam
3636 1274 3663 1303 '
3680 1287 3814 1333 ιοῆίνν

2725 1347 2910 1394 vocant,
2936 1340 2995 1388 ad
3024 1338 3288 1388 Ecclesism
3309 1338 3583 1387 deferatur.

2387 1392 2557 1444 XXXI.
2629 1396 2706 1446 De
2728 1392 3053 1509 ἔριθηῄΙηίευί
3094 1403 3300 1463 juuioris
3346 1401 3574 1459 interitu,
3614 1403 3667 1447 et
3702 1402 3812 1445 ortu

2768 1473 2948 1509 ueent.

2768 1473 2948 1520 ugenn.

2384 1514 2582 1583 XXXII:
2629 1519 2705 1583 De
2727 1514 2974 1583 responsis
2990 1522 3189 1572 Joannis
3205 1520 3445 1572 monachi.

2386 1576 2603 1629 XXXIII.
2630 1581 2705 1631 De
2730 1576 2957 1645 apparatu
2984 1585 3098 1633 belli
3119 1586 3351 1633 adversus
3366 1583 3639 1645 Eugenium
3656 1579 3814 1645 Theo-

2721 1642 2869 1715 dosii,
2913 1654 2964 1695 et
3003 1647 3067 1695 de
3106 1647 3314 1715 victoria.
3346 1642 3478 1715 ejus',
3514 1642 3816 1692 orationibus

2722 1710 2892 1767 magis.
2918 1721 3060 1768 Quam
3086 1711 3265 1757 virtute
3294 1704 3314 1743 ι
3339 1704 3519 1766 parata.

2388 1762 2597 1814 XXXIV.
2623 1766 2698 1817 De
2724 1762 2825 1815 line
2842 1762 3102 1818 Theodosii
3129 1779 3233 1829 post
3261 1762 3526 1825 victoriam,
3548 1762 3817 1829 etArcatlio

2728 1838 2875 1941 atque
2900 1830 3113 1881 Honorio
3131 1826 3317 1879 'liberis
3341 1832 3447 1891 ejus
3471 1835 3523 1878 et
3544 1826 3816 1876 heredibus

2729 1904 2853 1941 scan
2878 1929 2894 1941 .

2729 1904 2894 1952 regni.

1438 2168 1909 2277 LIBER
1985 2172 2841 2288 SECUNDUS.

703 1710 831 1762 XIX.
950 1709 1029 1761 De
1051 1708 1363 1761 restitutione
1385 1710 1413 1750 b
1437 1710 1781 1766 Ecclesiarum,
1806 1720 1916 1769 (λικε
1942 1720 2032 1769 per
2053 1708 2131 1766 ip-

1173 1773 1581 1836 jamcathollcum
1607 1774 1654 1821 in
1667 1771 1870 1822 Oriente
1889 1772 2128 1820 restitutae
2160 1789 2208 1849 Β

704 1893 808 1957 XX.
944 1892 1021 1957 De
1042 1842 1324 1957 X‘pg'llinare
1349 1899 1401 1945 et
1416 1895 1594 1943 haeresi
1616 1894 1738 1956 ejus.

703 1955 830 2007 XXI.
926 1956 1024 2007 -De
1047 1953 1270 2020 EpiscOp.
1305 1953 1695 2006 successionibus
1718 1967 1806 2019 per
1848 1953 2110 2004 Orientem

1189 2330 1416 2388 CAPUT
1448 2331 1487 2385 Ι.
1822 2364 1829 2369 -

550 2449 630 2507 De
658 2458 773 2506 ortu
801 2458 847 2505 et
872 2448 1112 2520 religiosa
1138 2456 1306 2502 ruente
1350 2444 1613 2516 Principis
1652 2444 1935 2508 Joviniani.
1984 2460 2032 2505 et
2075 2451 2137 2506 de

1208 2542 1311 2611 ﬁne
1336 2541 1465 2611 ejus.

620 2658 778 2729 267
810 2654 1134 2711 Postluliani
1149 2669 1333 2709 necem
1365 2651 1576 2707 tandem
1594 2651 1754 2708 civile
1771 2653 1925 2709 nobis
1942 2663 1967 2700 ε
1982 2652 2101 2710 Jovi

550 2750 692 2803 niani
720 2756 998 2817 reparatur
1016 2745 1321 2817 Imperium.
1343 2744 1390 2798 Is
1413 2758 1641 2813 namque
1661 2744 1761 2799 sub
1790 2760 1896 2797 uno
1919 2746 2136 2800 eodem-

548 2856 652 2907 quc
678 2847 922 2910 tempore
949 2837 1265 2909 Imperator,
1284 2844 1338 2891 et
1364 2833 2136 2904 Coufessor,etmaleillatiex-

551 2930 663 2984 titit
692 2930 948 3000 depulsor
991 2930 1211 2984 erroris.
1262 2926 1394 2982 Nam
1441 2942 1560 2981 cum
1611 2926 1663 2982 in
1691 2927 1964 2997 procinctu
1995 2940 2136 2985 esset

548 3023 839 3088 exercitus,
863 3030 919 3077 et
941 3030 1153 3093 urgeret
1181 3021 1209 3058 ⁸³
1242 3020 1530 3087 Barbarus,
1574 3020 1827 3075 ductores
1858 3023 2027 3078 nostri
2066 3023 2133 3080 de

544 3114 772 3171 summis
800 3113 958 3169 rebus
982 3112 1264 3169 consilium
1298 3110 1595 3179 trahentes,
1626 3110 1910 3168 Joviniano
1942 3115 2124 3170 calcu-

544 3209 655 3262 Ium
687 3205 968 3262 dederunt.
1002 3204 1240 3274 Cumque
1265 3204 1633 3274 apprehensus
1671 3205 1739 3259 ad
1787 3207 2125 3277 suscipienda

542 3296 754 3367 Imperii
785 3299 1087 3353 traheretur
1113 3295 1359 3365 insignia,
1392 3294 1459 3350 ad
1489 3295 1783 3351 exercitum
1812 3297 2007 3352 Iuliani
2036 3313 2125 3354 sa-

540 3386 778 3456 crilegiis
807 3386 1194 3456 propltanatum
1221 3424 1237 3452 ,
1269 3385 1466 3440 dicitur
1491 3385 1851 3455 proclamasse
1885 3403 1897 3437 :
1926 3385 2040 3440 Non
2067 3400 2127 3442 se

542 3493 699 3549 posse
730 3478 996 3550 imperare
1025 3479 1124 3547 eis,
1167 3477 1289 3549 quia
1325 3476 1342 3517 ί
1390 3487 1535 3534 esset
1580 3478 1937 3533 Christianus.
1989 3478 2124 3533 Tum

538 3590 733 3630 omnes
784 3575 897 3645 pari
938 3574 1233 3645 eademque
1284 3588 1416 3631 voce
1463 3572 1805 3639 resnondisse
1844 3572 2127 3642 perhiben-

540 3676 627 3720 tur
659 3684 671 3718 :
706 3666 775 3722 Et
806 3680 902 3720 nos
932 3666 1220 3721 Christiani
1248 3679 1435 3720 sumus
1465 3682 1479 3717 :
1517 3677 1615 3719 nec
1642 3664 1952 3732 priusquam
1987 3665 2124 3720 hanc

540 3771 728 3813 vocem
771 3757 1001 3825 audiret,
1056 3758 1399 3829 adquiescere
1444 3758 1512 3811 ad
1560 3758 1845 3827 Imperium
1890 3760 2125 3816 voluisse

538 3850 651 3923 [ΑΙ.
676 3847 886 3922 voluit].
919 3851 1154 3920 Denique
1181 3849 1359 3903 statim
1382 3848 1591 3904 ιισυίιεί
1612 3850 1789 3904 divina
1817 3850 2123 3918 clementia,

540 3948 834 4013 contraque
863 3957 1076 3998 omnem
1102 3956 1253 4011 apem
1282 3982 1297 4006 ,
1321 3955 1442 3994 cum
1470 3940 1638 3995 clausi
1681 3940 1914 4010 undique
1961 3941 2129 3997 hosti-

539 4034 639 4089 bus
667 4044 994 4101 tenerentur,
1024 4050 1124 4091 nec
1143 4032 1402 4089 evadendi
1424 4032 1647 4088 facultas
1668 4034 1774 4088 ulla
1793 4045 2119 4105 suppeteret,

537 4124 715 4180 subito
763 4126 991 4181 emissos
1020 4140 1051 4181 a
1100 4124 1349 4180 Barbaris
1396 4134 1640 4181 oratores
1681 4125 1872 4181 adesse
1913 4126 2125 4196 vident,

605 4248 632 4277 ι
663 4239 829 4311 Idem,
867 4239 1119 4294 Valentini
1141 4254 1237 4311 pro
1268 4238 1617 4311 Valentiniani
1639 4254 1657 4293 :
1681 4247 1791 4311 tum
1816 4255 1930 4311 seq.
1950 4242 2124 4307 capite

535 4308 655 4377 plus
687 4310 846 4366 habet
868 4352 882 4376 ,
912 4322 961 4365 et
1002 4326 1120 4365 nece
1143 4308 1393 4364 'Valentis
1424 4308 1704 4381 Principis.
1739 4308 1935 4366 Iterum
1980 4312 2124 4367 inse-

534 4382 741 4450 quenti,
774 4382 1070 4436 consciverit
1103 4396 1199 4448 pro
1227 4381 1515 4434 adsciverit.

605 4448 631 4489 δ
661 4451 1052 4523 βοηιιογίἀθῐη,
1084 4452 1160 4507 De
1184 4450 1973 4523 restitutionibusEcclesiarum,
2002 4469 2118 4523 qua:

535 4536 625 4591 per
653 4521 821 4588 ipsum
850 4522 903 4591 in
938 4522 1144 4577 Oriente
1169 4522 1448 4578 Catholicis
1475 4522 1719 4575 restitutae
1747 4531 1884 4573 sunt.

607 4601 628 4664 ξ
661 4591 825 4664 Idem,
852 4590 929 4664 De
957 4592 1287 4664 Paganorum
1319 4594 1537 4664 motibus
1562 4592 1705 4657 apud
1728 4591 2118 4664 Alexandriam.

604 4656 632 4697 ἀ
663 4660 1012 4717 Restituimus
1038 4656 1123 4719 'ex
1173 4663 1546 4717 Gnarneriano
1590 4656 1717 4726 ms.;
1747 4661 1935 4714 vitiosa
1976 4665 2119 4719 enim

534 4732 816 4786 nictathesi
841 4732 1038 4786 lectum
1066 4742 1149 4787 est
1176 4732 1454 4798 hactenus,
1478 4732 1709 4799 interitu,
1732 4741 1780 4785 et
1805 4732 1969 4787 initio.
2001 4734 2117 4789 Vid.

534 4803 728 4868 Capitis
759 4802 927 4867 ipsius
953 4812 1287 4857 contextum.

611 4881 633 4907 υ
668 4870 809 4942 idem
839 4871 1041 4925 Latinis
1074 4872 1264 4933 literis,
1288 4870 1426 4942 petin
1452 4885 1469 4922 :
1499 4877 1610 4925 tum
1638 4870 1881 4939 efferatur
1908 4887 2002 4938 pro
2026 4874 2115 4928 de-

535 4944 751 5013 feratur.
777 4940 1043 4997 Przrterea
1072 4952 1125 4997 et
1146 4940 1523 5011 subsequentia
1546 4943 1651 4997 duo
1674 4943 1844 5013 capita
1872 4946 1924 4998 in
1954 4960 2114 5000 unum

534 5011 722 5069 ttectil.

611 5079 630 5120 ί
662 5082 783 5146 Ms.,
812 5091 1017 5153 patrata
1041 5097 1060 5136 :
1082 5097 1177 5138 nec
1200 5082 1507 5142 d'sinl‘reret
1537 5092 1705 5151 part1.
1736 5082 1789 5138 In
1815 5083 1919 5137 line
1943 5085 2111 5149 addit,

534 5151 835 5218 Expliciunt
857 5154 1113 5223 Capitula.
1142 5156 1329 5223 Incipit
1360 5156 1484 5208 liber
1514 5154 1843 5209 Undecimus.

607 5234 634 5271 8
658 5226 849 5290 Antea,
880 5241 969 5295 per
995 5224 1346 5291 Iovinianum,
1376 5223 1603 5295 fortasse
1631 5227 1847 5283 rectius.
1896 5224 1988 5277 s-d
2024 5240 2113 5278 re-

534 5294 887 5366 fragantibus
914 5311 1046 5353 mss.
1090 5297 1348 5351 Auctores
1375 5297 1467 5351 alii
1495 5294 1769 5351 Iovianum
1830 5295 1969 5348 hunc
2015 5309 2110 5348 vo-

531 5376 676 5421 cant.

605 5434 632 5474 δ
664 5436 986 5494 Bononiens.
1028 5436 1305 5493 Barbaros.
1337 5436 1444 5491 duo
1476 5436 1644 5490 Vatic.
1680 5450 1843 5494 penes
1870 5432 2111 5487 Caeriar.

532 5518 578 5560 et
610 5508 858 5561 exercitus
888 5518 1155 5579 urgeretur
1178 5525 1211 5562 a
1231 5509 1477 5562 barbaris.
1508 5507 1625 5562 Mox
1651 5504 2001 5560 Guarnerian.
2022 5506 2115 5557 da-

532 5588 641 5633 rent
671 5593 767 5646 pro
790 5579 1057 5633 dederunt.

610 5646 626 5687 ¹
664 5641 932 5704 Ᾰόιιοιειη
962 5649 1206 5704 Bnrrmus
1236 5658 1288 5703 et
1320 5641 1602 5702 thcnanus
1656 5646 1721 5698 ad
1768 5644 1889 5697 libri
1940 5655 2107 5706 oram,

532 5719 630 5780 aL,
660 5721 747 5786 qui
778 5735 879 5772 non
902 5729 1061 5773 essent
1085 5719 1383 5774 Christiani.
1410 5717 1607 5774 Deinde
1628 5713 1951 5771 Bononirns.
1987 5728 2108 5772 ms.,

536 5787 725 5843 ‘l'amen
755 5804 945 5856 clunes,
975 5801 1080 5845 etc.

2241 2355 2532 2411 pacemque
2562 2342 2857 2409 deposcere
2888 2361 2901 2397 :
2930 2344 3188 2399 exercitui
3214 2359 3424 2416 quoque
3473 2342 3648 2399 inedia
3686 2359 3817 2398 con-

2238 2444 2438 2499 sumto,
2472 2436 2620 2491 cibos
2656 2434 2961 2508 cieteraque
3010 2440 3314 2495 necessaria
3359 2441 3411 2495 in
3455 2440 3818 2495 mercimoniis

2241 2526 2503 2595 polliceri,
2517 2530 2768 2597 omnique
2790 2528 3120 2587 humanitate
3142 2540 3447 2587 nostrorum
3465 2532 3816 2587 temeritatem

2246 2616 2260 2668 i
2302 2619 2612 2676 emendare.
2647 2620 2750 2677 Sed
2777 2622 2868 2677 ubi
2894 2622 2946 2676 in
2977 2624 3159 2693 viginti
3186 2633 3243 2679 et
3268 2638 3457 2680 novem
3488 2636 3657 2679 annos
3687 2639 3818 2692 pace

2240 2712 2559 2779 composita,
2587 2713 2653 2769 ad
2679 2714 2975 2769 Romanum
3009 2731 3287 2787 regressus
3310 2727 3394 2773 est
3434 2718 3630 2783 solum,
3656 2719 3816 2791 268

2240 2801 2543 2870 clariorque
2593 2804 2679 2858 lux
2724 2814 2909 2859 nostro
2954 2819 3014 2860 se
3058 2807 3174 2861 orbi
3195 2823 3261 2862 ex
3304 2808 3538 2865 Orientis
3579 2811 3815 2878 partibus

2237 2896 2425 2953 oborta
2451 2897 2560 2971 [ΑΙ.
2591 2898 2799 2971 exorta]
2829 2899 3062 2965 diliudit,
3088 2900 3469 2969 rempublicam
3500 2904 3653 2972 quasi
3700 2913 3814 2971 po~t

2238 2990 2431 3044 nimias
2459 2989 2725 3059 procellas
2766 2990 2912 3044 omni
2960 2990 3326 3046 moderatione
3370 2991 3477 3063 [ΑΙ.
3509 2993 3814 3047 omnimoda

2236 3081 2464 3155 ratione]
2494 3082 2804 3152 adgreditur
2840 3097 3132 3151 reparare:
3158 3083 3513 3139 Ecclesiarum
3555 3099 3680 3140 vero
3722 3101 3814 3141 cu-

2156 3154 2201 3217 C
2233 3187 2346 3227 ram
2378 3154 2484 3229 non
2511 3175 2564 3229 in
2596 3174 2846 3230 secundis
2877 3174 3097 3230 habere.
3130 3177 3240 3232 Nec
3268 3187 3443 3232 tamen
3476 3178 3707 3246 incaute,
3758 3190 3813 3233 ut

2229 3264 2572 3321 Constantius
2597 3274 2798 3337 egerat,
2826 3267 2921 3321 sed
2951 3264 2975 3303 ¹ι
3006 3267 3154 3337 lapsu
3184 3268 3596 3338 praedecessoris
3622 3269 3813 3323 admo-

2233 3357 2394 3422 nitus,
2430 3357 2741 3413 honoriticis
2790 3369 2846 3413 et
2891 3356 3302 3415 ofﬁciosissimis
3348 3359 3538 3415 litteris
3580 3359 3814 3416 Athana-

2228 3448 2366 3501 sium
2398 3448 2640 3517 requirit,
2664 3458 2718 3503 et
2746 3449 2812 3503 ab
2838 3448 2953 3518 ipso
2972 3449 3194 3505 formam
3220 3450 3341 3505 lidei
3367 3459 3422 3505 et
3453 3451 3807 3506 Ecclesiarum

2227 3537 2679 3606 disponendarum
2715 3536 2731 3575 ¹
2769 3539 2993 3608 suscipit
3023 3540 3261 3596 modum.
3292 3541 3393 3596 Sed
3429 3542 3539 3595 lucc
3590 3550 3695 3596 tam
3724 3543 3808 3611 pia

2227 3635 2283 3681 et
2310 3638 2413 3679 tam
2444 3628 2563 3681 laeta
2597 3629 2853 3698 principia
2886 3644 3027 3683 mors
3057 3630 3338 3684 immatura
3384 3632 3641 3700 corrupit.
3687 3630 3808 3685 I‘ost

2228 3728 2352 3773 octo
2394 3720 2595 3775 etenim
2636 3734 2849 3776 menses
2889 3730 3041 3776 ortus
3087 3722 3169 3778 sui
3211 3722 3353 3790 apud
3387 3719 3626 3778 Ciliciam
3668 3720 3808 3777 diem

2228 3808 2363 3863 obit.

2849 3902 3073 3960 CAPUT
3106 3903 3168 3959 lI.

2548 4015 2628 4070 De
2655 4024 2767 4070 ortu
2802 4016 3150 4073 Valentiniani
3165 4030 3211 4075 et
3249 4019 3489 4079 Valentis.

2300 4125 2427 4182 Post
2466 4127 2608 4183 hunc
2638 4127 3045 4185 Valentinianus
3086 4130 3369 4199 imperium
3415 4130 3673 4201 suscepit,
3718 4132 3803 4201 qui

2302 4244 2315 4293 l
2353 4243 2621 4317 Concessa
2654 4252 2831 4298 tamen
2859 4244 3131 4317 hostibus,
3163 4246 3281 4299 sive
3298 4245 3502 4317 Sapori
3526 4245 3654 4317 Regi
3688 4246 3805 4299 Per-

2225 4329 2427 4377 sarum,
2458 4314 2648 4386 Iiisibi,
2681 4323 2735 4368 et
2772 4316 3076 4386 regionibus
3104 4325 3251 4370 trans
3278 4316 3497 4386 Tigrim.
3550 4314 3680 4372 Vide
3707 4317 3803 4371 So-

2224 4392 2424 4439 cratem
2458 4383 2548 4439 lib.
2581 4384 2662 4437 ΙΙΙ.
2698 4398 2818 4452 cap.
2850 4383 2934 4437 22.

2304 4453 2329 4491 ιι
2356 4453 2552 4510 Vitiose
2570 4455 2889 4518 Cacciarius,
2914 4454 3136 4523 lapsum.
3179 4456 3311 4510 Tum
3335 4457 3654 4511 Bononiens.
3681 4472 3802 4521 ms.,

2149 4528 2201 4588 Ι)
2228 4530 2569 4596 processeris,
2604 4535 2657 4579 et
2688 4541 2809 4579 mox
2853 4526 3211 4596 capiosissimis
3254 4541 3350 4595 pro
3394 4527 3799 4596 officiosissime.

2230 4595 2423 4649 Itecole
2448 4595 2757 4649 adnotatum
2786 4595 3107 4662 prtecedenti
3131 4596 3261 4651 libro
3286 4595 3458 4650 locum
3483 4614 3544 4650 ex
3574 4597 3802 4651 llistvria

2224 4665 2501 4731 acephala,
2534 4665 2846 4738 Athanasius
2876 4667 3098 4738 occurrit
3137 4668 3341 4738 navigio
3372 4668 3441 4719 ad
3472 4665 3666 4735 Imper.
3712 4666 3803 4719 Jo-

2222 4738 2450 4799 vianum,
2475 4744 2674 4805 etpost,
2703 4734 3068 4788 Ecclesiasticis
3114 4734 3273 4791 rebus
3315 4734 3631 4805 compositis,
3672 4739 3803 4789 acci-

2224 4808 2363 4872 piens
2390 4806 2580 4869 literas,
2603 4807 2733 4858 venit
2764 4806 3145 4869 Alexandriam,
3189 4816 3233 4859 et
3265 4808 3471 4861 intravit
3518 4810 3572 4862 in
3623 4807 3799 4860 Eccleo

2222 4880 2374 4937 siam,
2404 4876 2551 4929 Athir
2577 4873 2734 4938 XIX,
2774 4877 2857 4928 die
2902 4875 3052 4930 Cons.
3108 4875 3333 4939 Ioviani,
3373 4888 3419 4931 et
3474 4876 3797 4940 Varroniani,

2224 4957 2329 5001 etc.
2359 4946 2464 5001 Sed
2495 4955 2549 5000 et
2579 4955 2759 5015 notatu
2790 4947 3007 5013 dignum
3032 4946 3156 4999 illud
3188 4956 3287 5009 est,
3320 4948 3457 5015 quod
3489 4950 3666 5003 subdit
3698 4948 3799 4999 llu-

2223 5017 2382 5081 ﬁnus,
2408 5016 2625 5083 petiisse
2654 5014 2933 5086 Jovianum
2965 5017 3033 5070 ab
3064 5018 3352 5070 Athanasio
3400 5019 3619 5086 formam
3656 5019 3795 5086 ﬁdei,

2222 5102 2340 5157 quas
2367 5086 2578 5157 quidem
2609 5100 2714 5139 non
2744 5084 2845 5139 a'ia
2876 5086 3122 5157 intelligi,
3173 5102 3330 5156 quam
3380 5084 3504 5142 Iidei
3549 5084 3795 5150 formula,

2220 5156 2333 5225 sive
2355 5155 2662 5225 Symbolum
2683 5164 2875 5224 potest.

2296 5224 2311 5262 ι
2351 5224 2717 5295 llegio-Vatic.
2745 5241 2870 5287 ms.,
2902 5226 3138 5295 suscepit.
3172 5226 3246 5280 De
3272 5226 3473 5279 Jmiani
3506 5227 3652 5280 obitu
3681 5226 3799 5280 vide

2225 5294 2501 5367 Socratem
2524 5295 2574 5348 in
2602 5295 2811 5348 linelib.
2840 5295 2922 5367 lii.
2950 5296 3006 5350 S.
3033 5294 3442 5367 Chrysostomus
3462 5296 3655 5350 IIomil.
3682 5296 3792 5367 XV.

2224 5365 2275 5419 in
2308 5365 2633 5435 Philippeos.
2667 5380 2788 5418 eum
2821 5365 2947 5419 dicit
2987 5365 3192 5420 veneno
3221 5367 3531 5419 extinctum.
3563 5368 3643 5420 Ab
3684 5366 3797 5435 ejus

2223 5435 2371 5488 obitu
2402 5435 2475 5506 ad
2512 5434 2867 5506 Valentiniani
2899 5436 3356 5506 inauguratiouem
3387 5437 3593 5506 probat
3647 5434 3797 5491 Vale-

2221 5506 2331 5558 sius
2359 5506 2410 5559 in
2432 5503 2583 5558 Notis
2611 5504 2676 5558 ad
2700 5503 3341 5559 AnnuianJlEarcellinmn
3367 5505 3552 5560 decem
3582 5507 3797 5559 outuinn

2221 5574 2334 5628 dies
2362 5575 2753 5639 intercessisse,
2777 5584 3001 5644 utroque
3024 5576 3252 5631 termino
3274 5576 3499 5634 incluso.
3523 5584 3577 5629 et
3597 5575 3678 5629 bis
3712 5575 3795 5644 VI.

2219 5645 2334 5697 Kal.
2364 5654 2642 5699 munerato
2666 5646 2789 5708 (fuit
2815 5643 2953 5698 enim
2984 5661 3151 5699 annus
3182 5647 3269 5703 ille
3294 5644 3361 5701 56
3376 5644 3416 5699 Ι.
3444 5643 3748 5701 bissextilisl
3769 5659 3798 5699 ιι

2219 5715 2305 5770 die
2333 5715 2534 5771 scilicet
2566 5716 2647 5769 I7.
2666 5714 2922 5771 Februar.
2948 5716 3012 5771 ad
3040 5717 3126 5771 S6.
