4166 6348
533 320 630 375 5H

1570 305 1802 366 RUFINI
1844 300 2328 373 AQUILEIENSIS
2370 300 2803 360 PRESBYTER!

3696 302 3803 360 8l2

532 448 652 487 rum
730 430 1042 501 participem
1118 438 1172 486 et
1218 428 1422 485 socium
1475 425 1693 498 delegit.
1755 423 1861 480 Sed
1921 421 2189 479 LucinsA
2220 430 2299 475 set
2330 431 2639 489 petunctus,
2666 422 2843 476 statim
2872 418 3202 477 confirmatae
3240 427 3369 476 sunt
3415 417 3610 490 planta
3657 420 3799 489 ejus.

534 528 748 585 Ariana:
778 526 946 596 partis
973 536 999 563 ιι
1030 526 1342 594 Episcopus,
1366 526 1624 577 contnuo
1671 528 1921 588 tanquam
1958 514 2120 587 270

533 617 603 674 ad
634 608 793 672 ovem
837 617 1051 671 advolat
1097 615 1271 682 lupus.
1314 614 1381 668 Et
1430 613 1616 667 Petrus
1662 611 1879 679 quidem
1928 624 2118 661 navent

538 707 784 776 protinus
811 706 1211 768 conscendens,
1238 703 1305 757 ad
1348 702 1535 756 urbem
1590 701 1811 754 Romam
1869 697 2117 764 |rnfugil.

535 799 734 855 Luctus
758 814 888 854 vero
919 808 1164 866 tanquam
1197 795 1417 850 materia
1444 794 1544 848 sibi
1595 791 1926 848 crudelitatis
1958 789 1986 829 δ
2017 791 2119 845 ob-

535 892 668 957 lata,
696 892 891 945 saevior
917 904 1042 958 erga
1066 898 1292 942 czeteros
1317 885 1670 939 efficiebatur.
1707 884 1772 938 Et
1812 882 1881 937 ita
1914 880 2024 936 ibat
2066 881 2119 933 in

535 981 871 1049 sanguinem,
897 988 954 1031 ut
981 991 1050 1033 ne
1078 975 1313 1045 speciem
1339 972 1556 1043 quidem
1578 973 1809 1042 aliquam
1843 970 2121 1040 religionis

535 1085 756 1128 scrvare
779 1068 1071 1133 videretur,
1103 1065 1258 1137 cujus
1283 1066 1455 1135 primo
1486 1065 1733 1135 ingressu
1760 1072 1903 1117 tanta
1931 1071 1985 1117 et
2014 1072 2120 1117 tam

535 1160 711 1231 turpia
734 1160 789 1215 in
818 1160 1052 1229 virgines
1074 1168 1126 1213 et
1152 1156 1491 1213 continentes
1518 1156 1774 1211 Ecclesiae
1798 1164 1944 1225 gesta
1973 1164 2120 1221 sunt,

536 1265 658 1322 quae
687 1265 786 1306 nec
811 1250 864 1305 in
908 1249 1371 1320 persecutionibus
1400 1247 1692 1302 Gentilium
1734 1254 2119 1301 memorantur.

537 1339 666 1399 lude
696 1353 820 1414 post
846 1341 998 1414 fugas
1026 1342 1224 1398 civium
1252 1352 1306 1397 et
1331 1341 1511 1409 exilia,
1544 1350 1665 1410 post
1705 1340 1880 1395 credes
1909 1346 1964 1393 et
2016 1349 2127 1394 tor-

540 1445 767 1505 menta,
806 1435 1160 1506 ﬂammasque
1209 1435 1403 1505 quibus
1456 1434 1767 1488 innumeros
1819 1432 2127 1487 confecerat

537 1522 650 1599 (Al.
681 1521 1113 1595 condemnavit],
1140 1522 1206 1577 ad
1235 1521 1556 1578 monasteria
1598 1522 1797 1576 luroris
1842 1521 1926 1575 sui
1973 1535 2123 1576 arma

538 1615 827 1672 convertit.
860 1614 1051 1671 Vastat
1073 1629 1340 1680 eremum,
1370 1624 1424 1669 et
1450 1613 1588 1668 bella
1618 1612 2014 1683 quiescentibus
2045 1612 2126 1665 in-

536 1706 690 1764 dicit.
722 1706 850 1763 Tria
876 1706 1047 1763 millia
1074 1707 1256 1772 simul,
1285 1716 1379 1761 aut
1424 1719 1493 1761 eo
1546 1706 1796 1773 amplius,
1843 1704 1986 1758 viros
2029 1717 2128 1774 per

2225 513 2290 567 Et
2316 512 2615 569 dicentibus
2636 514 2733 578 eis,
2764 514 2816 568 in
2845 516 3058 569 nomine
3085 513 3209 569 Iesu
3245 514 3466 581 Christi,
3493 530 3563 583 qu
3588 529 3650 567 tu
3700 515 3807 570 Luc

2221 603 2335 657 cius
2367 606 2724 674 persequitur,
2750 620 2928 674 surge,
2954 613 3007 659 et
3030 616 3109 659 sta
3144 606 3193 659 in
3223 605 3443 671 pedibus
3467 606 3591 669 tuis,
3615 613 3670 660 et
3691 608 3804 661 redi

2223 694 2274 747 in
2304 694 2518 747 domum
2550 707 2716 759 tuam,
2741 698 2995 751 continuo
3018 710 3309 769 exsurgens
3339 708 3392 751 et
3430 695 3677 763 exiliens,
3714 698 3808 754 be-

2222 787 2501 841 nedicebat
2546 788 2708 842 Deum
2735 829 2751 855 ,
2804 789 3093 845 ostendens
3138 792 3261 860 quia
3304 806 3431 845 vere
3473 802 3589 844 erat
3624 790 3678 845 in
3727 791 3807 845 eis

2225 877 2387 934 Deus.
2420 882 2555 935 Ante
2599 881 2986 947 aliquantulum
3017 898 3146 938 vero
3177 884 3430 953 temporis
3474 898 3650 938 caseus
3689 884 3807 955 qnio

2223 972 2344 1026 dam
2376 960 2643 1043 rogabais
2672 973 2861 1029 deduci
2893 991 2952 1031 se
2997 976 3061 1029 ad
3106 976 3350 1030 cellulam
3398 976 3636 1040 Macarii,
3688 992 3809 1043 qua:

2223 1065 2387 1135 272
2410 1074 2524 1120 erat
2576 1066 2627 1119 in
2682 1066 2918 1128 deserto,
2975 1068 3166 1123 itinere
3214 1068 3371 1121 triutu
3413 1068 3643 1125 dierum.
3690 1067 3810 1135 Quo

2227 1165 2574 1225 posteaquam
2601 1172 2775 1212 caecus
2820 1157 2990 1211 multo
3018 1157 3350 1212 ductantintu
3396 1159 3579 1212 labore
3620 1174 3811 1225 perve-

2226 1243 2327 1309 nit,
2360 1244 2645 1300 Macarium
2684 1262 2790 1301 non
2822 1247 3019 1317 reperit
3050 1247 3216 1302 domi.
3243 1247 3600 1303 Contristatus
3632 1249 3808 1315 valde,

2227 1334 2532 1392 nullatenus
2590 1338 2835 1408 mitigare
2908 1339 3215 1394 ιηωειίιίειω
3272 1348 3519 1407 poterat,
3571 1342 3813 1395 sanitatis

2228 1423 2258 1465 ιι
2287 1428 2477 1483 solatio
2517 1443 2725 1484 carens.
2759 1428 2892 1484 Tum
2922 1428 3026 1501 [Αι.
3054 1427 3212 1501 Cum]
3261 1445 3387 1485 vero
3436 1431 3644 1485 fervore
3689 1428 3813 1485 lidei

2226 1519 2625 1583 concalescens,
2658 1519 2960 1587 Deprecor,
2993 1523 3164 1591 inquit
3216 1522 3280 1575 ad
3312 1537 3407 1577 eos
3436 1522 3525 1590 qui
3571 1521 3813 1577 deduxe-

2227 1620 2370 1677 rant,
2400 1611 2665 1680 applicate
2688 1628 2773 1666 tne
2803 1612 2870 1667 ad
2918 1613 3060 1667 illam
3093 1623 3298 1682 partem
3333 1614 3574 1684 parietis,
3599 1615 3689 1668 ubi
3719 1628 3814 1669 cu-

2229 1701 2359 1759 bare
2402 1702 2583 1760 senior
2621 1704 2779 1760 solet.
2830 1704 3045 1761 Etcum
3090 1706 3277 1761 fuisset
3324 1708 3591 1773 admotus,
3625 1722 3833 1776 parum

541 1809 753 1857 Gtotam
774 1814 1013 1858 eremttm
1035 1810 1242 1857 secreta
1271 1798 1431 1871 271
1457 1806 1512 1854 et
1531 1796 1768 1854 solitaria
1796 1796 2124 1853 habitatione
2155 1796 2205 1859 Β
2233 1790 2327 1846 luti
2357 1791 2513 1859 aridi,
2544 1793 2688 1851 unde
2733 1794 2907 1863 paries
2950 1794 3148 1851 oblitus
3172 1796 3468 1862 videbatur,
3508 1811 3813 1867 assumens,

539 1891 816 1964 dispersos
833 1906 1142 1965 oppugnare
1165 1892 1368 1961 pariter
1395 1888 1720 1961 aggreditur.
1747 1888 1906 1944 Mittit
1941 1903 2123 1944 arma-

540 1993 649 2041 tam
687 1984 928 2057 equitum
955 2000 1019 2041 ac
1046 1984 1280 2056 peditum
1302 2000 1518 2040 manum
1546 2001 1560 2038 :
1591 1983 1880 2053 Tribunos,
1908 1982 2127 2053 Praepo-

543 2077 701 2143 sltos,
730 2088 786 2132 et
815 2076 1079 2132 bellorum
1106 2075 1270 2131 duces
1291 2116 1307 2143 ,
1340 2083 1589 2146 tanquam
1610 2074 1895 2129 adversum
1921 2074 2124 2128 Barba-

541 2181 634 2223 ros
662 2178 988 2238 pugnaturus
1015 2164 1043 2205 ἀ
1071 2168 1253 2237 elegit.
1278 2167 1379 2236 Qui
1423 2182 1546 2222 cum
1588 2166 1883 2231 venissent,
1933 2179 2124 2219 novam

542 2255 671 2311 belli
700 2257 933 2327 speciem
981 2256 1186 2324 vident,
1231 2258 1415 2313 hostes
1454 2272 1581 2313 suos
1622 2255 1815 2326 gladiis
1854 2255 2127 2322 objectare

540 2349 801 2417 cervices,
829 2359 888 2409 et
913 2350 1043 2407 nihil
1075 2350 1217 2407 aliud
1256 2348 1458 2421 dicere,
1486 2348 1589 2405 nisi
1613 2364 1629 2403 :
1656 2347 1862 2415 Amice,
1893 2347 1961 2403 ad
1999 2345 2127 2419 quid

542 2439 735 2495 venisti
750 2439 775 2497 ἲ

1155 2534 1381 2593 CAPUT
1410 2534 1502 2592 Π.

550 2671 630 2729 De
669 2674 939 2730 virtutibus
961 2683 1011 2730 et
1035 2674 1353 2731 mirabilibus
1382 2684 1673 2731 sanctorum
1699 2676 1791 2748 qui
1818 2677 2024 2748 fuerunt
2076 2676 2130 2731 in

1205 2768 1461 2839 JEgypto.

620 2898 722 2956 Per
748 2899 889 2956 idem
912 2908 1121 2970 tempus
1142 2911 1317 2969 patres
1344 2900 1728 2958 monachorum
1760 2913 1885 2957 vute
1910 2914 1964 2958 et
1993 2904 2105 2959 anti

545 2992 762 3063 quitatis
791 2995 1003 3058 merito,
1035 2992 1292 3048 Macarius
1316 3002 1371 3048 et
1399 2994 1655 3060 Isidorus,
1687 2996 1928 3065 aliusque
1957 2997 2132 3052 Maca-

546 3084 681 3152 rius,
706 3092 865 3155 atque
894 3084 1223 3151 Heraclides,
1250 3094 1306 3141 et
1342 3084 1574 3141 Pambus
1622 3088 1837 3142 Antonii
1886 3088 2129 3155 discipuli

2198 1884 2419 1953 .palutat
2438 1896 2552 1937 sua:
2579 1886 2920 1953 superposuit
2952 1884 3062 1959 (Al.
3084 1886 3406 1959 supposuit].
3450 1886 3624 1958 Rogat
3651 1889 3813 1944 etiam

2227 1983 2286 2028 ut
2314 1987 2507 2045 aquam
2544 1973 2612 2030 de
2643 1984 2824 2045 puteo,
2871 1990 2937 2032 ex
2983 1992 3091 2046 quo
3137 1978 3323 2032 bibere
3365 1978 3592 2047 solebat,
3632 1979 3814 2034 hauri-

2226 2072 2367 2119 rent.
2404 2061 2421 2101 ί
2457 2063 2575 2133 Quo
2605 2064 2827 2121 humore
2854 2066 3130 2123 resolvens
3174 2068 3467 2137 glebulam,
3515 2070 3817 2140 eodemque

2228 2155 2340 2212 luto
2359 2157 2542 2213 oculos
2563 2172 2691 2213 suos
2717 2173 3103 2230 superungens,
3130 2169 3185 2215 et
3213 2160 3393 2215 lavans
3413 2162 3481 2217 de
3507 2176 3665 2232 aqua,
3696 2177 3817 2233 qua:

2230 2252 2418 2307 hausta
2447 2253 2637 2319 fuerat,
2670 2262 2889 2323 repente
2918 2257 3121 2323 recepit
3148 2257 3340 2318 visum,
3372 2255 3444 2310 ita
3476 2265 3536 2311 ut
3558 2257 3704 2312 nullo
3733 2260 3816 2311 in-

2229 2344 2418 2414 digens
2439 2344 2765 2400 adminiculo
2792 2330 2993 2400 rediret
3018 2346 3085 2400 ad
3111 2361 3227 2401 sua.
3262 2346 3367 2402 Sed
3415 2363 3483 2402 ne
3519 2348 3818 2403 secundum

2230 2435 2473 2506 leprosos
2498 2438 2617 2493 illos
2643 2448 2845 2509 ageret,
2874 2453 3007 2509 quos
3036 2455 3064 2493 a
3092 2454 3152 2495 se
3178 2451 3393 2496 cu'atos
3435 2441 3485 2495 in
3516 2442 3819 2512 Evangeliis
3852 2438 3861 2445 ’

2232 2531 2471 2603 ingratos
2495 2531 2753 2587 Dominus
2779 2540 2950 2599 notat,
2984 2548 3106 2588 cum
3128 2534 3273 2588 omni
3298 2534 3460 2589 domo
3490 2549 3584 2589 sua
3606 2550 3820 2605 regres-

2232 2636 2326 2676 sus
2348 2620 2454 2694 [ΑΙ.
2486 2623 2614 2677 add.
2646 2620 2750 2693 eat]
2793 2635 2847 2677 et
2894 2623 3005 2677 Deo
3047 2624 3250 2695 gratias
3293 2624 3555 2692 referens,
3602 2641 3718 2681 rem
3762 2638 3820 2681 ut

2234 2728 2381 2785 gesra
2430 2715 2602 2770 fuerat
2643 2716 2917 2772 indicavit.
2966 2716 3109 2771 Idem
3148 2716 3265 2787 ipse
3304 2717 3565 2773 Macarius
3598 2730 3613 2770 ι
3654 2719 3820 2775 Ιθεηω

2235 2806 2547 2875 speluncam
2580 2806 2762 2863 habuit
2800 2808 3006 2864 cellula
3050 2811 3303 2867 vicinam.
3348 2811 3415 2865 Et
3458 2810 3688 2882 quadam
3732 2811 3820 2867 die

2236 2898 2441 2951 catulos
2468 2912 2594 2952 suos
2614 2911 2786 2951 caecos
2812 2898 2881 2953 ad
2909 2914 3030 2953 eum
3059 2899 3235 2953 bellua
3282 2900 3544 2969 producit,
3594 2911 3652 2957 et
3696 2915 3832 2957 ante-

2239 2988 2402 3057 pedes
2426 2987 2544 3058 ejus
2567 2989 2733 3058 punit.
2768 2989 2837 3043 At
2865 2988 2956 3044 ille
2978 3005 3098 3045 cum
3121 2990 3475 3046 intellexisset
3522 3007 3617 3058 pro
3660 2992 3822 3046 ειυιοί-

2242 3090 2349 3136 tate
2374 3082 2671 3137 catulorum
2704 3082 2927 3137 bestiam
2957 3084 3280 3153 supplicare,
3312 3085 3512 3153 rogavit
3536 3084 3822 3140 Dominum

546 3186 645 3244 per
670 3175 984 3247 Egyptum,
1009 3185 1063 3231 et
1087 3178 1318 3231 maxime
1350 3177 1403 3231 in
1434 3177 1618 3233 Nitriae
1645 3177 1844 3234 deserti
1896 3181 2131 3249 panibus
2159 3177 2208 3243 ο
2244 3186 2299 3227 ιιι
2321 3174 2401 3229 eis
2431 3175 2680 3230 redderet
2699 3174 2894 3230 visunt.
2926 3176 3043 3242 Quo
3074 3189 3314 3247 recepto,
3336 3187 3563 3233 matrem
3594 3194 3824 3247 sequen-

548 3263 881 3321 babebantur
899 3266 1018 3332 viri,
1052 3266 1143 3337 qui
1171 3268 1498 3323 consortium
1528 3270 1651 3325 vitae
1681 3281 1736 3326 et
1755 3282 1990 3337 actuum,
2026 3289 2129 3329 non

548 3372 671 3414 cum
701 3357 911 3415 caeteris
959 3360 1293 3425 mortalibus,
1339 3361 1433 3419 sed
1474 3378 1594 3418 cum
1643 3367 1887 3433 supernis
1928 3368 2133 3438 angelis

553 3451 754 3507 habere
780 3453 1156 3510 credebantur.
1183 3455 1313 3522 Quae
1359 3472 1597 3525 prmsens
1640 3460 1749 3514 vidi
1803 3462 2028 3530 loquor:
2080 3474 2137 3519 et

550 3554 739 3596 eorum
763 3551 909 3612 gesta
952 3543 1145 3610 refero,
1193 3558 1421 3615 quorum
1470 3548 1521 3601 in
1570 3550 1908 3618 passionibus
1958 3555 2134 3608 socius

548 3646 672 3687 esse
695 3642 720 3671 ο
752 3634 1042 3702 promerui.
1071 3635 1132 3690 Ili
1159 3635 1425 3692 ducebant
1448 3640 1741 3695 exercitum
1767 3642 1997 3710 Domini,
2028 3663 2134 3701 non

553 3723 866 3778 mortalibus
892 3726 1036 3789 telis,
1062 3726 1157 3783 sed
1180 3728 1285 3784 fide
1310 3729 1585 3799 religionis
1609 3744 1893 3800 armatum,
1927 3740 2136 3792 exerci-

552 3822 665 3868 tum
696 3815 975 3871 moriendo
1000 3818 1321 3885 vincentem,
1350 3830 1405 3875 et
1435 3822 1523 3890 qui
1554 3823 1827 3891 sanguinis
1876 3824 1957 3880 sui
2011 3842 2135 3896 pro-

553 3904 767 3961 fusione
794 3906 962 3962 victor
991 3906 1261 3965 Christum
1291 3922 1606 3981 sequeretur
1647 3913 1714 3967 ad
1741 3915 1952 3970 caelum.
2005 3920 2136 3986 Qui-

553 4011 661 4068 que
692 3997 802 4071 [Al.
828 3997 950 4072 Qui]
980 4000 1104 4055 dum
1137 4001 1188 4056 in
1219 4002 1578 4058 tabernaculis
1619 4004 1797 4074 positi,
1837 4016 1893 4062 et
1920 4021 2136 4065 orantes

554 4100 901 4156 expectarent
948 4092 1318 4150 interfectores
1356 4111 1503 4163 suos,
1552 4097 1763 4153 delatus
1801 4110 1883 4154 est
1923 4102 1990 4156 ad
2042 4119 2137 4160 eos

562 4182 725 4238 homo
752 4185 877 4239 olim
907 4186 1163 4243 membris
1191 4188 1465 4253 omnibus,
1493 4198 1546 4243 et
1582 4192 1847 4260 praecipue
1890 4195 2132 4263 pedibus,

561 4271 797 4332 ‘aridus.
824 4276 930 4333 Sed
956 4290 1077 4332 cum
1107 4278 1175 4334 ab
1197 4279 1275 4335 eis
1305 4281 1359 4334 in
1388 4280 1601 4337 nomine
1632 4282 1837 4339 Domini
1868 4287 1986 4341 oleo
2003 4288 2137 4343 fuis-

631 4419 652 4444 -"
688 4411 868 4467 Primo
888 4413 1091 4468 scilicet
1120 4414 1187 4468 ab
1208 4414 1419 4469 Arianis
1442 4415 1493 4469 in
1519 4415 1922 4474 Samosatenam
1945 4420 2139 4480 Cathe-

555 4480 706 4551 dram
737 4488 991 4546 inlrnsns,
1018 4486 1193 4541 fugato
1223 4487 1270 4538 vi
1297 4495 1454 4551 atque
1482 4489 1645 4540 armis
1677 4489 1929 4545 Eusebio.

2242 3276 2321 3321 tes
2350 3267 2576 3321 redeunt
2603 3267 2667 3322 ad
2699 3268 3033 3338 speluncam.
3068 3271 3133 3325 Et
3164 3272 3318 3337 paulo
3362 3282 3480 3341 post
3511 3272 3678 3337 ipsam
3699 3288 3821 3328 cum

2238 3358 2428 3412 catulis
2453 3358 2565 3411 suis
2592 3358 2922 3427 regrediens,
2956 3360 3125 3428 pelles
3175 3362 3353 3416 ovium
3406 3361 3616 3416 lanatas
3663 3362 3823 3431 pluri-

2237 3466 2374 3517 mas,
2406 3454 2551 3507 velut
2577 3467 2771 3507 munus
2802 3468 2899 3522 pro
2926 3464 3171 3523 suscepta
3197 3459 3366 3525 gratia
3392 3455 3460 3511 ad
3502 3470 3686 3512 senem
3731 3456 3824 3510 de-

2237 3541 2359 3608 fert,
2386 3557 2563 3598 morsu
2591 3546 2700 3598 oris
2730 3542 2755 3581 ¹ι
2784 3555 3018 3612 evectas,
3054 3555 3111 3601 et
3138 3556 3262 3601 ante
3290 3546 3431 3601 fores
3454 3547 3572 3615 ejus
3610 3547 3845 3616 deposi-‘

2239 3637 2326 3702 tis,
2356 3638 2616 3695 abscedit.
2642 3640 2840 3695 Verum
2870 3642 2915 3697 si
2954 3642 3287 3713 singulorum
3323 3643 3643 3698 mirabiliutn
3674 3656 3821 3715 gesta

2240 3732 2492 3803 prosequi
2520 3733 2765 3801 velimus,
2796 3735 3184 3792 excludimura
3236 3737 3504 3805 proposita
3538 3736 3818 3807 brevitate,

2239 3826 2475 3882 maxime
2504 3840 2625 3880 cum
2658 3826 2771 3882 haec
2803 3828 3166 3884 narrationem
3197 3830 3398 3901 proprii
3426 3825 3444 3867 ι
3468 3827 3670 3886 habere
3696 3845 3825 3900 ope-

2238 3920 2315 3974 ris
2341 3930 2670 3976 mereantur.

2310 4008 2418 4066 Sed
2448 4010 2502 4063 in
2533 4008 2616 4064 his
2652 4009 2904 4067 omnibus
2933 4010 3128 4068 Lucius
3157 4027 3262 4068 non
3291 4013 3525 4079 erubuit,
3568 4030 3667 4071 nec
3712 4016 3822 4071 ali-

2244 4103 2371 4172 quid
2405 4104 2728 4157 reverentite
2759 4103 3011 4159 virtutum
3064 4106 3391 4159 mirabilibus
3418 4105 3635 4170 detulit;
3666 4111 3827 4176 quin-

2242 4199 2347 4252 imo
2391 4198 2539 4266 jubet
2588 4207 2762 4265 patres
2814 4196 2955 4261 ipsos
3005 4198 3209 4249 ablatos
3249 4212 3275 4248 a
3325 4212 3485 4266 grege
3524 4211 3623 4251 suo
3666 4198 3827 4268 273

2241 4291 2350 4346 imo
2383 4291 2520 4345 clam
2551 4300 2750 4358 raptos,
2784 4291 2836 4343 in
2869 4290 3092 4342 insulam
3125 4289 3395 4357 quandam
3420 4291 3635 4361 Aigypti
3669 4292 3820 4359 palu-

2241 4441 2302 4480 ac
2334 4426 2637 4480 Mnnastica:
2670 4424 2917 4497 lliftoria:
2944 4422 3243 4493 Scriptores
3274 4425 3578 4490 celebrant,
3610 4435 3668 4481 ut
3710 4428 3825 4497 jam

2241 4511 2397 4567 opera
2427 4494 2767 4567 nostrarntltil
2799 4495 3088 4559 indigeant.

632 4550 658 4631 β
693 4551 938 4631 Fortasse
964 4564 1165 4631 rectius
1193 4571 1322 4609 mss.
1346 4550 1511 4631 nostri
1531 4560 1736 4631 habent
1763 4562 1956 4629 ablata,
1990 4566 2133 4621 scili-
2170 4562 2218 4621 D
2280 4550 2291 4567 ’
2320 4566 2337 4604 τ
2372 4566 2747 4630 Gnarnerian.,
2776 4550 2959 4623 aridis,
2990 4577 3044 4619 et
3072 4580 3223 4631 mox,
3271 4565 3325 4619 in
3367 4567 3567 4620 nomine
3617 4564 3827 4622 Domini.

556 4630 643 4674 cet
671 4624 951 4679 occasione
980 4628 1031 4678 in
1063 4624 1278 4678 Petrum
1309 4627 1586 4681 szeviendi.

634 4701 657 4730 ε
690 4692 1171 4777 Βοροηίθιιεηρεν
1197 4704 1356 4747 totum
1401 4698 1599 4751 eremi:
1626 4696 2001 4777 Gtiarneriah"
2050 4723 2138 4777 per

560 4769 730 4837 tolqnt
749 4763 1008 4837 heremum
1034 4768 1289 4837 dispersos
1316 4780 1507 4817 secreta
1535 4778 1581 4819 et
1611 4770 1866 4837 solitaria,
1888 4763 1993 4829 etc.

630 4830 657 4868 ἀ
698 4832 1023 4906 [iortonienm
1050 4830 1178 4906 ms.,
1202 4835 1364 4906 eligit,
1402 4837 1824 4902 praecedentibus
1854 4830 2140 4903 'coltzeren-

561 4901 686 4987 tius.
712 4901 833 4987 μοι
882 4902 1248 4987 {tegit-Vane.
1273 4901 1412 4987 plus
1456 4906 1634 4974 habet,
1682 4910 1913 4987 barbaris
1951 4901 2139 4987 gladiis

557 4974 1259 5060 object-are,-et.c.;lliautem
1292 4976 1559 5060 videntur,
1596 4996 1753 5060 quos“
1771 4986 1827 5040 S.
1880 4974 2140 5060 Hierony-

558 5057 679 5127 Inus
711 5043 882 5127 lipist.
910 5043 995 5099 Ill.
1026 5047 1091 5098 ad
1126 5045 1370 5102 llufnnnn
1410 5046 1688 5120 .Egyptios
1712 5051 2058 5127 Confessores,
2079 5043 2140 5115 (et

556 5111 819 5186 voluntate
840 5113 951 5183 jam
977 5128 1221 5186 martyres
1252 5134 1425 5173 vuca'.

631 5191 656 5220 ο
682 5184 794 5256 Iloc
826 5200 984 5250 porro
1021 5184 1123 5252 est,
1165 5189 1306 5256 quod
1350 5192 1421 5242 ait
1461 5192 1527 5246 de
1570 5208 1625 5247 se
1664 5195 1856 5250 iterum
1912 5197 2136 5256 Rufinus

558 5255 813 5334 Apologia
844 5257 909 5308 ad
934 5255 1267 5312 mmmam”
1295 5259 1430 5334 infer
1454 5278 1514 5315 us
1545 5270 1869 5321 recensmida
1899 5288 1911 5321 :
1943 5255 2135 5334 Quarti;

557 5341 713 5392 quam
738 5327 867 5407 [idea
895 5332 1847 5407 nostra_persecutioniﬁha’reticorum
1886 5327 2054 5407 tempe
2086 5360 2135 5407 e,

558 5412 717 5466 quum
830 5398 1022 5477 Sancte
1060 5398 1404 5477 Alerqndrina
1450 5404 1677 5459 Ecclesia
1724 5398 2045 5477 (legeremus,
2080 5398 2133 5466 ἱά

561 5471 868 5546 carceribus,
900 5481 947 5523 et
989 5473 1042 5523 in
1091 5474 1276 5534 cailiis,
1308 5490 1435 5546 qua:
1480 5494 1572 5545 pro
1618 5478 1720 5545 ﬁde
1762 5471 2131 5546 inferebantur,

561 5540 773 5615 probata
796 5540 859 5594 sit
890 5556 910 5595 :
941 5552 1127 5606 tamen,
1153 5552 1258 5598 etc.
1303 5540 1654 5615 Hieronymus
1678 5540 1825 5602 hanc
1850 5552 1898 5603 ei
1931 5540 2136 5605 tandem

561 5611 828 5685 denegare
854 5623 1028 5668 tamen
1062 5618 1270 5667 Vldclllf'
1321 5615 1409 5669 iih.
1466 5611 1527 5669 ll'.
1572 5620 1794 5685 Apotog.
1842 5632 2024 5673 statnn
2073 5624 2139 5673 ab

563 5679 755 5753 initio;
784 5680 842 5753 in
862 5700 1016 5750 quem
1061 5685 1232 5738 lucum
1267 5688 1482 5751 vulesis,
1532 5679 1649 5753 ιιιιὼ
1694 5679 1942 5742 adnotata
1987 5692 2140 5745 llttbls

562 5758 709 5803 sunt.
740 5750 980 5822 Insignes
1008 5755 1125 5810 illos
1150 5750 1681 5825 Cmttobitas'pissim
1726 5758 2135 5832 EccleSiasticw,

2245 4639 2405 4692 nostri
2431 4636 2555 4692 Jesu
2584 4637 2800 4703 Christi;
2828 4637 3058 4705 denique
3079 4635 3265 4704 juncto
3291 4637 3451 4690 etiam
3476 4637 3827 4705 Bononiensi,

2244 4722 2297 4764 et
2321 4708 2528 4762 dunhns
2556 4707 2820 4771 Vatican.,
2845 4708 2954 4760 redi
2986 4708 3055 4760 ad
3071 4708 3300 4771 domum,
3333 4716 3437 4761 etc.

2316 4788 2341 4826 s
2369 4779 2532 4843 Idem,
2558 4780 2790 4846 rogavit;
2822 4788 2930 4831 tum
2963 4793 3058 4841 pro
3083 4778 3287 4843 deduci,
3315 4777 3458 4846 quod
3479 4787 3530 4833 et
3562 4793 3692 4835 mss.
3723 4794 3821 4835 no-

2243 4853 2337 4906 stri
2362 4850 2578 4914 habent,
2607 4845 2909 4904 Cacciarius
2930 4848 3123 4901 adduci
3146 4845 3354 4906 maluit.

2316 4918 2343 4959 h
2381 4922 2543 4983 Idem,
2571 4921 2787 4984 solatiis,
2820 4930 2873 4972 et
2900 4920 3057 4987 paulo
3086 4928 3224 4985 post,
3252 4924 3338 4988 qui
3367 4935 3421 4974 se
3456 4917 3775 4976 deduxerant
3802 4936 3823 4978 :

2241 4993 2349 5047 duo
2376 4991 2571 5052 Vatic..
2599 4992 2685 5060 qui
2705 5006 2818 5043 eum
2846 4992 3180 5043 deduxerant.

2322 5072 2337 5099 ⁸
2376 5064 2568 5126 Antea,
2591 5059 2692 5127 qua
2737 5062 3027 5133 resolvens,
3064 5076 3214 5127 teque
3253 5059 3389 5113 bene
3422 5074 3440 5112 :
3473 5059 3820 5133 Bononiens.,

2239 5133 2436 5188 solvens
2467 5149 2487 5186 :
2514 5133 2740 5199 denique
2769 5131 3144 5195 Guarncrian.,
3174 5135 3599 5200 superinungens.

2315 5205 2328 5253 i
2371 5202 2529 5256 Addit
2558 5203 2902 5262 Romuleus,
2934 5215 3104 5253 senex.

2314 5276 2335 5309 ¹ί
2365 5277 2527 5327 Antea
2577 5284 2773 5325 enecta:
2797 5313 2812 5338 ,
2863 5272 3000 5324 male
3033 5288 3043 5322 :
3076 5285 3193 5337 qua
3244 5279 3421 5325 autem
3468 5271 3825 5341 insequuntur

2241 5345 2467 5397 fortasse
2497 5345 2717 5401 rectius,
2750 5354 2805 5395 et
2835 5358 2955 5395 cum
2983 5356 3111 5395 mss.
3147 5341 3361 5394 nostris.
3412 5344 3713 5397 t‘acciarius
3754 5358 3821 5398 ex

2243 5415 2411 5467 Valic.
2447 5424 2494 5466 et
2521 5416 2788 5479 copulam,
2821 5426 2928 5466 tum
2972 5418 3080 5480 ejus
3111 5426 3403 5479 pronomen
3436 5416 3829 5479 pra‘lertnittil,

2241 5485 2469 5545 denique
2496 5482 2745 5545 deposita!
2779 5485 2901 5553 legit
2931 5499 3024 5547 ιιι-ιι
3056 5484 3316 5550 depositis,
3361 5482 3604 5536 abscedit.
3658 5484 3823 5538 Paulo

2244 5567 2360 5623 post
2387 5555 2762 5615 Gnarnvrmn.,
2788 5553 3119 5607 excludemur
3146 5568 3239 5621 pro
3266 5553 3606 5607 excludimur.

2320 5622 2335 5661 1
2377 5624 2569 5677 Deerat
2597 5625 2649 5676 in
2680 5626 2906 5690 vulgatus
2937 5631 3090 5676 antea
3121 5624 3325 5686 habere,
3359 5629 3495 5693 qum
3531 5639 3660 5677 mss.
3689 5639 3823 5689 quo-

2241 5709 2347 5763 que
2375 5694 2540 5749 nostri
2572 5696 2789 5749 verbum
2820 5693 3111 5749 sufficiunt.
3147 5694 3370 5748 Rufinus
3398 5695 3586 5748 librum
3617 5696 3682 5749 de
3715 5694 3823 5747 Μοε

2242 5764 2442 5834 nacltis,
2471 5765 2707 5822 Petronii
2741 5764 2956 5823 nomine
2984 5763 3080 5823 abs
3107 5781 3166 5823 se
3191 5767 3469 5835 scriptum,
3494 5763 3816 5821 subiudicat.
