2083 3174
182 155 241 184 513

595 153 755 183 HISTORIA
773 152 1056 182 ECCLESIASTICA.
1075 151 1181 181 ιιιιειι
1194 151 1380 181 SECUNDUS

1762 153 1817 182 5M

187 212 260 239 dium
275 210 421 246 deportari,
441 209 469 238 in
483 217 535 246 qua
549 215 719 245 compererat
742 210 876 238 neminem
897 217 976 245 pror-
990 213 1017 242 Δ
1030 215 1071 237 tos
1083 210 1110 237 in
1131 217 1229 245 campo
1253 209 1353 237 habere
1372 208 1598 243 conventiculum,
1622 213 1695 238 tanta
1717 209 1817 238 dicitur

188 263 235 285 sus
245 263 306 285 esse
317 256 510 289 Christianum,
523 263 576 290 quo
589 260 603 275 ι
620 263 668 291 per
682 256 733 283 hoc
745 255 787 283 vel
808 255 909 290 absque
930 262 977 282 so-

188 302 270 336 latiis,
285 303 327 331 vel
342 303 443 338 absque
456 303 591 331 consuetis
605 302 710 331 actibus
732 302 865 330 viverent.
891 302 977 330 Senes

187 348 340 383 Igitur-cum
354 348 456 375 duobus
470 348 533 375 solis
545 347 711 382 pedissequis
726 352 806 375 noctu
817 347 848 374 ad
862 347 977 374 insulam

187 393 367 426 deducuntur,
381 394 408 421 in
418 401 470 429 qua
490 399 547 421 erat
567 394 695 428 templum
720 394 851 429 quoddam
874 401 977 421 summa

188 440 361 468 veneratione
391 447 408 467 a
431 441 481 467 luci
517 440 611 467 incolis
642 440 822 466 observatum.
847 439 976 473 Cumque.

189 483 203 505 ι’
215 485 328 519 primum
344 485 463 512 navicula
478 492 571 512 senum
585 492 662 512 oram
689 485 739 511 Soli
767 484 836 511 illitis
853 484 979 518 contigis-

189 534 244 562 set,
259 537 322 556 ecce
347 529 436 556 subito
462 530 607 557 sacerdotis
630 531 718 562 templi
742 530 813 557 illius
833 531 906 564 virgo
927 530 979 556 lilia

189 579 310 608 correpta
326 575 432 607 spiritu,
444 583 504 601 cum
521 575 619 608 ingenti
635 574 826 602 vociferatione
841 580 867 602 et
880 575 980 601 clamo-

190 620 265 646 ribus
280 627 363 654 usque
376 619 408 646 ad
422 621 515 647 caelum
528 621 610 653 datis,
626 621 668 655 agi
684 628 731 655 per
746 620 848 648 tnedios
869 621 980 655 populos

190 667 281 699 cepit,
292 670 319 693 et
330 665 439 693 crebros
452 666 552 694 ducens
567 671 680 698 rotatus,
696 667 812 694 stridens
827 667 878 694 liuc
899 672 980 701 atque

193 710 254 737 illuc
269 710 358 737 rabida
383 718 430 738 Ora
457 711 575 739 vibrare.
600 711 720 746 Cumque
743 712 776 739 ad
800 713 979 746 spectaculum

195 761 246 782 tam
262 757 375 789 ingentis
391 757 513 789 monstri,
531 758 646 784 maxime
656 757 726 790 quod
742 762 813 785 esset
833 758 980 785 sacerdotis

195 799 247 826 ﬁlia
263 799 320 835 (qui
335 801 359 826 in
377 802 478 827 lionore
491 801 626 835 praecipuo
640 801 709 835 apud
725 801 785 828 illos
800 802 869 835 erat)
892 802 980 836 populi

193 847 390 877 convenissent,
408 853 455 879 per
467 853 546 873 auras
560 854 619 873 eam
636 852 736 881 raptam
752 853 904 882 sequentes,
921 854 980 881 per-

1028 255 1165 283 iracundia
1176 262 1317 289 accensus,
1334 259 1363 283 ut
1376 255 1530 291 prafeetum
1549 264 1627 285 suum
1641 264 1732 292 pugno
1755 264 1818 293 per-

1027 303 1140 333 cuteret,
1149 308 1197 329 cur
1207 307 1259 328 non
1270 299 1385 328 fuissent
1396 305 1409 324 σ
1416 301 1478 329 inde
1486 309 1600 337 quoque,
1611 303 1680 330 sicut
1689 303 1816 338 iusserat,

1028 345 1172 373 deturbati.
1187 346 1222 373 At
1235 346 1280 374 ille
1297 346 1359 373 licet
1370 351 1441 374 esset
1461 347 1594 382 Puganus,
1609 354 1637 375 et
1660 350 1763 382 injuriis
1784 350 1818 377 ab

1029 390 1193 425 lniperatore
1217 391 1311 418 fuisset
1333 392 1465 427 ain-ctus,
1487 398 1574 420 tamen
1601 394 1819 423 consideratione

1030 437 1211 470 humanitatis.
1224 437 1308 465 altera
1323 438 1365 465 die
1377 438 1409 465 ad
1424 440 1579 467 vastandum
1604 440 1730 475 populum
1758 449 1820 475 pro-

1029 489 1165 516 cessurus,
1182 482 1245 509 facit
1258 482 1308 510 hoc
1319 482 1407 516 ipsum
1422 483 1524 511 civibus
1538 492 1585 518 per
1604 486 1707 512 occulta
1721 486 1818 513 indicia

1030 528 1189 560 clarescere,
1211 535 1265 562 quo
1284 528 1386 556 scilicet
1400 536 1495 557 cavere
1509 530 1558 557 sibi
1574 530 1626 566 [ΑΙ.
1643 531 1683 567 Se]
1700 538 1818 566 possent,

1031 581 1064 601 ne
1077 573 1258 601 invenirentur
1271 574 1297 601 in
1312 575 1371 602 loco
1399 574 1413 593 δ
1429 576 1504 604 Mane
1523 584 1707 612 processurus,
1735 584 1821 606 terro-

1030 626 1087 646 rem
1102 620 1181 646 solito
1195 619 1321 653 majorem
1337 628 1383 654 per
1395 621 1516 649 Ofﬁcium
1530 629 1630 656 movet,
1642 626 1747 659 agitque
1760 634 1820 652 ont-

1031 664 1086 697 nia,
1099 671 1153 699 quo
1168 672 1246 699 quam
1263 665 1375 698 minimi,
1390 667 1431 693 vd
1445 668 1467 693 si
1483 668 1539 694 ﬁeri
1555 675 1654 702 posset,
1669 671 1732 697 nulli
1748 672 1820 705 peri-

1031 711 1198 738 clitarcntur.
1214 711 1289 738 Videt
1304 716 1392 739 tamen
1413 712 1619 747 frequentiorem
1633 717 1712 743 solito
1739 726 1821 752 popu-

1032 756 1086 783 lum
1099 756 1209 783 tendere
1216 756 1248 783 ad
1258 757 1355 789 locum,
1373 765 1481 785 currere
1493 760 1642 793 praecipites
1650 769 1675 789 et
1682 762 1819 797 festinare,

1032 806 1155 837 tauquam
1177 808 1342 837 vererentur,
1367 812 1401 831 ne
1422 804 1481 839 quis
1503 805 1556 840 [AL
1578 806 1635 842 qui]
1658 809 1763 837 deesset
1787 810 1821 838 ad

1033 853 1157 875 mortem.
1174 848 1276 876 Interea
1290 849 1360 876 videt
1373 851 1507 883 quandam
1521 853 1703 881 mulierculam
1718 855 1752 881 ita
1768 856 1822 883 les-

194 891 302 918 veuiunt
313 899 397 925 usque
407 892 438 918 ad
454 893 600 918 naviculam
617 900 722 920 senum.
737 893 773 920 lbi
788 901 851 920 vero
866 893 981 927 projo‘cta
998 892 1021 922 B
1035 896 1116 922 tinam
1137 900 1164 922 et
1176 903 1317 930 properam
1331 897 1410 924 duino
1438 906 1485 924 sua
1514 906 1696 934 prorumpere,
1722 907 1750 929 ut
1775 911 1825 931 nec

193 944 285 964 eorum
300 939 412 970 pedibus
427 942 453 964 et
468 944 598 971 prostrata
613 940 731 966 clamare
743 940 823 973 cmpit
837 949 842 965 :
857 940 925 973 Quid
938 947 983 966 ve-

194 983 268 1008 nistis
281 982 342 1014 liuc,
358 989 375 1009 ο
390 984 460 1010 servi
472 983 518 1010 Dei
533 984 641 1015 sumini,
658 986 773 1018 antiquis
791 993 839 1012 nos
853 990 879 1012 et
894 990 982 1011 veter-

194 1029 266 1055 nosis
280 1030 405 1057 evolvere
418 1029 582 1057 domiciliis?
610 1031 638 1057 In
655 1031 704 1057 lioc
720 1031 778 1058 luco
792 1031 894 1064 depulsi
907 1031 983 1057 undi-

193 1083 243 1107 que
259 1076 417 1107 latebatnus,
431 1079 565 1109 quomodo
581 1084 628 1103 vos
640 1085 805 1112 nequaquam
831 1078 914 1105 latere
937 1086 984 1112 po—

193 1121 308 1148 tuimus?
322 1120 448 1149 Cedimus
463 1127 474 1142 ο
489 1123 604 1157 antiquis
619 1123 736 1155 sedibus,
749 1125 861 1158 populos
881 1130 983 1151 Vestros

192 1170 204 1192 t
221 1173 330 1200 rrasque
341 1167 461 1201 recipite.
484 1167 549 1194 (lum
568 1168 623 1195 lia-c
643 1168 754 1199 diceret,
779 1169 930 1203 int-repatus
950 1170 983 1196 ab

190 1213 231 1239 eis
243 1213 341 1240 erroris
356 1214 466 1247 spiritus
477 1214 616 1247 ell'ugatur.
635 1214 667 1240 Et
683 1215 768 1248 puella
784 1222 847 1241 sana
862 1223 911 1241 una
922 1222 983 1242 cum

194 1259 349 1293 parentibus
364 1260 572 1293 suisjacebatad
585 1260 665 1294 pedes
682 1262 763 1287 nostri
777 1262 903 1295 temporis
914 1262 984 1289 Λιο-

193 1305 332 1331 s‘olorum.
347 1305 396 1338 Qui
418 1304 514 1331 talibus
528 1305 645 1332 exordiis
662 1305 836 1340 przedicautes
849 1307 888 1333 eis
904 1307 982 1334 ﬁdem

194 1350 299 1378 Domini
313 1352 396 1377 uestri
411 1350 474 1378 Jesu
489 1351 599 1382 Christi,
623 1352 648 1378 in
665 1356 764 1377 tantam
782 1353 982 1378 conversionem

195 1399 304 1429 repente
314 1403 360 1422 eos
375 1396 569 1429 perduxerunt,
585 1403 612 1422 ut
624 1396 713 1422 statim
730 1394 743 1414 ἀ
759 1397 802 1423 die
817 1397 873 1431 ipsa
897 1398 983 1424 mani-

193 1439 245 1466 lius
259 1440 314 1466 suis
325 1441 540 1475 antiquissimum
557 1442 694 1474 templum,
711 1446 736 1468 et
751 1442 778 1468 in
789 1449 891 1468 summa
904 1450 984 1470 vene-

192 1487 296 1515 ratione
328 1487 447 1515 liabitnm
479 1488 656 1520 destruerent,
674 1493 700 1516 et
715 1490 861 1517 Ecclesium
881 1491 984 1518 confes-

193 1533 240 1559 tiin
255 1533 427 1561 :edilicarent.
444 1534 497 1561 Nec
511 1535 543 1561 ad
555 1534 758 1562 deliberandum
774 1537 860 1570 spatio
882 1541 983 1571 tempo-

195 1579 232 1606 ris
242 1585 382 1614 eguerunt,
391 1580 488 1614 quibus
498 1581 576 1607 ﬁdem
587 1589 675 1608 rerum
688 1579 817 1614 fecerant.
829 1590 881 1610 non
892 1583 984 1616 verba,

194 1624 241 1652 Sed
257 1624 351 1652 virtus.
367 1625 420 1652 Sed
435 1626 485 1653 hoc
496 1634 556 1653 cum
572 1626 666 1653 fuisset
679 1627 849 1654 Alexandria:
875 1629 984 1655 nuncia-

195 1675 260 1701 tum,
277 1670 377 1698 veritus
389 1671 497 1704 Lucius,
513 1680 546 1699 ne
561 1672 631 1699 forte
644 1674 724 1699 etiam
739 1680 848 1701 suerunt
874 1674 899 1700 in
924 1681 985 1701 eum

195 1716 254 1743 odia
266 1716 334 1750 iusta
349 1721 552 1750 consurgerent,
567 1717 647 1753 274
660 1718 705 1751 qui
722 1721 734 1736 ⁸
751 1723 842 1752 aperte
859 1719 913 1753 jam
927 1719 986 1746 bel-

196 1761 249 1789 lutu
266 1769 318 1789 non
332 1762 495 1796 hominibus,
515 1763 562 1790 sed
580 1763 636 1790 Deo
651 1763 789 1795 indiceret,
810 1765 915 1791 occulte
940 1772 986 1791 eos

196 1807 326 1839 revocari,
340 1812 366 1834 et
380 1807 406 1834 lii
426 1815 545 1834 eremutn
561 1808 659 1835 remitti
683 1808 768 1842 jubet.
790 1809 856 1836 Dum
882 1809 939 1837 lizcc
959 1810 986 1838 in

197 1853 313 1888 Κρῖνις)
327 1856 465 1887 geruntur,
482 1862 514 1880 ne
530 1855 556 1881 in
572 1855 631 1881 aliis
646 1855 754 1890 quidem
773 1856 839 1883 locis
861 1863 988 1891 persecu-

197 1898 277 1926 ti0uis
289 1898 394 1926 flamma
408 1900 540 1926 cessabat.

512 1964 626 1992 CAPUT
638 1965 670 1993 Υ.

296 2030 336 2058 De
351 2036 525 2066 persecutione
538 2039 595 2065 quia
610 2032 658 2066 fuit
670 2033 741 2066 apud
757 2031 889 2060 Edessam.

239 2097 335 2125 Edessa
352 2107 467 2134 namque
479 2099 675 2133 Mesopotamia:
688 2100 751 2126 urbs
764 2100 881 2127 ﬁdelium
904 2108 991 2135 popu-

203 2143 288 2172 lorum
303 2149 352 2178 est,
366 2145 477 2172 'l‘ltomaa
492 2146 610 2180 Apostoli
628 2144 639 2164 ί
655 2146 782 2180 Reliquiis
793 2147 926 2174 decorata.
943 2148 991 2174 Ubi

202 2198 262 2218 cum
274 2199 320 2226 per
333 2199 362 2219 se
373 2191 521 2226 Imperator
535 2191 647 2226 populos
662 2192 771 2219 vidisset
785 2193 911 2221 Ecclesiis
922 2194 991 2228 ejec-

1033 941 1171 967 clauileret
1187 940 1194 959 ί
1213 943 1321 974 ostium,
1335 950 1384 970 nec
1398 945 1502 977 operire
1517 953 1557 979 se,
1579 951 1606 973 ut
1620 948 1760 975 mulierum
1777 949 1825 976 Ita-

1033 986 1117 1013 bilum
1131 987 1218 1019 decet,
1235 989 1388 1024 diligentius
1411 992 1550 1024 potuisset,
1574 994 1700 1021 infantem
1721 1003 1825 1031 quoque

1034 1033 1173 1066 parvulum
1184 1040 1275 1060 secum
1292 1034 1452 1068 trahentem,
1462 1043 1597 1072 cursuque
1606 1039 1708 1073 rapido,
1724 1042 1825 1076 irrupto

1033 1080 1112 1104 etiam
1128 1078 1213 1105 Officii
1227 1080 1343 1114 agmine,
1357 1080 1539 1110 festinantem.
1552 1084 1618 1111 Tum
1634 1086 1679 1112 ille
1692 1087 1757 1114 ultra
1771 1096 1825 1115 non

1034 1123 1122 1151 ferens
1137 1132 1143 1152 :
1157 1124 1365 1158 Appreliendite,
1383 1126 1477 1162 inquit,
1493 1128 1643 1162 mulierem,
1659 1137 1685 1158 et
1707 1132 1758 1159 liuc
1774 1132 1823 1160 de-

1034 1170 1122 1197 ducite
1162 1170 1282 1205 Cumque
1309 1171 1404 1200 fuisset
1429 1174 1543 1202 adducta
1572 1184 1579 1202 :
1605 1176 1687 1210 Quo,
1719 1179 1824 1214 inquit,

1035 1218 1130 1244 mulier
1154 1218 1276 1253 infmlix,
1304 1226 1432 1254 properas
1456 1225 1509 1248 tam
1537 1221 1657 1250 festina?
1685 1225 1724 1251 Ad
1750 1233 1826 1253 cam-

1035 1271 1108 1298 pum,
1132 1264 1186 1298 ait,
1208 1273 1261 1299 quo
1283 1266 1476 1294 catholicorum
1499 1270 1611 1303 populus
1634 1274 1770 1299 convenit.
1793 1273 1827 1301 Et

1035 1318 1105 1341 non,
1122 1310 1201 1345 275
1217 1310 1315 1344 inquit,
1331 1311 1439 1344 audisti,
1455 1314 1516 1347 quia
1533 1313 1676 1343 Praefectus
1690 1316 1753 1345 illuc
1767 1326 1827 1352 per-

1035 1357 1088 1392 git,
1105 1362 1133 1384 ut
1146 1364 1239 1384 omnes
1255 1357 1398 1385 interficiat
1413 1366 1479 1393 quos
1495 1359 1644 1389 invenerit?
1661 1363 1765 1396 Audivi.
1783 1365 1826 1392 in-

1035 1403 1102 1436 quit,
1118 1407 1145 1429 et
1158 1403 1218 1429 ideo
1233 1404 1345 1437 festino,
1363 1410 1390 1431 ut
1405 1406 1438 1432 ibi
1456 1406 1585 1434 inveniar.
1603 1408 1636 1435 Et
1650 1416 1713 1445 quo,
1731 1410 1826 1445 inquit,

1035 1450 1173 1483 parvolum
1198 1450 1276 1476 istum
1301 1451 1404 1477 trabis?
1421 1451 1454 1479 Ut
1471 1457 1498 1479 et
1519 1453 1586 1487 ipse,
1602 1455 1649 1487 ait,
1672 1457 1828 1492 martyrium

1035 1495 1163 1529 consequi
1180 1502 1326 1522 mereatur.
1352 1496 1417 1529 Qum
1439 1504 1499 1524 cum
1516 1498 1635 1527 audisset
1650 1500 1689 1527 vir
1703 1502 1828 1530 modera-

1038 1540 1268 1575 tissitnus,rcdire
1288 1541 1410 1569 Ofﬁcium
1432 1547 1459 1570 et
1477 1545 1596 1571 converti
1620 1546 1771 1574 vehiculum
1795 1548 1828 1576 ad

999 1573 1022 1605 (ἶ
1039 1573 1164 1621 palatium
1188 1587 1272 1622 jubet.
1296 1588 1330 1615 Et
1351 1588 1486 1623 ingressus
1501 1590 1548 1623 ait,
1566 1573 1830 1625 lmperator,rsubii-e

1038 1638 1152 1661 mortem
1168 1634 1191 1660 si
1205 1634 1299 1668 jobeas
1315 1639 1422 1669 paratus
1435 1642 1505 1663 sum.
1519 1636 1590 1670 Opus
1602 1644 1666 1665 vero
1680 1639 1749 1672 quod
1761 1647 1831 1674 pra:-

1037 1680 1114 1714 cipis,
1138 1679 1249 1714 implere
1276 1688 1329 1708 non
1355 1688 1507 1715 possumus.
1535 1681 1655 1717 Cumque
1679 1684 1831 1714 edocuisset

1038 1730 1133 1753 Cuncta
1148 1725 1182 1754 de
1197 1726 1322 1760 muliere,
1339 1728 1469 1762 repressit
1484 1728 1656 1764 Imperatoris
1671 1730 1813 1760 insaniam.

1338 1783 1451 1813 CAPUT
1477 1785 1521 1813 Vl.

1071 1827 1111 1856 De
1126 1828 1224 1865 Moyse,
1238 1838 1313 1865 quem
1329 1830 1426 1865 Regina
1443 1831 1645 1860 Sarracenorum
1659 1833 1739 1868 gentis
1750 1834 1808 1863 sud

1286 1878 1400 1912 poposcit
1414 1876 1584 1912 Episcopum.

1075 1920 1203 1949 Peridem
1221 1926 1326 1957 tempus
1342 1923 1461 1950 Ecclesia
1476 1924 1548 1952 velut
1563 1927 1756 1959 persecutionis
1771 1928 1831 1963 igne

1040 1967 1191 2001 conﬂante,
1209 1969 1300 2002 purior
1316 1970 1371 1996 auri
1388 1971 1495 1997 metallo
1510 1971 1668 2007 refulgebat.
1690 1973 1746 2001 Non
1761 1976 1832 2003 enim

1043 2012 1069 2039 in
1082 2013 1170 2039 verbis
1185 2014 1393 2048 uniuscujusilue
1409 2015 1484 2047 fidos,
1500 2016 1546 2042 sed
1562 2017 1587 2043 in
1602 2018 1689 2044 exiliis
1704 2022 1730 2045 et
1743 2027 1833 2047 carl-c-

1042 2059 1115 2086 ribus
1133 2059 1294 2092 probabatur
1309 2067 1316 2085 :
1331 2060 1391 2094 quia
1418 2069 1469 2087 non
1486 2062 1579 2090 honori
1600 2068 1658 2090 erat
1672 2065 1831 2094 catholicum

1043 2112 1113 2136 esse,
1129 2105 1174 2131 sed
1197 2104 1281 2137 pmoa’:
1298 2113 1304 2131 :
1322 2106 1455 2140 praecipue
1481 2108 1549 2141 apud
1566 2108 1771 2143 Alexandriam,
1789 2113 1832 2140 tibi

1045 2159 1078 2177 ne
1097 2152 1257 2185 sepeliendis
1272 2152 1378 2185 quidem
1398 2153 1555 2186 corporibus
1570 2160 1734 2183 mortuorum
1751 2158 1833 2185 libera

1045 2195 1157 2222 facultas
1170 2196 1292 2223 fidelibus
1307 2201 1373 2223 erat.
1390 2197 1397 2222 l
1417 2200 1479 2229 Quae
1492 2199 1554 2226 dum
1570 2199 1666 2228 Lucius
1689 2203 1761 2230 otntti
1788 2212 1833 2231 ar-

242 2276 255 2291 ι
273 2271 447 2314 Bononiens.,
463 2272 531 2306 quod
544 2280 589 2308 per
603 2272 678 2306 lucc;
692 2272 738 2300 sed
762 2277 791 2300 et
813 2272 990 2301 Guarncrian.
1007 2262 1032 2291 Ῑ)
1046 2272 1159 2300 Thomas
1188 2279 1410 2314 commcnmrant,
1426 2274 1576 2314 Reliquias
1588 2285 1765 2314 nequaquam,
1783 2281 1834 2309 sed

202 2306 255 2335 hinc
268 2308 387 2341 prafert.

240 2343 252 2361 δ
268 2342 454 2373 ῦιιςιτηιτίιη..
469 2342 583 2377 Cumque
604 2343 733 2376 navicula,
749 2343 850 2376 absque
870 2344 989 2377 primum.

241 2382 251 2397 ε
267 2378 348 2408 litem,
365 2377 507 2405 Occidimus
523 2386 532 2404 :
547 2378 740 2412 Hegio-Vatia,
754 2378 881 2406 Credimus
895 2386 990 2408 nam",

203 2413 286 2440 Paulo
313 2417 372 2446 post
396 2414 585 2445 Bononiensis,
614 2412 760 2448 lncrcpittts
791 2413 822 2440 ob
842 2415 879 2441 eis
899 2416 993 2442 erroris

205 2449 312 2483 spiritus
324 2448 494 2483 eﬂugabatur.

206 2482 223 2545 ἡ
240 2482 254 2524 τι
271 2482 384 2510 Voculas
397 2485 439 2511 die
449 2486 505 2518 ipsa
521 2491 586 2511 mss.
603 2484 686 2511 nostri
701 2490 727 2511 et
742 2484 925 2519 llegio—Vabc.
940 2485 994 2512 suf-

224 2525 305 2545 cium.

224 2525 305 2546 Clllnl.

244 2558 256 2572 ε
273 2552 369 2580 Fertne
383 2554 481 2580 rectius
493 2556 518 2580 in
536 2552 724 2586 Cuarnerian.,
740 2556 799 2588 quia
814 2560 911 2589 aperte.
926 2554 997 2583 Con-

207 2588 379 2625 clirtlii_vero_
394 2590 459 2625 idem
477 2596 527 2625 ins.
551 2591 565 2614 lt
577 2597 599 2615 rc
615 2591 689 2623 perm
701 2593 724 2625 in
740 2597 829 2625 caput,
846 2597 872 2617 et
898 2599 994 2617 novum

206 2625 262 2651 sive
278 2623 309 2650 V.
325 2625 359 2650 ab
374 2623 415 2651 liis
438 2623 525 2651 verbis
550 2626 680 2652 inchoat:
696 2623 840 2653 Dum'lia'c
863 2634 889 2652 ιη
909 2625 996 2661 digg-

225 2663 260 2690 lt',
274 2664 326 2686 etc.

207 2667 443 2725 phflgitclsurnest,
457 2693 527 2727 quod
550 2694 587 2720 ait
599 2693 761 2726 Cacciarius.
787 2696 876 2722 testari
900 2695 997 2723 Socra-

209 2729 337 2764 leltlﬂlib.
352 2727 477 2764 Nason.
493 2727 537 2764 7M
551 2730 669 2764 (ιιιιῇεεθι
689 2730 745 2764 18.)
766 2736 792 2757 et
817 2732 993 2757 Smomemnn

211 2763 258 2790 lib.
273 2763 315 2791 Vl.
328 2771 388 2797 cap.
402 2763 446 2790 l8.
463 2763 544 2789 fuisse
558 2771 588 2789 ex
607 2763 678 2790 ludia
706 2763 832 2792 hdessain
855 2771 913 2792 trait
930 2766 997 2793 Illas

208 2798 328 2833 Apostoli
340 2799 450 2825 'I‘Iiomte
462 2798 604 2833 lleiiquias.
619 2798 650 2825 lli
661 2801 745 2833 enim,
761 2801 995 2828 taiuetSIRutiniun

210 2832 375 2864 describunt.
388 2840 419 2859 ac
434 2832 543 2859 totidem
555 2833 610 2859 fere
623 2834 711 2860 verbis
725 2835 869 2862 refundunt
881 2838 906 2862 in
923 2836 997 2862 Cra:-

208 2876 279 2899 cutu.
296 2869 434 2897 Basilicam
449 2867 567 2901 cuidem,
582 2868 637 2896 sive
654 2868 804 2908 μαρτύριον,
820 2876 847 2899 et
868 2873 996 2901 ιῠκτήριον

1046 2315 1133 2349 neque
1147 2313 1296 2335 nostrarum
1310 2316 1326 2336 e
1344 2313 1354 2336 t
1374 2312 1487 2349 partium
1503 2311 1536 2338 ile
1553 2313 1592 2339 liis
1608 2311 1689 2347 loqui.
1703 2317 1832 2349 pluribus.

1046 2344 1278 2386 Qiimrseqziuz-tur,
1296 2352 1338 2377 per
1346 2353 1375 2386 ac:
1394 2345 1504 2386 voculas
1521 2349 1602 2386 nostri
1619 2344 1683 2377 mss.
1699 2344 1832 2386 ignorant.

1082 2383 1094 2417 ς
1111 2378 1240 2417 ρεπιιτηεςξ
1250 2388 1285 2405 -n.
1300 2381 1410 2412 undique
1425 2389 1470 2413 pro
1482 2381 1541 2409 inde
1550 2391 1657 2417 qtuique.

1081 2413 1096 2432 ιι
1112 2413 1196 2451 idem,
1213 2413 1291 2440 Mane
1304 2422 1361 2441 vero
1376 2413 1692 2451 processurtis.’Oflieiutn
1718 2420 1835 2451 Flaviani

1048 2449 1169 2475 Prmfel'ti
1183 2450 1275 2475 eodem
1289 2449 1512 2478 sensti'iiueniorat
1533 2455 1613 2480 etiam
1637 2454 1750 2484 "lS‘Otln

1049 2484 1124 2525 pliala
1140 2485 1261 2524 emeritis
1283 2485 1387 2525 laudata
1402 2487 1462 2522 (col.
1482 2487 1543 2520 509,
1561 2495 1605 2516 not
1620 2491 1658 2525 a).
1685 2491 1835 2520 (lar-r-iaiius

1049 2520 1179 2552 ιίιιε-ιιωιί,
1195 2528 1253 2555 quu-
1264 2524 1292 2548 et
1307 2521 1332 2547 in
1349 2520 1487 2548 Burrieaua
1505 2525 1622 2552 editione
1634 2520 1746 2554 italietur
1761 2528 1792 2554 ad
1806 2529 1836 2554 ll-

1048 2555 1177 2597 {)‘rjﬂtll'u‘lll
1198 2556 1444 2597 alittolaliunl'tt’am
1465 2558 1601 2597 describit,
1620 2560 1743 2597 Of/irium
1764 2568 1835 2589 uocat

1050 2590 1181 2625 Ofﬁciules
1194 2590 1241 2617 ltoc
1255 2596 1291 2618 tu
1305 2593 1433 2620 ministros
1446 2598 1469 2618 et
1483 2590 1615 2622 sale/lites.

1088 2626 1094 2644 ¹
1111 2625 1295 2659 Bononiensis,
1315 2628 1406 2659 μυσί-ιιι
1421 2635 1447 2653 (ιι
1462 2628 1656 2661 Ωιιςιηιαιιιικηο.
1674 2631 1757 2658 ferme
1780 2633 1835 2657 vltr-

1047 2663 1161 2698 galltiiis_
1177 2669 1222 2698 ηυξ
1233 2661 1351 2689 rluuilere
1365 2664 1468 2694 ostiarii,
1481 2671 1525 2689 nec
1533 2666 1637 2697 operiri,
1651 2670 1678 2691 ut
1689 2665 1834 2698 "Iulianus.

1049 2702 1101 2723 etc.
1118 2697 1183 2722 Tum
1200 2696 1387 2728 Gttill'nt'rlllll"
1401 2698 1545 2728 interrupto
1560 2696 1645 2732 etiam,
1661 2704 1726 2731 etc”
1741 2708 1788 2733 pro
1801 2696 1836 2728 ir;

1049 2736 1134 2764 rupto,
1149 2737 1174 2758 et
1191 2740 1216 2757 m
1229 2740 1251 2758 ιι
1265 2733 1351 2758 ducite
1364 2740 1411 2765 pro
1423 2733 1549 2759 duducile.

1087 2766 1094 2790 1
1115 2768 1154 2793 Ali
1175 2767 1215 2793 liis
1230 2767 1319 2793 verbis
1339 2774 1436 2792 novum
1457 2767 1552 2799 Caput,
1568 2767 1625 2794 sive
1642 2768 1683 2795 Vl.
1698 2769 1802 2797 exordit
1824 2778 1838 2798 t‘

1050 2801 1248 2828 Guarneriauns
1261 2809 1311 2828 ius.
1324 2801 1457 2832 prioribus
1468 2808 1527 2826 cum
1542 2802 1700 2833 prmceden'i
1714 2805 1838 2835 proxime

1048 2837 1156 2877 junctis.
1169 2836 1236 2877 sunt
1247 2841 1274 2877 et
1285 2835 1391 2877 quidam
1401 2842 1469 2877 mss.
1481 2835 1525 2870 qui
1538 2835 1605 2862 Dum
1615 2837 1671 2864 lucc
1680 2837 1775 2867 Lucius
1787 2849 1838 2877 pro

1052 2872 1115 2905 Quir
1126 2874 1186 2898 dum
1197 2871 1290 2898 Lurius
1305 2869 1457 2903 rr‘xlerant.
