4166 6348
595 331 702 390 515

583 539 763 607 gentis
794 538 1013 611 Regina,
1047 541 1347 597 vehementi
1395 543 1536 599 bello
1570 545 1834 601 Patastini
1883 556 1939 602 et
1966 549 2176 603 Arabici

585 628 777 685 limitis
800 631 993 701 oppida
1024 643 1185 701 atque
1214 633 1373 688 urbes
1404 645 1646 703 quatere,
1670 638 1984 709 vicinasque
2011 640 2173 693 simul

590 728 806 774 vastare
856 721 1157 789 provincias
1209 724 1392 791 cmpit.
1446 722 1687 794 Cumque
1735 726 1762 766 δ
1816 728 2179 799 frequentibus

587 809 743 864 bellis
781 809 1076 865 Romanum
1123 813 1413 869 attrivisset
1463 817 1794 886 exercitum,
1837 829 1890 874 et
1935 821 2178 890 plurimis

591 905 910 972 peremptis,
932 904 1165 974 reliquos
1196 908 1441 963 vertisset
1472 908 1524 963 in
1559 910 1757 981 fugam,
1786 924 1932 968 orata
1962 930 2171 982 pacem,

581 1007 693 1047 non
744 994 900 1049 aliter
948 1010 1008 1049 se
1054 997 1422 1065 amplexuram
1472 1002 1771 1070 promittit,
1823 1006 1923 1059 nisi
1971 1007 2177 1079 Moyses

582 1081 800 1150 quidam
850 1084 1087 1149 nomine,
1139 1088 1455 1157 monachus,
1486 1093 1630 1162 genti
1678 1108 1792 1149 sua:
1829 1096 2175 1152 ordinaretur

585 1171 898 1241 Episcopus.
947 1174 1046 1242 Qui
1093 1177 1144 1230 in
1197 1192 1381 1232 eremo
1428 1182 1671 1250 partibus
1716 1184 1833 1238 suis
1883 1187 2174 1257 propinqua

583 1266 746 1320 vitam
777 1267 1073 1322 solitariam
1106 1270 1330 1335 ducens,
1365 1273 1573 1329 meritis
1610 1284 1665 1331 et
1694 1276 1982 1333 virtutibus
2012 1294 2075 1336 ac
2104 1281 2176 1335 si-

579 1358 702 1427 gnis
734 1374 854 1429 qua:
902 1362 1129 1417 iacit-bat
1160 1362 1299 1418 Deus
1329 1381 1421 1431 ter
1448 1367 1619 1434 illum,
1650 1370 1936 1439 magniﬁce
1962 1382 1988 1410 ί
2024 1372 2175 1426 inno-

580 1459 784 1505 tuerat.
836 1452 1030 1507 Petilio
1071 1453 1189 1523 ejus
1218 1456 1449 1527 Principi
1500 1459 1730 1514 indicata
1760 1460 2031 1526 Romano,
2057 1465 2174 1520 sine

585 1542 691 1599 ulla
723 1542 1219 1614 dilationejubetur
1251 1549 1461 1615 impleri
1501 1565 1533 1603 a
1574 1550 1801 1607 ducibus
1829 1555 2049 1619 nostris,
2080 1556 2171 1625 qni

581 1631 657 1688 ibi
685 1631 1000 1688 infmlicitcr
1032 1637 1194 1709 276
1225 1651 1608 1707 pugnaverant.
1644 1641 1841 1712 Captus
1871 1646 2078 1716 Moyses
2103 1646 2170 1699 ad

581 1729 943 1784 Sacerdotium
1001 1732 1436 1800 suscipiendum,
1488 1735 1865 1791 Alexandriam
1912 1756 1975 1794 ex
2022 1756 2170 1795 more

1635 335 1866 396 RUFINI
1906 338 2382 406 AQUlLEIENSIS
2423 346 2861 411 PRESBYTER!
2948 348 2983 373 "

587 455 831 514 rogantta
873 454 927 500 et
970 446 1172 503 smvitia
1201 457 1439 519 gereret,
1475 459 1500 489 ι
1528 450 1732 507 Mauvia
1760 452 2178 511 Sarracenorum
2212 462 2263 521 Α

3759 377 3860 434 5W

2891 490 3117 552 CAPUT
3156 496 3260 555 VII.
3796 500 3797 505 “

2603 601 2678 656 De
2711 603 3300 676 Didyme-Alexandrino
3328 620 3542 681 vidente.

2355 710 2548 768 Verum
2579 730 2700 770 cum
2742 720 2882 788 apud
2912 722 3291 785 Alexandriam
3323 739 3545 803 populos
3592 749 3647 795 et
3678 745 3861 802 urbem

2280 803 2525 859 nebulosi
2568 806 2804 866 doctoris
2848 821 2985 869 tetra
3016 819 3253 886 perﬁdia
3297 825 3470 895 caligo
3508 832 3858 907 sulfttnderet,

2279 895 2425 950 velut
2479 898 2778 968 lampadem
2831 908 3100 975 quandam
3154 912 3332 969 divina
3392 920 3509 977 luce
3573 895 3858 995 fulgentem

2278 990 2436 1059 277
2460 989 2738 1062 Didymum
2759 994 3015 1054 Dominus
3034 1005 3294 1061 accendit.
3309 1007 3385 1063 De.
3405 1014 3558 1081 cujus
3575 989 3680 1073 vita
3705 1033 3860 1090 atque

2276 1080 2563 1150 institutis,
2595 1089 2846 1155 quoniam
2878 1090 2943 1145 ad
2972 1093 3229 1153 Ecclesia
3256 1080 3481 1171 gloriam
3514 1108 3605 1163 Dei
3638 1127 3859 1170 munere

2274 1168 2306 1206 ί*
2336 1186 2628 1231 concessus
2655 1180 2913 1248 creditur,
2946 1184 3070 1240 licet
3096 1186 3149 1242 in
3179 1168 3487 1248 transcursu
3506 1236 3520 1261 ,
3554 1206 3858 1258 necessario

2273 1269 2453 1319 tamen
2504 1274 2976 1331 commemoranda
3041 1280 3195 1335 nobis
3253 1297 3417 1349 pauca
3476 1288 3743 1346 videntur.
3812 1295 3858 1349 ls

2277 1368 2507 1424 namque
2535 1357 2587 1411 in
2614 1374 2776 1428 parva
2806 1372 2994 1433 :etate,
3024 1383 3146 1424 cum
3182 1372 3357 1428 adhuc
3382 1377 3544 1432 etiam
3578 1382 3744 1449 prima
3774 1384 3858 1439 lit-

2278 1454 2509 1501 terarum
2540 1451 2811 1519 ignoraret
2834 1458 3121 1525 elementa,
3157 1464 3448 1522 luminibus
3478 1473 3720 1542 orbatus,
3747 1492 3857 1529 ma-

2270 1534 2390 1604 jore
2432 1537 2699 1596 desiderio
2726 1545 2965 1603 scientia:
3016 1552 3123 1607 veri
3170 1552 3383 1609 lutuinis
3420 1556 3435 1596 ί
3466 1559 3853 1619 inﬂammatur:

2274 1642 2375 1682 nec
2420 1630 2851 1699 desperationem
2906 1642 3079 1709 cupita
3137 1644 3466 1715 adipiscendi
3523 1667 3713 1723 passus
3756 1671 3854 1723 est,

2273 1734 2393 1775 eum
2424 1724 2665 1781 audisset
2692 1731 2950 1800 scriptum
2980 1735 3031 1789 in
3061 1737 3350 1808 Evangelio
3381 1762 3393 1796 :
3423 1743 3572 1808 Quod
3601 1750 3741 1818 apud
3762 1751 3851 1803 Ιιο-

579 1822 887 1877 dcducilur.
923 1824 1089 1879 Adest
1112 1825 1325 1889 Lucius,
1360 1830 1441 1881 eui
1470 1828 1749 1884 ordinandi
1777 1830 1803 1867 ἀ
1828 1832 2161 1887 deferebatur

2272 1815 2432 1868 mines
2459 1818 2771 1885 impossibile
2797 1833 2895 1890 est,
2920 1828 3160 1895 possibile
3187 1843 3259 1884 est
3286 1836 3424 1904 apud
3447 1835 3609 1891 Deum
3635 1815 3852 1913 (Matth.

581 1914 839 1970 ofﬁcium.
896 1918 1011 1982 Quo
1054 1918 1188 1982 viso,
1221 1919 1427 1989 Moyses
1456 1924 1808 1988 praesentibus
1834 1925 2058 1982 ducibus
2083 1929 2171 1998 qui

577 2004 977 2073 perurgebant,
1009 2016 1064 2061 et
1094 2008 1331 2076 pupulis,
1364 2009 1439 2062 ait
1471 2027 1484 2064 :
1523 2012 1633 2079 Ego
1662 2015 1879 2083 quidem
1912 2034 2029 2086 me,
2063 2035 2168 2075 non

575 2107 698 2150 esse
727 2094 943 2165 dignum
989 2104 1137 2150 tanto
1181 2100 1487 2153 sacerdotio
1512 2100 1696 2169 judico
1730 2122 1743 2157 :
1796 2119 2168 2164 verumtamen

576 2185 621 2237 si
652 2184 829 2254 aliqua
858 2188 908 2241 in
937 2201 1043 2253 me,
1075 2187 1199 2243 licet
1229 2188 1470 2258 indigno,
1503 2192 1682 2248 divina
1712 2196 2042 2266 dispensatio
2068 2219 2167 2271 pu-

575 2284 721 2330 tatur
748 2277 1008 2347 explenda
1029 2320 1046 2344 ,
1078 2279 1242 2335 Deum
1274 2293 1516 2337 nostrum
1548 2285 1662 2339 caeli
1708 2301 1771 2343 ac
1801 2297 1959 2346 terra:
1991 2292 2169 2347 Domi-

572 2381 699 2421 num
728 2376 915 2437 testor,
946 2370 1090 2440 quod
1121 2370 1314 2428 Lucius
1339 2372 1663 2432 Sanctorum
1695 2384 1959 2451 sanguine
1990 2386 2161 2453 pollu-

567 2466 651 2514 tas
679 2468 731 2513 et
757 2470 1008 2516 cruentas
1044 2478 1209 2533 super
1236 2480 1324 2519 me
1364 2480 1469 2522 non
1514 2467 1719 2539 injiciet
1745 2487 1955 2529 manus.
1998 2475 2163 2531 Cum-

567 2562 671 2617 que
702 2549 894 2607 Lucius
939 2561 1045 2608 tam
1098 2556 1249 2624 gravi
1299 2565 1426 2613 nota
1469 2561 1706 2617 inustum
1745 2578 1804 2619 se
1849 2567 2055 2622 videret
2103 2570 2160 2623 in

561 2640 730 2696 oculis
759 2644 1129 2712 plurimorum:
1158 2649 1356 2717 Quare,
1390 2652 1583 2723 inquit,
1608 2655 1840 2727 Moyses,
1874 2668 1978 2713 tam
2003 2660 2161 2717 facile

562 2733 888 2791 condemnas
920 2753 1066 2804 eum,
1100 2742 1254 2809 cujus
1286 2743 1443 2799 fidem
1479 2746 1735 2816 ignoras?
1784 2752 1885 2805 Aut
1920 2763 1944 2789 ι·
1971 2754 2014 2808 si
2063 2755 2158 2810 tibi

560 2821 753 2893 aliquis
783 2825 848 2879 de
880 2843 964 2882 me
1004 2829 1159 2883 aliter
1192 2832 1450 2888 indicavit
1472 2874 1486 2899 ,
1520 2838 1639 2889 audi
1676 2839 1833 2893 tidem
1865 2856 2037 2895 meam
2058 2882 2073 2908 ,
2100 2855 2158 2899 et

558 2912 654 2966 tibi
685 2915 799 2982 ipse
826 2916 996 2985 magis
1022 2935 1178 2988 quam
1208 2922 1329 2976 aliis
1355 2924 1539 2980 crede.
1569 2927 1722 2982 Tunc
1750 2930 1839 2984 ille
1869 2947 1884 2985 :
1940 2933 2151 3000 Desine,

558 3000 757 3075 inquit,
810 3023 842 3062 ο
872 3007 1022 3074 Luci,
1072 3011 1280 3067 dolosis
1326 3015 1428 3070 tuis
1462 3032 1547 3072 me
1579 3034 1792 3088 quoque
1834 3021 2156 3093 imaginibus

558 3094 797 3166 adgredi.
852 3099 999 3155 Bene
1035 3103 1167 3157 mihi
1199 3116 1324 3158 nota
1367 3117 1452 3161 est
1476 3108 1614 3164 ﬁdes
1648 3123 1756 3176 tua,
1783 3128 1942 3183 quam
1976 3128 2154 3184 prote-

2278 1905 2365 1958 t9.
2397 1907 2561 1962 Marc.
2590 1912 2674 1966 to.
2704 1911 2830 1967 Luc.
2861 1913 3000 1987 23.).
3054 1920 3162 1977 llac
3190 1923 3349 1992 igitur
3371 1927 3549 1984 divina
3597 1905 3855 2000 pollicita-

2276 1998 2420 2052 tione
2463 2002 2696 2057 coniisus
2726 2006 3093 2067 indesinenter
3114 2014 3395 2073 Dominum
3443 1998 3850 2099 deprecabatur,

2268 2103 2306 2141 st
2345 2105 2376 2141 n
2408 2100 2463 2142 ut
2504 2094 2779 2150 oculorum
2811 2101 3105 2158 carnalium
3137 2106 3329 2175 visum,
3364 2112 3457 2166 sed
3481 2123 3545 2168 ut
3588 2094 3855 2173 illuminan-

2271 2182 2469 2237 tionem
2517 2188 2698 2242 cordis
2741 2192 3030 2261 acciperet.
3083 2198 3331 2256 Miscebat
3379 2214 3555 2262 tamen
3607 2213 3852 2279 precibus

2271 2274 2443 2327 studia
2476 2291 2539 2331 ac
2566 2277 2826 2345 laborem,
2859 2293 2913 2339 et
2935 2286 3089 2355 juges
3126 2293 3577 2367 continuatasque
3607 2274 3847 2373 vigilias,

2265 2379 2376 2418 non
2420 2366 2487 2420 ad
2514 2368 2833 2439 legendum,
2868 2377 2963 2430 sed
2994 2378 3059 2432 ad
3089 2381 3412 2441 audiendum
3452 2366 3761 2460 adhibebat,
3796 2366 3853 2451 ut

2266 2457 2408 2525 quod
2430 2458 2550 2513 aliis
2575 2461 2741 2529 visus,
2776 2465 2878 2521 hoc
2905 2469 2982 2523 illi
3008 2472 3279 2530 conferret
3305 2477 3535 2536 auditus.
3567 2482 3697 2539 Cum
3726 2457 3852 2544 vt-ro

2263 2558 2388 2616 post
2435 2549 2821 2610 lucubrationis
2868 2558 3106 2616 laborem
3157 2580 3376 2624 somnus
3423 2572 3505 2639 (ut
3545 2572 3661 2629 ﬁeri
3691 2579 3847 2650 solet)

2266 2636 2561 2706 legentibus
2607 2644 2930 2715 advenisset,
2964 2651 3219 2724 Didymus
3264 2636 3532 2717 silentium
3576 2665 3710 2723 illud
3743 2636 3846 2731 non

2263 2727 2328 2779 ad
2356 2730 2612 2797 quietem,
2646 2736 2727 2788 vel
2758 2736 2932 2791 ocium
2959 2738 3142 2797 datum
3167 2744 3387 2813 ducens,
3419 2759 3667 2824 tanquam
3697 2727 3849 2813 mou-4

2260 2820 2385 2876 dum
2416 2823 2611 2877 animal
2640 2828 2921 2885 ruminans
2945 2832 3122 2889 cibum
3151 2851 3307 2907 quem
3330 2820 3587 2913 temperat,
3615 2864 3682 2904 ex
3715 2852 3849 2907 inte-

2257 2924 2356 2979 gro
2404 2916 2711 2981 revocabat,
2756 2928 2814 2973 et
2856 2935 2919 2975 ea
2968 2938 3087 2991 qua:
3134 2926 3361 2995 dudum,
3412 2941 3845 3001 percurrentibus

2255 3003 2406 3070 aliis,
2442 3020 2504 3060 ex
2552 3006 2810 3064 librorum
2842 3011 3072 3070 lectione
3109 3031 3462 3092 cognoverat,
3511 3034 3763 3085 memoria
3793 3042 3845 3091 et

2256 3095 2439 3151 animo
2469 3100 2766 3167 retexebat,
2797 3113 2855 3159 ut
2881 3120 2988 3161 non
3020 3117 3127 3163 tam
3162 3110 3399 3180 audisse,
3424 3131 3543 3187 quae
3570 3120 3705 3177 lecta
3736 3124 3846 3179 fue-

558 3196 767 3242 stautur
810 3192 950 3246 servi
997 3193 1087 3248 Dei
1136 3211 1230 3265 per
1261 3197 1473 3252 metalla
1506 3200 1765 3268 damnati,
1809 3205 2053 3277 Episcopi
2095 3209 2151 3263 in

2260 3197 2399 3254 rant,
2433 3206 2593 3259 quam
2627 3193 2977 3264 descripsisse
3006 3214 3067 3255 ea
3099 3205 3293 3261 mentis
3322 3222 3431 3262 suae
3462 3212 3668 3283 paginis
3699 3218 3844 3271 Vide-

557 3283 775 3337 cxilinm
828 3287 983 3351 trusi,
1023 3288 1349 3361 Presbyteri,
1396 3292 1606 3349 di.tc0oi
1650 3307 1802 3351 extra
1850 3298 2145 3357 Christiani

557 3374 787 3429 notuinis
816 3376 1115 3433 habitacula
1148 3384 1397 3451 relegati,
1453 3385 1637 3441 bestiis
1681 3389 1804 3457 alii,
1850 3392 1939 3445 alii
1989 3395 2150 3448 etiam

559 3466 769 3535 ignibus
793 3469 992 3523 traditi.
1025 3472 1274 3542 Nunquid
1311 3488 1489 3545 potest
1521 3483 1696 3536 verior
1723 3498 1844 3538 esse
1872 3483 2005 3540 ﬁdes
2032 3503 2150 3556 quae

557 3557 774 3611 auribus
823 3561 1055 3629 capitur,
1107 3578 1267 3632 quam
1320 3583 1438 3634 qua:
1494 3573 1667 3627 oculis
1729 3573 1748 3612 ἲ
1805 3576 2151 3644 pervidetur?

557 3647 712 3715 Apud
740 3664 825 3703 me
850 3660 1060 3707 certum
1085 3664 1187 3718 est,
1214 3659 1354 3725 quod
1382 3662 1471 3730 qui
1495 3661 1709 3721 Christo
1734 3676 1880 3723 recte
1899 3670 2147 3739 credunt,

558 3738 657 3793 ista
687 3755 792 3794 non
826 3734 1049 3799 faciunt.
1095 3745 1161 3800 Et
1191 3747 1261 3802 ita
1293 3753 1496 3822 majore
1524 3754 1791 3812 dedecore
1819 3758 2149 3817 deformatus

558 3833 831 3903 (quoniam
881 3839 1202 3909 perurgebat
1254 3849 1542 3901 necessitas
1574 3848 1902 3918 Reipublicae
1953 3868 2151 3909 consu-

554 3927 728 3998 lendi)
759 3931 1067 4000 compulsus
1094 3943 1178 3989 est
1209 3936 1563 4007 adquiescere
1584 3980 1599 4003 ,
1633 3950 1689 3995 ut
1717 3944 1785 3996 ab
1813 3952 1838 3989 ε
1870 3943 2147 4015 EpiscOpis

552 4033 688 4090 quos
720 4023 771 4077 itt
799 4024 1017 4079 exilium
1051 4035 1313 4094 truserat,
1345 4030 1706 4086 sacerdotium
1738 4046 1997 4091 sumeret.
2030 4038 2147 4106 Quo

548 4126 824 4183 suscepto,
866 4128 917 4172 et
943 4120 1118 4188 gentis
1163 4121 1512 4176 ferocissimae
1543 4139 1725 4191 pacem
1776 4130 1967 4199 tenuit,
1996 4144 2053 4187 et
2083 4134 2146 4188 ﬁ-

547 4204 640 4260 dei
673 4208 950 4263 catholica:
977 4211 1266 4265 custodivit
1297 4211 1613 4270 intemerata
1637 4222 1927 4276 consortia.

624 4419 651 4447 ιι
676 4410 902 4495 Muciam
944 4428 1038 4495 seu
1088 4419 1282 4495 Μετέίαγ
1338 4426 1533 4495 vocant
1578 4420 1848 4495 §ocrates,
1880 4422 2143 4495 Nicepho-

547 4496 671 4548 rus,
729 4484 1056 4551 Epiphanius
1114 4487 1498 4544 Scbnlasticus.
1576 4484 1911 4547 Sozomenus
1962 4484 2138 4551 autem

2258 3289 2423 3333 retur.
2452 3280 2525 3335 Ita
2553 3285 2569 3333 ι
2603 3282 2770 3349 brevi,
2805 3286 2917 3343 Deo
2943 3287 3193 3357 docente,
3228 3296 3280 3349 in
3308 3306 3511 3354 tantam
3536 3280 3839 3362 divinarum

2256 3372 2721 3446 humanarumque
2752 3394 2932 3435 rerum
2962 3385 3321 3443 eruditionem
3353 3406 3415 3446 ac
3445 3394 3723 3451 scientiam
3754 3415 3841 3455 ve-

2252 3462 2353 3527 nit,
2384 3475 2442 3519 ιιι
2480 3468 2679 3523 schola:
2711 3470 3104 3531 Ecclesiastiea:
3134 3478 3330 3536 Doctor
3354 3484 3645 3553 existeret,
3673 3490 3838 3545 Atha-

2256 3558 2409 3611 nasio
2454 3560 2741 3631 Episcopo,
2774 3568 3093 3638 czeterisque
3140 3574 3469 3642 sapientibus
3513 3577 3566 3632 in
3604 3580 3836 3636 Ecclesia

2253 3647 2385 3700 viris
2410 3648 2499 3702 Dei
2528 3651 2815 3707 admodum
2847 3658 3105 3725 probatus
3135 3678 3148 3714 :
3182 3664 3275 3717 sed
3303 3676 3355 3719 et
3384 3666 3435 3721 in
3465 3671 3698 3735 caeteris,
3728 3673 3838 3729 sive

2252 3737 2575 3808 Dialectica,
2605 3743 2720 3801 sive
2745 3746 3089 3818 Geometrite,
3114 3757 3468 3816 Astrnnnmim
3493 3779 3727 3835 quoque,
3752 3769 3834 3824 vel

2252 3832 2620 3889 Arithmcticze
2658 3837 2957 3908 disciplinis
3018 3846 3088 3899 ita
3118 3856 3262 3901 esset
3294 3863 3507 3917 paratus
3529 3895 3545 3920 ,
3577 3832 3633 3909 ut
3663 3859 3835 3913 nullus

2251 3937 2480 3990 unquam
2516 3924 2954 3996 philosophorum
2986 3933 3161 4003 aliqua
3189 3952 3255 3991 ex
3286 3938 3367 3993 his
3394 3942 3599 3998 artibus
3642 3962 3835 4016 propn-

2249 4028 2404 4079 nens,
2449 4017 2693 4072 obtinere
2741 4036 2894 4090 eum,
2946 4025 3026 4079 vel
3073 4028 3394 4086 concludere
3441 4036 3693 4102 quiverit,
3740 4040 3828 4093 sed

2247 4105 2428 4159 statim
2457 4115 2516 4160 ut
2555 4111 2936 4178 reSponsiones
2982 4114 3098 4184 ejus
3127 4120 3415 4188 acciperet,
3452 4125 3614 4195 278
3644 4131 3830 4196 magis-

2249 4204 2387 4249 trum
2413 4213 2535 4253 eum
2566 4199 2728 4255 etiam
2760 4202 2903 4257 illius
2932 4204 2998 4260 de
3025 4223 3124 4276 qua
3158 4211 3557 4281 proposuisset,
3587 4218 3830 4273 crederet

2245 4286 2562 4359 disciplinae.
2590 4290 2758 4362 Hujus
2778 4293 3030 4365 aliquanti
3060 4297 3221 4364 dicta,
3240 4300 3323 4357 vel
3348 4306 3704 4363 communiter
3722 4309 3830 4364 dis-

2246 4442 2412 4521 fuisse
2448 4444 2646 4521 Mosem
2690 4445 2742 4500 in
2776 4456 2987 4521 monte,
3027 4449 3092 4503 ad
3131 4468 3290 4520 quem
3333 4453 3594 4511 abductus
3639 4470 3740 4521 est,
3775 4470 3830 4514 ut

2246 4517 2313 4567 ab
2339 4515 2514 4590 ii_s_qui
2544 4518 2980 4590 illieexulabant,
3010 4515 3366 4590 ordinaretur,
3398 4528 3556 4581 tradit
3578 4515 3826 4584 Socrates

1824 4565 1834 4575 .
2246 4554 2313 4567 uu
2339 4554 2402 4567 ιισ
2424 4554 2514 4585 11η.
2544 4554 2648 4571 ιιιιυ
2673 4554 2980 4583 υ.ιιιιαυαιιιο
3011 4554 3215 4575 υΙυΙΙΙιΙΙ
3231 4554 3366 4590 σιηῑ,
3398 4554 3556 4581 ιΙίΙυΙι

550 4558 766 4614 Μανίαν,
812 4554 1043 4608 Manium
1086 4569 1419 4613 consmntcr.
1479 4561 1535 4613 ln
1574 4562 1944 4618 Guarncrtano
2011 4569 2133 4622 eod.
2167 4584 2218 4643 ι)
2246 4586 2331 4640 tib,
2368 4586 2453 4639 IV.
2486 4603 2605 4650 cap.
2632 4588 2718 4643 57.
2755 4591 2888 4659 (non
2917 4589 3007 4647 29.
3037 4601 3094 4646 ut
3122 4592 3257 4647 falso
3279 4595 3581 4668 Cacciarius
3612 4609 3779 4668 notat)
3809 4619 3825 4668 ;

551 4621 726 4668 Martia
755 4624 1004 4668 Sﬂrillilllr
1068 4627 1258 4668 Paci":
1301 4630 1365 4668 :tlI
1398 4644 1499 4668 ann
1563 4630 1667 4668 379
1722 4634 1883 4668 rufam
1915 4635 2107 4668 ΙιηΙΙηηι
2250 4665 2258 4668 -
2350 4657 2399 4668 ..γ
2488 4666 2496 4668 Α
2533 4659 2562 4668 η
2893 4662 2945 4668 -.-
3016 4661 3079 4668 ---
3286 4666 3304 4668 _,

550 4621 726 4703 Martia
755 4624 1024 4703 scribit-ur.
1068 4627 1258 4695 Pagius
1301 4630 1365 4681 ad
1397 4644 1523 4683 ann.
1562 4630 1689 4703 572.
1722 4634 1888 4687 refert
1914 4621 2133 4703 bellum,

548 4708 669 4745 cum
694 4692 979 4749 Saracenis
1008 4692 1241 4767 gestum,
1270 4708 1389 4765 post
1419 4702 1695 4754 Athanasii
1727 4712 1904 4756 autem
1933 4692 2135 4761 obitum

547 4778 735 4829 pacem
768 4766 970 4829 initam,
1003 4766 1057 4821 et
1086 4767 1338 4834 Reginam
1365 4769 1626 4823 Mauviam
1657 4773 1723 4823 ad
1748 4770 1943 4826 Christi
1977 4777 2132 4832 fidem

547 4846 883 4907 conversam.
914 4836 1069 4907 illanc
1099 4853 1196 4907 ego
1228 4841 1405 4891 malim
1438 4839 1610 4893 serius
1640 4851 1695 4895 et
1723 4844 1786 4895 ad
1818 4858 2017 4898 annum
2045 4863 2135 4903 us-

545 4915 650 4969 que
676 4903 801 4956 574.
830 4904 1068 4961 differre.

617 4968 646 5009 ι’
677 4971 1034 5027 Guarnerian.
1068 4975 1411 5045 frequentius,
1460 4987 1516 5033 et
1564 4980 1722 5049 paulo
1773 4996 1892 5054 post
1936 4999 2131 5043 oratam

546 5057 744 5109 pacem,
779 5051 860 5094 ett‘
871 5080 884 5094 .

619 5140 643 5169 ι
674 5133 789 5185 Duo
820 5132 983 5187 Vatic.
1013 5143 1314 5217 notusera'.
1340 5138 1456 5193 Mox
1478 5140 1830 5199 Guarnerian.
1859 5148 2132 5217 inﬁdeliter

544 5214 892 5272 pugnaverant
922 5220 1016 5272 pro
1045 5207 1338 5275 infeliciter,
1367 5220 1472 5264 etc.

612 5287 643 5329 ἀ
663 5290 856 5380 Antea,
885 5293 1289 5380 [Erebatur;alii
1318 5299 1717 5380 apud-Caeciar.
1737 5312 2128 5380 mss.,confere-

543 5361 713 5417 batur.
744 5363 862 5418 Mox
896 5365 1249 5420 Bononiensis
1278 5361 1571 5440 pugnabant
1607 5390 1703 5443 pro
1729 5361 2087 5453 perurgebant.

616 5454 1043 5537 f_Gtt.artteriatt.,
1078 5458 1142 5509 At
1165 5458 1217 5540 ,εἰ
1248 5457 1371 5538 tibi;
1403 5470 1455 5540 e_t
1482 5479 1603 5540 mox
1634 5482 1754 5522 cum
1784 5472 1902 5525 aliis
1933 5472 2124 5540 Vatic.,

543 5523 632 5576 tibi
657 5526 755 5595 ipsi
775 5530 955 5596 magis,
983 5537 1114 5589 etc.;
1146 5523 1378 5597 denique
1407 5530 1537 5587 Tum
1568 5538 1673 5601 ille,
1706 5556 1802 5608 pro
1835 5523 1999 5598 Tunc:

618 5610 639 5651 ί
673 5613 842 5681 Idem,
877 5615 1098 5670 videtur.
1134 5615 1357 5673 Leviora
1382 5620 1802 5687 dissimulamus.

616 5711 641 5750 ι
670 5704 1069 5797 R‘egiolf‘Vat'cL
1092 5706 1391 5797 plusltabet
1410 5752 1428 5797 ,
1446 5726 1515 5797 _ut
1540 5717 1787 5797 abductus
1814 5725 1878 5778 ab
1913 5726 2126 5797 Episco-

545 5770 646 5838 pis,
678 5770 783 5827 ctc'.
828 5777 891 5828 Et
924 5770 1161 5842 profecto
1206 5789 1354 5834 extra
1396 5770 1782 5845 Alexandriatti

2248 4657 2408 4737 tradit
2449 4666 2503 4711 et
2532 4657 2862 4737 (Stlzomeuus
2891 4662 2987 4737 lib.
3016 4661 3255 4737 V|_._7cap.
3283 4666 3370 4719 33.
3405 4666 3607 4736 rejectn
3639 4657 3821 4737 Lucio,

2242 4724 2546 4804 Mosem‘ad
2581 4730 2871 4804 Episcopus
2914 4734 2964 4804 in
3006 4734 3167 4787 exilio
3202 4724 3480 4804 'degentes'
3509 4724 3819 4798 deductum:

2242 4799 2417 4872 Atque
2443 4799 2509 4872 _lti
2554 4800 2767 4868 quidem
2809 4802 3112 4871 Scriptores
3146 4799 3414 4872 Rufinum,
3460 4820 3518 4863 ut
3560 4812 3693 4866 alias
3731 4814 3825 4865 ad-

2243 4867 2619 4950 verti,‘G.r:e-ce
2649 4867 3014 4950 exhibent.'Iu
3047 4874 3151 4950 fine
3177 4867 3529 4932 Gttarnerian.
3565 4897 3689 4947 ms.,
3731 4900 3823 4950 pa-

2240 4952 2345 4990 cem
2375 4939 2607 5010 obtinuit,
2650 4950 2705 4996 et
2726 4943 3018 4997 custodiunt
3045 4945 3340 5000 intemerata
3368 4952 3643 5004 consortia.

2306 5026 2335 5066 δ
2366 5030 2421 5084 In
2448 5030 2837 5107 Guarueriano,
2867 5053 3143 5103 accensus;
3173 5049 3282 5093 tum
3312 5042 3686 5107 Bononiensis,
3710 5048 3820 5101 licet

2235 5100 2427 5175 instans
2467 5120 2643 5159 cursu.
2694 5104 2768 5159 De
2799 5107 3023 5175 Didymo
3069 5100 3173 5162 tam
3217 5120 3270 5164 et
3310 5114 3399 5167 alii
3448 5117 3609 5169 multa
3639 5100 3818 5172 ethos

2234 5171 2465 5254 diximus
2487 5215 2501 5236 ,
2552 5177 2780 5255 maxime
2828 5171 3299 5255 ad'Hieronymttm
3330 5184 3439 5252 (qui
3468 5198 3533 5255 eo
3564 5171 3818 5255 magistro

2234 5243 2513 5323 gloriatur,
2546 5246 2997 5323 quemadmodum
3024 5260 3077 5303 et
3106 5243 3348 5323 Rufinus}
3369 5243 3439 5307 ἰιι
3465 5243 3695 5311 otiosum
3725 5264 3813 5321 sit,

2234 5313 2422 5367 eadem
2453 5316 2733 5382 replicare.

2313 5403 2346 5485 i_
2365 5405 2710 5485 Bottonieus.,
2740 5408 3188 5485 inﬂttmntaba'ur;
3219 5416 3374 5481 paulo
3406 5427 3525 5485 post
3555 5434 3619 5473 ex
3644 5417 3817 5474 Guar-

2234 5476 2456 5529 neriauo
2483 5480 2656 5545 cupita
2687 5476 2911 5554 legimus
2940 5498 3034 5548 pro
3064 5476 3306 5554 cupitum,
3332 5497 3388 5542 ut
3407 5476 3540 5543 libri
3569 5491 3657 5544 alii
3687 5491 3811 5546 editi

2232 5561 2384 5615 atque
2411 5562 2473 5600 ac
2500 5562 2629 5602 mss.
2654 5549 2963 5616 praeferunt.

2308 5648 2322 5687 ι
2346 5638 2649 5712 Cacciarius
2674 5640 2872 5709 alitque
2897 5643 3093 5712 vulgati
3119 5644 3445 5702 itttcrserunt
3465 5650 3517 5701 in
3544 5654 3784 5704 vnettlam

2230 5710 2602 5787 quaot_un5tri
2652 5724 2784 5787 mss.
2828 5710 3090 5787 ignorant.
3139 5716 3257 5771 Mox
3303 5733 3399 5787 pto
3444 5721 3811 5776 Ισῗετίεεωιὶεα

2231 5777 2353 5846 legit
2388 5778 2628 5834 Barrzcus
2658 5777 2923 5837 Ecclesia’.
