4166 6348
369 346 473 401 ΞΠ

1200 338 1519 399 HISTORIA
1559 334 2123 396 ECCLESIAS'I‘ICA.’
2158 335 2365 395 LIBER
2403 337 2784 397 SECUNDUS.

3450 390 3451 393 η
3534 339 3643 395 518

368 467 566 531 putata,
595 457 680 513 vel
705 454 1123 527 proponentibus
1149 468 1425 525 responsa,
1448 451 1700 509 adhibitis
1723 450 1946 508 notariis
1974 454 2023 512 Α
2053 450 2164 509 imo
2184 453 2385 523 aliquid
2420 452 2593 508 laetius
2620 450 2938 523 Gregorium
2965 451 3121 508 nobis
3143 466 3267 509 cum
3293 452 3494 513 Basilio
3519 470 3645 527 ger-

366 550 702 619 descripsere
729 564 744 601 :
775 562 896 617 qua:
923 547 1082 603 etiam
1113 560 1254 601 nunc
1299 545 1353 599 in
1381 558 1570 611 magna
1600 541 1955 597 admiratione

366 641 653 698 habentur.
695 638 803 694 Nos
831 649 1009 694 tamen
1035 638 1124 709 qui
1153 638 1369 692 et’vivze
1394 636 1541 691 vocis
1570 632 1687 704 ejus
1712 649 1777 689 es
1806 648 1957 703 par'e

363 732 540 802 aliqua
569 740 596 770 η
629 730 829 786 fuimus
859 729 1154 793 auditores,
1182 739 1236 784 et
1261 741 1324 783 ea
1355 741 1473 797 quae
1500 740 1530 780 a
1558 723 1827 780 nonnullis
1870 723 1955 779 di-

362 834 518 880 cente
555 837 624 878 eo
654 821 929 890 descripta.
949 820 1206 889 legimus,
1239 817 1396 886 longe
1441 816 1697 885 majorem
1727 814 1953 884 gratiam

358 926 414 971 et
440 915 677 970 divinum
710 912 892 985 nescio
939 910 1090 981 quid,
1136 924 1198 964 ac
1247 923 1408 978 supra
1448 906 1739 963 humanam
1768 919 1954 961 vocem

357 998 585 1071 sonans,
620 1005 672 1058 in
704 1004 810 1058 illis
838 1002 1005 1073 magis
1034 1000 1394 1065 sermonibus,
1426 1001 1518 1069 qui
1545 998 1614 1052 de
1642 1012 1741 1054 ore
1786 996 1957 1066 ipsius

346 1076 798 1168 proferebantur,
828 1093 1165 1164 agnovimus.
1198 1092 1349 1147 Hunc
1379 1092 1539 1146 etiam
1571 1090 1759 1144 beatus
1788 1092 1956 1144 Anto-

360 1188 477 1245 nius
503 1204 623 1243 cum
659 1188 780 1243 ﬁdei
806 1186 1078 1242 Athanasii
1109 1186 1472 1241 testimonium
1506 1184 1736 1246 laturus,
1764 1184 1955 1237 adver-

360 1295 476 1335 sum
496 1281 724 1335 Arianos
744 1278 813 1333 de
830 1276 857 1316 δ
871 1276 1146 1333 Thebaide
1164 1274 1543 1331 Alexandriam
1566 1271 1953 1339 descendisset,

359 1373 658 1443 magniﬁcis
697 1372 1005 1428 consolatus
1050 1379 1133 1425 est
1180 1370 1400 1425 verbis:
1445 1366 1585 1423 Nihil
1633 1374 1708 1432 te,
1763 1367 1953 1436 inquit,

302 1457 309 1471 ’
359 1466 614 1531 olfendat,
657 1481 691 1522 ο
721 1466 965 1537 Didyme,
994 1465 1139 1536 quod
1187 1464 1496 1528 carnalibus
1537 1464 1711 1518 oculis
1755 1462 1953 1515 videris

358 1560 593 1616 orbatus.
641 1560 843 1614 Desunt
882 1560 1025 1614 enim
1069 1559 1162 1612 tibi
1192 1558 1332 1613 oculi
1382 1557 1478 1624 illi,
1506 1570 1641 1625 quos
1670 1568 1870 1617 mures,
1901 1561 1957 1608 et

358 1664 578 1715 muscae,
618 1660 673 1705 et
720 1652 935 1705 lacertis
966 1649 1184 1705 habent.
1234 1647 1341 1703 Sed
1388 1648 1603 1711 Itetare,
1635 1645 1756 1716 quia
1788 1644 1954 1699 habes

358 1743 540 1799 oculos
568 1758 705 1813 quos
731 1743 920 1814 Angeli
954 1742 1185 1807 habent,
1222 1748 1295 1796 'et
1321 1742 1516 1812 quibus
1548 1741 1687 1795 Deus
1714 1738 1948 1804 videtur,

360 1849 455 1911 per
478 1848 617 1903 .quos
649 1834 744 1890 tibi
773 1848 1025 1904 ntagnum
1053 1832 1295 1888 scientiae
1337 1832 1516 1887 lumen
1546 1829 1878 1886 accenditur.

952 1967 1183 2023 CAPUT
1226 1967 1361 2025 VIII.

361 2061 487 2127 Quot
518 2078 580 2115 ex
602 2060 865 2131 discipulis
886 2061 1095 2114 Antonii
1123 2060 1276 2113 etiam
1305 2069 1424 2113 tunc
1452 2060 1503 2112 in
1530 2074 1698 2114 eremo
1721 2058 1955 2113 habitau-

697 2154 849 2217 tibus,
882 2154 1093 2205 rirtutcs
1133 2163 1179 2207 et
1205 2153 1350 2222 signa
1378 2152 1611 2222 fecerint.

423 2264 675 2319 Florebat
708 2264 866 2334 igitur
889 2264 1154 2335 Egyptus
1180 2278 1241 2318 ea
1269 2271 1610 2332 tempestate,
1641 2277 1747 2316 non
1776 2262 1948 2317 solum

356 2355 572 2409 eruditis
604 2356 654 2410 in
686 2355 985 2410 Christiana
1022 2355 1354 2424 philuSOphia
1391 2354 1541 2421 viris,
1576 2370 1759 2409 verum
1791 2354 1951 2409 etiam

299 2438 302 2442 Α
356 2446 437 2501 his
461 2448 547 2517 qui
576 2464 668 2515 per
691 2447 799 2520 [ΑΙ.
820 2444 1002 2517 super]
1032 2460 1232 2499 vas:am
1257 2461 1494 2500 cremnm
1523 2458 1951 2510 commancntes,

354 2540 499 2611 signa
518 2550 571 2594 et
595 2540 836 2610 prodigia
862 2550 883 2577 ε
905 2540 1213 2609 Apostolica
1236 2539 1577 2606 simplicitate
1601 2539 1742 2603 vitm,
1766 2551 1812 2592 et
1840 2553 1954 2591 cor-

355 2630 437 2685 dis
463 2630 771 2687 sinccritate
795 2632 1082 2685 faciebant.
1117 2631 1192 2684 Ex
1219 2631 1407 2697 quibus
1436 2630 1651 2684 interim
1683 2643 1818 2694 quos
1843 2628 1950 2697 ipsi

354 2723 583 2779 vidimus
624 2734 677 2779 et
721 2739 947 2794 quorum
982 2723 1224 2778 benedici
1256 2722 1502 2776 manibus
1534 2722 1861 2786 meruimus,
1899 2720 1949 2774 hi

357 2826 498 2886 sunt,
520 2818 777 2873 Macarius
792 2817 860 2871 de
890 2817 1152 2885 superiori
1176 2830 1381 2879 eremo,
1399 2815 1537 2868 alius
1560 2812 1583 2847 τί
1602 2813 1864 2867 Macarius
1885 2814 1952 2868 de

356 2907 610 2971 inferiori,
631 2907 863 2962 Isidorus
885 2910 935 2961 in
956 2907 1125 2977 Scyti,
1148 2904 1378 2958 Pambos
1406 2906 1456 2957 in
1478 2904 1716 2968 Cellnlis,
1738 2902 1951 2974 Moyses

354 3009 407 3056 et
433 3001 709 3055 Beniamin
734 2999 783 3053 in
808 3000 998 3063 Nitria,
1021 2997 1249 3068 Scyrion
1278 3007 1301 3034 ε
1328 3008 1383 3051 et
1407 2995 1585 3051 Iielias
1610 3004 1662 3049 et
1681 2994 1875 3049 Paulus
1900 2996 1950 3047 in

354 3091 626 3161 Apeliote,
678 3090 815 3144 alius
859 3089 1053 3144 Paulus
1103 3090 1154 3141 in
1207 3088 1379 3151 Focis,
1413 3086 1633 3142 Ptemcn
1663 3094 1717 3140 et
1747 3082 1949 3154 ,Ιοειιριι

2057 546 2297 601 minavit.
2330 545 2471 601 Tulit
2519 544 2677 616 igitur
2724 553 2781 599 et
2826 544 2941 613 ipsa
2986 547 3270 601 multorum
3319 547 3642 603 Sanctorum

2055 649 2290 708 segetem
2309 639 2440 694 satis
2462 638 2572 711 [ΑΙ.
2598 635 2855 710 satisque]
2879 637 3076 703 laetam,
3103 637 3350 706 produxit
3370 639 3643 709 copiosam

2058 730 2269 799 piorum
2298 730 2531 795 vineam,
2564 729 2822 786 olivarum
2848 744 3060 799 quoque
3090 729 3299 785 Domini
3326 730 3648 801 germinavit

2057 822 2347 877 novellam.
2382 822 2487 878 Sed
2532 822 2617 877 isti
2649 823 2914 893 praecipue
2955 823 3101 878 velut
3128 824 3236 878 duo
3284 825 3375 880 ﬁlii
3422 825 3646 897 pingue-

2057 912 2223 979 diuis,
2254 914 2483 968 assisten
2495 922 2572 968 tes
2595 915 2815 970 dextera
2845 916 3084 985 laevaque
3107 913 3451 979 candelabro,
3476 916 3646 969 instar

2057 1001 2169 1074 [Δί.
2209 1002 2471 1075 adinstar]
2503 1003 2727 1059 duorum
2760 1005 2882 1060 ρωιί
2914 1004 3255 1060 Iutninarium
3284 1005 3642 1077 refulgebant.

2058 1094 2212 1152 Unde
2264 1095 2485 1164 dignum
2519 1106 2646 1166 puto
2689 1096 2759 1152 de
2814 1097 2898 1152 his
2949 1112 3115 1167 pauca
3168 1113 3327 1168 supra
3376 1105 3644 1168 repetere.

2058 1190 2231 1244 Ambo
2260 1189 2493 1252 nobiles,
2521 1189 2681 1245 ambo
2710 1189 2933 1245 Athenis
2963 1190 3180 1255 eruditi,
3210 1190 3367 1246 ambo
3400 1190 3641 1259 collegm,

2060 1283 2220 1338 ambo
2252 1282 2318 1337 de
2346 1282 2612 1337 auditorio
2654 1281 2881 1349 digressi
2931 1280 2996 1336 ad
3042 1282 3396 1350 profitendam
3438 1280 3643 1337 Bhetn-

2057 1378 2223 1432 ricam
2258 1377 2600 1446 rogabantur.
2632 1374 2786 1442 Quod
2819 1390 2956 1444 opus
2988 1374 3269 1446 magnifice
3294 1375 3508 1443 quidem
3541 1375 3646 1429 im-

2059 1468 2237 1538 plebat
2268 1468 2522 1533 Basilius,
2554 1465 2846 1537 Gregorius
2876 1484 3004 1523 vero
3043 1468 3471 1537 magniﬁcentius
3512 1481 3645 1521 cono

2057 1561 2357 1615 temnebat.
2389 1560 2596 1629 Quique
2627 1574 2747 1613 cum
2778 1573 2837 1614 se
2867 1568 3034 1613 totum
3072 1559 3165 1615 Dei
3195 1558 3410 1613 servitio
3441 1559 3646 1612 manci-

2057 1657 2257 1716 passet,
2316 1660 2523 1704 tantum
2576 1650 2645 1705 de
2700 1650 2919 1718 collegae
2967 1664 3150 1705 amore
3204 1650 3647 1718 priesumsit,ut

2056 1745 2337 1801 sedentem
2367 1742 2642 1808 Basilium,
2675 1743 2744 1799 de
2776 1744 3010 1801 doctoris
3040 1745 3294 1799 cathedra
3326 1743 3645 1813 dcponeret,

2057 1854 2119 1892 ac
2148 1853 2331 1893 secum
2361 1837 2427 1892 ad
2461 1838 2844 1892 monasterium
2881 1852 3041 1891 manu
3072 1836 3269 1907 injecta
3304 1836 3643 1905 perduceret,

2057 1928 2237 1999 ibique
2269 1944 2363 1998 per
2391 1943 2563 1984 annos
2591 1930 2669 1993 (ut
2696 1928 2867 1994 aiunt)
2902 1928 3180 1993 tredecim,
3220 1928 3466 1982 omnibus
3494 1924 3646 1980 Graec

2055 2035 2239 2075 corum
2277 2028 2302 2069 δ
2360 2020 2699 2075 saecularium
2760 2019 2910 2074 libris
2960 2020 3211 2082 remotis,
3269 2019 3400 2073 Solis
3452 2018 3648 2072 divinae

2056 2111 2346 2179 Sciipturze
2396 2111 2759 2166 voluminibus
2813 2127 3031 2180 operam
3080 2110 3304 2177 dabant,
3352 2126 3647 2180 earumque

2057 2205 2487 2275 intelligentiam,
2518 2220 2629 2259 non
2657 2221 2719 2260 cs
2750 2206 2963 2275 propria
3004 2204 3406 2274 praesumtione,
3440 2205 3535 2259 sed
3580 2218 3647 2257 es

2058 2297 2325 2368 majorum
2357 2297 2574 2367 scriptis
2610 2306 2666 2353 et
2711 2298 3029 2353 auctoritate
3070 2296 3436 2367 Sequebantur
3470 2313 3482 2348 :
3515 2309 3649 2364 quos

2056 2399 2111 2445 et
2141 2391 2285 2459 ipsos
2316 2389 2424 2461 [ΑΙ.
2456 2400 2511 2445 et
2538 2388 2675 2462 ipsa]
2720 2406 2789 2445 ex
2839 2389 3147 2459 Apostolica
3192 2387 3536 2443 successione
3566 2387 3649 2441 in-

2058 2482 2329 2553 telligendi
2392 2482 2628 2552 regulam
2684 2481 2988 2551 suscepisse
3051 2479 3354 2536 constabat.
3409 2478 3647 2545 Quorum

2059 2574 2326 2643 prmcipue
2349 2574 2401 2628 in
2428 2572 2723 2643 Prophetas
2742 2571 2849 2646 [Αἰ.
2877 2570 3208 2642 propltetias]
3226 2568 3650 2625 commentarius

2056 2663 2428 2729 discutientes,
2456 2664 2740 2719 thesauros
2771 2661 3055 2732 sapientiai
3083 2669 3141 2716 et
3180 2659 3424 2717 scientite
3464 2671 3650 2713 recon-

2058 2755 2197 2811 ditos
2243 2756 2297 2811 in
2337 2756 2483 2810 vasis
2522 2754 2773 2810 ﬁctilibus
2813 2752 3216 2823 perquirebant.
3259 2752 3424 2823 280
3456 2749 3650 2803 Verum

2056 2862 2180 2902 cum
2208 2847 2321 2916 jam
2351 2847 2450 2916 ipsi
2485 2846 2818 2901 sulﬁcienter
2844 2844 3110 2908 instructi
3147 2842 3334 2898 Divina
3372 2843 3652 2911 dispensa-

2058 2942 2205 2996 tione
2254 2940 2322 2995 ad
2371 2940 2692 2995 imbuendos
2745 2939 2972 3009 populos
3019 2947 3363 3002 vocarentur,
3415 2947 3470 2992 et
3512 2934 3651 2989 alius

2056 3033 2163 3088 alio
2190 3032 2405 3100 itinere,
2429 3032 2495 3086 ad
2526 3030 2667 3085 idem
2698 3040 2880 3084 tamen
2913 3042 3051 3096 opus
3074 3036 3301 3097 uterque
3327 3026 3649 3091 traheretur,

2058 3125 2288 3181 Basilius
2337 3124 2493 3178 Ponti
2539 3122 2703 3178 urbes
2750 3128 2804 3176 ct
2857 3134 2981 3175 rura
3037 3118 3383 3181 circumiens,
3433 3116 3652 3172 desides

357 3187 517 3284 279
544 3186 596 3239 in
628 3183 844 3284 Pispiri,
867 3184 955 3254 qui
981 3182 1532 3284 appellabatur-mons
1564 3179 1802 3284 Antonii.
1836 3177 1944 3284 Sed
1976 3200 2020 3261 ο
2055 3177 2405 3284 ξρπῇίεξιιῑυε
2430 3214 2641 3266 animos
2670 3221 2720 3267 el
2751 3226 2935 3280 parum
2965 3210 3037 3265 de
3058 3223 3153 3278 spe
3186 3177 3652 3263 futura-sollicitos

357 3288 409 3333 et
450 3279 585 3332 alios
631 3276 974 3348 quamplures
1022 3273 1390 3344 hujuscemodi
1444 3273 1591 3326 viros
1639 3270 1689 3324 in
1724 3270 1942 3342 IEgypIi

358 3370 599 3440 partibus
628 3369 892 3433 habitare,
927 3366 1069 3422 ﬁdeli
1100 3365 1459 3435 comperimus
1489 3365 1693 3429 auditu,
1731 3372 1787 3417 ut
1821 3378 1946 3417 vere

357 3462 716 3532 compleretur
746 3461 983 3529 Apostoli
1012 3460 1211 3514 dietum
1257 3474 1271 3512 :
1309 3456 1328 3495 τ
1367 3458 1499 3524 Quia
1544 3457 1629 3510 ubi
1669 3457 1945 3509 abundavit

358 3567 638 3624 peccatum,
667 3553 1094 3626 superabundavit
1126 3562 1173 3606 ct
1204 3552 1372 3621 gratia
1401 3550 1579 3619 (liam.
1611 3548 1713 3618 5.).
1750 3546 1949 3603 Ilabnit

357 3661 527 3707 autem
562 3665 659 3720 per
705 3649 846 3704 idem
898 3658 1111 3717 tempus
1154 3647 1313 3699 etiam
1366 3642 1753 3711 Mesopotamia
1804 3643 1949 3695 viros

359 3744 586 3808 nobiles,
619 3742 809 3797 iisdem
844 3739 1036 3794 studiis
1062 3738 1347 3807 pollentes.
1376 3740 1614 3803 Quorum
1645 3735 1947 3805 aliquantos

357 3835 576 3903 ipsiper
604 3848 700 3889 nos
728 3832 865 3900 apud
899 3832 1152 3885 Edessam
1182 3828 1289 3903 [ΑΙ.
1329 3827 1598 3899 Edissam]
1632 3837 1689 3882 et
1719 3827 1771 3880 in
1813 3825 1946 3880 Car-

361 3941 545 3980 rarum‘
577 3923 817 3994 partibus
848 3921 1098 3988 vidimus,
1132 3921 1312 3989 plures
1349 3927 1528 3975 autem
1567 3917 1844 3973 auditione
1871 3914 1956 3968 tli-

361 4015 604 4071 dicimus.

968 4080 1197 4137 CAPUT
1238 4081 1327 4136 IX.

471 4198 547 4254 De
579 4197 831 4269 Gregorio
874 4204 919 4250 et
952 4195 1146 4249 Basilio
1177 4194 1521 4264 Cappadocia:
1554 4193 1845 4265 Episwpis.

434 4316 540 4373 Sed
590 4325 779 4372 neutra
830 4314 1019 4369 harum
1051 4312 1409 4369 infacundior
1452 4310 1790 4382 Cappadocia
1829 4310 1950 4381 fuit,

437 4437 463 4466 ι
497 4430 664 4484 Aliter
702 4428 1134 4496 Guarncrianus,
1185 4445 1399 4496 sumus;
1428 4439 1484 4486 et
1510 4445 1665 4495 mox,
1698 4431 1955 4501 descrip'a

364 4510 502 4563 sunt,
536 4502 768 4571 legimus.

2049 3305 2329 3360 stimulare
2376 3304 2575 3368 verbis,
2611 3311 2666 3356 et
2708 3302 3086 3370 praedicatione
3133 3299 3486 3364 succendere,
3530 3300 3647 3355 cal-

2050 3398 2267 3467 lumquc
2316 3396 2389 3451 ab
2442 3396 2523 3450 his
2578 3394 2754 3465 longa:
2810 3392 3145 3463 negligentia:
3189 3394 3349 3461 capit
3402 3393 3645 3460 abolere,

2047 3491 2386 3561 subagitque,
2418 3488 2644 3557 abjectis
2688 3488 2929 3542 inanium
2984 3500 3164 3542 rerum
3215 3494 3272 3541 et
3314 3484 3644 3541 sccularium

2049 3585 2214 3650 curis,
2248 3585 2447 3639 suimet
2474 3581 2720 3637 notitiam
2748 3582 3012 3649 recipere,
3044 3579 3096 3633 in
3125 3592 3289 3633 unum
3332 3578 3498 3644 coire,
3528 3592 3647 3634 mo-

2051 3674 2287 3732 nasteria
2317 3686 2654 3736 construere,
2709 3671 2951 3741 psalmis,
2991 3678 3046 3726 et
3080 3669 3315 3741 hymnis,
3347 3679 3403 3726 et
3442 3672 3647 3725 oratio-

2053 3767 2215 3823 nibus
2240 3767 2422 3821 docuit
2447 3780 2663 3831 vacare,
2698 3779 2990 3835 pauperum
3018 3777 3203 3819 curam
3228 3779 3439 3833 gerere,
3462 3763 3649 3835 eisque

2054 3858 2358 3914 habitacula
2406 3858 2653 3921 honesta,
2703 3866 2759 3913 et
2806 3871 2928 3925 quae
2976 3854 3043 3910 ad
3095 3856 3291 3910 victum
3342 3856 3646 3912 necessaria

2055 3957 2201 4015 sunt,
2238 3949 2501 4018 praebere,
2530 3949 2765 4018 virgines
2791 3949 3095 4009 instituere,
3129 3946 3374 4016 pudicam
3417 3958 3648 4003 castan-

2056 4059 2162 4115 que
2188 4045 2351 4098 vitam
2402 4042 2651 4098 omnibus
2703 4057 2840 4111 pene
2884 4041 3295 4097 desiderabilem
3341 4043 3537 4099 facere.
3571 4043 3644 4097 Ita

2054 4136 2203 4193 brevi
2257 4144 2554 4205 permutata
2584 4144 2671 4190 est
2716 4135 2881 4189 totius
2923 4133 3211 4205 provincia:
3256 4134 3439 4199 facies,
3493 4144 3549 4190 ut
3594 4137 3646 4191 in

2057 4227 2207 4283 arido
2236 4237 2290 4282 et
2320 4226 2585 4295 squalenti
2627 4238 2820 4294 campo
2862 4224 3131 4279 videretur
3170 4238 3327 4294 seges
3376 4225 3645 4288 foecunda,

2057 4332 2121 4373 ac
2164 4317 2286 4372 laeta
2330 4318 2482 4372 vinea
2535 4316 2857 4370 surrexisse.
2914 4314 3206 4384 Gregorius
3266 4328 3397 4370 vero
3447 4316 3644 4371 bonum

2056 4447 2177 4497 cap.
2204 4431 2296 4486 23.
2328 4430 2392 4483 ad
2422 4427 2509 4485 55.
2538 4438 2822 4483 sexcentos
2853 4427 2921 4483 de
2951 4427 3167 4481 nomine
3197 4426 3393 4492 laudat,
3426 4442 3645 4483 eurum-

2057 4518 2164 4571 que
2192 4511 2373 4555 narrat
2404 4500 2692 4571 insigniora
2720 4509 2897 4567 gesta,
2920 4512 3031 4571 nec
3055 4498 3286 4567 denique
3312 4498 3647 4571 Rosweydns

436 4572 461 4615 ἱ)
493 4560 885 4636 Bononiehsis,
920 4587 950 4623 a
978 4569 1257 4625 Thebaida.
1290 4568 1484 4642 Confer
1522 4569 1661 4625 hanc
1691 4571 1756 4625 de
1788 4575 1954 4625 Anto—
1984 4582 2033 4642 ι)
2059 4560 2172 4627 toto
2218 4573 2356 4627 libro
2402 4571 2470 4625 de
2507 4560 2638 4624 Vitis
2667 4560 2892 4642 Ρεῖιωιιί
2918 4569 3074 4642 hujus
3106 4560 3336 4642 u‘nq'nam
3369 4560 3647 4640 Scyri'ntzis

365 4645 456 4697 nio
485 4643 939 4711 narratittncnlam
972 4656 1090 4697 cum
1110 4641 1412 4711 llieronymi
1436 4640 1671 4711 Epistula
1695 4643 1745 4695 in
1772 4652 1950 4697 nostra

364 4713 678 4769 recensione
704 4710 929 4765 LXVIII.
956 4716 1019 4765 ad
1039 4710 1371 4766 Castrucitnn
1403 4727 1549 4765 num.
1574 4710 1628 4763 2.
1665 4711 1717 4765 In
1750 4714 1853 4767 line
1876 4714 1953 4769 Ie-

366 4786 556 4851 gimus,
590 4792 638 4837 et
665 4784 844 4850 quibus
876 4780 1043 4845 Deus,
1093 4793 1223 4847 etc.,
1271 4797 1389 4834 cum
1427 4797 1525 4834 llIS.
1558 4780 1947 4849 Guarncriano,

368 4870 463 4925 pro
488 4870 593 4923 quo
625 4857 881 4907 hactenus
913 4854 1108 4906 lectum
1139 4863 1241 4915 est,
1271 4867 1297 4904 e
1323 4852 1523 4920 quibus,
1552 4864 1659 4907 etc.
1692 4853 1824 4908 Tum
1853 4855 1956 4911 Bo-

368 4926 661 4990 noniensis,
696 4940 787 4991 pro
816 4940 915 4993 quo
944 4939 1039 4991 pro
1070 4940 1160 4991 per
1185 4939 1330 4991 quos.

442 5007 464 5035 ο
494 4995 660 5061 Idem,
694 5007 737 5047 et
769 4996 1023 5065 prodigia,
1057 4994 1363 5063 Apostolica:
1390 4994 1523 5061 vitm,
1556 5001 1604 5048 et
1633 4993 1802 5049 cordis
1833 4995 1957 5050 sim-

367 5067 595 5139 plicitate
615 5066 888 5139 faciebant.

440 5137 467 5175 ά
488 5142 638 5204 Apud
667 5135 997 5190 Caeciarium
1026 5136 1287 5199 aliusque;
1322 5142 1453 5201 tum,
1485 5137 1546 5190 de
1576 5135 1829 5204 interiori,
1859 5152 1958 5205 pro

370 5207 622 5271 inferiori.
701 5206 907 5259 Dictum
949 5208 1014 5259 de
1055 5207 1262 5259 duobus
1299 5207 1545 5259 Macariis
1582 5222 1774 5273 supra,
1818 5218 1871 5261 ct
1905 5210 1955 5262 in

371 5278 600 5347 llistoria
634 5275 1013 5347 Monachorum
1043 5292 1162 5344 cap.
1204 5274 1294 5347 28.
1344 5276 1419 5331 De
1450 5278 1670 5347 reliquis
1699 5276 1886 5331 confer
1914 5280 1960 5332 si

372 5349 518 5403 Iubet
547 5345 907 5418 Rosweydum
950 5347 1002 5399 in
1039 5347 1170 5401 Vitis
1202 5346 1440 5414 Patrum,
1472 5345 1646 5418 neque
1671 5348 1811 5404 enim
1844 5348 1960 5404 haec

374 5421 617 5489 persequi
652 5417 805 5471 nobis
837 5425 1012 5471 vacat.

446 5498 470 5527 ο
496 5486 661 5543 Vsalde
687 5502 897 5549 vereor,
922 5502 988 5557 ne
1013 5486 1347 5541 librariorum
1376 5488 1582 5545 inscitia
1607 5488 1956 5557 depravatum

375 5575 565 5614 nomen
601 5560 701 5612 huc
728 5560 829 5630 sit,
863 5556 1420 5630 cujussnspicionem
1453 5561 1562 5612 vitii
1595 5556 1754 5630 anget
1786 5561 1960 5615 Bonn-

376 5631 575 5685 niensis
615 5643 717 5683 ms.
754 5627 911 5700 lectio
944 5628 1191 5700 Quirtorj,
1222 5627 1289 5681 ab
1315 5628 1578 5697 impressa
1609 5627 1830 5700 Séyrion
1861 5631 1959 5683 im-

376 5716 530 5755 mane
571 5696 1086 5770 quantutnAdiversa.
1119 5698 1276 5770 Certe
1304 5696 1405 5751 nec
1429 5696 1709 5770 Socrates,
1743 5702 1831 5770 qui
1866 5715 1959 5767 per

376 5771 551 5826 Ruﬁni
584 5768 804 5837 vestigia
833 5766 1033 5837 incedit
1075 5768 1126 5819 in
1161 5767 1243 5819 his
1267 5782 1479 5837 quoque
1510 5766 1962 5824 I’atribus'Mnna.

376 5842 599 5900 chorum
648 5836 1026 5905 reuensendis,
1073 5850 1174 5891 nec
1203 5836 1533 5893 Sozomcnus
1562 5840 1651 5909 qui
1684 5842 1773 5893 lib.
1810 5841 1896 5894 γι.
1930 5855 1960 5892 a

2063 4644 2391 4697 mentionem
2440 4642 2657 4696 faciunt.
2702 4641 2803 4705 Qui
2847 4641 3086 4709 sequitur
3116 4637 3353 4709 Plumea,
3388 4637 3649 4694 in'Bono-

2062 4716 2233 4768 nicnsi
2282 4729 2383 4767 ms.
2414 4711 2611 4783 Pymen
2657 4711 2980 4781 appellatur,
3033 4710 3084 4765 vi
3110 4712 3246 4766 iose.
3296 4712 3443 4766 Idem
3490 4714 3649 4782 paulo

2062 4793 2183 4855 post
2208 4785 2340 4838 viros
2371 4792 2530 4838 tacet.

2139 4854 2159 4894 ί
2206 4855 2405 4909 Eadem
2425 4865 2508 4909 est
2525 4853 2701 4907 Nostri
2725 4852 2776 4907 in
2796 4851 3028 4908 llistoria
3049 4850 3429 4907 Monachorum
3450 4866 3570 4919 cap.
3594 4852 3647 4909 7.

2062 4936 2189 4981 ante
2219 4926 2449 4980 medium
2481 4937 2767 4989 sententia,
2801 4926 2853 4979 in
2894 4939 3281 4994 samque__rem
3333 4924 3471 4979 idem
3501 4923 3649 4979 Scri-

2063 5007 2254 5067 ptum,
2288 5012 2406 5065 quae
2440 4996 2557 5050 heic
2599 4995 2865 5067 laudatur,
2913 4992 3060 5049 usus.
3105 4992 3237 5067 Mihi
3268 4996 3467 5067 videtur
3495 5000 3647 5067 etiam

2063 5065 2296 5138 Ἀροειοιὶ
2351 5068 2546 5119 dictum
2594 5067 2644 5119 in
2687 5066 2759 5138 eis
2802 5082 2911 5119 esse
2956 5065 3261 5138 completum
3306 5080 3327 5120 :
3374 5065 3651 5138 Quod_ubi

2062 5135 2337 5192 abundarit
2378 5147 2663 5207 peccatum,
2714 5136 2783 5189 ibi
2824 5135 3257 5207 superabundavit
3301 5138 3493 5205 gratia.
3540 5136 3651 5189 Hoc

2065 5206 2814 5263 testimonioGuarncriarius
2847 5208 2947 5261 Ms.
2981 5213 3140 5274 caput
3170 5206 3221 5259 8.
3265 5206 3562 5267 concludit,
3596 5214 3652 5256 et

2065 5295 2262 5402 stomun
2292 5280 2360 5335 ab
2390 5279 2791 5348 insequentibus
2817 5279 3018 5341 verbis,
3051 5274 3246 5329 Habuit
3280 5286 3471 5339 autem,
3515 5284 3645 5336 etc.,

2065 5365 2195 5402 exor
2236 5361 2361 5402 itur.

2062 5361 2361 5405 exorditur.

2140 5430 2165 5469 ι
2207 5422 2263 5473 In
2295 5419 2659 5473 Guarncriano
2698 5432 2825 5484 ms.,
2868 5415 3203 5484 scholarium,
3247 5426 3366 5484 qua:
3409 5424 3506 5464 nec
3537 5410 3647 5478 ipsa

2064 5491 2452 5545 conzemnenda
2483 5490 2641 5544 lectio
2682 5498 2785 5541 est.
2813 5481 2948 5542 'Mnx
2978 5481 3333 5539 Bononiensis
3375 5496 3650 5547 earumque

2064 5562 2382 5631 diligentiam
2426 5576 2521 5628 pro
2542 5558 2966 5631 intelligentiam.
3000 5551 3419 5631 Quodseqnitur
3450 5565 3643 5603 notnen

2016 5674 2023 5681 ι
2064 5619 2275 5699 propria
2319 5619 2621 5685 Caeciarius
2652 5619 2837 5699 contra
2886 5640 3015 5679 mss.
3068 5621 3257 5699 saltent
3286 5619 3499 5699 “quibus
3549 5635 3647 5672 nus

2064 5687 2286 5782 utimur,
2328 5702 2660 5768 aliorumque
2702 5695 2969 5751 editorum
2996 5690 3241 5747 codicum
3282 5687 3464 5753 ﬁdem,
3512 5705 3647 5759 prie-

2065 5781 2315 5829 ιρηῐιιδιι.
