  <div class='ocr_page' id='page_1' title='image "/cluster/home/n/w/nwhite01/storage/ocr_20150623/21/hvd.32044015471360/265.png"; bbox 0 0 4166 6348; ppageno 0'>
   <div class='ocr_carea' id='block_1_1' title="bbox 608 315 720 375">
    <p class='ocr_par' dir='ltr' id='par_1_1' title="bbox 608 315 720 375">
     <span class='ocr_line' id='line_1_1' title="bbox 608 315 720 375; baseline 0.018 -2"><span class='ocrx_word' id='word_1_1' title='bbox 608 315 720 375; x_wconf 72' lang='grc'><strong>519</strong></span> 
     </span>
    </p>
   </div>
   <div class='ocr_carea' id='block_1_2' title="bbox 1659 309 2878 382">
    <p class='ocr_par' dir='ltr' id='par_1_2' title="bbox 1659 309 2878 382">
     <span class='ocr_line' id='line_1_2' title="bbox 1659 309 2878 382; baseline -0.002 -12"><span class='ocrx_word' id='word_1_2' title='bbox 1659 311 1893 372; x_wconf 77' lang='lat' dir='ltr'><strong>BUFINI</strong></span> <span class='ocrx_word' id='word_1_3' title='bbox 1930 311 2410 382; x_wconf 77' lang='lat' dir='ltr'><strong>AQUILEIENSIS</strong></span> <span class='ocrx_word' id='word_1_4' title='bbox 2448 309 2878 370; x_wconf 73' lang='lat' dir='ltr'><strong>PRESBYTER]</strong></span> 
     </span>
    </p>
   </div>
   <div class='ocr_carea' id='block_1_3' title="bbox 3771 315 3877 377">
    <p class='ocr_par' dir='ltr' id='par_1_3' title="bbox 3771 315 3877 377">
     <span class='ocr_line' id='line_1_3' title="bbox 3771 315 3877 377; baseline 0.047 -5"><span class='ocrx_word' id='word_1_5' title='bbox 3771 315 3877 377; x_wconf 73' lang='lat'><strong>520</strong></span> 
     </span>
    </p>
   </div>
   <div class='ocr_carea' id='block_1_4' title="bbox 606 425 3874 503">
    <p class='ocr_par' dir='ltr' id='par_1_4' title="bbox 606 425 3874 503">
     <span class='ocr_line' id='line_1_4' title="bbox 606 425 3874 503; baseline -0 -15"><span class='ocrx_word' id='word_1_6' title='bbox 606 448 792 492; x_wconf 81' lang='lat' dir='ltr'><strong>semen</strong></span> <span class='ocrx_word' id='word_1_7' title='bbox 822 445 928 489; x_wconf 82' lang='lat' dir='ltr'><strong>non</strong></span> <span class='ocrx_word' id='word_1_8' title='bbox 968 430 1288 503; x_wconf 83' lang='lat' dir='ltr'><strong>patiebatur,</strong></span> <span class='ocrx_word' id='word_1_9' title='bbox 1332 438 1424 486; x_wconf 91' lang='lat' dir='ltr'><strong>aut</strong></span> <span class='ocrx_word' id='word_1_10' title='bbox 1459 442 1621 498; x_wconf 86' lang='lat' dir='ltr'><strong>super</strong></span> <span class='ocrx_word' id='word_1_11' title='bbox 1649 429 1832 499; x_wconf 81' lang='lat' dir='ltr'><strong>spinas</strong></span> <span class='ocrx_word' id='word_1_12' title='bbox 1863 429 2064 500; x_wconf 80' lang='lat' dir='ltr'><strong>jacere,</strong></span> <span class='ocrx_word' id='word_1_13' title='bbox 2096 437 2188 482; x_wconf 87' lang='lat' dir='ltr'><strong>aut</strong></span> <span class='ocrx_word' id='word_1_14' title='bbox 2217 432 2268 491; x_wconf 78' lang='grc' dir='ltr'><strong>Α</strong></span> <span class='ocrx_word' id='word_1_15' title='bbox 2295 438 2414 484; x_wconf 91' lang='lat' dir='ltr'><strong>rent</strong></span> <span class='ocrx_word' id='word_1_16' title='bbox 2451 428 2728 492; x_wconf 78' lang='lat' dir='ltr'><strong>Basiliam,</strong></span> <span class='ocrx_word' id='word_1_17' title='bbox 2759 437 2819 482; x_wconf 92' lang='lat' dir='ltr'><strong>ut</strong></span> <span class='ocrx_word' id='word_1_18' title='bbox 2847 426 3098 498; x_wconf 86' lang='lat' dir='ltr'><strong>precibus</strong></span> <span class='ocrx_word' id='word_1_19' title='bbox 3126 425 3238 482; x_wconf 87' lang='lat' dir='ltr'><strong>suis</strong></span> <span class='ocrx_word' id='word_1_20' title='bbox 3267 427 3620 487; x_wconf 89' lang='lat' dir='ltr'><strong>intercederet</strong></span> <span class='ocrx_word' id='word_1_21' title='bbox 3646 442 3750 502; x_wconf 81' lang='lat' dir='ltr'><strong>pro</strong></span> <span class='ocrx_word' id='word_1_22' title='bbox 3775 432 3874 501; x_wconf 91' lang='lat' dir='ltr'><strong>eis,</strong></span> 
     </span>
    </p>
   </div>
   <div class='ocr_carea' id='block_1_5' title="bbox 609 521 2184 596">
    <p class='ocr_par' dir='ltr' id='par_1_5' title="bbox 609 521 2184 596">
     <span class='ocr_line' id='line_1_5' title="bbox 609 521 2184 596; baseline -0.005 -15"><span class='ocrx_word' id='word_1_23' title='bbox 609 527 752 583; x_wconf 91' lang='lat' dir='ltr'><strong>inter</strong></span> <span class='ocrx_word' id='word_1_24' title='bbox 777 541 904 582; x_wconf 90' lang='lat' dir='ltr'><strong>saxa</strong></span> <span class='ocrx_word' id='word_1_25' title='bbox 932 525 1262 596; x_wconf 74' lang='lat' dir='ltr'><strong>dispergere,</strong></span> <span class='ocrx_word' id='word_1_26' title='bbox 1292 523 1384 578; x_wconf 90' lang='lat' dir='ltr'><strong>sed</strong></span> <span class='ocrx_word' id='word_1_27' title='bbox 1417 522 1610 577; x_wconf 85' lang='lat' dir='ltr'><strong>bonam</strong></span> <span class='ocrx_word' id='word_1_28' title='bbox 1644 531 1840 576; x_wconf 89' lang='lat' dir='ltr'><strong>terram</strong></span> <span class='ocrx_word' id='word_1_29' title='bbox 1880 521 2059 575; x_wconf 81' lang='lat' dir='ltr'><strong>cordis</strong></span> <span class='ocrx_word' id='word_1_30' title='bbox 2101 521 2184 574; x_wconf 86' lang='lat' dir='ltr'><strong>sui</strong></span> 
     </span>
    </p>
   </div>
   <div class='ocr_carea' id='block_1_6' title="bbox 604 615 2187 690">
    <p class='ocr_par' dir='ltr' id='par_1_6' title="bbox 604 615 2187 690">
     <span class='ocr_line' id='line_1_6' title="bbox 604 615 2187 690; baseline -0.003 -16"><span class='ocrx_word' id='word_1_31' title='bbox 604 619 717 690; x_wconf 64' lang='lat' dir='ltr'><strong>iugi</strong></span> <span class='ocrx_word' id='word_1_32' title='bbox 743 621 888 674; x_wconf 89' lang='lat' dir='ltr'><strong>cultu</strong></span> <span class='ocrx_word' id='word_1_33' title='bbox 918 629 972 673; x_wconf 91' lang='lat' dir='ltr'><strong>et</strong></span> <span class='ocrx_word' id='word_1_34' title='bbox 995 618 1263 672; x_wconf 83' lang='lat' dir='ltr'><strong>exercitiis</strong></span> <span class='ocrx_word' id='word_1_35' title='bbox 1295 616 1718 671; x_wconf 84' lang='lat' dir='ltr'><strong>indesineotibus</strong></span> <span class='ocrx_word' id='word_1_36' title='bbox 1739 615 2034 670; x_wconf 88' lang='lat' dir='ltr'><strong>excolebat.</strong></span> <span class='ocrx_word' id='word_1_37' title='bbox 2070 624 2094 651; x_wconf 81' lang='grc'><strong><em>⁸</em></strong></span> <span class='ocrx_word' id='word_1_38' title='bbox 2123 615 2187 669; x_wconf 81' lang='lat' dir='ltr'><strong>Et</strong></span> 
     </span>
    </p>
   </div>
   <div class='ocr_carea' id='block_1_7' title="bbox 606 707 2184 779">
    <p class='ocr_par' dir='ltr' id='par_1_7' title="bbox 606 707 2184 779">
     <span class='ocr_line' id='line_1_7' title="bbox 606 707 2184 779; baseline -0.006 -10"><span class='ocrx_word' id='word_1_39' title='bbox 606 718 779 769; x_wconf 86' lang='lat' dir='ltr'><strong>multo</strong></span> <span class='ocrx_word' id='word_1_40' title='bbox 807 721 1034 779; x_wconf 81' lang='lat' dir='ltr'><strong>amplius</strong></span> <span class='ocrx_word' id='word_1_41' title='bbox 1074 714 1157 765; x_wconf 80' lang='lat' dir='ltr'><strong>ilit&#39;</strong></span> <span class='ocrx_word' id='word_1_42' title='bbox 1192 713 1243 764; x_wconf 90' lang='lat' dir='ltr'><strong>in</strong></span> <span class='ocrx_word' id='word_1_43' title='bbox 1285 711 1597 776; x_wconf 86' lang='lat' dir='ltr'><strong>semetipso,</strong></span> <span class='ocrx_word' id='word_1_44' title='bbox 1647 723 1805 776; x_wconf 88' lang='lat' dir='ltr'><strong>quam</strong></span> <span class='ocrx_word' id='word_1_45' title='bbox 1853 707 1943 762; x_wconf 86' lang='lat' dir='ltr'><strong>ille</strong></span> <span class='ocrx_word' id='word_1_46' title='bbox 1975 709 2028 760; x_wconf 92' lang='lat' dir='ltr'><strong>in</strong></span> <span class='ocrx_word' id='word_1_47' title='bbox 2075 722 2184 761; x_wconf 73' lang='lat' dir='ltr'><strong>ca:-</strong></span> 
     </span>
    </p>
   </div>
   <div class='ocr_carea' id='block_1_8' title="bbox 606 800 2186 871">
    <p class='ocr_par' dir='ltr' id='par_1_8' title="bbox 606 800 2186 871">
     <span class='ocr_line' id='line_1_8' title="bbox 606 800 2186 871; baseline -0.003 -14"><span class='ocrx_word' id='word_1_48' title='bbox 606 807 736 860; x_wconf 83' lang='lat' dir='ltr'><strong>teris</strong></span> <span class='ocrx_word' id='word_1_49' title='bbox 785 803 1112 871; x_wconf 83' lang='lat' dir='ltr'><strong>proficiebat.</strong></span> <span class='ocrx_word' id='word_1_50' title='bbox 1160 802 1446 868; x_wconf 82' lang='lat' dir='ltr'><strong>Suscipere</strong></span> <span class='ocrx_word' id='word_1_51' title='bbox 1491 801 1602 866; x_wconf 89' lang='lat' dir='ltr'><strong>ille,</strong></span> <span class='ocrx_word' id='word_1_52' title='bbox 1646 815 1767 868; x_wconf 64' lang='lat' dir='ltr'><strong>quae</strong></span> <span class='ocrx_word' id='word_1_53' title='bbox 1813 800 2186 853; x_wconf 84' lang='lat' dir='ltr'><strong>renuntiantes</strong></span> 
     </span>
    </p>
   </div>
   <div class='ocr_carea' id='block_1_9' title="bbox 605 889 2186 959">
    <p class='ocr_par' dir='ltr' id='par_1_9' title="bbox 605 889 2186 959">
     <span class='ocr_line' id='line_1_9' title="bbox 605 889 2186 959; baseline -0.004 -11"><span class='ocrx_word' id='word_1_54' title='bbox 605 895 788 949; x_wconf 84' lang='lat' dir='ltr'><strong>seculo</strong></span> <span class='ocrx_word' id='word_1_55' title='bbox 815 893 1126 950; x_wconf 70' lang='lat' dir='ltr'><strong>deferebant</strong></span> <span class='ocrx_word' id='word_1_56' title='bbox 1147 893 1212 944; x_wconf 92' lang='lat' dir='ltr'><strong>ad</strong></span> <span class='ocrx_word' id='word_1_57' title='bbox 1244 891 1407 959; x_wconf 87' lang='lat' dir='ltr'><strong>pedes</strong></span> <span class='ocrx_word' id='word_1_58' title='bbox 1435 906 1584 956; x_wconf 88' lang='lat' dir='ltr'><strong>suos,</strong></span> <span class='ocrx_word' id='word_1_59' title='bbox 1613 899 1666 945; x_wconf 90' lang='lat' dir='ltr'><strong>et</strong></span> <span class='ocrx_word' id='word_1_60' title='bbox 1694 889 1934 944; x_wconf 87' lang='lat' dir='ltr'><strong>dividere</strong></span> <span class='ocrx_word' id='word_1_61' title='bbox 1961 898 2018 943; x_wconf 91' lang='lat' dir='ltr'><strong>ut</strong></span> <span class='ocrx_word' id='word_1_62' title='bbox 2043 891 2186 958; x_wconf 90' lang='lat' dir='ltr'><strong>quis-</strong></span> 
     </span>
    </p>
   </div>
   <div class='ocr_carea' id='block_1_10' title="bbox 599 979 2188 1058">
    <p class='ocr_par' dir='ltr' id='par_1_10' title="bbox 599 979 2188 1058">
     <span class='ocr_line' id='line_1_10' title="bbox 599 979 2188 1058; baseline -0.005 -16"><span class='ocrx_word' id='word_1_63' title='bbox 599 1004 709 1057; x_wconf 86' lang='lat' dir='ltr'><strong>que</strong></span> <span class='ocrx_word' id='word_1_64' title='bbox 744 988 997 1058; x_wconf 82' lang='lat' dir='ltr'><strong>eguisset,</strong></span> <span class='ocrx_word' id='word_1_65' title='bbox 1045 1001 1228 1040; x_wconf 87' lang='lat' dir='ltr'><strong>curam</strong></span> <span class='ocrx_word' id='word_1_66' title='bbox 1259 985 1501 1054; x_wconf 89' lang='lat' dir='ltr'><strong>gerebat.</strong></span> <span class='ocrx_word' id='word_1_67' title='bbox 1551 983 1654 1038; x_wconf 89' lang='lat' dir='ltr'><strong>lste</strong></span> <span class='ocrx_word' id='word_1_68' title='bbox 1686 982 1818 1037; x_wconf 86' lang='lat' dir='ltr'><strong>nihil</strong></span> <span class='ocrx_word' id='word_1_69' title='bbox 1852 979 2101 1041; x_wconf 86' lang='lat' dir='ltr'><strong>habendi,</strong></span> <span class='ocrx_word' id='word_1_70' title='bbox 2134 989 2188 1034; x_wconf 93' lang='lat' dir='ltr'><strong>et</strong></span> 
     </span>
    </p>
   </div>
   <div class='ocr_carea' id='block_1_11' title="bbox 603 1073 2186 1145">
    <p class='ocr_par' dir='ltr' id='par_1_11' title="bbox 603 1073 2186 1145">
     <span class='ocr_line' id='line_1_11' title="bbox 603 1073 2186 1145; baseline -0.005 -12"><span class='ocrx_word' id='word_1_71' title='bbox 603 1080 784 1134; x_wconf 86' lang='lat' dir='ltr'><strong>omnia</strong></span> <span class='ocrx_word' id='word_1_72' title='bbox 829 1077 1130 1145; x_wconf 82' lang='lat' dir='ltr'><strong>possidendi</strong></span> <span class='ocrx_word' id='word_1_73' title='bbox 1175 1086 1459 1131; x_wconf 90' lang='lat' dir='ltr'><strong>contentus</strong></span> <span class='ocrx_word' id='word_1_74' title='bbox 1486 1086 1840 1138; x_wconf 86' lang='lat' dir='ltr'><strong>sacramento,</strong></span> <span class='ocrx_word' id='word_1_75' title='bbox 1875 1088 2001 1145; x_wconf 79' lang='lat' dir='ltr'><strong>erga</strong></span> <span class='ocrx_word' id='word_1_76' title='bbox 2042 1073 2186 1126; x_wconf 77' lang='lat' dir='ltr'><strong>solas</strong></span> 
     </span>
    </p>
   </div>
   <div class='ocr_carea' id='block_1_12' title="bbox 601 1164 2188 1239">
    <p class='ocr_par' dir='ltr' id='par_1_12' title="bbox 601 1164 2188 1239">
     <span class='ocr_line' id='line_1_12' title="bbox 601 1164 2188 1239; baseline -0.006 -14"><span class='ocrx_word' id='word_1_77' title='bbox 601 1171 876 1239; x_wconf 64' lang='lat' dir='ltr'><strong>sapientiae</strong></span> <span class='ocrx_word' id='word_1_78' title='bbox 905 1170 1118 1224; x_wconf 76' lang='lat' dir='ltr'><strong>divitias</strong></span> <span class='ocrx_word' id='word_1_79' title='bbox 1158 1183 1351 1222; x_wconf 84' lang='lat' dir='ltr'><strong>avarus</strong></span> <span class='ocrx_word' id='word_1_80' title='bbox 1393 1175 1448 1221; x_wconf 91' lang='lat' dir='ltr'><strong>et</strong></span> <span class='ocrx_word' id='word_1_81' title='bbox 1490 1167 1710 1222; x_wconf 90' lang='lat' dir='ltr'><strong>multum</strong></span> <span class='ocrx_word' id='word_1_82' title='bbox 1753 1165 1978 1235; x_wconf 92' lang='lat' dir='ltr'><strong>cupidus</strong></span> <span class='ocrx_word' id='word_1_83' title='bbox 2020 1164 2188 1218; x_wconf 70' lang='lat' dir='ltr'><strong>inlim-</strong></span> 
     </span>
    </p>
   </div>
   <div class='ocr_carea' id='block_1_13' title="bbox 598 1256 2184 1330">
    <p class='ocr_par' dir='ltr' id='par_1_13' title="bbox 598 1256 2184 1330">
     <span class='ocr_line' id='line_1_13' title="bbox 598 1256 2184 1330; baseline -0.004 -13"><span class='ocrx_word' id='word_1_84' title='bbox 598 1263 771 1317; x_wconf 86' lang='lat' dir='ltr'><strong>rehat.</strong></span> <span class='ocrx_word' id='word_1_85' title='bbox 808 1261 900 1317; x_wconf 87' lang='lat' dir='ltr'><strong>Ille</strong></span> <span class='ocrx_word' id='word_1_86' title='bbox 929 1261 1076 1316; x_wconf 82' lang='lat' dir='ltr'><strong>coire</strong></span> <span class='ocrx_word' id='word_1_87' title='bbox 1118 1263 1298 1330; x_wconf 80' lang='lat' dir='ltr'><strong>plures</strong></span> <span class='ocrx_word' id='word_1_88' title='bbox 1341 1259 1396 1313; x_wconf 89' lang='lat' dir='ltr'><strong>in</strong></span> <span class='ocrx_word' id='word_1_89' title='bbox 1424 1274 1610 1323; x_wconf 89' lang='lat' dir='ltr'><strong>unum,</strong></span> <span class='ocrx_word' id='word_1_90' title='bbox 1644 1265 1696 1311; x_wconf 91' lang='lat' dir='ltr'><strong>ct</strong></span> <span class='ocrx_word' id='word_1_91' title='bbox 1745 1257 1827 1310; x_wconf 91' lang='lat' dir='ltr'><strong>sui</strong></span> <span class='ocrx_word' id='word_1_92' title='bbox 1877 1256 2104 1310; x_wconf 80' lang='lat' dir='ltr'><strong>invicem</strong></span> <span class='ocrx_word' id='word_1_93' title='bbox 2133 1256 2184 1310; x_wconf 93' lang='lat' dir='ltr'><strong>in</strong></span> 
     </span>
    </p>
   </div>
   <div class='ocr_carea' id='block_1_14' title="bbox 599 1346 2182 1405">
    <p class='ocr_par' dir='ltr' id='par_1_14' title="bbox 599 1346 2182 1405">
     <span class='ocr_line' id='line_1_14' title="bbox 599 1346 2182 1405; baseline -0.004 0"><span class='ocrx_word' id='word_1_94' title='bbox 599 1352 920 1405; x_wconf 65' lang='lat' dir='ltr'><strong>necessariis</strong></span> <span class='ocrx_word' id='word_1_95' title='bbox 953 1351 1150 1405; x_wconf 90' lang='lat' dir='ltr'><strong>habere</strong></span> <span class='ocrx_word' id='word_1_96' title='bbox 1200 1349 1614 1404; x_wconf 74' lang='lat' dir='ltr'><strong>sollicitudinem</strong></span> <span class='ocrx_word' id='word_1_97' title='bbox 1663 1347 1911 1402; x_wconf 82' lang='lat' dir='ltr'><strong>ducebat.</strong></span> <span class='ocrx_word' id='word_1_98' title='bbox 1961 1346 2060 1401; x_wconf 80' lang='lat' dir='ltr'><strong>Hic</strong></span> <span class='ocrx_word' id='word_1_99' title='bbox 2101 1346 2182 1399; x_wconf 91' lang='lat' dir='ltr'><strong>sui</strong></span> 
     </span>
    </p>
   </div>
   <div class='ocr_carea' id='block_1_15' title="bbox 599 1437 2185 1512">
    <p class='ocr_par' dir='ltr' id='par_1_15' title="bbox 599 1437 2185 1512">
     <span class='ocr_line' id='line_1_15' title="bbox 599 1437 2185 1512; baseline -0.003 -16"><span class='ocrx_word' id='word_1_100' title='bbox 599 1443 846 1512; x_wconf 89' lang='lat' dir='ltr'><strong>exemplo</strong></span> <span class='ocrx_word' id='word_1_101' title='bbox 877 1443 1018 1510; x_wconf 91' lang='lat' dir='ltr'><strong>quod</strong></span> <span class='ocrx_word' id='word_1_102' title='bbox 1052 1453 1168 1496; x_wconf 89' lang='lat' dir='ltr'><strong>erat</strong></span> <span class='ocrx_word' id='word_1_103' title='bbox 1194 1441 1471 1496; x_wconf 84' lang='lat' dir='ltr'><strong>absolutus</strong></span> <span class='ocrx_word' id='word_1_104' title='bbox 1499 1451 1552 1495; x_wconf 92' lang='lat' dir='ltr'><strong>et</strong></span> <span class='ocrx_word' id='word_1_105' title='bbox 1582 1440 1715 1494; x_wconf 85' lang='lat' dir='ltr'><strong>liber</strong></span> <span class='ocrx_word' id='word_1_106' title='bbox 1743 1437 1793 1500; x_wconf 71' lang='grc' dir='ltr'><strong>δ,</strong></span> <span class='ocrx_word' id='word_1_107' title='bbox 1831 1441 2039 1494; x_wconf 84' lang='lat' dir='ltr'><strong>cunctis</strong></span> <span class='ocrx_word' id='word_1_108' title='bbox 2067 1454 2185 1493; x_wconf 86' lang='lat' dir='ltr'><strong>scr-</strong></span> 
     </span>
    </p>
   </div>
   <div class='ocr_carea' id='block_1_16' title="bbox 600 1529 2184 1600">
    <p class='ocr_par' dir='ltr' id='par_1_16' title="bbox 600 1529 2184 1600">
     <span class='ocr_line' id='line_1_16' title="bbox 600 1529 2184 1600; baseline -0.001 -16"><span class='ocrx_word' id='word_1_109' title='bbox 600 1545 758 1585; x_wconf 90' lang='lat' dir='ltr'><strong>mone</strong></span> <span class='ocrx_word' id='word_1_110' title='bbox 798 1532 1106 1600; x_wconf 76' lang='lat' dir='ltr'><strong>Apostolico</strong></span> <span class='ocrx_word' id='word_1_111' title='bbox 1138 1533 1461 1600; x_wconf 65' lang='lat' dir='ltr'><strong>praedicabat</strong></span> <span class='ocrx_word' id='word_1_112' title='bbox 1508 1547 1522 1584; x_wconf 89' lang='lat'><strong>:</strong></span> <span class='ocrx_word' id='word_1_113' title='bbox 1569 1529 1683 1600; x_wconf 84' lang='lat' dir='ltr'><strong>Ego</strong></span> <span class='ocrx_word' id='word_1_114' title='bbox 1727 1539 1898 1584; x_wconf 76' lang='lat' dir='ltr'><strong>autem</strong></span> <span class='ocrx_word' id='word_1_115' title='bbox 1945 1530 2059 1584; x_wconf 77' lang='lat' dir='ltr'><strong>volo</strong></span> <span class='ocrx_word' id='word_1_116' title='bbox 2101 1546 2184 1582; x_wconf 82' lang='lat' dir='ltr'><strong>ros</strong></span> 
     </span>
    </p>
   </div>
   <div class='ocr_carea' id='block_1_17' title="bbox 599 1621 2182 1696">
    <p class='ocr_par' dir='ltr' id='par_1_17' title="bbox 599 1621 2182 1696">
     <span class='ocr_line' id='line_1_17' title="bbox 599 1621 2182 1696; baseline 0 -21"><span class='ocrx_word' id='word_1_117' title='bbox 599 1623 715 1675; x_wconf 83' lang='lat' dir='ltr'><strong>sine</strong></span> <span class='ocrx_word' id='word_1_118' title='bbox 740 1623 1096 1677; x_wconf 69' lang='lat' dir='ltr'><strong>sollicitudine</strong></span> <span class='ocrx_word' id='word_1_119' title='bbox 1139 1640 1248 1677; x_wconf 84' lang='lat' dir='ltr'><strong>esse</strong></span> <span class='ocrx_word' id='word_1_120' title='bbox 1287 1623 1368 1696; x_wconf 86' lang='grc' dir='ltr'><strong>(Ι.</strong></span> <span class='ocrx_word' id='word_1_121' title='bbox 1401 1622 1522 1676; x_wconf 86' lang='lat' dir='ltr'><strong>Cor.</strong></span> <span class='ocrx_word' id='word_1_122' title='bbox 1557 1625 1608 1676; x_wconf 87' lang='grc'><strong>7.</strong></span> <span class='ocrx_word' id='word_1_123' title='bbox 1647 1621 1790 1687; x_wconf 72' lang='grc'><strong>52.);</strong></span> <span class='ocrx_word' id='word_1_124' title='bbox 1832 1632 1887 1676; x_wconf 92' lang='lat' dir='ltr'><strong>et</strong></span> <span class='ocrx_word' id='word_1_125' title='bbox 1933 1621 2182 1676; x_wconf 77' lang='lat' dir='ltr'><strong>Dominus</strong></span> 
     </span>
    </p>
   </div>
   <div class='ocr_carea' id='block_1_18' title="bbox 599 1715 2179 1786">
    <p class='ocr_par' dir='ltr' id='par_1_18' title="bbox 599 1715 2179 1786">
     <span class='ocr_line' id='line_1_18' title="bbox 599 1715 2179 1786; baseline 0.002 -20"><span class='ocrx_word' id='word_1_126' title='bbox 599 1715 652 1766; x_wconf 84' lang='lat' dir='ltr'><strong>in</strong></span> <span class='ocrx_word' id='word_1_127' title='bbox 677 1717 914 1786; x_wconf 65' lang='lat' dir='ltr'><strong>proximo</strong></span> <span class='ocrx_word' id='word_1_128' title='bbox 938 1725 1012 1770; x_wconf 85' lang='lat' dir='ltr'><strong>est</strong></span> <span class='ocrx_word' id='word_1_129' title='bbox 1037 1730 1054 1769; x_wconf 89' lang='lat'><strong><em>:</em></strong></span> <span class='ocrx_word' id='word_1_130' title='bbox 1079 1715 1208 1770; x_wconf 85' lang='lat' dir='ltr'><strong>nihil</strong></span> <span class='ocrx_word' id='word_1_131' title='bbox 1237 1716 1450 1770; x_wconf 89' lang='lat' dir='ltr'><strong>solliciti</strong></span> <span class='ocrx_word' id='word_1_132' title='bbox 1473 1717 1611 1780; x_wconf 87' lang='lat' dir='ltr'><strong>sitis,</strong></span> <span class='ocrx_word' id='word_1_133' title='bbox 1635 1715 1728 1770; x_wconf 90' lang='lat' dir='ltr'><strong>sed</strong></span> <span class='ocrx_word' id='word_1_134' title='bbox 1761 1725 2009 1783; x_wconf 84' lang='lat' dir='ltr'><strong>tanquam</strong></span> <span class='ocrx_word' id='word_1_135' title='bbox 2031 1716 2179 1769; x_wconf 90' lang='lat' dir='ltr'><strong>servi</strong></span> 
     </span>
    </p>
   </div>
   <div class='ocr_carea' id='block_1_19' title="bbox 2294 515 3879 587">
    <p class='ocr_par' dir='ltr' id='par_1_19' title="bbox 2294 515 3879 587">
     <span class='ocr_line' id='line_1_19' title="bbox 2294 515 3879 587; baseline 0.006 -18"><span class='ocrx_word' id='word_1_136' title='bbox 2294 530 2362 569; x_wconf 90' lang='lat' dir='ltr'><strong>ne</strong></span> <span class='ocrx_word' id='word_1_137' title='bbox 2392 517 2550 571; x_wconf 91' lang='lat' dir='ltr'><strong>etiam</strong></span> <span class='ocrx_word' id='word_1_138' title='bbox 2579 517 2703 586; x_wconf 84' lang='lat' dir='ltr'><strong>ipsi,</strong></span> <span class='ocrx_word' id='word_1_139' title='bbox 2735 524 2789 569; x_wconf 91' lang='lat' dir='ltr'><strong>et</strong></span> <span class='ocrx_word' id='word_1_140' title='bbox 2812 515 3033 586; x_wconf 89' lang='lat' dir='ltr'><strong>quidem</strong></span> <span class='ocrx_word' id='word_1_141' title='bbox 3062 517 3229 572; x_wconf 93' lang='lat' dir='ltr'><strong>multo</strong></span> <span class='ocrx_word' id='word_1_142' title='bbox 3247 518 3440 587; x_wconf 87' lang='lat' dir='ltr'><strong>justius</strong></span> <span class='ocrx_word' id='word_1_143' title='bbox 3464 521 3714 579; x_wconf 80' lang='lat' dir='ltr'><strong>similiter</strong></span> <span class='ocrx_word' id='word_1_144' title='bbox 3736 523 3879 582; x_wconf 84' lang='lat' dir='ltr'><strong>lute-</strong></span> 
     </span>
    </p>
   </div>
   <div class='ocr_carea' id='block_1_20' title="bbox 2291 606 3865 682">
    <p class='ocr_par' dir='ltr' id='par_1_20' title="bbox 2291 606 3865 682">
     <span class='ocr_line' id='line_1_20' title="bbox 2291 606 3865 682; baseline 0.004 -23"><span class='ocrx_word' id='word_1_145' title='bbox 2291 606 2480 661; x_wconf 91' lang='lat' dir='ltr'><strong>rirent.</strong></span> <span class='ocrx_word' id='word_1_146' title='bbox 2516 608 2602 663; x_wconf 91' lang='lat' dir='ltr'><strong>Sic</strong></span> <span class='ocrx_word' id='word_1_147' title='bbox 2633 607 2849 674; x_wconf 88' lang='lat' dir='ltr'><strong>accidit,</strong></span> <span class='ocrx_word' id='word_1_148' title='bbox 2894 619 2950 661; x_wconf 94' lang='lat' dir='ltr'><strong>ut</strong></span> <span class='ocrx_word' id='word_1_149' title='bbox 2999 625 3119 662; x_wconf 82' lang='lat' dir='ltr'><strong>cum</strong></span> <span class='ocrx_word' id='word_1_150' title='bbox 3167 625 3354 663; x_wconf 81' lang='lat' dir='ltr'><strong>omnes</strong></span> <span class='ocrx_word' id='word_1_151' title='bbox 3387 613 3679 668; x_wconf 88' lang='lat' dir='ltr'><strong>catholicos</strong></span> <span class='ocrx_word' id='word_1_152' title='bbox 3709 629 3865 682; x_wconf 80' lang='lat' dir='ltr'><strong>expu-</strong></span> 
     </span>
    </p>
   </div>
   <div class='ocr_carea' id='block_1_21' title="bbox 2291 698 3872 771">
    <p class='ocr_par' dir='ltr' id='par_1_21' title="bbox 2291 698 3872 771">
     <span class='ocr_line' id='line_1_21' title="bbox 2291 698 3872 771; baseline 0.006 -19"><span class='ocrx_word' id='word_1_153' title='bbox 2291 698 2413 752; x_wconf 90' lang='lat' dir='ltr'><strong>lerit</strong></span> <span class='ocrx_word' id='word_1_154' title='bbox 2443 698 2549 770; x_wconf 79' lang='grc' dir='ltr'><strong>[Αι.</strong></span> <span class='ocrx_word' id='word_1_155' title='bbox 2582 699 2897 771; x_wconf 78' lang='lat' dir='ltr'><strong>expelleret]</strong></span> <span class='ocrx_word' id='word_1_156' title='bbox 2943 700 3161 768; x_wconf 71' lang='lat' dir='ltr'><strong>Va’ens,</strong></span> <span class='ocrx_word' id='word_1_157' title='bbox 3207 705 3428 758; x_wconf 55' lang='lat' dir='ltr'><strong>Ba~ilius</strong></span> <span class='ocrx_word' id='word_1_158' title='bbox 3466 723 3630 765; x_wconf 53' lang='lat' dir='ltr'><strong>usque</strong></span> <span class='ocrx_word' id='word_1_159' title='bbox 3659 711 3725 761; x_wconf 88' lang='lat' dir='ltr'><strong>ad</strong></span> <span class='ocrx_word' id='word_1_160' title='bbox 3756 711 3872 761; x_wconf 75' lang='lat' dir='ltr'><strong>vita-</strong></span> 
     </span>
    </p>
   </div>
   <div class='ocr_carea' id='block_1_22' title="bbox 2290 788 3870 854">
    <p class='ocr_par' dir='ltr' id='par_1_22' title="bbox 2290 788 3870 854">
     <span class='ocr_line' id='line_1_22' title="bbox 2290 788 3870 854; baseline 0.009 -14"><span class='ocrx_word' id='word_1_161' title='bbox 2290 789 2490 842; x_wconf 88' lang='lat' dir='ltr'><strong>exitum</strong></span> <span class='ocrx_word' id='word_1_162' title='bbox 2523 788 2845 844; x_wconf 89' lang='lat' dir='ltr'><strong>intemerato</strong></span> <span class='ocrx_word' id='word_1_163' title='bbox 2878 794 3274 846; x_wconf 76' lang='lat' dir='ltr'><strong>communionis</strong></span> <span class='ocrx_word' id='word_1_164' title='bbox 3316 808 3653 848; x_wconf 72' lang='lat' dir='ltr'><strong>Sacramenta</strong></span> <span class='ocrx_word' id='word_1_165' title='bbox 3685 799 3738 850; x_wconf 94' lang='lat' dir='ltr'><strong>in</strong></span> <span class='ocrx_word' id='word_1_166' title='bbox 3771 799 3870 854; x_wconf 84' lang='lat' dir='ltr'><strong>Ec-</strong></span> 
     </span>
    </p>
   </div>
   <div class='ocr_carea' id='block_1_23' title="bbox 2290 878 3871 956">
    <p class='ocr_par' dir='ltr' id='par_1_23' title="bbox 2290 878 3871 956">
     <span class='ocr_line' id='line_1_23' title="bbox 2290 878 3871 956; baseline 0.008 -24"><span class='ocrx_word' id='word_1_167' title='bbox 2290 878 2454 933; x_wconf 87' lang='lat' dir='ltr'><strong>clesia</strong></span> <span class='ocrx_word' id='word_1_168' title='bbox 2484 881 2822 949; x_wconf 87' lang='lat' dir='ltr'><strong>perduraret.</strong></span> <span class='ocrx_word' id='word_1_169' title='bbox 2855 881 3146 952; x_wconf 72' lang='lat' dir='ltr'><strong>Gregorius</strong></span> <span class='ocrx_word' id='word_1_170' title='bbox 3179 899 3308 939; x_wconf 87' lang='lat' dir='ltr'><strong>vero</strong></span> <span class='ocrx_word' id='word_1_171' title='bbox 3348 888 3485 956; x_wconf 88' lang='lat' dir='ltr'><strong>apud</strong></span> <span class='ocrx_word' id='word_1_172' title='bbox 3519 895 3543 934; x_wconf 77' lang='lat' dir='ltr'><strong>I</strong></span> <span class='ocrx_word' id='word_1_173' title='bbox 3572 889 3871 944; x_wconf 75' lang='lat' dir='ltr'><strong>Nazianzon</strong></span> 
     </span>
    </p>
   </div>
   <div class='ocr_carea' id='block_1_24' title="bbox 2290 972 3874 1048">
    <p class='ocr_par' dir='ltr' id='par_1_24' title="bbox 2290 972 3874 1048">
     <span class='ocr_line' id='line_1_24' title="bbox 2290 972 3874 1048; baseline 0.007 -24"><span class='ocrx_word' id='word_1_174' title='bbox 2290 972 2542 1043; x_wconf 85' lang='lat' dir='ltr'><strong>oppidum</strong></span> <span class='ocrx_word' id='word_1_175' title='bbox 2577 973 2630 1026; x_wconf 93' lang='lat' dir='ltr'><strong>in</strong></span> <span class='ocrx_word' id='word_1_176' title='bbox 2678 973 2851 1028; x_wconf 94' lang='lat' dir='ltr'><strong>locum</strong></span> <span class='ocrx_word' id='word_1_177' title='bbox 2884 976 3050 1044; x_wconf 87' lang='lat' dir='ltr'><strong>patris</strong></span> <span class='ocrx_word' id='word_1_178' title='bbox 3081 977 3378 1046; x_wconf 65' lang='lat' dir='ltr'><strong>Episcopus</strong></span> <span class='ocrx_word' id='word_1_179' title='bbox 3407 979 3722 1048; x_wconf 70' lang='lat' dir='ltr'><strong>subrogatus</strong></span> <span class='ocrx_word' id='word_1_180' title='bbox 3768 985 3874 1035; x_wconf 71' lang='lat' dir='ltr'><strong>tiae-</strong></span> 
     </span>
    </p>
   </div>
   <div class='ocr_carea' id='block_1_25' title="bbox 2289 1065 3869 1138">
    <p class='ocr_par' dir='ltr' id='par_1_25' title="bbox 2289 1065 3869 1138">
     <span class='ocr_line' id='line_1_25' title="bbox 2289 1065 3869 1138; baseline 0.005 -20"><span class='ocrx_word' id='word_1_181' title='bbox 2289 1065 2578 1118; x_wconf 86' lang='lat' dir='ltr'><strong>reticorum</strong></span> <span class='ocrx_word' id='word_1_182' title='bbox 2605 1065 2868 1120; x_wconf 88' lang='lat' dir='ltr'><strong>turbinem</strong></span> <span class='ocrx_word' id='word_1_183' title='bbox 2891 1066 3121 1122; x_wconf 74' lang='lat' dir='ltr'><strong>ﬁdeliter</strong></span> <span class='ocrx_word' id='word_1_184' title='bbox 3142 1068 3282 1121; x_wconf 87' lang='lat' dir='ltr'><strong>tulit.</strong></span> <span class='ocrx_word' id='word_1_185' title='bbox 3309 1067 3533 1122; x_wconf 79' lang='lat' dir='ltr'><strong>Reddita</strong></span> <span class='ocrx_word' id='word_1_186' title='bbox 3565 1085 3694 1125; x_wconf 86' lang='lat' dir='ltr'><strong>vero</strong></span> <span class='ocrx_word' id='word_1_187' title='bbox 3721 1086 3869 1138; x_wconf 86' lang='lat' dir='ltr'><strong>pace,</strong></span> 
     </span>
    </p>
   </div>
   <div class='ocr_carea' id='block_1_26' title="bbox 2288 1151 3872 1223">
    <p class='ocr_par' dir='ltr' id='par_1_26' title="bbox 2288 1151 3872 1223">
     <span class='ocr_line' id='line_1_26' title="bbox 2288 1151 3872 1223; baseline 0.007 -17"><span class='ocrx_word' id='word_1_188' title='bbox 2288 1151 2803 1223; x_wconf 82' lang='lat' dir='ltr'><strong>Constantinopolim</strong></span> <span class='ocrx_word' id='word_1_189' title='bbox 2853 1155 2920 1210; x_wconf 86' lang='lat' dir='ltr'><strong>ad</strong></span> <span class='ocrx_word' id='word_1_190' title='bbox 2977 1157 3276 1212; x_wconf 80' lang='lat' dir='ltr'><strong>Ecclesiam</strong></span> <span class='ocrx_word' id='word_1_191' title='bbox 3327 1159 3626 1214; x_wconf 92' lang='lat' dir='ltr'><strong>docendam</strong></span> <span class='ocrx_word' id='word_1_192' title='bbox 3688 1176 3872 1217; x_wconf 76' lang='lat' dir='ltr'><strong>venre</strong></span> 
     </span>
    </p>
   </div>
   <div class='ocr_carea' id='block_1_27' title="bbox 2291 1239 3869 1318">
    <p class='ocr_par' dir='ltr' id='par_1_27' title="bbox 2291 1239 3869 1318">
     <span class='ocr_line' id='line_1_27' title="bbox 2291 1239 3869 1318; baseline 0.007 -21"><span class='ocrx_word' id='word_1_193' title='bbox 2291 1239 2319 1278; x_wconf 78' lang='grc'><strong>¹³</strong></span> <span class='ocrx_word' id='word_1_194' title='bbox 2352 1255 2624 1308; x_wconf 75' lang='lat' dir='ltr'><strong>exoratus,</strong></span> <span class='ocrx_word' id='word_1_195' title='bbox 2669 1260 2772 1300; x_wconf 91' lang='lat' dir='ltr'><strong>non</strong></span> <span class='ocrx_word' id='word_1_196' title='bbox 2815 1247 3022 1302; x_wconf 89' lang='lat' dir='ltr'><strong>abnuit.</strong></span> <span class='ocrx_word' id='word_1_197' title='bbox 3058 1247 3158 1303; x_wconf 84' lang='lat' dir='ltr'><strong>Ubi</strong></span> <span class='ocrx_word' id='word_1_198' title='bbox 3204 1249 3349 1304; x_wconf 86' lang='lat' dir='ltr'><strong>brevi</strong></span> <span class='ocrx_word' id='word_1_199' title='bbox 3391 1259 3630 1318; x_wconf 88' lang='lat' dir='ltr'><strong>tempore</strong></span> <span class='ocrx_word' id='word_1_200' title='bbox 3669 1261 3869 1308; x_wconf 88' lang='lat' dir='ltr'><strong>tantum</strong></span> 
     </span>
    </p>
   </div>
   <div class='ocr_carea' id='block_1_28' title="bbox 2288 1333 3868 1407">
    <p class='ocr_par' dir='ltr' id='par_1_28' title="bbox 2288 1333 3868 1407">
     <span class='ocr_line' id='line_1_28' title="bbox 2288 1333 3868 1407; baseline 0.007 -19"><span class='ocrx_word' id='word_1_201' title='bbox 2288 1333 2354 1388; x_wconf 92' lang='lat' dir='ltr'><strong>ad</strong></span> <span class='ocrx_word' id='word_1_202' title='bbox 2379 1335 2776 1391; x_wconf 76' lang='lat' dir='ltr'><strong>emendandum</strong></span> <span class='ocrx_word' id='word_1_203' title='bbox 2822 1340 3078 1407; x_wconf 89' lang='lat' dir='ltr'><strong>populum</strong></span> <span class='ocrx_word' id='word_1_204' title='bbox 3119 1341 3342 1395; x_wconf 79' lang='lat' dir='ltr'><strong>vetustis</strong></span> <span class='ocrx_word' id='word_1_205' title='bbox 3383 1341 3753 1398; x_wconf 65' lang='lat' dir='ltr'><strong>haereticorum</strong></span> <span class='ocrx_word' id='word_1_206' title='bbox 3784 1343 3868 1398; x_wconf 85' lang='lat' dir='ltr'><strong>iu-</strong></span> 
     </span>
    </p>
   </div>
   <div class='ocr_carea' id='block_1_29' title="bbox 2287 1424 3869 1503">
    <p class='ocr_par' dir='ltr' id='par_1_29' title="bbox 2287 1424 3869 1503">
     <span class='ocr_line' id='line_1_29' title="bbox 2287 1424 3869 1503; baseline 0.009 -24"><span class='ocrx_word' id='word_1_207' title='bbox 2287 1424 2485 1480; x_wconf 83' lang='lat' dir='ltr'><strong>fectnm</strong></span> <span class='ocrx_word' id='word_1_208' title='bbox 2515 1429 2737 1484; x_wconf 89' lang='lat' dir='ltr'><strong>venenis</strong></span> <span class='ocrx_word' id='word_1_209' title='bbox 2777 1427 2793 1467; x_wconf 76' lang='grc' dir='ltr'>ί</span> <span class='ocrx_word' id='word_1_210' title='bbox 2833 1430 3060 1500; x_wconf 83' lang='lat' dir='ltr'><strong>proficit,</strong></span> <span class='ocrx_word' id='word_1_211' title='bbox 3087 1443 3144 1486; x_wconf 85' lang='lat' dir='ltr'><strong>tit</strong></span> <span class='ocrx_word' id='word_1_212' title='bbox 3174 1443 3301 1488; x_wconf 92' lang='lat' dir='ltr'><strong>tunc</strong></span> <span class='ocrx_word' id='word_1_213' title='bbox 3331 1435 3559 1503; x_wconf 91' lang='lat' dir='ltr'><strong>primum</strong></span> <span class='ocrx_word' id='word_1_214' title='bbox 3583 1435 3869 1494; x_wconf 70' lang='lat' dir='ltr'><strong>Christiani</strong></span> 
     </span>
    </p>
   </div>
   <div class='ocr_carea' id='block_1_30' title="bbox 2286 1517 3868 1588">
    <p class='ocr_par' dir='ltr' id='par_1_30' title="bbox 2286 1517 3868 1588">
     <span class='ocr_line' id='line_1_30' title="bbox 2286 1517 3868 1588; baseline 0.009 -18"><span class='ocrx_word' id='word_1_215' title='bbox 2286 1517 2389 1571; x_wconf 86' lang='lat' dir='ltr'><strong>sibi</strong></span> <span class='ocrx_word' id='word_1_216' title='bbox 2423 1518 2536 1574; x_wconf 88' lang='lat' dir='ltr'><strong>ficri</strong></span> <span class='ocrx_word' id='word_1_217' title='bbox 2567 1520 2896 1588; x_wconf 82' lang='lat' dir='ltr'><strong>viderentur,</strong></span> <span class='ocrx_word' id='word_1_218' title='bbox 2924 1534 2980 1580; x_wconf 89' lang='lat' dir='ltr'><strong>et</strong></span> <span class='ocrx_word' id='word_1_219' title='bbox 3017 1528 3282 1581; x_wconf 85' lang='lat' dir='ltr'><strong>novellam</strong></span> <span class='ocrx_word' id='word_1_220' title='bbox 3318 1528 3491 1584; x_wconf 80' lang='lat' dir='ltr'><strong>lucem</strong></span> <span class='ocrx_word' id='word_1_221' title='bbox 3517 1531 3756 1584; x_wconf 87' lang='lat' dir='ltr'><strong>veritatis</strong></span> <span class='ocrx_word' id='word_1_222' title='bbox 3784 1547 3868 1585; x_wconf 82' lang='lat' dir='ltr'><strong>as-</strong></span> 
     </span>
    </p>
   </div>
   <div class='ocr_carea' id='block_1_31' title="bbox 2287 1610 3866 1694">
    <p class='ocr_par' dir='ltr' id='par_1_31' title="bbox 2287 1610 3866 1694">
     <span class='ocr_line' id='line_1_31' title="bbox 2287 1610 3866 1694; baseline 0.011 -33"><span class='ocrx_word' id='word_1_223' title='bbox 2287 1610 2486 1679; x_wconf 87' lang='lat' dir='ltr'><strong>picere,</strong></span> <span class='ocrx_word' id='word_1_224' title='bbox 2535 1627 2663 1668; x_wconf 88' lang='lat' dir='ltr'><strong>cum</strong></span> <span class='ocrx_word' id='word_1_225' title='bbox 2712 1616 2985 1684; x_wconf 77' lang='lat' dir='ltr'><strong>religionis</strong></span> <span class='ocrx_word' id='word_1_226' title='bbox 3027 1620 3218 1674; x_wconf 87' lang='lat' dir='ltr'><strong>doctor</strong></span> <span class='ocrx_word' id='word_1_227' title='bbox 3262 1621 3425 1674; x_wconf 88' lang='lat' dir='ltr'><strong>multa</strong></span> <span class='ocrx_word' id='word_1_228' title='bbox 3455 1624 3616 1694; x_wconf 68' lang='lat'><strong>282</strong></span> <span class='ocrx_word' id='word_1_229' title='bbox 3657 1625 3866 1690; x_wconf 85' lang='lat' dir='ltr'><strong>quidem</strong></span> 
     </span>
    </p>
   </div>
   <div class='ocr_carea' id='block_1_32' title="bbox 2284 1701 3869 1782">
    <p class='ocr_par' dir='ltr' id='par_1_32' title="bbox 2284 1701 3869 1782">
     <span class='ocr_line' id='line_1_32' title="bbox 2284 1701 3869 1782; baseline 0.009 -28"><span class='ocrx_word' id='word_1_230' title='bbox 2284 1701 2486 1766; x_wconf 87' lang='lat' dir='ltr'><strong>verbis,</strong></span> <span class='ocrx_word' id='word_1_231' title='bbox 2527 1705 2676 1773; x_wconf 91' lang='lat' dir='ltr'><strong>plura</strong></span> <span class='ocrx_word' id='word_1_232' title='bbox 2712 1714 2885 1763; x_wconf 87' lang='lat' dir='ltr'><strong>tamen</strong></span> <span class='ocrx_word' id='word_1_233' title='bbox 2914 1708 3134 1764; x_wconf 90' lang='lat' dir='ltr'><strong>doceret</strong></span> <span class='ocrx_word' id='word_1_234' title='bbox 3162 1713 3422 1782; x_wconf 78' lang='lat' dir='ltr'><strong>exemplis</strong></span> <span class='ocrx_word' id='word_1_235' title='bbox 3453 1730 3466 1765; x_wconf 90' lang='lat'><strong>:</strong></span> <span class='ocrx_word' id='word_1_236' title='bbox 3497 1729 3594 1768; x_wconf 89' lang='lat' dir='ltr'><strong>nec</strong></span> <span class='ocrx_word' id='word_1_237' title='bbox 3632 1713 3869 1770; x_wconf 79' lang='lat' dir='ltr'><strong>viderent</strong></span> 
     </span>
    </p>
   </div>
   <div class='ocr_carea' id='block_1_33' title="bbox 593 1793 2179 1876">
    <p class='ocr_par' dir='ltr' id='par_1_33' title="bbox 593 1805 2179 1876">
     <span class='ocr_line' id='line_1_33' title="bbox 593 1805 2179 1876; baseline 0.002 -16"><span class='ocrx_word' id='word_1_238' title='bbox 593 1805 822 1876; x_wconf 85' lang='lat' dir='ltr'><strong>Christi,</strong></span> <span class='ocrx_word' id='word_1_239' title='bbox 871 1809 972 1862; x_wconf 87' lang='lat' dir='ltr'><strong>hoc</strong></span> <span class='ocrx_word' id='word_1_240' title='bbox 1017 1810 1188 1862; x_wconf 89' lang='lat' dir='ltr'><strong>solum</strong></span> <span class='ocrx_word' id='word_1_241' title='bbox 1229 1819 1402 1864; x_wconf 88' lang='lat' dir='ltr'><strong>estote</strong></span> <span class='ocrx_word' id='word_1_242' title='bbox 1450 1809 1692 1873; x_wconf 88' lang='lat' dir='ltr'><strong>solliciti,</strong></span> <span class='ocrx_word' id='word_1_243' title='bbox 1739 1808 1954 1875; x_wconf 86' lang='lat' dir='ltr'><strong>quando</strong></span> <span class='ocrx_word' id='word_1_244' title='bbox 2000 1809 2179 1864; x_wconf 88' lang='lat' dir='ltr'><strong>redeat</strong></span> 
     </span>
    </p>
   </div>
   <div class='ocr_carea' id='block_1_34' title="bbox 2282 1793 3868 1876">
    <p class='ocr_par' dir='ltr' id='par_1_34' title="bbox 2289 1793 3868 1875">
     <span class='ocr_line' id='line_1_34' title="bbox 2289 1793 3868 1875; baseline 0.009 -28"><span class='ocrx_word' id='word_1_245' title='bbox 2289 1793 2356 1847; x_wconf 87' lang='lat' dir='ltr'><strong>ab</strong></span> <span class='ocrx_word' id='word_1_246' title='bbox 2377 1809 2441 1848; x_wconf 89' lang='lat' dir='ltr'><strong>eo</strong></span> <span class='ocrx_word' id='word_1_247' title='bbox 2477 1795 2492 1846; x_wconf 86' lang='lat' dir='ltr'><strong>t&#39;</strong></span> <span class='ocrx_word' id='word_1_248' title='bbox 2541 1796 2817 1867; x_wconf 89' lang='lat' dir='ltr'><strong>discipulis</strong></span> <span class='ocrx_word' id='word_1_249' title='bbox 2854 1799 3056 1870; x_wconf 74' lang='lat' dir='ltr'><strong>aliquid</strong></span> <span class='ocrx_word' id='word_1_250' title='bbox 3101 1801 3374 1872; x_wconf 87' lang='lat' dir='ltr'><strong>imperari,</strong></span> <span class='ocrx_word' id='word_1_251' title='bbox 3407 1805 3548 1872; x_wconf 89' lang='lat' dir='ltr'><strong>quod</strong></span> <span class='ocrx_word' id='word_1_252' title='bbox 3587 1821 3692 1860; x_wconf 84' lang='lat' dir='ltr'><strong>nuit</strong></span> <span class='ocrx_word' id='word_1_253' title='bbox 3724 1807 3868 1875; x_wconf 89' lang='lat' dir='ltr'><strong>prius</strong></span> 
     </span>
    </p>
   </div>
   <div class='ocr_carea' id='block_1_35' title="bbox 599 1896 2177 1969">
    <p class='ocr_par' dir='ltr' id='par_1_35' title="bbox 599 1896 2177 1969">
     <span class='ocr_line' id='line_1_35' title="bbox 599 1896 2177 1969; baseline 0.002 -19"><span class='ocrx_word' id='word_1_254' title='bbox 599 1896 858 1952; x_wconf 86' lang='lat' dir='ltr'><strong>Dominus</strong></span> <span class='ocrx_word' id='word_1_255' title='bbox 887 1900 954 1954; x_wconf 87' lang='lat' dir='ltr'><strong>de</strong></span> <span class='ocrx_word' id='word_1_256' title='bbox 991 1896 1101 1968; x_wconf 74' lang='grc' dir='ltr'><strong>ΙΑΙ.</strong></span> <span class='ocrx_word' id='word_1_257' title='bbox 1135 1899 1186 1968; x_wconf 74' lang='lat' dir='ltr'><strong>al</strong></span> <span class='ocrx_word' id='word_1_258' title='bbox 1217 1901 1434 1968; x_wconf 85' lang='lat' dir='ltr'><strong>nuptiis.</strong></span> <span class='ocrx_word' id='word_1_259' title='bbox 1471 1899 1562 1954; x_wconf 89' lang='lat' dir='ltr'><strong>llle</strong></span> <span class='ocrx_word' id='word_1_260' title='bbox 1605 1899 2037 1969; x_wconf 87' lang='lat' dir='ltr'><strong>delinquentibus</strong></span> <span class='ocrx_word' id='word_1_261' title='bbox 2076 1901 2177 1953; x_wconf 87' lang='lat' dir='ltr'><strong>mi-</strong></span> 
     </span>
    </p>
   </div>
   <div class='ocr_carea' id='block_1_36' title="bbox 595 1989 2180 2054">
    <p class='ocr_par' dir='ltr' id='par_1_36' title="bbox 595 1989 2180 2054">
     <span class='ocr_line' id='line_1_36' title="bbox 595 1989 2180 2054; baseline 0.003 -12"><span class='ocrx_word' id='word_1_262' title='bbox 595 1989 941 2044; x_wconf 85' lang='lat' dir='ltr'><strong>sericorditer</strong></span> <span class='ocrx_word' id='word_1_263' title='bbox 981 1991 1288 2054; x_wconf 91' lang='lat' dir='ltr'><strong>condolere,</strong></span> <span class='ocrx_word' id='word_1_264' title='bbox 1319 2000 1373 2045; x_wconf 92' lang='lat' dir='ltr'><strong>et</strong></span> <span class='ocrx_word' id='word_1_265' title='bbox 1417 2005 1446 2044; x_wconf 89' lang='lat' dir='ltr'><strong>a</strong></span> <span class='ocrx_word' id='word_1_266' title='bbox 1491 1990 1689 2044; x_wconf 90' lang='lat' dir='ltr'><strong>delicto</strong></span> <span class='ocrx_word' id='word_1_267' title='bbox 1731 2005 1985 2046; x_wconf 89' lang='lat' dir='ltr'><strong>revocare</strong></span> <span class='ocrx_word' id='word_1_268' title='bbox 2026 2009 2040 2046; x_wconf 92' lang='lat'><strong>:</strong></span> <span class='ocrx_word' id='word_1_269' title='bbox 2093 1991 2180 2046; x_wconf 91' lang='lat' dir='ltr'><strong>hic</strong></span> 
     </span>
    </p>
   </div>
   <div class='ocr_carea' id='block_1_37' title="bbox 597 2082 2178 2152">
    <p class='ocr_par' dir='ltr' id='par_1_37' title="bbox 597 2082 2178 2152">
     <span class='ocr_line' id='line_1_37' title="bbox 597 2082 2178 2152; baseline 0.001 -16"><span class='ocrx_word' id='word_1_270' title='bbox 597 2096 693 2150; x_wconf 87' lang='lat' dir='ltr'><strong>per</strong></span> <span class='ocrx_word' id='word_1_271' title='bbox 727 2083 894 2137; x_wconf 87' lang='lat' dir='ltr'><strong>divini</strong></span> <span class='ocrx_word' id='word_1_272' title='bbox 944 2082 1140 2152; x_wconf 88' lang='lat' dir='ltr'><strong>eloquii</strong></span> <span class='ocrx_word' id='word_1_273' title='bbox 1190 2083 1414 2151; x_wconf 85' lang='lat' dir='ltr'><strong>gratiam</strong></span> <span class='ocrx_word' id='word_1_274' title='bbox 1443 2082 1790 2152; x_wconf 88' lang='lat' dir='ltr'><strong>delinquendi</strong></span> <span class='ocrx_word' id='word_1_275' title='bbox 1835 2084 2178 2147; x_wconf 82' lang='lat' dir='ltr'><strong>incitamenta</strong></span> 
     </span>
    </p>
   </div>
   <div class='ocr_carea' id='block_1_38' title="bbox 593 2172 2181 2242">
    <p class='ocr_par' dir='ltr' id='par_1_38' title="bbox 593 2172 2181 2242">
     <span class='ocr_line' id='line_1_38' title="bbox 593 2172 2181 2242; baseline 0.001 -16"><span class='ocrx_word' id='word_1_276' title='bbox 593 2172 913 2240; x_wconf 68' lang='lat' dir='ltr'><strong>praevenire,</strong></span> <span class='ocrx_word' id='word_1_277' title='bbox 945 2185 1045 2228; x_wconf 90' lang='lat' dir='ltr'><strong>nec</strong></span> <span class='ocrx_word' id='word_1_278' title='bbox 1087 2173 1266 2227; x_wconf 87' lang='lat' dir='ltr'><strong>sinere</strong></span> <span class='ocrx_word' id='word_1_279' title='bbox 1298 2173 1402 2227; x_wconf 93' lang='lat' dir='ltr'><strong>labi</strong></span> <span class='ocrx_word' id='word_1_280' title='bbox 1450 2188 1596 2237; x_wconf 86' lang='lat' dir='ltr'><strong>eum,</strong></span> <span class='ocrx_word' id='word_1_281' title='bbox 1638 2173 1730 2242; x_wconf 90' lang='lat' dir='ltr'><strong>qui</strong></span> <span class='ocrx_word' id='word_1_282' title='bbox 1761 2172 2047 2228; x_wconf 79' lang='lat' dir='ltr'><strong>difficulter</strong></span> <span class='ocrx_word' id='word_1_283' title='bbox 2073 2174 2181 2228; x_wconf 89' lang='lat' dir='ltr'><strong>cri-</strong></span> 
     </span>
    </p>
   </div>
   <div class='ocr_carea' id='block_1_39' title="bbox 589 2265 2179 2335">
    <p class='ocr_par' dir='ltr' id='par_1_39' title="bbox 589 2265 2179 2335">
     <span class='ocr_line' id='line_1_39' title="bbox 589 2265 2179 2335; baseline 0 -15"><span class='ocrx_word' id='word_1_284' title='bbox 589 2275 815 2335; x_wconf 83' lang='lat' dir='ltr'><strong>geretur</strong></span> <span class='ocrx_word' id='word_1_285' title='bbox 859 2266 1048 2321; x_wconf 90' lang='lat' dir='ltr'><strong>elisus.</strong></span> <span class='ocrx_word' id='word_1_286' title='bbox 1089 2265 1180 2321; x_wconf 91' lang='lat' dir='ltr'><strong>llle</strong></span> <span class='ocrx_word' id='word_1_287' title='bbox 1229 2265 1280 2320; x_wconf 89' lang='lat' dir='ltr'><strong>in</strong></span> <span class='ocrx_word' id='word_1_288' title='bbox 1320 2265 1422 2322; x_wconf 82' lang='lat' dir='ltr'><strong>(ide</strong></span> <span class='ocrx_word' id='word_1_289' title='bbox 1449 2280 1635 2335; x_wconf 88' lang='lat' dir='ltr'><strong>purus,</strong></span> <span class='ocrx_word' id='word_1_290' title='bbox 1667 2266 1756 2322; x_wconf 88' lang='lat' dir='ltr'><strong>hic</strong></span> <span class='ocrx_word' id='word_1_291' title='bbox 1785 2276 1806 2305; x_wconf 74' lang='grc' dir='ltr'><strong>ο</strong></span> <span class='ocrx_word' id='word_1_292' title='bbox 1837 2266 1888 2320; x_wconf 92' lang='lat' dir='ltr'><strong>in</strong></span> <span class='ocrx_word' id='word_1_293' title='bbox 1922 2265 2179 2335; x_wconf 68' lang='lat' dir='ltr'><strong>praedica-</strong></span> 
     </span>
    </p>
   </div>
   <div class='ocr_carea' id='block_1_40' title="bbox 590 2354 2176 2428">
    <p class='ocr_par' dir='ltr' id='par_1_40' title="bbox 590 2354 2176 2428">
     <span class='ocr_line' id='line_1_40' title="bbox 590 2354 2176 2428; baseline 0.003 -20"><span class='ocrx_word' id='word_1_294' title='bbox 590 2354 737 2410; x_wconf 89' lang='lat' dir='ltr'><strong>tione</strong></span> <span class='ocrx_word' id='word_1_295' title='bbox 785 2355 1025 2412; x_wconf 89' lang='lat' dir='ltr'><strong>liberior.</strong></span> <span class='ocrx_word' id='word_1_296' title='bbox 1072 2357 1234 2428; x_wconf 71' lang='lat'><strong>281</strong></span> <span class='ocrx_word' id='word_1_297' title='bbox 1289 2356 1382 2412; x_wconf 85' lang='lat' dir='ltr'><strong>ille</strong></span> <span class='ocrx_word' id='word_1_298' title='bbox 1427 2356 1540 2412; x_wconf 84' lang='lat' dir='ltr'><strong>Deo</strong></span> <span class='ocrx_word' id='word_1_299' title='bbox 1589 2356 1827 2421; x_wconf 88' lang='lat' dir='ltr'><strong>humilis,</strong></span> <span class='ocrx_word' id='word_1_300' title='bbox 1881 2357 1969 2413; x_wconf 89' lang='lat' dir='ltr'><strong>hic</strong></span> <span class='ocrx_word' id='word_1_301' title='bbox 2015 2358 2176 2412; x_wconf 89' lang='lat' dir='ltr'><strong>etiam</strong></span> 
     </span>
    </p>
   </div>
   <div class='ocr_carea' id='block_1_41' title="bbox 593 2447 2180 2518">
    <p class='ocr_par' dir='ltr' id='par_1_41' title="bbox 593 2447 2180 2518">
     <span class='ocr_line' id='line_1_41' title="bbox 593 2447 2180 2518; baseline 0.002 -18"><span class='ocrx_word' id='word_1_302' title='bbox 593 2447 902 2503; x_wconf 90' lang='lat' dir='ltr'><strong>hominibus</strong></span> <span class='ocrx_word' id='word_1_303' title='bbox 923 2457 1060 2502; x_wconf 90' lang='lat' dir='ltr'><strong>erat.</strong></span> <span class='ocrx_word' id='word_1_304' title='bbox 1086 2449 1180 2504; x_wconf 91' lang='lat' dir='ltr'><strong>llle</strong></span> <span class='ocrx_word' id='word_1_305' title='bbox 1204 2458 1516 2518; x_wconf 91' lang='lat' dir='ltr'><strong>arrogantes</strong></span> <span class='ocrx_word' id='word_1_306' title='bbox 1539 2457 1836 2512; x_wconf 88' lang='lat' dir='ltr'><strong>contemtu,</strong></span> <span class='ocrx_word' id='word_1_307' title='bbox 1865 2447 1952 2502; x_wconf 90' lang='lat' dir='ltr'><strong>hic</strong></span> <span class='ocrx_word' id='word_1_308' title='bbox 1974 2449 2180 2504; x_wconf 89' lang='lat' dir='ltr'><strong>ratione</strong></span> 
     </span>
    </p>
   </div>
   <div class='ocr_carea' id='block_1_42' title="bbox 590 2538 2179 2611">
    <p class='ocr_par' dir='ltr' id='par_1_42' title="bbox 590 2538 2179 2611">
     <span class='ocr_line' id='line_1_42' title="bbox 590 2538 2179 2611; baseline 0.003 -20"><span class='ocrx_word' id='word_1_309' title='bbox 590 2538 858 2594; x_wconf 79' lang='lat' dir='ltr'><strong>vincebat.</strong></span> <span class='ocrx_word' id='word_1_310' title='bbox 892 2540 981 2594; x_wconf 91' lang='lat' dir='ltr'><strong>Sic</strong></span> <span class='ocrx_word' id='word_1_311' title='bbox 1022 2540 1075 2594; x_wconf 92' lang='lat' dir='ltr'><strong>in</strong></span> <span class='ocrx_word' id='word_1_312' title='bbox 1121 2550 1346 2610; x_wconf 90' lang='lat' dir='ltr'><strong>utroque</strong></span> <span class='ocrx_word' id='word_1_313' title='bbox 1382 2539 1594 2595; x_wconf 85' lang='lat' dir='ltr'><strong>diversa</strong></span> <span class='ocrx_word' id='word_1_314' title='bbox 1622 2542 1788 2610; x_wconf 88' lang='lat' dir='ltr'><strong>gratia</strong></span> <span class='ocrx_word' id='word_1_315' title='bbox 1841 2557 2004 2595; x_wconf 90' lang='lat' dir='ltr'><strong>unutn</strong></span> <span class='ocrx_word' id='word_1_316' title='bbox 2045 2556 2179 2611; x_wconf 87' lang='lat' dir='ltr'><strong>opus</strong></span> 
     </span>
    </p>
   </div>
   <div class='ocr_carea' id='block_1_43' title="bbox 593 2629 2180 2702">
    <p class='ocr_par' dir='ltr' id='par_1_43' title="bbox 593 2629 2180 2702">
     <span class='ocr_line' id='line_1_43' title="bbox 593 2629 2180 2702; baseline 0.003 -19"><span class='ocrx_word' id='word_1_317' title='bbox 593 2629 938 2698; x_wconf 86' lang='lat' dir='ltr'><strong>perfectioois</strong></span> <span class='ocrx_word' id='word_1_318' title='bbox 967 2632 1237 2700; x_wconf 82' lang='lat' dir='ltr'><strong>explebat.</strong></span> <span class='ocrx_word' id='word_1_319' title='bbox 1273 2631 1436 2701; x_wconf 89' lang='lat' dir='ltr'><strong>Igitur</strong></span> <span class='ocrx_word' id='word_1_320' title='bbox 1467 2631 1691 2686; x_wconf 80' lang='lat' dir='ltr'><strong>Basilius</strong></span> <span class='ocrx_word' id='word_1_321' title='bbox 1723 2646 1830 2686; x_wconf 90' lang='lat' dir='ltr'><strong>non</strong></span> <span class='ocrx_word' id='word_1_322' title='bbox 1861 2633 2027 2686; x_wconf 91' lang='lat' dir='ltr'><strong>multo</strong></span> <span class='ocrx_word' id='word_1_323' title='bbox 2062 2644 2180 2702; x_wconf 89' lang='lat' dir='ltr'><strong>post</strong></span> 
     </span>
    </p>
   </div>
   <div class='ocr_carea' id='block_1_44' title="bbox 588 2720 2178 2794">
    <p class='ocr_par' dir='ltr' id='par_1_44' title="bbox 588 2720 2178 2794">
     <span class='ocr_line' id='line_1_44' title="bbox 588 2720 2178 2794; baseline 0.003 -19"><span class='ocrx_word' id='word_1_324' title='bbox 588 2723 851 2776; x_wconf 67' lang='lat' dir='ltr'><strong>Gazsareae</strong></span> <span class='ocrx_word' id='word_1_325' title='bbox 884 2720 1237 2791; x_wconf 76' lang='lat' dir='ltr'><strong>Cappadociae</strong></span> <span class='ocrx_word' id='word_1_326' title='bbox 1280 2724 1594 2794; x_wconf 83' lang='lat' dir='ltr'><strong>Episcopus,</strong></span> <span class='ocrx_word' id='word_1_327' title='bbox 1626 2738 1747 2778; x_wconf 90' lang='lat' dir='ltr'><strong>cum</strong></span> <span class='ocrx_word' id='word_1_328' title='bbox 1795 2739 1824 2779; x_wconf 94' lang='lat' dir='ltr'><strong>a</strong></span> <span class='ocrx_word' id='word_1_329' title='bbox 1873 2724 2096 2780; x_wconf 83' lang='lat' dir='ltr'><strong>Valente</strong></span> <span class='ocrx_word' id='word_1_330' title='bbox 2129 2727 2178 2779; x_wconf 91' lang='lat' dir='ltr'><strong>in</strong></span> 
     </span>
    </p>
   </div>
   <div class='ocr_carea' id='block_1_45' title="bbox 591 2813 2179 2886">
    <p class='ocr_par' dir='ltr' id='par_1_45' title="bbox 591 2813 2179 2886">
     <span class='ocr_line' id='line_1_45' title="bbox 591 2813 2179 2886; baseline 0.001 -18"><span class='ocrx_word' id='word_1_331' title='bbox 591 2814 813 2868; x_wconf 76' lang='lat' dir='ltr'><strong>exilium</strong></span> <span class='ocrx_word' id='word_1_332' title='bbox 845 2813 870 2852; x_wconf 74' lang='grc' dir='ltr'><em>ἀ</em></span> <span class='ocrx_word' id='word_1_333' title='bbox 909 2831 1004 2883; x_wconf 89' lang='lat' dir='ltr'><strong>pro</strong></span> <span class='ocrx_word' id='word_1_334' title='bbox 1049 2815 1152 2868; x_wconf 87' lang='lat' dir='ltr'><strong>[ide</strong></span> <span class='ocrx_word' id='word_1_335' title='bbox 1197 2825 1498 2886; x_wconf 90' lang='lat' dir='ltr'><strong>cogeretur,</strong></span> <span class='ocrx_word' id='word_1_336' title='bbox 1547 2815 1815 2870; x_wconf 86' lang='lat' dir='ltr'><strong>exhibitus</strong></span> <span class='ocrx_word' id='word_1_337' title='bbox 1862 2825 1944 2871; x_wconf 91' lang='lat' dir='ltr'><strong>est</strong></span> <span class='ocrx_word' id='word_1_338' title='bbox 1985 2815 2053 2869; x_wconf 93' lang='lat' dir='ltr'><strong>ad</strong></span> <span class='ocrx_word' id='word_1_339' title='bbox 2082 2816 2179 2869; x_wconf 89' lang='lat' dir='ltr'><strong>tri-</strong></span> 
     </span>
    </p>
   </div>
   <div class='ocr_carea' id='block_1_46' title="bbox 593 2907 2178 2980">
    <p class='ocr_par' dir='ltr' id='par_1_46' title="bbox 593 2907 2178 2980">
     <span class='ocr_line' id='line_1_46' title="bbox 593 2907 2178 2980; baseline 0 -18"><span class='ocrx_word' id='word_1_340' title='bbox 593 2907 754 2962; x_wconf 92' lang='lat' dir='ltr'><strong>bunal</strong></span> <span class='ocrx_word' id='word_1_341' title='bbox 786 2907 1056 2972; x_wconf 61' lang='lat' dir='ltr'><strong>Prmfecti,</strong></span> <span class='ocrx_word' id='word_1_342' title='bbox 1091 2909 1490 2978; x_wconf 78' lang='lat' dir='ltr'><strong>terroribusque</strong></span> <span class='ocrx_word' id='word_1_343' title='bbox 1519 2910 1601 2976; x_wconf 92' lang='lat' dir='ltr'><strong>(ut</strong></span> <span class='ocrx_word' id='word_1_344' title='bbox 1633 2909 1710 2964; x_wconf 92' lang='lat' dir='ltr'><strong>illi</strong></span> <span class='ocrx_word' id='word_1_345' title='bbox 1753 2909 1918 2964; x_wconf 90' lang='lat' dir='ltr'><strong>moris</strong></span> <span class='ocrx_word' id='word_1_346' title='bbox 1945 2917 2028 2964; x_wconf 89' lang='lat' dir='ltr'><strong>est</strong></span> <span class='ocrx_word' id='word_1_347' title='bbox 2070 2907 2178 2980; x_wconf 78' lang='grc' dir='ltr'><strong>[Αι.</strong></span> 
     </span>
    </p>
   </div>
   <div class='ocr_carea' id='block_1_47' title="bbox 593 2998 2179 3075">
    <p class='ocr_par' dir='ltr' id='par_1_47' title="bbox 593 2998 2179 3075">
     <span class='ocr_line' id='line_1_47' title="bbox 593 2998 2179 3075; baseline 0.001 -21"><span class='ocrx_word' id='word_1_348' title='bbox 593 2998 732 3072; x_wconf 86' lang='lat' dir='ltr'><strong>erat]</strong></span> <span class='ocrx_word' id='word_1_349' title='bbox 752 3003 1018 3069; x_wconf 88' lang='lat' dir='ltr'><strong>potestati)</strong></span> <span class='ocrx_word' id='word_1_350' title='bbox 1037 3011 1089 3056; x_wconf 90' lang='lat' dir='ltr'><strong>et</strong></span> <span class='ocrx_word' id='word_1_351' title='bbox 1115 3001 1275 3055; x_wconf 86' lang='lat' dir='ltr'><strong>minis</strong></span> <span class='ocrx_word' id='word_1_352' title='bbox 1301 3002 1546 3055; x_wconf 77' lang='lat' dir='ltr'><strong>maximis</strong></span> <span class='ocrx_word' id='word_1_353' title='bbox 1571 3002 1653 3071; x_wconf 92' lang='lat' dir='ltr'><strong>agi</strong></span> <span class='ocrx_word' id='word_1_354' title='bbox 1676 3005 1854 3071; x_wconf 64' lang='lat' dir='ltr'><strong>cepit,</strong></span> <span class='ocrx_word' id='word_1_355' title='bbox 1879 3010 1934 3056; x_wconf 94' lang='lat' dir='ltr'><strong>ut</strong></span> <span class='ocrx_word' id='word_1_356' title='bbox 1955 3001 2064 3075; x_wconf 82' lang='lat' dir='ltr'><strong>[AL</strong></span> <span class='ocrx_word' id='word_1_357' title='bbox 2103 3001 2179 3074; x_wconf 88' lang='lat' dir='ltr'><strong>et]</strong></span> 
     </span>
    </p>
   </div>
   <div class='ocr_carea' id='block_1_48' title="bbox 594 3091 2175 3161">
    <p class='ocr_par' dir='ltr' id='par_1_48' title="bbox 594 3091 2175 3161">
     <span class='ocr_line' id='line_1_48' title="bbox 594 3091 2175 3161; baseline 0.001 -16"><span class='ocrx_word' id='word_1_358' title='bbox 594 3091 697 3145; x_wconf 90' lang='lat' dir='ltr'><strong>nisi</strong></span> <span class='ocrx_word' id='word_1_359' title='bbox 731 3092 1018 3160; x_wconf 73' lang='lat' dir='ltr'><strong>praceptis</strong></span> <span class='ocrx_word' id='word_1_360' title='bbox 1051 3091 1310 3161; x_wconf 87' lang='lat' dir='ltr'><strong>Principis</strong></span> <span class='ocrx_word' id='word_1_361' title='bbox 1335 3091 1597 3158; x_wconf 85' lang='lat' dir='ltr'><strong>obediret,</strong></span> <span class='ocrx_word' id='word_1_362' title='bbox 1633 3093 1905 3148; x_wconf 90' lang='lat' dir='ltr'><strong>interitum</strong></span> <span class='ocrx_word' id='word_1_363' title='bbox 1933 3093 2032 3148; x_wconf 87' lang='lat' dir='ltr'><strong>sibi</strong></span> <span class='ocrx_word' id='word_1_364' title='bbox 2065 3093 2175 3161; x_wconf 89' lang='lat' dir='ltr'><strong>jam</strong></span> 
     </span>
    </p>
   </div>
   <div class='ocr_carea' id='block_1_49' title="bbox 591 3181 2178 3254">
    <p class='ocr_par' dir='ltr' id='par_1_49' title="bbox 591 3181 2178 3254">
     <span class='ocr_line' id='line_1_49' title="bbox 591 3181 2178 3254; baseline 0.004 -21"><span class='ocrx_word' id='word_1_365' title='bbox 591 3181 809 3252; x_wconf 81' lang='lat' dir='ltr'><strong>jamque</strong></span> <span class='ocrx_word' id='word_1_366' title='bbox 851 3193 1095 3252; x_wconf 83' lang='lat' dir='ltr'><strong>speraret</strong></span> <span class='ocrx_word' id='word_1_367' title='bbox 1127 3183 1458 3252; x_wconf 88' lang='lat' dir='ltr'><strong>impendere.</strong></span> <span class='ocrx_word' id='word_1_368' title='bbox 1498 3183 1634 3237; x_wconf 83' lang='lat' dir='ltr'><strong>Tum</strong></span> <span class='ocrx_word' id='word_1_369' title='bbox 1684 3191 1708 3221; x_wconf 74' lang='grc' dir='ltr'><strong><em>ο</em></strong></span> <span class='ocrx_word' id='word_1_370' title='bbox 1741 3183 1832 3238; x_wconf 92' lang='lat' dir='ltr'><strong>ille</strong></span> <span class='ocrx_word' id='word_1_371' title='bbox 1861 3183 2178 3254; x_wconf 88' lang='lat' dir='ltr'><strong>intrepidus,</strong></span> 
     </span>
    </p>
   </div>
   <div class='ocr_carea' id='block_1_50' title="bbox 590 3271 2182 3344">
    <p class='ocr_par' dir='ltr' id='par_1_50' title="bbox 590 3271 2182 3344">
     <span class='ocr_line' id='line_1_50' title="bbox 590 3271 2182 3344; baseline 0.003 -19"><span class='ocrx_word' id='word_1_372' title='bbox 590 3282 642 3326; x_wconf 85' lang='lat' dir='ltr'><strong>et</strong></span> <span class='ocrx_word' id='word_1_373' title='bbox 671 3271 878 3341; x_wconf 82' lang='lat' dir='ltr'><strong>absque</strong></span> <span class='ocrx_word' id='word_1_374' title='bbox 922 3272 1030 3326; x_wconf 91' lang='lat' dir='ltr'><strong>ulla</strong></span> <span class='ocrx_word' id='word_1_375' title='bbox 1059 3272 1225 3328; x_wconf 90' lang='lat' dir='ltr'><strong>animi</strong></span> <span class='ocrx_word' id='word_1_376' title='bbox 1274 3273 1675 3344; x_wconf 87' lang='lat' dir='ltr'><strong>perturbatione</strong></span> <span class='ocrx_word' id='word_1_377' title='bbox 1713 3273 1830 3329; x_wconf 66' lang='lat' dir='ltr'><strong>baac</strong></span> <span class='ocrx_word' id='word_1_378' title='bbox 1875 3274 1974 3330; x_wconf 90' lang='lat' dir='ltr'><strong>sibi</strong></span> <span class='ocrx_word' id='word_1_379' title='bbox 2023 3275 2182 3329; x_wconf 75' lang='lat' dir='ltr'><strong>misi-</strong></span> 
     </span>
    </p>
   </div>
   <div class='ocr_carea' id='block_1_51' title="bbox 595 3363 2178 3436">
    <p class='ocr_par' dir='ltr' id='par_1_51' title="bbox 595 3363 2178 3436">
     <span class='ocr_line' id='line_1_51' title="bbox 595 3363 2178 3436; baseline 0.003 -19"><span class='ocrx_word' id='word_1_380' title='bbox 595 3364 730 3418; x_wconf 91' lang='lat' dir='ltr'><strong>tanti</strong></span> <span class='ocrx_word' id='word_1_381' title='bbox 777 3363 1037 3420; x_wconf 68' lang='lat' dir='ltr'><strong>Praefecto</strong></span> <span class='ocrx_word' id='word_1_382' title='bbox 1082 3365 1426 3436; x_wconf 83' lang='lat' dir='ltr'><strong>respondisse</strong></span> <span class='ocrx_word' id='word_1_383' title='bbox 1471 3365 1644 3422; x_wconf 81' lang='lat' dir='ltr'><strong>fertur</strong></span> <span class='ocrx_word' id='word_1_384' title='bbox 1695 3384 1708 3422; x_wconf 89' lang='lat'><strong>:</strong></span> <span class='ocrx_word' id='word_1_385' title='bbox 1753 3368 1928 3434; x_wconf 82' lang='lat' dir='ltr'><strong>Atque</strong></span> <span class='ocrx_word' id='word_1_386' title='bbox 1974 3369 2178 3422; x_wconf 67' lang='lat' dir='ltr'><strong>utinam</strong></span> 
     </span>
    </p>
   </div>
   <div class='ocr_carea' id='block_1_52' title="bbox 593 3453 2177 3527">
    <p class='ocr_par' dir='ltr' id='par_1_52' title="bbox 593 3453 2177 3527">
     <span class='ocr_line' id='line_1_52' title="bbox 593 3453 2177 3527; baseline 0.002 -20"><span class='ocrx_word' id='word_1_387' title='bbox 593 3454 794 3523; x_wconf 81' lang='lat' dir='ltr'><strong>aliquid</strong></span> <span class='ocrx_word' id='word_1_388' title='bbox 817 3453 948 3509; x_wconf 87' lang='lat' dir='ltr'><strong>mihi</strong></span> <span class='ocrx_word' id='word_1_389' title='bbox 972 3467 1114 3510; x_wconf 88' lang='lat' dir='ltr'><strong>esset</strong></span> <span class='ocrx_word' id='word_1_390' title='bbox 1139 3456 1286 3527; x_wconf 87' lang='lat' dir='ltr'><strong>digni</strong></span> <span class='ocrx_word' id='word_1_391' title='bbox 1308 3457 1566 3526; x_wconf 92' lang='lat' dir='ltr'><strong>muneris,</strong></span> <span class='ocrx_word' id='word_1_392' title='bbox 1589 3455 1732 3527; x_wconf 91' lang='lat' dir='ltr'><strong>quod</strong></span> <span class='ocrx_word' id='word_1_393' title='bbox 1753 3456 2003 3513; x_wconf 78' lang='lat' dir='ltr'><strong>oﬂ&#39;errem</strong></span> <span class='ocrx_word' id='word_1_394' title='bbox 2032 3457 2177 3522; x_wconf 91' lang='lat' dir='ltr'><strong>huic,</strong></span> 
     </span>
    </p>
   </div>
   <div class='ocr_carea' id='block_1_53' title="bbox 592 3543 2181 3617">
    <p class='ocr_par' dir='ltr' id='par_1_53' title="bbox 592 3543 2181 3617">
     <span class='ocr_line' id='line_1_53' title="bbox 592 3543 2181 3617; baseline 0.004 -21"><span class='ocrx_word' id='word_1_395' title='bbox 592 3543 685 3612; x_wconf 89' lang='lat' dir='ltr'><strong>qui</strong></span> <span class='ocrx_word' id='word_1_396' title='bbox 718 3547 979 3600; x_wconf 87' lang='lat' dir='ltr'><strong>maturius</strong></span> <span class='ocrx_word' id='word_1_397' title='bbox 1026 3546 1276 3601; x_wconf 89' lang='lat' dir='ltr'><strong>Basilium</strong></span> <span class='ocrx_word' id='word_1_398' title='bbox 1322 3548 1390 3602; x_wconf 90' lang='lat' dir='ltr'><strong>de</strong></span> <span class='ocrx_word' id='word_1_399' title='bbox 1431 3548 1576 3602; x_wconf 88' lang='lat' dir='ltr'><strong>nodo</strong></span> <span class='ocrx_word' id='word_1_400' title='bbox 1615 3547 1757 3603; x_wconf 91' lang='lat' dir='ltr'><strong>follis</strong></span> <span class='ocrx_word' id='word_1_401' title='bbox 1803 3546 1964 3617; x_wconf 88' lang='lat' dir='ltr'><strong>hujus</strong></span> <span class='ocrx_word' id='word_1_402' title='bbox 2005 3548 2181 3602; x_wconf 85' lang='lat' dir='ltr'><strong>absol-</strong></span> 
     </span>
    </p>
   </div>
   <div class='ocr_carea' id='block_1_54' title="bbox 593 3634 2180 3708">
    <p class='ocr_par' dir='ltr' id='par_1_54' title="bbox 593 3634 2180 3708">
     <span class='ocr_line' id='line_1_54' title="bbox 593 3634 2180 3708; baseline 0.006 -22"><span class='ocrx_word' id='word_1_403' title='bbox 593 3644 764 3690; x_wconf 88' lang='lat' dir='ltr'><strong>veret.</strong></span> <span class='ocrx_word' id='word_1_404' title='bbox 793 3634 1034 3706; x_wconf 91' lang='lat' dir='ltr'><strong>Cumque</strong></span> <span class='ocrx_word' id='word_1_405' title='bbox 1071 3638 1295 3693; x_wconf 87' lang='lat' dir='ltr'><strong>daretur</strong></span> <span class='ocrx_word' id='word_1_406' title='bbox 1337 3639 1386 3694; x_wconf 89' lang='lat' dir='ltr'><strong>ei</strong></span> <span class='ocrx_word' id='word_1_407' title='bbox 1417 3653 1545 3704; x_wconf 90' lang='lat' dir='ltr'><strong>nox,</strong></span> <span class='ocrx_word' id='word_1_408' title='bbox 1589 3654 1709 3708; x_wconf 63' lang='lat' dir='ltr'><strong>qua</strong></span> <span class='ocrx_word' id='word_1_409' title='bbox 1737 3647 1855 3694; x_wconf 89' lang='lat' dir='ltr'><strong>erat</strong></span> <span class='ocrx_word' id='word_1_410' title='bbox 1895 3639 2089 3704; x_wconf 88' lang='lat' dir='ltr'><strong>media,</strong></span> <span class='ocrx_word' id='word_1_411' title='bbox 2112 3639 2180 3695; x_wconf 92' lang='lat' dir='ltr'><strong>ad</strong></span> 
     </span>
    </p>
   </div>
   <div class='ocr_carea' id='block_1_55' title="bbox 594 3727 2175 3800">
    <p class='ocr_par' dir='ltr' id='par_1_55' title="bbox 594 3727 2175 3800">
     <span class='ocr_line' id='line_1_55' title="bbox 594 3727 2175 3800; baseline 0.004 -20"><span class='ocrx_word' id='word_1_412' title='bbox 594 3727 833 3797; x_wconf 71' lang='lat' dir='ltr'><strong>spatium</strong></span> <span class='ocrx_word' id='word_1_413' title='bbox 867 3730 1224 3794; x_wconf 84' lang='lat' dir='ltr'><strong>deliberandi,</strong></span> <span class='ocrx_word' id='word_1_414' title='bbox 1254 3731 1594 3800; x_wconf 81' lang='lat' dir='ltr'><strong>respondisse</strong></span> <span class='ocrx_word' id='word_1_415' title='bbox 1621 3731 1798 3786; x_wconf 92' lang='lat' dir='ltr'><strong>denuo</strong></span> <span class='ocrx_word' id='word_1_416' title='bbox 1829 3732 2175 3800; x_wconf 86' lang='lat' dir='ltr'><strong>perhibetur:</strong></span> 
     </span>
    </p>
   </div>
   <div class='ocr_carea' id='block_1_56' title="bbox 599 3817 2178 3893">
    <p class='ocr_par' dir='ltr' id='par_1_56' title="bbox 599 3817 2178 3893">
     <span class='ocr_line' id='line_1_56' title="bbox 599 3817 2178 3893; baseline 0.004 -21"><span class='ocrx_word' id='word_1_417' title='bbox 599 3817 712 3887; x_wconf 83' lang='lat' dir='ltr'><strong>Ego</strong></span> <span class='ocrx_word' id='word_1_418' title='bbox 739 3821 972 3875; x_wconf 89' lang='lat' dir='ltr'><strong>crastino</strong></span> <span class='ocrx_word' id='word_1_419' title='bbox 1017 3823 1131 3890; x_wconf 85' lang='lat' dir='ltr'><strong>ipse</strong></span> <span class='ocrx_word' id='word_1_420' title='bbox 1162 3837 1257 3877; x_wconf 91' lang='lat' dir='ltr'><strong>ero</strong></span> <span class='ocrx_word' id='word_1_421' title='bbox 1298 3822 1390 3893; x_wconf 92' lang='lat' dir='ltr'><strong>qui</strong></span> <span class='ocrx_word' id='word_1_422' title='bbox 1421 3837 1562 3878; x_wconf 89' lang='lat' dir='ltr'><strong>nunc</strong></span> <span class='ocrx_word' id='word_1_423' title='bbox 1603 3839 1618 3876; x_wconf 90' lang='lat'><strong>:</strong></span> <span class='ocrx_word' id='word_1_424' title='bbox 1664 3831 1718 3878; x_wconf 93' lang='lat' dir='ltr'><strong>tu</strong></span> <span class='ocrx_word' id='word_1_425' title='bbox 1751 3833 1802 3878; x_wconf 91' lang='lat' dir='ltr'><strong>te</strong></span> <span class='ocrx_word' id='word_1_426' title='bbox 1830 3824 2032 3878; x_wconf 86' lang='lat' dir='ltr'><strong>utinam</strong></span> <span class='ocrx_word' id='word_1_427' title='bbox 2073 3840 2178 3879; x_wconf 90' lang='lat' dir='ltr'><strong>non</strong></span> 
     </span>
    </p>
   </div>
   <div class='ocr_carea' id='block_1_57' title="bbox 590 3909 2180 3986">
    <p class='ocr_par' dir='ltr' id='par_1_57' title="bbox 590 3909 2180 3986">
     <span class='ocr_line' id='line_1_57' title="bbox 590 3909 2180 3986; baseline 0.006 -24"><span class='ocrx_word' id='word_1_428' title='bbox 590 3917 850 3965; x_wconf 90' lang='lat' dir='ltr'><strong>mutares.</strong></span> <span class='ocrx_word' id='word_1_429' title='bbox 884 3911 949 3966; x_wconf 83' lang='lat' dir='ltr'><strong>Et</strong></span> <span class='ocrx_word' id='word_1_430' title='bbox 1001 3909 1020 3950; x_wconf 69' lang='grc' dir='ltr'>ί</span> <span class='ocrx_word' id='word_1_431' title='bbox 1059 3913 1147 3967; x_wconf 90' lang='lat' dir='ltr'><strong>illa</strong></span> <span class='ocrx_word' id='word_1_432' title='bbox 1190 3913 1402 3982; x_wconf 90' lang='lat' dir='ltr'><strong>quidem</strong></span> <span class='ocrx_word' id='word_1_433' title='bbox 1457 3923 1614 3969; x_wconf 92' lang='lat' dir='ltr'><strong>nocte</strong></span> <span class='ocrx_word' id='word_1_434' title='bbox 1660 3929 1794 3969; x_wconf 89' lang='lat' dir='ltr'><strong>uxor</strong></span> <span class='ocrx_word' id='word_1_435' title='bbox 1842 3916 2180 3986; x_wconf 88' lang='lat' dir='ltr'><strong>imperatoris</strong></span> 
     </span>
    </p>
   </div>
   <div class='ocr_carea' id='block_1_58' title="bbox 593 4003 2180 4076">
    <p class='ocr_par' dir='ltr' id='par_1_58' title="bbox 593 4003 2180 4076">
     <span class='ocr_line' id='line_1_58' title="bbox 593 4003 2180 4076; baseline 0.005 -21"><span class='ocrx_word' id='word_1_436' title='bbox 593 4003 739 4058; x_wconf 89' lang='lat' dir='ltr'><strong>velut</strong></span> <span class='ocrx_word' id='word_1_437' title='bbox 769 4005 1061 4060; x_wconf 90' lang='lat' dir='ltr'><strong>tortoribus</strong></span> <span class='ocrx_word' id='word_1_438' title='bbox 1085 4005 1280 4058; x_wconf 88' lang='lat' dir='ltr'><strong>tradita</strong></span> <span class='ocrx_word' id='word_1_439' title='bbox 1308 4005 1579 4059; x_wconf 91' lang='lat' dir='ltr'><strong>cruciatur</strong></span> <span class='ocrx_word' id='word_1_440' title='bbox 1609 4023 1624 4058; x_wconf 92' lang='lat'><strong>:</strong></span> <span class='ocrx_word' id='word_1_441' title='bbox 1654 4005 1796 4061; x_wconf 87' lang='lat' dir='ltr'><strong>filius</strong></span> <span class='ocrx_word' id='word_1_442' title='bbox 1827 4022 1955 4062; x_wconf 88' lang='lat' dir='ltr'><strong>vero</strong></span> <span class='ocrx_word' id='word_1_443' title='bbox 1983 4009 2069 4076; x_wconf 89' lang='lat' dir='ltr'><strong>qui</strong></span> <span class='ocrx_word' id='word_1_444' title='bbox 2100 4009 2180 4064; x_wconf 91' lang='lat' dir='ltr'><strong>eis</strong></span> 
     </span>
    </p>
   </div>
   <div class='ocr_carea' id='block_1_59' title="bbox 593 4099 2180 4168">
    <p class='ocr_par' dir='ltr' id='par_1_59' title="bbox 593 4099 2180 4168">
     <span class='ocr_line' id='line_1_59' title="bbox 593 4099 2180 4168; baseline 0.004 -18"><span class='ocrx_word' id='word_1_445' title='bbox 593 4105 709 4150; x_wconf 90' lang='lat' dir='ltr'><strong>erat</strong></span> <span class='ocrx_word' id='word_1_446' title='bbox 753 4099 963 4159; x_wconf 92' lang='lat' dir='ltr'><strong>unicus,</strong></span> <span class='ocrx_word' id='word_1_447' title='bbox 1007 4099 1276 4153; x_wconf 90' lang='lat' dir='ltr'><strong>extinctus</strong></span> <span class='ocrx_word' id='word_1_448' title='bbox 1326 4108 1564 4166; x_wconf 70' lang='lat' dir='ltr'><strong>paternae</strong></span> <span class='ocrx_word' id='word_1_449' title='bbox 1611 4099 1899 4168; x_wconf 84' lang='lat' dir='ltr'><strong>impietatis</strong></span> <span class='ocrx_word' id='word_1_450' title='bbox 1943 4103 2180 4157; x_wconf 88' lang='lat' dir='ltr'><strong>creditur</strong></span> 
     </span>
    </p>
   </div>
   <div class='ocr_carea' id='block_1_60' title="bbox 591 4186 2179 4264">
    <p class='ocr_par' dir='ltr' id='par_1_60' title="bbox 591 4186 2179 4264">
     <span class='ocr_line' id='line_1_60' title="bbox 591 4186 2179 4264; baseline 0.003 -22"><span class='ocrx_word' id='word_1_451' title='bbox 591 4186 890 4245; x_wconf 79' lang='lat' dir='ltr'><strong>exsolvisse</strong></span> <span class='ocrx_word' id='word_1_452' title='bbox 919 4187 1203 4258; x_wconf 85' lang='lat' dir='ltr'><strong>supplicia.</strong></span> <span class='ocrx_word' id='word_1_453' title='bbox 1233 4187 1306 4242; x_wconf 88' lang='lat' dir='ltr'><strong>Ita</strong></span> <span class='ocrx_word' id='word_1_454' title='bbox 1337 4196 1462 4244; x_wconf 87' lang='lat' dir='ltr'><strong>ante</strong></span> <span class='ocrx_word' id='word_1_455' title='bbox 1497 4189 1668 4245; x_wconf 87' lang='lat' dir='ltr'><strong>lucem</strong></span> <span class='ocrx_word' id='word_1_456' title='bbox 1705 4191 1875 4258; x_wconf 82' lang='lat' dir='ltr'><strong>missi,</strong></span> <span class='ocrx_word' id='word_1_457' title='bbox 1906 4193 1997 4263; x_wconf 92' lang='lat' dir='ltr'><strong>qui</strong></span> <span class='ocrx_word' id='word_1_458' title='bbox 2025 4209 2179 4264; x_wconf 86' lang='lat' dir='ltr'><strong>roga-</strong></span> 
     </span>
    </p>
   </div>
   <div class='ocr_carea' id='block_1_61' title="bbox 666 4340 2177 4414">
    <p class='ocr_par' dir='ltr' id='par_1_61' title="bbox 666 4340 2177 4414">
     <span class='ocr_line' id='line_1_61' title="bbox 666 4340 2177 4414; baseline 0.007 -21"><span class='ocrx_word' id='word_1_459' title='bbox 666 4348 700 4414; x_wconf 64' lang='lat'><strong>‘_</strong></span> <span class='ocrx_word' id='word_1_460' title='bbox 741 4340 982 4396; x_wconf 65' lang='lat' dir='ltr'><strong>Barrmus</strong></span> <span class='ocrx_word' id='word_1_461' title='bbox 1003 4343 1305 4412; x_wconf 86' lang='lat' dir='ltr'><strong>pericopam</strong></span> <span class='ocrx_word' id='word_1_462' title='bbox 1336 4342 1474 4396; x_wconf 85' lang='lat' dir='ltr'><strong>hanc</strong></span> <span class='ocrx_word' id='word_1_463' title='bbox 1497 4344 1780 4399; x_wconf 85' lang='lat' dir='ltr'><strong>verborum</strong></span> <span class='ocrx_word' id='word_1_464' title='bbox 1809 4348 2082 4414; x_wconf 87' lang='lat' dir='ltr'><strong>omiserat,</strong></span> <span class='ocrx_word' id='word_1_465' title='bbox 2113 4350 2177 4404; x_wconf 83' lang='lat' dir='ltr'><strong>Et</strong></span> 
     </span>
    </p>
   </div>
   <div class='ocr_carea' id='block_1_62' title="bbox 591 4411 2173 4488">
    <p class='ocr_par' dir='ltr' id='par_1_62' title="bbox 591 4411 2173 4488">
     <span class='ocr_line' id='line_1_62' title="bbox 591 4411 2173 4488; baseline 0.008 -25"><span class='ocrx_word' id='word_1_466' title='bbox 591 4411 1026 4488; x_wconf 43' lang='lat' dir='ltr'><strong>multoamplius“.</strong></span> <span class='ocrx_word' id='word_1_467' title='bbox 1070 4411 1200 4488; x_wconf 81' lang='lat' dir='ltr'><strong>etc.,</strong></span> <span class='ocrx_word' id='word_1_468' title='bbox 1234 4429 1400 4483; x_wconf 87' lang='lat' dir='ltr'><strong>usque</strong></span> <span class='ocrx_word' id='word_1_469' title='bbox 1423 4417 1755 4486; x_wconf 79' lang='lat' dir='ltr'><strong>proﬁciebat;</strong></span> <span class='ocrx_word' id='word_1_470' title='bbox 1794 4433 1948 4488; x_wconf 87' lang='lat' dir='ltr'><strong>quam</strong></span> <span class='ocrx_word' id='word_1_471' title='bbox 1989 4411 2084 4474; x_wconf 84' lang='lat' dir='ltr'><strong>nos</strong></span> <span class='ocrx_word' id='word_1_472' title='bbox 2109 4439 2173 4476; x_wconf 84' lang='lat' dir='ltr'><strong>ex</strong></span> 
     </span>
    </p>
   </div>
   <div class='ocr_carea' id='block_1_63' title="bbox 592 4483 1246 4537">
    <p class='ocr_par' dir='ltr' id='par_1_63' title="bbox 592 4483 1246 4537">
     <span class='ocr_line' id='line_1_63' title="bbox 592 4483 1246 4537; baseline 0.002 -1"><span class='ocrx_word' id='word_1_473' title='bbox 592 4483 714 4536; x_wconf 89' lang='lat' dir='ltr'><strong>aliis</strong></span> <span class='ocrx_word' id='word_1_474' title='bbox 746 4483 894 4536; x_wconf 88' lang='lat' dir='ltr'><strong>libris</strong></span> <span class='ocrx_word' id='word_1_475' title='bbox 919 4483 1246 4537; x_wconf 86' lang='lat' dir='ltr'><strong>suffecitnus.</strong></span> 
     </span>
    </p>
   </div>
   <div class='ocr_carea' id='block_1_64' title="bbox 2284 1891 3864 1966">
    <p class='ocr_par' dir='ltr' id='par_1_64' title="bbox 2284 1891 3864 1966">
     <span class='ocr_line' id='line_1_64' title="bbox 2284 1891 3864 1966; baseline 0.006 -22"><span class='ocrx_word' id='word_1_476' title='bbox 2284 1891 2398 1960; x_wconf 91' lang='lat' dir='ltr'><strong>ipse</strong></span> <span class='ocrx_word' id='word_1_477' title='bbox 2427 1892 2660 1949; x_wconf 90' lang='lat' dir='ltr'><strong>fecisset.</strong></span> <span class='ocrx_word' id='word_1_478' title='bbox 2703 1895 2808 1950; x_wconf 85' lang='lat' dir='ltr'><strong>Sed</strong></span> <span class='ocrx_word' id='word_1_479' title='bbox 2843 1896 2930 1951; x_wconf 91' lang='lat' dir='ltr'><strong>ubi</strong></span> <span class='ocrx_word' id='word_1_480' title='bbox 2960 1897 3187 1966; x_wconf 87' lang='lat' dir='ltr'><strong>gloriam</strong></span> <span class='ocrx_word' id='word_1_481' title='bbox 3219 1900 3497 1955; x_wconf 87' lang='lat' dir='ltr'><strong>subsecuta</strong></span> <span class='ocrx_word' id='word_1_482' title='bbox 3532 1901 3732 1955; x_wconf 88' lang='lat' dir='ltr'><strong>invidia</strong></span> <span class='ocrx_word' id='word_1_483' title='bbox 3763 1911 3864 1962; x_wconf 91' lang='lat' dir='ltr'><strong>est,</strong></span> 
     </span>
    </p>
   </div>
   <div class='ocr_carea' id='block_1_65' title="bbox 2281 1983 3865 2059">
    <p class='ocr_par' dir='ltr' id='par_1_65' title="bbox 2281 1983 3865 2059">
     <span class='ocr_line' id='line_1_65' title="bbox 2281 1983 3865 2059; baseline 0.007 -23"><span class='ocrx_word' id='word_1_484' title='bbox 2281 1983 2448 2038; x_wconf 91' lang='lat' dir='ltr'><strong>obniti</strong></span> <span class='ocrx_word' id='word_1_485' title='bbox 2481 1986 2721 2055; x_wconf 87' lang='lat' dir='ltr'><strong>quidam,</strong></span> <span class='ocrx_word' id='word_1_486' title='bbox 2753 1995 2809 2042; x_wconf 93' lang='lat' dir='ltr'><strong>et</strong></span> <span class='ocrx_word' id='word_1_487' title='bbox 2839 1985 2863 2024; x_wconf 68' lang='grc' dir='ltr'>ι</span> <span class='ocrx_word' id='word_1_488' title='bbox 2897 1990 3374 2059; x_wconf 81' lang='lat' dir='ltr'><strong>proscriptionibus</strong></span> <span class='ocrx_word' id='word_1_489' title='bbox 3414 1992 3589 2046; x_wconf 88' lang='lat' dir='ltr'><strong>minus</strong></span> <span class='ocrx_word' id='word_1_490' title='bbox 3620 1992 3764 2046; x_wconf 89' lang='lat' dir='ltr'><strong>sanis</strong></span> <span class='ocrx_word' id='word_1_491' title='bbox 3792 1993 3865 2048; x_wconf 90' lang='lat' dir='ltr'><strong>uti</strong></span> 
     </span>
    </p>
   </div>
   <div class='ocr_carea' id='block_1_66' title="bbox 2279 2075 3866 2148">
    <p class='ocr_par' dir='ltr' id='par_1_66' title="bbox 2279 2075 3866 2148">
     <span class='ocr_line' id='line_1_66' title="bbox 2279 2075 3866 2148; baseline 0.006 -21"><span class='ocrx_word' id='word_1_492' title='bbox 2279 2087 2514 2143; x_wconf 68' lang='lat' dir='ltr'><strong>coepere,</strong></span> <span class='ocrx_word' id='word_1_493' title='bbox 2550 2088 2604 2128; x_wconf 85' lang='lat' dir='ltr'><strong>tit</strong></span> <span class='ocrx_word' id='word_1_494' title='bbox 2649 2075 2766 2146; x_wconf 91' lang='lat' dir='ltr'><strong>ipso</strong></span> <span class='ocrx_word' id='word_1_495' title='bbox 2804 2081 2868 2131; x_wconf 90' lang='lat' dir='ltr'><strong>ad</strong></span> <span class='ocrx_word' id='word_1_496' title='bbox 2902 2079 3116 2148; x_wconf 89' lang='lat' dir='ltr'><strong>propria</strong></span> <span class='ocrx_word' id='word_1_497' title='bbox 3149 2089 3439 2146; x_wconf 83' lang='lat' dir='ltr'><strong>remeante,</strong></span> <span class='ocrx_word' id='word_1_498' title='bbox 3480 2082 3615 2136; x_wconf 89' lang='lat' dir='ltr'><strong>alius</strong></span> <span class='ocrx_word' id='word_1_499' title='bbox 3650 2082 3866 2137; x_wconf 78' lang='lat' dir='ltr'><strong>ordina-</strong></span> 
     </span>
    </p>
   </div>
   <div class='ocr_carea' id='block_1_67' title="bbox 2281 2164 3864 2238">
    <p class='ocr_par' dir='ltr' id='par_1_67' title="bbox 2281 2164 3864 2238">
     <span class='ocr_line' id='line_1_67' title="bbox 2281 2164 3864 2238; baseline 0.008 -20"><span class='ocrx_word' id='word_1_500' title='bbox 2281 2176 2426 2220; x_wconf 88' lang='lat' dir='ltr'><strong>retur</strong></span> <span class='ocrx_word' id='word_1_501' title='bbox 2459 2164 2774 2236; x_wconf 85' lang='lat' dir='ltr'><strong>Episc0pus.</strong></span> <span class='ocrx_word' id='word_1_502' title='bbox 2803 2168 2956 2236; x_wconf 88' lang='lat' dir='ltr'><strong>Quod</strong></span> <span class='ocrx_word' id='word_1_503' title='bbox 2989 2167 3078 2225; x_wconf 91' lang='lat' dir='ltr'><strong>ille</strong></span> <span class='ocrx_word' id='word_1_504' title='bbox 3123 2173 3390 2227; x_wconf 84' lang='lat' dir='ltr'><strong>susurrari</strong></span> <span class='ocrx_word' id='word_1_505' title='bbox 3423 2182 3650 2238; x_wconf 89' lang='lat' dir='ltr'><strong>tantum,</strong></span> <span class='ocrx_word' id='word_1_506' title='bbox 3683 2183 3738 2228; x_wconf 90' lang='lat' dir='ltr'><strong>et</strong></span> <span class='ocrx_word' id='word_1_507' title='bbox 3765 2177 3864 2230; x_wconf 89' lang='lat' dir='ltr'><strong>sub</strong></span> 
     </span>
    </p>
   </div>
   <div class='ocr_carea' id='block_1_68' title="bbox 2293 2253 3866 2332">
    <p class='ocr_par' dir='ltr' id='par_1_68' title="bbox 2293 2253 3866 2332">
     <span class='ocr_line' id='line_1_68' title="bbox 2293 2253 3866 2332; baseline 0.005 -21"><span class='ocrx_word' id='word_1_508' title='bbox 2293 2253 2311 2294; x_wconf 74' lang='grc' dir='ltr'>ι</span> <span class='ocrx_word' id='word_1_509' title='bbox 2349 2256 2508 2312; x_wconf 89' lang='lat' dir='ltr'><strong>dente</strong></span> <span class='ocrx_word' id='word_1_510' title='bbox 2535 2262 2773 2315; x_wconf 78' lang='lat' dir='ltr'><strong>sentiens</strong></span> <span class='ocrx_word' id='word_1_511' title='bbox 2803 2261 3080 2326; x_wconf 90' lang='lat' dir='ltr'><strong>rutninari,</strong></span> <span class='ocrx_word' id='word_1_512' title='bbox 3112 2261 3229 2329; x_wconf 89' lang='lat' dir='ltr'><strong>ipse</strong></span> <span class='ocrx_word' id='word_1_513' title='bbox 3263 2262 3481 2330; x_wconf 80' lang='lat' dir='ltr'><strong>profert,</strong></span> <span class='ocrx_word' id='word_1_514' title='bbox 3515 2262 3656 2332; x_wconf 87' lang='lat' dir='ltr'><strong>quod</strong></span> <span class='ocrx_word' id='word_1_515' title='bbox 3687 2262 3866 2319; x_wconf 86' lang='lat' dir='ltr'><strong>dicere</strong></span> 
     </span>
    </p>
   </div>
   <div class='ocr_carea' id='block_1_69' title="bbox 2279 2347 3866 2425">
    <p class='ocr_par' dir='ltr' id='par_1_69' title="bbox 2279 2347 3866 2425">
     <span class='ocr_line' id='line_1_69' title="bbox 2279 2347 3866 2425; baseline 0.006 -24"><span class='ocrx_word' id='word_1_516' title='bbox 2279 2347 2327 2402; x_wconf 90' lang='lat' dir='ltr'><strong>ei</strong></span> <span class='ocrx_word' id='word_1_517' title='bbox 2357 2349 2533 2402; x_wconf 91' lang='lat' dir='ltr'><strong>nullus</strong></span> <span class='ocrx_word' id='word_1_518' title='bbox 2557 2350 2791 2406; x_wconf 86' lang='lat' dir='ltr'><strong>audebat</strong></span> <span class='ocrx_word' id='word_1_519' title='bbox 2815 2369 2827 2404; x_wconf 91' lang='lat'><strong>:</strong></span> <span class='ocrx_word' id='word_1_520' title='bbox 2853 2352 3030 2420; x_wconf 87' lang='lat' dir='ltr'><strong>Absit,</strong></span> <span class='ocrx_word' id='word_1_521' title='bbox 3054 2353 3246 2421; x_wconf 87' lang='lat' dir='ltr'><strong>inquit,</strong></span> <span class='ocrx_word' id='word_1_522' title='bbox 3273 2363 3332 2408; x_wconf 92' lang='lat' dir='ltr'><strong>ut</strong></span> <span class='ocrx_word' id='word_1_523' title='bbox 3353 2354 3455 2408; x_wconf 89' lang='lat' dir='ltr'><strong>mei</strong></span> <span class='ocrx_word' id='word_1_524' title='bbox 3479 2369 3667 2410; x_wconf 82' lang='lat' dir='ltr'><strong>caussa</strong></span> <span class='ocrx_word' id='word_1_525' title='bbox 3689 2355 3866 2425; x_wconf 88' lang='lat' dir='ltr'><strong>aliqua</strong></span> 
     </span>
    </p>
   </div>
   <div class='ocr_carea' id='block_1_70' title="bbox 2283 2442 3867 2518">
    <p class='ocr_par' dir='ltr' id='par_1_70' title="bbox 2283 2442 3867 2518">
     <span class='ocr_line' id='line_1_70' title="bbox 2283 2442 3867 2518; baseline 0.006 -24"><span class='ocrx_word' id='word_1_526' title='bbox 2283 2442 2533 2496; x_wconf 84' lang='lat' dir='ltr'><strong>simultas</strong></span> <span class='ocrx_word' id='word_1_527' title='bbox 2565 2443 2615 2497; x_wconf 95' lang='lat' dir='ltr'><strong>in</strong></span> <span class='ocrx_word' id='word_1_528' title='bbox 2649 2444 2742 2499; x_wconf 90' lang='lat' dir='ltr'><strong>Dei</strong></span> <span class='ocrx_word' id='word_1_529' title='bbox 2786 2446 3154 2501; x_wconf 85' lang='lat' dir='ltr'><strong>sacerdotibus</strong></span> <span class='ocrx_word' id='word_1_530' title='bbox 3183 2447 3404 2502; x_wconf 91' lang='lat' dir='ltr'><strong>oriatur.</strong></span> <span class='ocrx_word' id='word_1_531' title='bbox 3441 2448 3498 2504; x_wconf 91' lang='lat' dir='ltr'><strong>Si</strong></span> <span class='ocrx_word' id='word_1_532' title='bbox 3529 2458 3748 2518; x_wconf 88' lang='lat' dir='ltr'><strong>propter</strong></span> <span class='ocrx_word' id='word_1_533' title='bbox 3782 2463 3867 2504; x_wconf 91' lang='lat' dir='ltr'><strong>me</strong></span> 
     </span>
    </p>
   </div>
   <div class='ocr_carea' id='block_1_71' title="bbox 2279 2530 3862 2605">
    <p class='ocr_par' dir='ltr' id='par_1_71' title="bbox 2279 2530 3862 2605">
     <span class='ocr_line' id='line_1_71' title="bbox 2279 2530 3862 2605; baseline 0.005 -22"><span class='ocrx_word' id='word_1_534' title='bbox 2279 2544 2356 2584; x_wconf 72' lang='grc' dir='ltr'><strong>εει</strong></span> <span class='ocrx_word' id='word_1_535' title='bbox 2390 2530 2490 2586; x_wconf 90' lang='lat' dir='ltr'><strong>ista</strong></span> <span class='ocrx_word' id='word_1_536' title='bbox 2521 2543 2830 2602; x_wconf 82' lang='lat' dir='ltr'><strong>tempestas,</strong></span> <span class='ocrx_word' id='word_1_537' title='bbox 2862 2537 3034 2592; x_wconf 88' lang='lat' dir='ltr'><strong>tollite</strong></span> <span class='ocrx_word' id='word_1_538' title='bbox 3062 2553 3166 2605; x_wconf 91' lang='lat' dir='ltr'><strong>me,</strong></span> <span class='ocrx_word' id='word_1_539' title='bbox 3201 2549 3254 2593; x_wconf 90' lang='lat' dir='ltr'><strong>et</strong></span> <span class='ocrx_word' id='word_1_540' title='bbox 3280 2538 3472 2593; x_wconf 89' lang='lat' dir='ltr'><strong>mittite</strong></span> <span class='ocrx_word' id='word_1_541' title='bbox 3498 2553 3583 2594; x_wconf 93' lang='lat' dir='ltr'><strong>me</strong></span> <span class='ocrx_word' id='word_1_542' title='bbox 3616 2541 3666 2592; x_wconf 94' lang='lat' dir='ltr'><strong>in</strong></span> <span class='ocrx_word' id='word_1_543' title='bbox 3697 2555 3862 2603; x_wconf 90' lang='lat' dir='ltr'><strong>mare,</strong></span> 
     </span>
    </p>
   </div>
   <div class='ocr_carea' id='block_1_72' title="bbox 2282 2623 3865 2702">
    <p class='ocr_par' dir='ltr' id='par_1_72' title="bbox 2282 2623 3865 2702">
     <span class='ocr_line' id='line_1_72' title="bbox 2282 2623 3865 2702; baseline 0.008 -26"><span class='ocrx_word' id='word_1_544' title='bbox 2282 2635 2334 2677; x_wconf 88' lang='lat' dir='ltr'><strong>et</strong></span> <span class='ocrx_word' id='word_1_545' title='bbox 2361 2623 2570 2680; x_wconf 84' lang='lat' dir='ltr'><strong>desinet</strong></span> <span class='ocrx_word' id='word_1_546' title='bbox 2599 2641 2627 2680; x_wconf 85' lang='lat' dir='ltr'><strong>a</strong></span> <span class='ocrx_word' id='word_1_547' title='bbox 2661 2629 2812 2682; x_wconf 88' lang='lat' dir='ltr'><strong>vobis</strong></span> <span class='ocrx_word' id='word_1_548' title='bbox 2850 2632 3146 2699; x_wconf 88' lang='lat' dir='ltr'><strong>quassatio.</strong></span> <span class='ocrx_word' id='word_1_549' title='bbox 3182 2631 3315 2685; x_wconf 82' lang='lat' dir='ltr'><strong>Tum</strong></span> <span class='ocrx_word' id='word_1_550' title='bbox 3344 2646 3642 2702; x_wconf 70' lang='lat' dir='ltr'><strong>regressus,</strong></span> <span class='ocrx_word' id='word_1_551' title='bbox 3677 2633 3728 2688; x_wconf 92' lang='lat' dir='ltr'><strong>in</strong></span> <span class='ocrx_word' id='word_1_552' title='bbox 3762 2633 3865 2688; x_wconf 81' lang='lat' dir='ltr'><strong>Ec-</strong></span> 
     </span>
    </p>
   </div>
   <div class='ocr_carea' id='block_1_73' title="bbox 2282 2717 3866 2796">
    <p class='ocr_par' dir='ltr' id='par_1_73' title="bbox 2282 2717 3866 2796">
     <span class='ocr_line' id='line_1_73' title="bbox 2282 2717 3866 2796; baseline 0.006 -26"><span class='ocrx_word' id='word_1_553' title='bbox 2282 2717 2445 2771; x_wconf 68' lang='lat' dir='ltr'><strong>clesia</strong></span> <span class='ocrx_word' id='word_1_554' title='bbox 2475 2733 2569 2774; x_wconf 90' lang='lat' dir='ltr'><strong>sua</strong></span> <span class='ocrx_word' id='word_1_555' title='bbox 2599 2718 2706 2792; x_wconf 77' lang='grc' dir='ltr'><strong>[ΑΙ.</strong></span> <span class='ocrx_word' id='word_1_556' title='bbox 2748 2721 3041 2776; x_wconf 85' lang='lat' dir='ltr'><strong>Ecclesiam</strong></span> <span class='ocrx_word' id='word_1_557' title='bbox 3072 2722 3246 2796; x_wconf 72' lang='lat' dir='ltr'><strong>suam]</strong></span> <span class='ocrx_word' id='word_1_558' title='bbox 3276 2727 3415 2794; x_wconf 92' lang='lat' dir='ltr'><strong>quod</strong></span> <span class='ocrx_word' id='word_1_559' title='bbox 3446 2724 3712 2793; x_wconf 87' lang='lat' dir='ltr'><strong>superfuit</strong></span> <span class='ocrx_word' id='word_1_560' title='bbox 3744 2725 3866 2779; x_wconf 65' lang='lat' dir='ltr'><strong>vita:</strong></span> 
     </span>
    </p>
   </div>
   <div class='ocr_carea' id='block_1_74' title="bbox 2283 2814 3868 2884">
    <p class='ocr_par' dir='ltr' id='par_1_74' title="bbox 2283 2814 3868 2884">
     <span class='ocr_line' id='line_1_74' title="bbox 2283 2814 3868 2884; baseline 0.006 -21"><span class='ocrx_word' id='word_1_561' title='bbox 2283 2821 2492 2881; x_wconf 87' lang='lat' dir='ltr'><strong>tempus</strong></span> <span class='ocrx_word' id='word_1_562' title='bbox 2513 2814 2709 2884; x_wconf 80' lang='lat' dir='ltr'><strong>exegit.</strong></span> <span class='ocrx_word' id='word_1_563' title='bbox 2745 2815 2809 2869; x_wconf 87' lang='lat' dir='ltr'><strong>Et</strong></span> <span class='ocrx_word' id='word_1_564' title='bbox 2837 2817 3088 2884; x_wconf 86' lang='lat' dir='ltr'><strong>quoniam</strong></span> <span class='ocrx_word' id='word_1_565' title='bbox 3117 2821 3222 2884; x_wconf 82' lang='lat' dir='ltr'><strong>jam</strong></span> <span class='ocrx_word' id='word_1_566' title='bbox 3267 2817 3402 2871; x_wconf 74' lang='lat' dir='ltr'><strong>fessa</strong></span> <span class='ocrx_word' id='word_1_567' title='bbox 3448 2826 3628 2881; x_wconf 71' lang='lat' dir='ltr'><strong>relate,</strong></span> <span class='ocrx_word' id='word_1_568' title='bbox 3668 2827 3720 2871; x_wconf 92' lang='lat' dir='ltr'><strong>et</strong></span> <span class='ocrx_word' id='word_1_569' title='bbox 3749 2832 3868 2872; x_wconf 83' lang='lat' dir='ltr'><strong>cor-</strong></span> 
     </span>
    </p>
   </div>
   <div class='ocr_carea' id='block_1_75' title="bbox 2282 2905 3865 2980">
    <p class='ocr_par' dir='ltr' id='par_1_75' title="bbox 2282 2905 3865 2980">
     <span class='ocr_line' id='line_1_75' title="bbox 2282 2905 3865 2980; baseline 0.007 -26"><span class='ocrx_word' id='word_1_570' title='bbox 2282 2917 2410 2972; x_wconf 90' lang='lat' dir='ltr'><strong>pore</strong></span> <span class='ocrx_word' id='word_1_571' title='bbox 2445 2905 2706 2962; x_wconf 91' lang='lat' dir='ltr'><strong>invalidus</strong></span> <span class='ocrx_word' id='word_1_572' title='bbox 2749 2919 2887 2973; x_wconf 89' lang='lat' dir='ltr'><strong>erat,</strong></span> <span class='ocrx_word' id='word_1_573' title='bbox 2931 2923 3300 2964; x_wconf 88' lang='lat' dir='ltr'><strong>successorem</strong></span> <span class='ocrx_word' id='word_1_574' title='bbox 3348 2909 3447 2964; x_wconf 91' lang='lat' dir='ltr'><strong>sibi</strong></span> <span class='ocrx_word' id='word_1_575' title='bbox 3496 2911 3609 2978; x_wconf 86' lang='lat' dir='ltr'><strong>ipse</strong></span> <span class='ocrx_word' id='word_1_576' title='bbox 3647 2910 3865 2980; x_wconf 69' lang='lat' dir='ltr'><strong>delegit,</strong></span> 
     </span>
    </p>
   </div>
   <div class='ocr_carea' id='block_1_76' title="bbox 2279 2994 3870 3066">
    <p class='ocr_par' dir='ltr' id='par_1_76' title="bbox 2279 2994 3870 3066">
     <span class='ocr_line' id='line_1_76' title="bbox 2279 2994 3870 3066; baseline 0.008 -21"><span class='ocrx_word' id='word_1_577' title='bbox 2279 3009 2386 3062; x_wconf 89' lang='lat' dir='ltr'><strong>quo</strong></span> <span class='ocrx_word' id='word_1_578' title='bbox 2423 2994 2719 3050; x_wconf 85' lang='lat' dir='ltr'><strong>Ecclesiatn</strong></span> <span class='ocrx_word' id='word_1_579' title='bbox 2765 2999 3113 3066; x_wconf 87' lang='lat' dir='ltr'><strong>gubernante,</strong></span> <span class='ocrx_word' id='word_1_580' title='bbox 3147 3000 3432 3055; x_wconf 89' lang='lat' dir='ltr'><strong>debilitatis</strong></span> <span class='ocrx_word' id='word_1_581' title='bbox 3479 3011 3533 3056; x_wconf 90' lang='lat' dir='ltr'><strong>et</strong></span> <span class='ocrx_word' id='word_1_582' title='bbox 3571 3002 3870 3058; x_wconf 84' lang='lat' dir='ltr'><strong>senectutis</strong></span> 
     </span>
    </p>
   </div>
   <div class='ocr_carea' id='block_1_77' title="bbox 2279 3088 3870 3168">
    <p class='ocr_par' dir='ltr' id='par_1_77' title="bbox 2279 3088 3870 3168">
     <span class='ocr_line' id='line_1_77' title="bbox 2279 3088 3870 3168; baseline 0.008 -26"><span class='ocrx_word' id='word_1_583' title='bbox 2279 3088 2392 3143; x_wconf 65' lang='lat' dir='ltr'><strong>oxio</strong></span> <span class='ocrx_word' id='word_1_584' title='bbox 2414 3089 2700 3145; x_wconf 90' lang='lat' dir='ltr'><strong>frueretur.</strong></span> <span class='ocrx_word' id='word_1_585' title='bbox 2732 3092 2956 3147; x_wconf 83' lang='lat' dir='ltr'><strong>Exstant</strong></span> <span class='ocrx_word' id='word_1_586' title='bbox 2983 3111 3194 3166; x_wconf 91' lang='lat' dir='ltr'><strong>quoque</strong></span> <span class='ocrx_word' id='word_1_587' title='bbox 3225 3098 3500 3168; x_wconf 78' lang='lat' dir='ltr'><strong>uniusque</strong></span> <span class='ocrx_word' id='word_1_588' title='bbox 3527 3097 3724 3168; x_wconf 80' lang='lat' dir='ltr'><strong>ingenii</strong></span> <span class='ocrx_word' id='word_1_589' title='bbox 3754 3114 3870 3154; x_wconf 87' lang='lat' dir='ltr'><strong>mo-</strong></span> 
     </span>
    </p>
   </div>
   <div class='ocr_carea' id='block_1_78' title="bbox 2212 3175 3868 3260">
    <p class='ocr_par' dir='ltr' id='par_1_78' title="bbox 2212 3175 3868 3260">
     <span class='ocr_line' id='line_1_78' title="bbox 2212 3175 3868 3260; baseline 0.005 -22"><span class='ocrx_word' id='word_1_590' title='bbox 2212 3175 2258 3238; x_wconf 83' lang='lat' dir='ltr'><strong>C</strong></span> <span class='ocrx_word' id='word_1_591' title='bbox 2291 3182 2527 3236; x_wconf 88' lang='lat' dir='ltr'><strong>nimenta</strong></span> <span class='ocrx_word' id='word_1_592' title='bbox 2561 3183 2841 3254; x_wconf 84' lang='lat' dir='ltr'><strong>magnifica</strong></span> <span class='ocrx_word' id='word_1_593' title='bbox 2867 3185 3235 3254; x_wconf 81' lang='lat' dir='ltr'><strong>Tractatuum,</strong></span> <span class='ocrx_word' id='word_1_594' title='bbox 3268 3204 3402 3260; x_wconf 90' lang='lat' dir='ltr'><strong>quos</strong></span> <span class='ocrx_word' id='word_1_595' title='bbox 3437 3205 3501 3243; x_wconf 91' lang='lat' dir='ltr'><strong>ex</strong></span> <span class='ocrx_word' id='word_1_596' title='bbox 3540 3199 3782 3259; x_wconf 89' lang='lat' dir='ltr'><strong>tempore</strong></span> <span class='ocrx_word' id='word_1_597' title='bbox 3815 3189 3868 3246; x_wconf 88' lang='lat' dir='ltr'><strong>in</strong></span> 
     </span>
    </p>
   </div>
   <div class='ocr_carea' id='block_1_79' title="bbox 2286 3283 3870 3362">
    <p class='ocr_par' dir='ltr' id='par_1_79' title="bbox 2286 3283 3870 3362">
     <span class='ocr_line' id='line_1_79' title="bbox 2286 3283 3870 3362; baseline 0.008 -25"><span class='ocrx_word' id='word_1_598' title='bbox 2286 3283 2543 3338; x_wconf 87' lang='lat' dir='ltr'><strong>Ecclesiis</strong></span> <span class='ocrx_word' id='word_1_599' title='bbox 2582 3284 2970 3343; x_wconf 87' lang='lat' dir='ltr'><strong>declamabant.</strong></span> <span class='ocrx_word' id='word_1_600' title='bbox 3005 3288 3083 3344; x_wconf 86' lang='lat' dir='ltr'><strong>Ex</strong></span> <span class='ocrx_word' id='word_1_601' title='bbox 3126 3290 3323 3362; x_wconf 91' lang='lat' dir='ltr'><strong>quibus</strong></span> <span class='ocrx_word' id='word_1_602' title='bbox 3365 3306 3462 3347; x_wconf 89' lang='lat' dir='ltr'><strong>nos</strong></span> <span class='ocrx_word' id='word_1_603' title='bbox 3505 3291 3670 3347; x_wconf 88' lang='lat' dir='ltr'><strong>denas</strong></span> <span class='ocrx_word' id='word_1_604' title='bbox 3703 3294 3870 3350; x_wconf 87' lang='lat' dir='ltr'><strong>ferme</strong></span> 
     </span>
    </p>
   </div>
   <div class='ocr_carea' id='block_1_80' title="bbox 2283 3384 3868 3455">
    <p class='ocr_par' dir='ltr' id='par_1_80' title="bbox 2283 3384 3868 3455">
     <span class='ocr_line' id='line_1_80' title="bbox 2283 3384 3868 3455; baseline 0.009 -18"><span class='ocrx_word' id='word_1_605' title='bbox 2283 3392 2324 3420; x_wconf 81' lang='grc' dir='ltr'><strong>ιιι</strong></span> <span class='ocrx_word' id='word_1_606' title='bbox 2352 3384 2682 3455; x_wconf 89' lang='lat' dir='ltr'><strong>singulorum</strong></span> <span class='ocrx_word' id='word_1_607' title='bbox 2713 3387 3084 3446; x_wconf 92' lang='lat' dir='ltr'><strong>Oratiunculas</strong></span> <span class='ocrx_word' id='word_1_608' title='bbox 3112 3392 3492 3448; x_wconf 86' lang='lat' dir='ltr'><strong>transfudimus</strong></span> <span class='ocrx_word' id='word_1_609' title='bbox 3520 3395 3573 3450; x_wconf 91' lang='lat' dir='ltr'><strong>in</strong></span> <span class='ocrx_word' id='word_1_610' title='bbox 3602 3393 3868 3452; x_wconf 85' lang='lat' dir='ltr'><strong>Latinum.</strong></span> 
     </span>
    </p>
   </div>
   <div class='ocr_carea' id='block_1_81' title="bbox 2283 3483 3869 3566">
    <p class='ocr_par' dir='ltr' id='par_1_81' title="bbox 2283 3483 3869 3566">
     <span class='ocr_line' id='line_1_81' title="bbox 2283 3483 3869 3566; baseline 0.01 -28"><span class='ocrx_word' id='word_1_611' title='bbox 2283 3483 2465 3539; x_wconf 87' lang='lat' dir='ltr'><strong>Basilii</strong></span> <span class='ocrx_word' id='word_1_612' title='bbox 2498 3495 2757 3557; x_wconf 69' lang='lat' dir='ltr'><strong>prazterea</strong></span> <span class='ocrx_word' id='word_1_613' title='bbox 2797 3490 3041 3546; x_wconf 88' lang='lat' dir='ltr'><strong>lnstituta</strong></span> <span class='ocrx_word' id='word_1_614' title='bbox 3081 3494 3488 3563; x_wconf 89' lang='lat' dir='ltr'><strong>monachorum,</strong></span> <span class='ocrx_word' id='word_1_615' title='bbox 3519 3507 3790 3566; x_wconf 84' lang='lat' dir='ltr'><strong>optantes,</strong></span> <span class='ocrx_word' id='word_1_616' title='bbox 3823 3500 3869 3555; x_wconf 88' lang='lat' dir='ltr'><strong>si</strong></span> 
     </span>
    </p>
   </div>
   <div class='ocr_carea' id='block_1_82' title="bbox 2284 3587 3871 3668">
    <p class='ocr_par' dir='ltr' id='par_1_82' title="bbox 2284 3587 3871 3668">
     <span class='ocr_line' id='line_1_82' title="bbox 2284 3587 3871 3668; baseline 0.012 -30"><span class='ocrx_word' id='word_1_617' title='bbox 2284 3587 2604 3655; x_wconf 87' lang='lat' dir='ltr'><strong>poterimus,</strong></span> <span class='ocrx_word' id='word_1_618' title='bbox 2631 3599 2687 3645; x_wconf 91' lang='lat' dir='ltr'><strong>et</strong></span> <span class='ocrx_word' id='word_1_619' title='bbox 2709 3590 2804 3648; x_wconf 90' lang='lat' dir='ltr'><strong>Dei</strong></span> <span class='ocrx_word' id='word_1_620' title='bbox 2833 3592 2983 3650; x_wconf 86' lang='lat' dir='ltr'><strong>favor</strong></span> <span class='ocrx_word' id='word_1_621' title='bbox 3005 3595 3290 3666; x_wconf 74' lang='lat' dir='ltr'><strong>adjuveril,</strong></span> <span class='ocrx_word' id='word_1_622' title='bbox 3313 3613 3498 3652; x_wconf 92' lang='lat' dir='ltr'><strong>eorum</strong></span> <span class='ocrx_word' id='word_1_623' title='bbox 3524 3599 3673 3668; x_wconf 92' lang='lat' dir='ltr'><strong>plura</strong></span> <span class='ocrx_word' id='word_1_624' title='bbox 3701 3610 3871 3656; x_wconf 75' lang='lat' dir='ltr'><strong>trans-</strong></span> 
     </span>
    </p>
   </div>
   <div class='ocr_carea' id='block_1_83' title="bbox 2285 3684 3872 3772">
    <p class='ocr_par' dir='ltr' id='par_1_83' title="bbox 2285 3684 3872 3772">
     <span class='ocr_line' id='line_1_83' title="bbox 2285 3684 3872 3772; baseline 0.012 -34"><span class='ocrx_word' id='word_1_625' title='bbox 2285 3684 2448 3742; x_wconf 90' lang='lat' dir='ltr'><strong>ferre.</strong></span> <span class='ocrx_word' id='word_1_626' title='bbox 2484 3687 2723 3744; x_wconf 87' lang='lat' dir='ltr'><strong>Fuerunt</strong></span> <span class='ocrx_word' id='word_1_627' title='bbox 2759 3702 3016 3760; x_wconf 72' lang='lat' dir='ltr'><strong>praeterea</strong></span> <span class='ocrx_word' id='word_1_628' title='bbox 3050 3694 3243 3750; x_wconf 86' lang='lat' dir='ltr'><strong>fratres</strong></span> <span class='ocrx_word' id='word_1_629' title='bbox 3282 3696 3391 3751; x_wconf 92' lang='lat' dir='ltr'><strong>duo</strong></span> <span class='ocrx_word' id='word_1_630' title='bbox 3420 3697 3637 3767; x_wconf 84' lang='lat' dir='ltr'><strong>Basilio,</strong></span> <span class='ocrx_word' id='word_1_631' title='bbox 3668 3699 3872 3772; x_wconf 82' lang='lat' dir='ltr'><strong>Grego-</strong></span> 
     </span>
    </p>
   </div>
   <div class='ocr_carea' id='block_1_84' title="bbox 2284 3789 3871 3867">
    <p class='ocr_par' dir='ltr' id='par_1_84' title="bbox 2284 3789 3871 3867">
     <span class='ocr_line' id='line_1_84' title="bbox 2284 3789 3871 3867; baseline 0.009 -23"><span class='ocrx_word' id='word_1_632' title='bbox 2284 3789 2395 3844; x_wconf 88' lang='lat' dir='ltr'><strong>rius</strong></span> <span class='ocrx_word' id='word_1_633' title='bbox 2423 3798 2478 3844; x_wconf 93' lang='lat' dir='ltr'><strong>et</strong></span> <span class='ocrx_word' id='word_1_634' title='bbox 2504 3789 2714 3846; x_wconf 85' lang='lat' dir='ltr'><strong>Petrus.</strong></span> <span class='ocrx_word' id='word_1_635' title='bbox 2739 3792 2979 3859; x_wconf 84' lang='lat' dir='ltr'><strong>Quorum</strong></span> <span class='ocrx_word' id='word_1_636' title='bbox 3007 3797 3143 3851; x_wconf 88' lang='lat' dir='ltr'><strong>alter</strong></span> <span class='ocrx_word' id='word_1_637' title='bbox 3167 3797 3220 3851; x_wconf 94' lang='lat' dir='ltr'><strong>in</strong></span> <span class='ocrx_word' id='word_1_638' title='bbox 3247 3798 3412 3853; x_wconf 88' lang='lat' dir='ltr'><strong>verbo</strong></span> <span class='ocrx_word' id='word_1_639' title='bbox 3431 3799 3713 3867; x_wconf 61' lang='lat' dir='ltr'><strong>doctrinae,</strong></span> <span class='ocrx_word' id='word_1_640' title='bbox 3737 3803 3871 3858; x_wconf 86' lang='lat' dir='ltr'><strong>alter</strong></span> 
     </span>
    </p>
   </div>
   <div class='ocr_carea' id='block_1_85' title="bbox 2289 3890 3870 3974">
    <p class='ocr_par' dir='ltr' id='par_1_85' title="bbox 2289 3890 3870 3974">
     <span class='ocr_line' id='line_1_85' title="bbox 2289 3890 3870 3974; baseline 0.009 -30"><span class='ocrx_word' id='word_1_641' title='bbox 2289 3890 2343 3944; x_wconf 94' lang='lat' dir='ltr'><strong>in</strong></span> <span class='ocrx_word' id='word_1_642' title='bbox 2376 3893 2626 3960; x_wconf 85' lang='lat' dir='ltr'><strong>operibus</strong></span> <span class='ocrx_word' id='word_1_643' title='bbox 2667 3893 2788 3949; x_wconf 84' lang='lat' dir='ltr'><strong>fidei</strong></span> <span class='ocrx_word' id='word_1_644' title='bbox 2833 3895 3048 3950; x_wconf 88' lang='lat' dir='ltr'><strong>fratrem</strong></span> <span class='ocrx_word' id='word_1_645' title='bbox 3081 3898 3151 3952; x_wconf 90' lang='lat' dir='ltr'><strong>ita</strong></span> <span class='ocrx_word' id='word_1_646' title='bbox 3191 3899 3523 3969; x_wconf 69' lang='lat' dir='ltr'><strong>exarqnahat,</strong></span> <span class='ocrx_word' id='word_1_647' title='bbox 3557 3909 3614 3956; x_wconf 94' lang='lat' dir='ltr'><strong>ut</strong></span> <span class='ocrx_word' id='word_1_648' title='bbox 3648 3913 3870 3974; x_wconf 85' lang='lat' dir='ltr'><strong>uterque</strong></span> 
     </span>
    </p>
   </div>
   <div class='ocr_carea' id='block_1_86' title="bbox 2286 3994 3869 4070">
    <p class='ocr_par' dir='ltr' id='par_1_86' title="bbox 2286 3994 3869 4070">
     <span class='ocr_line' id='line_1_86' title="bbox 2286 3994 3869 4070; baseline 0.011 -26"><span class='ocrx_word' id='word_1_649' title='bbox 2286 3994 2368 4048; x_wconf 88' lang='lat' dir='ltr'><strong>vel</strong></span> <span class='ocrx_word' id='word_1_650' title='bbox 2399 3995 2678 4062; x_wconf 84' lang='lat' dir='ltr'><strong>Basilium,</strong></span> <span class='ocrx_word' id='word_1_651' title='bbox 2704 3997 2786 4052; x_wconf 87' lang='lat' dir='ltr'><strong>vel</strong></span> <span class='ocrx_word' id='word_1_652' title='bbox 2816 3997 3136 4070; x_wconf 83' lang='lat' dir='ltr'><strong>Gregorium</strong></span> <span class='ocrx_word' id='word_1_653' title='bbox 3160 4001 3426 4057; x_wconf 89' lang='lat' dir='ltr'><strong>redderet.</strong></span> <span class='ocrx_word' id='word_1_654' title='bbox 3459 4002 3685 4058; x_wconf 85' lang='lat' dir='ltr'><strong>Exstant</strong></span> <span class='ocrx_word' id='word_1_655' title='bbox 3710 4006 3869 4061; x_wconf 89' lang='lat' dir='ltr'><strong>etiam</strong></span> 
     </span>
    </p>
   </div>
   <div class='ocr_carea' id='block_1_87' title="bbox 2285 4096 3867 4174">
    <p class='ocr_par' dir='ltr' id='par_1_87' title="bbox 2285 4096 3867 4174">
     <span class='ocr_line' id='line_1_87' title="bbox 2285 4096 3867 4174; baseline 0.01 -24"><span class='ocrx_word' id='word_1_656' title='bbox 2285 4096 2455 4168; x_wconf 80' lang='lat' dir='ltr'><strong>ipsius</strong></span> <span class='ocrx_word' id='word_1_657' title='bbox 2486 4097 2732 4170; x_wconf 81' lang='lat' dir='ltr'><strong>Gregorii</strong></span> <span class='ocrx_word' id='word_1_658' title='bbox 2772 4099 3003 4171; x_wconf 85' lang='lat' dir='ltr'><strong>junioris</strong></span> <span class='ocrx_word' id='word_1_659' title='bbox 3045 4103 3219 4172; x_wconf 86' lang='lat' dir='ltr'><strong>aliqua</strong></span> <span class='ocrx_word' id='word_1_660' title='bbox 3264 4104 3530 4174; x_wconf 86' lang='lat' dir='ltr'><strong>Opuscula</strong></span> <span class='ocrx_word' id='word_1_661' title='bbox 3581 4107 3867 4166; x_wconf 80' lang='lat' dir='ltr'><strong>luculenta.</strong></span> 
     </span>
    </p>
   </div>
   <div class='ocr_carea' id='block_1_88' title="bbox 2282 4200 3869 4279">
    <p class='ocr_par' dir='ltr' id='par_1_88' title="bbox 2282 4200 3869 4279">
     <span class='ocr_line' id='line_1_88' title="bbox 2282 4200 3869 4279; baseline 0.005 -21"><span class='ocrx_word' id='word_1_662' title='bbox 2282 4200 2389 4258; x_wconf 90' lang='lat' dir='ltr'><strong>Sed</strong></span> <span class='ocrx_word' id='word_1_663' title='bbox 2415 4201 2484 4256; x_wconf 91' lang='lat' dir='ltr'><strong>de</strong></span> <span class='ocrx_word' id='word_1_664' title='bbox 2514 4200 2598 4257; x_wconf 89' lang='lat' dir='ltr'><strong>bis</strong></span> <span class='ocrx_word' id='word_1_665' title='bbox 2634 4203 2765 4257; x_wconf 90' lang='lat' dir='ltr'><strong>satis</strong></span> <span class='ocrx_word' id='word_1_666' title='bbox 2791 4202 3017 4260; x_wconf 91' lang='lat' dir='ltr'><strong>dictum.</strong></span> <span class='ocrx_word' id='word_1_667' title='bbox 3051 4213 3076 4240; x_wconf 76' lang='grc'><strong>³³</strong></span> <span class='ocrx_word' id='word_1_668' title='bbox 3110 4203 3168 4259; x_wconf 85' lang='lat' dir='ltr'><strong>In</strong></span> <span class='ocrx_word' id='word_1_669' title='bbox 3200 4205 3446 4261; x_wconf 88' lang='lat' dir='ltr'><strong>Occiduis</strong></span> <span class='ocrx_word' id='word_1_670' title='bbox 3475 4221 3604 4264; x_wconf 89' lang='lat' dir='ltr'><strong>vero</strong></span> <span class='ocrx_word' id='word_1_671' title='bbox 3637 4210 3869 4279; x_wconf 87' lang='lat' dir='ltr'><strong>partibus</strong></span> 
     </span>
    </p>
   </div>
   <div class='ocr_carea' id='block_1_89' title="bbox 2281 4353 3868 4431">
    <p class='ocr_par' dir='ltr' id='par_1_89' title="bbox 2281 4353 3868 4431">
     <span class='ocr_line' id='line_1_89' title="bbox 2281 4353 3868 4431; baseline 0.008 -27"><span class='ocrx_word' id='word_1_672' title='bbox 2281 4354 2437 4431; x_wconf 65' lang='lat' dir='ltr'><strong>nobis</strong></span> <span class='ocrx_word' id='word_1_673' title='bbox 2467 4353 2972 4431; x_wconf 80' lang='lat' dir='ltr'><strong>adllieronymum,</strong></span> <span class='ocrx_word' id='word_1_674' title='bbox 3007 4357 3095 4424; x_wconf 93' lang='lat' dir='ltr'><strong>qui</strong></span> <span class='ocrx_word' id='word_1_675' title='bbox 3139 4371 3237 4426; x_wconf 93' lang='lat' dir='ltr'><strong>per</strong></span> <span class='ocrx_word' id='word_1_676' title='bbox 3273 4355 3323 4410; x_wconf 91' lang='lat' dir='ltr'><strong>id</strong></span> <span class='ocrx_word' id='word_1_677' title='bbox 3373 4373 3568 4429; x_wconf 89' lang='lat' dir='ltr'><strong>nempe</strong></span> <span class='ocrx_word' id='word_1_678' title='bbox 3611 4363 3868 4431; x_wconf 70' lang='lat' dir='ltr'><strong>temporis</strong></span> 
     </span>
    </p>
   </div>
   <div class='ocr_carea' id='block_1_90' title="bbox 2280 4423 2983 4495">
    <p class='ocr_par' dir='ltr' id='par_1_90' title="bbox 2280 4423 2983 4495">
     <span class='ocr_line' id='line_1_90' title="bbox 2280 4423 2983 4495; baseline 0 -17"><span class='ocrx_word' id='word_1_679' title='bbox 2280 4423 2742 4495; x_wconf 83' lang='lat' dir='ltr'><strong>Constantinopoli</strong></span> <span class='ocrx_word' id='word_1_680' title='bbox 2772 4423 2983 4492; x_wconf 77' lang='lat' dir='ltr'><strong>agebat.</strong></span> 
     </span>
    </p>
   </div>
   <div class='ocr_carea' id='block_1_91' title="bbox 2367 4496 3866 4570">
    <p class='ocr_par' dir='ltr' id='par_1_91' title="bbox 2367 4496 3866 4570">
     <span class='ocr_line' id='line_1_91' title="bbox 2367 4496 3866 4570; baseline 0.004 -21"><span class='ocrx_word' id='word_1_681' title='bbox 2367 4496 2392 4570; x_wconf 25' lang='grc' dir='ltr'><strong>ι.</strong></span> <span class='ocrx_word' id='word_1_682' title='bbox 2430 4497 2606 4550; x_wconf 78' lang='lat' dir='ltr'><strong>Nostri</strong></span> <span class='ocrx_word' id='word_1_683' title='bbox 2643 4511 2798 4561; x_wconf 90' lang='lat' dir='ltr'><strong>tnss.,</strong></span> <span class='ocrx_word' id='word_1_684' title='bbox 2836 4498 3085 4567; x_wconf 74' lang='lat' dir='ltr'><strong>profecit;</strong></span> <span class='ocrx_word' id='word_1_685' title='bbox 3126 4509 3234 4552; x_wconf 92' lang='lat' dir='ltr'><strong>tum</strong></span> <span class='ocrx_word' id='word_1_686' title='bbox 3273 4501 3731 4568; x_wconf 76' lang='lat' dir='ltr'><strong>unusaspicerent</strong></span> <span class='ocrx_word' id='word_1_687' title='bbox 3774 4516 3866 4570; x_wconf 89' lang='lat' dir='ltr'><strong>pro</strong></span> 
     </span>
    </p>
   </div>
   <div class='ocr_carea' id='block_1_92' title="bbox 670 4551 2528 4636">
    <p class='ocr_par' dir='ltr' id='par_1_92' title="bbox 670 4551 2528 4636">
     <span class='ocr_line' id='line_1_92' title="bbox 670 4551 2528 4636; baseline 0.009 -32"><span class='ocrx_word' id='word_1_688' title='bbox 670 4551 697 4588; x_wconf 67' lang='grc'><strong><em>³</em></strong></span> <span class='ocrx_word' id='word_1_689' title='bbox 739 4552 1087 4635; x_wconf 66' lang='lat' dir='ltr'><strong>Bononiens&quot;</strong></span> <span class='ocrx_word' id='word_1_690' title='bbox 1127 4555 1286 4608; x_wconf 86' lang='lat' dir='ltr'><strong>libero</strong></span> <span class='ocrx_word' id='word_1_691' title='bbox 1317 4557 1508 4609; x_wconf 83' lang='lat' dir='ltr'><strong>cunctis</strong></span> <span class='ocrx_word' id='word_1_692' title='bbox 1537 4573 1800 4622; x_wconf 80' lang='lat' dir='ltr'><strong>sermone;</strong></span> <span class='ocrx_word' id='word_1_693' title='bbox 1829 4558 1935 4613; x_wconf 89' lang='lat' dir='ltr'><strong>duo</strong></span> <span class='ocrx_word' id='word_1_694' title='bbox 1986 4560 2174 4623; x_wconf 82' lang='lat' dir='ltr'><strong>Vatic.,</strong></span> <span class='ocrx_word' id='word_1_695' title='bbox 2209 4553 2260 4615; x_wconf 86' lang='grc' dir='ltr'><strong>Ι)</strong></span> <span class='ocrx_word' id='word_1_696' title='bbox 2283 4567 2528 4636; x_wconf 83' lang='lat' dir='ltr'><strong>aspicere.</strong></span> 
     </span>
    </p>
   </div>
   <div class='ocr_carea' id='block_1_93' title="bbox 591 4622 1150 4684">
    <p class='ocr_par' dir='ltr' id='par_1_93' title="bbox 591 4622 1150 4684">
     <span class='ocr_line' id='line_1_93' title="bbox 591 4622 1150 4684; baseline 0.005 -10"><span class='ocrx_word' id='word_1_697' title='bbox 591 4622 717 4675; x_wconf 72' lang='lat' dir='ltr'><strong>liber</strong></span> <span class='ocrx_word' id='word_1_698' title='bbox 743 4638 774 4674; x_wconf 88' lang='lat' dir='ltr'><strong>a</strong></span> <span class='ocrx_word' id='word_1_699' title='bbox 804 4625 1019 4684; x_wconf 86' lang='lat' dir='ltr'><strong>eunetis,</strong></span> <span class='ocrx_word' id='word_1_700' title='bbox 1045 4634 1150 4677; x_wconf 93' lang='lat' dir='ltr'><strong>etc.</strong></span> 
     </span>
    </p>
   </div>
   <div class='ocr_carea' id='block_1_94' title="bbox 668 4693 2176 4774">
    <p class='ocr_par' dir='ltr' id='par_1_94' title="bbox 668 4693 2176 4774">
     <span class='ocr_line' id='line_1_94' title="bbox 668 4693 2176 4774; baseline 0.007 -28"><span class='ocrx_word' id='word_1_701' title='bbox 668 4703 690 4730; x_wconf 77' lang='grc'><strong>⁸</strong></span> <span class='ocrx_word' id='word_1_702' title='bbox 713 4693 876 4774; x_wconf 43' lang='lat' dir='ltr'><strong>.ld_en.t</strong></span> <span class='ocrx_word' id='word_1_703' title='bbox 908 4696 959 4746; x_wconf 83' lang='lat' dir='ltr'><strong>in</strong></span> <span class='ocrx_word' id='word_1_704' title='bbox 994 4695 1424 4774; x_wconf 56' lang='lat' dir='ltr'><strong>pra&#39;ptisitionem</strong></span> <span class='ocrx_word' id='word_1_705' title='bbox 1461 4706 1628 4762; x_wconf 85' lang='lat' dir='ltr'><strong>tacet;</strong></span> <span class='ocrx_word' id='word_1_706' title='bbox 1668 4699 1824 4766; x_wconf 88' lang='lat' dir='ltr'><strong>paulo</strong></span> <span class='ocrx_word' id='word_1_707' title='bbox 1861 4712 1978 4769; x_wconf 91' lang='lat' dir='ltr'><strong>post</strong></span> <span class='ocrx_word' id='word_1_708' title='bbox 2004 4703 2176 4757; x_wconf 76' lang='lat' dir='ltr'><strong>divina</strong></span> 
     </span>
    </p>
   </div>
   <div class='ocr_carea' id='block_1_95' title="bbox 587 4763 2172 4899">
    <p class='ocr_par' dir='ltr' id='par_1_95' title="bbox 587 4763 2172 4899">
     <span class='ocr_line' id='line_1_95' title="bbox 587 4763 1876 4833; baseline 0.009 -21"><span class='ocrx_word' id='word_1_709' title='bbox 587 4763 756 4833; x_wconf 80' lang='lat' dir='ltr'><strong>gratia</strong></span> <span class='ocrx_word' id='word_1_710' title='bbox 784 4763 941 4817; x_wconf 90' lang='lat' dir='ltr'><strong>habet</strong></span> <span class='ocrx_word' id='word_1_711' title='bbox 972 4780 1068 4832; x_wconf 87' lang='lat' dir='ltr'><strong>pro</strong></span> <span class='ocrx_word' id='word_1_712' title='bbox 1099 4765 1320 4827; x_wconf 71' lang='lat' dir='ltr'><strong>diversa,</strong></span> <span class='ocrx_word' id='word_1_713' title='bbox 1351 4776 1457 4820; x_wconf 90' lang='lat' dir='ltr'><strong>etc.</strong></span> <span class='ocrx_word' id='word_1_714' title='bbox 1669 4763 1683 4766; x_wconf 56' lang='grc'>⁷</span> <span class='ocrx_word' id='word_1_715' title='bbox 1861 4763 1876 4769; x_wconf 54' lang='grc'>⁷</span> 
     </span>
     <span class='ocr_line' id='line_1_96' title="bbox 668 4831 2172 4899; baseline 0.011 -16"><span class='ocrx_word' id='word_1_716' title='bbox 668 4831 693 4868; x_wconf 73' lang='grc' dir='ltr'>ά</span> <span class='ocrx_word' id='word_1_717' title='bbox 739 4831 861 4884; x_wconf 68' lang='lat' dir='ltr'><strong>llaec</strong></span> <span class='ocrx_word' id='word_1_718' title='bbox 911 4837 1148 4887; x_wconf 74' lang='grc' dir='ltr'>ιεῐθιυιιι</span> <span class='ocrx_word' id='word_1_719' title='bbox 1190 4835 1253 4886; x_wconf 81' lang='lat' dir='ltr'><strong>ad</strong></span> <span class='ocrx_word' id='word_1_720' title='bbox 1299 4852 1389 4892; x_wconf 90' lang='lat' dir='ltr'><strong>an.</strong></span> <span class='ocrx_word' id='word_1_721' title='bbox 1435 4838 1558 4892; x_wconf 77' lang='grc'>572.</span> <span class='ocrx_word' id='word_1_722' title='bbox 1601 4839 1793 4892; x_wconf 86' lang='lat' dir='ltr'><strong>eruditi</strong></span> <span class='ocrx_word' id='word_1_723' title='bbox 1847 4841 2172 4899; x_wconf 60' lang='lat' dir='ltr'><strong>Benci’ictini</strong></span> 
     </span>
    </p>
   </div>
   <div class='ocr_carea' id='block_1_96' title="bbox 589 4901 2175 4975">
    <p class='ocr_par' dir='ltr' id='par_1_96' title="bbox 589 4901 2175 4975">
     <span class='ocr_line' id='line_1_97' title="bbox 589 4901 2175 4975; baseline 0.009 -22"><span class='ocrx_word' id='word_1_724' title='bbox 589 4901 828 4975; x_wconf 64' lang='lat' dir='ltr'><strong>Operam</strong></span> <span class='ocrx_word' id='word_1_725' title='bbox 869 4902 926 4956; x_wconf 91' lang='lat' dir='ltr'><strong>S.</strong></span> <span class='ocrx_word' id='word_1_726' title='bbox 955 4904 1134 4958; x_wconf 83' lang='lat' dir='ltr'><strong>Basilii</strong></span> <span class='ocrx_word' id='word_1_727' title='bbox 1162 4906 1416 4970; x_wconf 89' lang='lat' dir='ltr'><strong>editores,</strong></span> <span class='ocrx_word' id='word_1_728' title='bbox 1443 4909 1492 4960; x_wconf 90' lang='lat' dir='ltr'><strong>in</strong></span> <span class='ocrx_word' id='word_1_729' title='bbox 1517 4909 1631 4975; x_wconf 83' lang='lat' dir='ltr'><strong>ejus</strong></span> <span class='ocrx_word' id='word_1_730' title='bbox 1661 4911 1771 4963; x_wconf 83' lang='lat' dir='ltr'><strong>Vita</strong></span> <span class='ocrx_word' id='word_1_731' title='bbox 1797 4929 1955 4973; x_wconf 78' lang='lat' dir='ltr'><strong>quam</strong></span> <span class='ocrx_word' id='word_1_732' title='bbox 1982 4917 2175 4968; x_wconf 73' lang='lat' dir='ltr'><strong>videsis</strong></span> 
     </span>
    </p>
   </div>
   <div class='ocr_carea' id='block_1_97' title="bbox 587 4971 2174 5050">
    <p class='ocr_par' dir='ltr' id='par_1_97' title="bbox 587 4971 2174 5050">
     <span class='ocr_line' id='line_1_98' title="bbox 587 4971 2174 5050; baseline 0.009 -28"><span class='ocrx_word' id='word_1_733' title='bbox 587 4985 711 5050; x_wconf 60' lang='lat' dir='ltr'><strong>cap.</strong></span> <span class='ocrx_word' id='word_1_734' title='bbox 753 4971 823 5023; x_wconf 69' lang='lat'><strong>‘30</strong></span> <span class='ocrx_word' id='word_1_735' title='bbox 865 4987 895 5025; x_wconf 89' lang='lat' dir='ltr'><strong>a</strong></span> <span class='ocrx_word' id='word_1_736' title='bbox 947 4991 1094 5050; x_wconf 80' lang='lat' dir='ltr'><strong>num.</strong></span> <span class='ocrx_word' id='word_1_737' title='bbox 1123 4979 1177 5029; x_wconf 73' lang='lat' dir='ltr'><strong>ti.</strong></span> <span class='ocrx_word' id='word_1_738' title='bbox 1202 4978 1290 5050; x_wconf 89' lang='lat' dir='ltr'><strong>_ad</strong></span> <span class='ocrx_word' id='word_1_739' title='bbox 1341 4981 1498 5032; x_wconf 83' lang='lat' dir='ltr'><strong>linem</strong></span> <span class='ocrx_word' id='word_1_740' title='bbox 1546 4971 1731 5050; x_wconf 75' lang='lat' dir='ltr'><strong>usque.</strong></span> <span class='ocrx_word' id='word_1_741' title='bbox 1766 4971 1884 5035; x_wconf 77' lang='lat' dir='ltr'><strong>Mox</strong></span> <span class='ocrx_word' id='word_1_742' title='bbox 1932 4983 2058 5037; x_wconf 86' lang='lat' dir='ltr'><strong>illud</strong></span> <span class='ocrx_word' id='word_1_743' title='bbox 2100 4994 2174 5038; x_wconf 72' lang='lat' dir='ltr'><strong>est</strong></span> 
     </span>
    </p>
   </div>
   <div class='ocr_carea' id='block_1_98' title="bbox 590 5041 1462 5113">
    <p class='ocr_par' dir='ltr' id='par_1_98' title="bbox 590 5041 1462 5113">
     <span class='ocr_line' id='line_1_99' title="bbox 590 5041 1462 5113; baseline 0.01 -20"><span class='ocrx_word' id='word_1_744' title='bbox 590 5041 812 5113; x_wconf 71' lang='lat' dir='ltr'><strong>verbum</strong></span> <span class='ocrx_word' id='word_1_745' title='bbox 846 5044 1013 5097; x_wconf 93' lang='lat' dir='ltr'><strong>nostri</strong></span> <span class='ocrx_word' id='word_1_746' title='bbox 1045 5061 1170 5099; x_wconf 60' lang='grc' dir='ltr'><strong>ηυδε.</strong></span> <span class='ocrx_word' id='word_1_747' title='bbox 1201 5047 1462 5113; x_wconf 77' lang='lat' dir='ltr'><strong>ignorant.</strong></span> 
     </span>
    </p>
   </div>
   <div class='ocr_carea' id='block_1_99' title="bbox 673 5111 2174 5188">
    <p class='ocr_par' dir='ltr' id='par_1_99' title="bbox 673 5111 2174 5188">
     <span class='ocr_line' id='line_1_100' title="bbox 673 5111 2174 5188; baseline 0.007 -22"><span class='ocrx_word' id='word_1_748' title='bbox 673 5121 697 5147; x_wconf 89' lang='grc'>⁶</span> <span class='ocrx_word' id='word_1_749' title='bbox 737 5111 925 5188; x_wconf 79' lang='lat' dir='ltr'><strong>_Denuo</strong></span> <span class='ocrx_word' id='word_1_750' title='bbox 953 5111 1275 5172; x_wconf 88' lang='lat' dir='ltr'><strong>Bononiens.</strong></span> <span class='ocrx_word' id='word_1_751' title='bbox 1305 5117 1496 5173; x_wconf 83' lang='lat' dir='ltr'><strong>Tamen</strong></span> <span class='ocrx_word' id='word_1_752' title='bbox 1524 5121 1631 5188; x_wconf 84' lang='lat' dir='ltr'><strong>ille,</strong></span> <span class='ocrx_word' id='word_1_753' title='bbox 1656 5132 1783 5188; x_wconf 90' lang='lat' dir='ltr'><strong>etc.,</strong></span> <span class='ocrx_word' id='word_1_754' title='bbox 1819 5132 1926 5177; x_wconf 90' lang='lat' dir='ltr'><strong>tum</strong></span> <span class='ocrx_word' id='word_1_755' title='bbox 1957 5125 2174 5177; x_wconf 70' lang='lat' dir='ltr'><strong>minaui</strong></span> 
     </span>
    </p>
   </div>
   <div class='ocr_carea' id='block_1_100' title="bbox 598 5179 998 5252">
    <p class='ocr_par' dir='ltr' id='par_1_100' title="bbox 598 5179 998 5252">
     <span class='ocr_line' id='line_1_101' title="bbox 598 5179 998 5252; baseline 0.013 -19"><span class='ocrx_word' id='word_1_756' title='bbox 598 5179 872 5252; x_wconf 73' lang='lat' dir='ltr'><strong>Prtrfecto,</strong></span> <span class='ocrx_word' id='word_1_757' title='bbox 894 5197 998 5238; x_wconf 84' lang='lat' dir='ltr'><strong>etc.</strong></span> 
     </span>
    </p>
   </div>
   <div class='ocr_carea' id='block_1_101' title="bbox 675 5251 2175 5325">
    <p class='ocr_par' dir='ltr' id='par_1_101' title="bbox 675 5251 2175 5325">
     <span class='ocr_line' id='line_1_102' title="bbox 675 5251 2175 5325; baseline 0.007 -18"><span class='ocrx_word' id='word_1_758' title='bbox 675 5251 1102 5325; x_wconf 71' lang='lat' dir='ltr'><strong>&#39;Regio-Vatie.</strong></span> <span class='ocrx_word' id='word_1_759' title='bbox 1151 5260 1203 5313; x_wconf 84' lang='lat' dir='ltr'><strong>in</strong></span> <span class='ocrx_word' id='word_1_760' title='bbox 1232 5261 1361 5324; x_wconf 66' lang='lat' dir='ltr'><strong>illa;</strong></span> <span class='ocrx_word' id='word_1_761' title='bbox 1407 5271 1516 5314; x_wconf 93' lang='lat' dir='ltr'><strong>tum</strong></span> <span class='ocrx_word' id='word_1_762' title='bbox 1561 5261 1937 5325; x_wconf 87' lang='lat' dir='ltr'><strong>Guarnerian.,</strong></span> <span class='ocrx_word' id='word_1_763' title='bbox 1979 5267 2175 5317; x_wconf 60' lang='lat' dir='ltr'><strong>crucia-</strong></span> 
     </span>
    </p>
   </div>
   <div class='ocr_carea' id='block_1_102' title="bbox 592 5323 2099 5403">
    <p class='ocr_par' dir='ltr' id='par_1_102' title="bbox 592 5323 2099 5403">
     <span class='ocr_line' id='line_1_103' title="bbox 592 5323 2099 5403; baseline 0.007 -27"><span class='ocrx_word' id='word_1_764' title='bbox 592 5323 862 5403; x_wconf 65' lang='lat' dir='ltr'><strong>ba:nr_prli</strong></span> <span class='ocrx_word' id='word_1_765' title='bbox 886 5329 1166 5403; x_wconf 81' lang='lat' dir='ltr'><strong>cruciatur,</strong></span> <span class='ocrx_word' id='word_1_766' title='bbox 1195 5342 1249 5403; x_wconf 82' lang='lat' dir='ltr'><strong>et</strong></span> <span class='ocrx_word' id='word_1_767' title='bbox 1272 5333 1412 5385; x_wconf 86' lang='lat' dir='ltr'><strong>missi</strong></span> <span class='ocrx_word' id='word_1_768' title='bbox 1439 5341 1556 5385; x_wconf 83' lang='lat' dir='ltr'><strong>sunt</strong></span> <span class='ocrx_word' id='word_1_769' title='bbox 1587 5334 1675 5401; x_wconf 86' lang='lat' dir='ltr'><strong>qui</strong></span> <span class='ocrx_word' id='word_1_770' title='bbox 1702 5323 1958 5403; x_wconf 79' lang='lat' dir='ltr'><strong>rogarent,</strong></span> <span class='ocrx_word' id='word_1_771' title='bbox 1993 5345 2099 5387; x_wconf 80' lang='lat' dir='ltr'><strong>etc.</strong></span> 
     </span>
    </p>
   </div>
   <div class='ocr_carea' id='block_1_103' title="bbox 667 5396 2173 5468">
    <p class='ocr_par' dir='ltr' id='par_1_103' title="bbox 667 5396 2173 5468">
     <span class='ocr_line' id='line_1_104' title="bbox 667 5396 2173 5468; baseline 0.006 -18"><span class='ocrx_word' id='word_1_772' title='bbox 667 5404 692 5441; x_wconf 71' lang='grc' dir='ltr'><strong><em>Β</em></strong></span> <span class='ocrx_word' id='word_1_773' title='bbox 734 5396 924 5452; x_wconf 78' lang='lat' dir='ltr'><strong>Fertne</strong></span> <span class='ocrx_word' id='word_1_774' title='bbox 949 5401 1209 5454; x_wconf 85' lang='lat' dir='ltr'><strong>rectiusin</strong></span> <span class='ocrx_word' id='word_1_775' title='bbox 1231 5402 1575 5468; x_wconf 80' lang='lat' dir='ltr'><strong>Bononiensi,</strong></span> <span class='ocrx_word' id='word_1_776' title='bbox 1595 5396 1955 5467; x_wconf 50' lang='lat' dir='ltr'><strong>Numisium:</strong></span> <span class='ocrx_word' id='word_1_777' title='bbox 1979 5405 2173 5459; x_wconf 87' lang='lat' dir='ltr'><strong>deinde</strong></span> 
     </span>
    </p>
   </div>
   <div class='ocr_carea' id='block_1_104' title="bbox 593 5463 2172 5588">
    <p class='ocr_par' dir='ltr' id='par_1_104' title="bbox 593 5463 2172 5588">
     <span class='ocr_line' id='line_1_105' title="bbox 593 5463 2172 5588; baseline 0.009 -73"><span class='ocrx_word' id='word_1_778' title='bbox 593 5463 972 5588; x_wconf 44' lang='lat' dir='ltr'><strong>guarneriauq</strong></span> <span class='ocrx_word' id='word_1_779' title='bbox 1003 5469 1056 5522; x_wconf 87' lang='lat' dir='ltr'><strong>in</strong></span> <span class='ocrx_word' id='word_1_780' title='bbox 1086 5475 1196 5525; x_wconf 89' lang='lat' dir='ltr'><strong>loco</strong></span> <span class='ocrx_word' id='word_1_781' title='bbox 1226 5477 1407 5540; x_wconf 85' lang='lat' dir='ltr'><strong>patris,</strong></span> <span class='ocrx_word' id='word_1_782' title='bbox 1439 5485 1493 5527; x_wconf 87' lang='lat' dir='ltr'><strong>et</strong></span> <span class='ocrx_word' id='word_1_783' title='bbox 1521 5463 1738 5540; x_wconf 75' lang='lat' dir='ltr'><strong>feliciter</strong></span> <span class='ocrx_word' id='word_1_784' title='bbox 1764 5474 1880 5527; x_wconf 84' lang='lat' dir='ltr'><strong>tulit</strong></span> <span class='ocrx_word' id='word_1_785' title='bbox 1913 5463 2008 5544; x_wconf 81' lang='lat' dir='ltr'><strong>pro</strong></span> <span class='ocrx_word' id='word_1_786' title='bbox 2039 5477 2172 5542; x_wconf 83' lang='lat' dir='ltr'><strong>ﬁde-</strong></span> 
     </span>
     <span class='ocr_line' id='line_1_106' title="bbox 613 5551 865 5588; baseline 0 0"><span class='ocrx_word' id='word_1_787' title='bbox 613 5551 727 5588; x_wconf 83' lang='lat' dir='ltr'><strong>ier.</strong></span> <span class='ocrx_word' id='word_1_788' title='bbox 761 5553 865 5588; x_wconf 87' lang='lat' dir='ltr'><strong>etc.</strong></span> 
     </span>
    </p>
   </div>
   <div class='ocr_carea' id='block_1_105' title="bbox 613 5548 865 5600">
    <p class='ocr_par' dir='ltr' id='par_1_105' title="bbox 613 5548 865 5600">
     <span class='ocr_line' id='line_1_107' title="bbox 613 5548 865 5600; baseline -0.004 -11"><span class='ocrx_word' id='word_1_789' title='bbox 613 5548 727 5600; x_wconf 83' lang='lat' dir='ltr'><strong>iter,</strong></span> <span class='ocrx_word' id='word_1_790' title='bbox 761 5553 865 5592; x_wconf 88' lang='lat' dir='ltr'><strong>etc.</strong></span> 
     </span>
    </p>
   </div>
   <div class='ocr_carea' id='block_1_106' title="bbox 668 5604 2174 5682">
    <p class='ocr_par' dir='ltr' id='par_1_106' title="bbox 668 5604 2174 5682">
     <span class='ocr_line' id='line_1_108' title="bbox 668 5604 2174 5682; baseline 0.009 -24"><span class='ocrx_word' id='word_1_791' title='bbox 668 5604 694 5682; x_wconf 58' lang='grc' dir='ltr'><strong>ιζ</strong></span> <span class='ocrx_word' id='word_1_792' title='bbox 739 5609 1086 5682; x_wconf 74' lang='lat' dir='ltr'><strong>liestituimus</strong></span> <span class='ocrx_word' id='word_1_793' title='bbox 1125 5626 1189 5666; x_wconf 83' lang='lat' dir='ltr'><strong>ex</strong></span> <span class='ocrx_word' id='word_1_794' title='bbox 1222 5612 1598 5682; x_wconf 85' lang='lat' dir='ltr'><strong>Guarncrian.,</strong></span> <span class='ocrx_word' id='word_1_795' title='bbox 1627 5621 1891 5675; x_wconf 76' lang='lat' dir='ltr'><strong>exoratus,</strong></span> <span class='ocrx_word' id='word_1_796' title='bbox 1932 5629 2026 5682; x_wconf 89' lang='lat' dir='ltr'><strong>pro</strong></span> <span class='ocrx_word' id='word_1_797' title='bbox 2069 5633 2174 5682; x_wconf 87' lang='lat' dir='ltr'><strong>quo</strong></span> 
     </span>
    </p>
   </div>
   <div class='ocr_carea' id='block_1_107' title="bbox 592 5677 2169 5743">
    <p class='ocr_par' dir='ltr' id='par_1_107' title="bbox 592 5677 2169 5743">
     <span class='ocr_line' id='line_1_109' title="bbox 592 5677 2169 5743; baseline 0.007 -15"><span class='ocrx_word' id='word_1_798' title='bbox 592 5677 732 5729; x_wconf 87' lang='lat' dir='ltr'><strong>tnale</strong></span> <span class='ocrx_word' id='word_1_799' title='bbox 752 5679 1026 5743; x_wconf 83' lang='lat' dir='ltr'><strong>hactenus,</strong></span> <span class='ocrx_word' id='word_1_800' title='bbox 1047 5692 1136 5732; x_wconf 88' lang='lat' dir='ltr'><strong>aut</strong></span> <span class='ocrx_word' id='word_1_801' title='bbox 1159 5690 1303 5736; x_wconf 84' lang='lat' dir='ltr'><strong>certe</strong></span> <span class='ocrx_word' id='word_1_802' title='bbox 1329 5685 1506 5735; x_wconf 83' lang='lat' dir='ltr'><strong>minus</strong></span> <span class='ocrx_word' id='word_1_803' title='bbox 1528 5681 1715 5734; x_wconf 87' lang='lat' dir='ltr'><strong>Latine</strong></span> <span class='ocrx_word' id='word_1_804' title='bbox 1743 5677 1956 5742; x_wconf 50' lang='lat' dir='ltr'><strong>lectum}</strong></span> <span class='ocrx_word' id='word_1_805' title='bbox 1982 5677 2169 5738; x_wconf 66' lang='lat' dir='ltr'><strong>exhor-</strong></span> 
     </span>
    </p>
   </div>
   <div class='ocr_carea' id='block_1_108' title="bbox 591 5747 2171 5823">
    <p class='ocr_par' dir='ltr' id='par_1_108' title="bbox 591 5747 2171 5823">
     <span class='ocr_line' id='line_1_110' title="bbox 591 5747 2171 5823; baseline 0.009 -23"><span class='ocrx_word' id='word_1_806' title='bbox 591 5753 746 5800; x_wconf 78' lang='lat' dir='ltr'><strong>tatus.</strong></span> <span class='ocrx_word' id='word_1_807' title='bbox 777 5747 899 5803; x_wconf 59' lang='lat' dir='ltr'><strong>llaec</strong></span> <span class='ocrx_word' id='word_1_808' title='bbox 928 5763 1128 5805; x_wconf 90' lang='lat' dir='ltr'><strong>annum</strong></span> <span class='ocrx_word' id='word_1_809' title='bbox 1150 5761 1392 5823; x_wconf 78' lang='lat' dir='ltr'><strong>Spectant</strong></span> <span class='ocrx_word' id='word_1_810' title='bbox 1412 5751 1536 5808; x_wconf 72' lang='lat'><strong>580.</strong></span> <span class='ocrx_word' id='word_1_811' title='bbox 1571 5762 1627 5806; x_wconf 92' lang='lat' dir='ltr'><strong>ut</strong></span> <span class='ocrx_word' id='word_1_812' title='bbox 1648 5765 1792 5821; x_wconf 73' lang='lat' dir='ltr'><strong>sa&#39;pe</strong></span> <span class='ocrx_word' id='word_1_813' title='bbox 1823 5763 2060 5810; x_wconf 91' lang='lat' dir='ltr'><strong>notatum</strong></span> <span class='ocrx_word' id='word_1_814' title='bbox 2089 5767 2171 5814; x_wconf 88' lang='lat' dir='ltr'><strong>est</strong></span> 
     </span>
    </p>
   </div>
   <div class='ocr_carea' id='block_1_109' title="bbox 2361 4637 3862 4708">
    <p class='ocr_par' dir='ltr' id='par_1_109' title="bbox 2361 4637 3862 4708">
     <span class='ocr_line' id='line_1_111' title="bbox 2361 4637 3862 4708; baseline 0.006 -22"><span class='ocrx_word' id='word_1_815' title='bbox 2361 4640 2374 4686; x_wconf 83' lang='lat' dir='ltr'><strong>i</strong></span> <span class='ocrx_word' id='word_1_816' title='bbox 2429 4637 2589 4690; x_wconf 84' lang='lat' dir='ltr'><strong>Iidem</strong></span> <span class='ocrx_word' id='word_1_817' title='bbox 2640 4638 2753 4703; x_wconf 81' lang='lat' dir='ltr'><strong>pari</strong></span> <span class='ocrx_word' id='word_1_818' title='bbox 2797 4652 3085 4701; x_wconf 91' lang='lat' dir='ltr'><strong>consensu,</strong></span> <span class='ocrx_word' id='word_1_819' title='bbox 3127 4649 3364 4708; x_wconf 81' lang='lat' dir='ltr'><strong>itemque</strong></span> <span class='ocrx_word' id='word_1_820' title='bbox 3411 4656 3545 4694; x_wconf 80' lang='lat' dir='ltr'><strong>unus</strong></span> <span class='ocrx_word' id='word_1_821' title='bbox 3594 4639 3764 4696; x_wconf 84' lang='lat' dir='ltr'><strong>Vatic.</strong></span> <span class='ocrx_word' id='word_1_822' title='bbox 3813 4643 3862 4696; x_wconf 92' lang='lat' dir='ltr'><strong>in</strong></span> 
     </span>
    </p>
   </div>
   <div class='ocr_carea' id='block_1_110' title="bbox 2283 4708 2721 4774">
    <p class='ocr_par' dir='ltr' id='par_1_110' title="bbox 2283 4708 2721 4774">
     <span class='ocr_line' id='line_1_112' title="bbox 2283 4708 2721 4774; baseline 0 -14"><span class='ocrx_word' id='word_1_823' title='bbox 2283 4717 2431 4760; x_wconf 87' lang='lat' dir='ltr'><strong>recto</strong></span> <span class='ocrx_word' id='word_1_824' title='bbox 2465 4708 2721 4774; x_wconf 85' lang='lat' dir='ltr'><strong>discipuli.</strong></span> 
     </span>
    </p>
   </div>
   <div class='ocr_carea' id='block_1_111' title="bbox 2357 4797 3858 4868">
    <p class='ocr_par' dir='ltr' id='par_1_111' title="bbox 2357 4797 3858 4868">
     <span class='ocr_line' id='line_1_113' title="bbox 2357 4797 3858 4868; baseline 0.002 -16"><span class='ocrx_word' id='word_1_825' title='bbox 2357 4797 2378 4834; x_wconf 78' lang='grc' dir='ltr'>¹ί</span> <span class='ocrx_word' id='word_1_826' title='bbox 2422 4797 2776 4852; x_wconf 84' lang='lat' dir='ltr'><strong>Guarnerian.</strong></span> <span class='ocrx_word' id='word_1_827' title='bbox 2808 4813 2926 4852; x_wconf 90' lang='lat' dir='ltr'><strong>cum</strong></span> <span class='ocrx_word' id='word_1_828' title='bbox 2955 4798 3345 4867; x_wconf 78' lang='lat' dir='ltr'><strong>Regio—Valic.,</strong></span> <span class='ocrx_word' id='word_1_829' title='bbox 3370 4801 3858 4868; x_wconf 75' lang='lat' dir='ltr'><strong>prwscriptionibus.</strong></span> 
     </span>
    </p>
   </div>
   <div class='ocr_carea' id='block_1_112' title="bbox 2283 4867 3860 4938">
    <p class='ocr_par' dir='ltr' id='par_1_112' title="bbox 2283 4867 3860 4938">
     <span class='ocr_line' id='line_1_114' title="bbox 2283 4867 3860 4938; baseline 0.002 -16"><span class='ocrx_word' id='word_1_830' title='bbox 2283 4867 2572 4922; x_wconf 85' lang='lat' dir='ltr'><strong>Iiistoriam</strong></span> <span class='ocrx_word' id='word_1_831' title='bbox 2599 4871 2738 4935; x_wconf 86' lang='lat' dir='ltr'><strong>quod</strong></span> <span class='ocrx_word' id='word_1_832' title='bbox 2770 4879 2995 4936; x_wconf 84' lang='lat' dir='ltr'><strong>spectat,</strong></span> <span class='ocrx_word' id='word_1_833' title='bbox 3026 4872 3140 4922; x_wconf 74' lang='lat' dir='ltr'><strong>vide</strong></span> <span class='ocrx_word' id='word_1_834' title='bbox 3162 4887 3193 4922; x_wconf 92' lang='lat' dir='ltr'><strong>n</strong></span> <span class='ocrx_word' id='word_1_835' title='bbox 3233 4885 3280 4933; x_wconf 90' lang='lat' dir='ltr'><strong>s,</strong></span> <span class='ocrx_word' id='word_1_836' title='bbox 3312 4867 3535 4938; x_wconf 83' lang='lat' dir='ltr'><strong>silibet,</strong></span> <span class='ocrx_word' id='word_1_837' title='bbox 3563 4888 3682 4926; x_wconf 92' lang='lat' dir='ltr'><strong>cum</strong></span> <span class='ocrx_word' id='word_1_838' title='bbox 3713 4873 3860 4934; x_wconf 81' lang='lat' dir='ltr'><strong>antii,</strong></span> 
     </span>
    </p>
   </div>
   <div class='ocr_carea' id='block_1_113' title="bbox 2284 4939 3860 5010">
    <p class='ocr_par' dir='ltr' id='par_1_113' title="bbox 2284 4939 3860 5010">
     <span class='ocr_line' id='line_1_115' title="bbox 2284 4939 3860 5010; baseline 0.002 -18"><span class='ocrx_word' id='word_1_839' title='bbox 2284 4949 2392 4992; x_wconf 89' lang='lat' dir='ltr'><strong>tum</strong></span> <span class='ocrx_word' id='word_1_840' title='bbox 2427 4941 2480 4992; x_wconf 91' lang='lat' dir='ltr'><strong>in</strong></span> <span class='ocrx_word' id='word_1_841' title='bbox 2511 4939 2569 4993; x_wconf 91' lang='lat' dir='ltr'><strong>S.</strong></span> <span class='ocrx_word' id='word_1_842' title='bbox 2599 4939 2905 5010; x_wconf 79' lang='lat' dir='ltr'><strong>Hieronymi</strong></span> <span class='ocrx_word' id='word_1_843' title='bbox 2941 4939 3053 4993; x_wconf 79' lang='lat' dir='ltr'><strong>Vita</strong></span> <span class='ocrx_word' id='word_1_844' title='bbox 3077 4956 3195 5007; x_wconf 88' lang='lat' dir='ltr'><strong>cap.</strong></span> <span class='ocrx_word' id='word_1_845' title='bbox 3232 4944 3316 4995; x_wconf 79' lang='lat' dir='ltr'><strong>i3.</strong></span> <span class='ocrx_word' id='word_1_846' title='bbox 3353 4959 3500 4994; x_wconf 89' lang='lat' dir='ltr'><strong>num.</strong></span> <span class='ocrx_word' id='word_1_847' title='bbox 3544 4945 3590 4996; x_wconf 88' lang='lat' dir='ltr'><strong>l.</strong></span> <span class='ocrx_word' id='word_1_848' title='bbox 3624 4955 3680 4996; x_wconf 88' lang='lat' dir='ltr'><strong>et</strong></span> <span class='ocrx_word' id='word_1_849' title='bbox 3712 4959 3860 5009; x_wconf 78' lang='lat' dir='ltr'><strong>seqq.</strong></span> 
     </span>
    </p>
   </div>
   <div class='ocr_carea' id='block_1_114' title="bbox 2358 5029 3864 5098">
    <p class='ocr_par' dir='ltr' id='par_1_114' title="bbox 2358 5029 3864 5098">
     <span class='ocr_line' id='line_1_116' title="bbox 2358 5029 3864 5098; baseline 0.004 -15"><span class='ocrx_word' id='word_1_850' title='bbox 2358 5029 2375 5068; x_wconf 80' lang='grc' dir='ltr'>ι</span> <span class='ocrx_word' id='word_1_851' title='bbox 2422 5030 2556 5084; x_wconf 83' lang='lat' dir='ltr'><strong>Male</strong></span> <span class='ocrx_word' id='word_1_852' title='bbox 2600 5029 2838 5085; x_wconf 81' lang='lat' dir='ltr'><strong>Cacciar.</strong></span> <span class='ocrx_word' id='word_1_853' title='bbox 2888 5049 2996 5084; x_wconf 90' lang='lat' dir='ltr'><strong>uno</strong></span> <span class='ocrx_word' id='word_1_854' title='bbox 3018 5034 3209 5096; x_wconf 69' lang='lat' dir='ltr'><strong>verbo,</strong></span> <span class='ocrx_word' id='word_1_855' title='bbox 3261 5036 3536 5098; x_wconf 83' lang='lat' dir='ltr'><strong>subdente;</strong></span> <span class='ocrx_word' id='word_1_856' title='bbox 3587 5050 3685 5089; x_wconf 90' lang='lat' dir='ltr'><strong>nec</strong></span> <span class='ocrx_word' id='word_1_857' title='bbox 3730 5036 3864 5089; x_wconf 88' lang='lat' dir='ltr'><strong>bene</strong></span> 
     </span>
    </p>
   </div>
   <div class='ocr_carea' id='block_1_115' title="bbox 2281 5099 3864 5174">
    <p class='ocr_par' dir='ltr' id='par_1_115' title="bbox 2281 5099 3864 5174">
     <span class='ocr_line' id='line_1_117' title="bbox 2281 5099 3864 5174; baseline 0.003 -20"><span class='ocrx_word' id='word_1_858' title='bbox 2281 5099 2657 5166; x_wconf 87' lang='lat' dir='ltr'><strong>Gnarneriau.,</strong></span> <span class='ocrx_word' id='word_1_859' title='bbox 2710 5104 3010 5167; x_wconf 79' lang='lat' dir='ltr'><strong>subdentes;</strong></span> <span class='ocrx_word' id='word_1_860' title='bbox 3059 5115 3169 5157; x_wconf 89' lang='lat' dir='ltr'><strong>tum</strong></span> <span class='ocrx_word' id='word_1_861' title='bbox 3222 5104 3574 5170; x_wconf 85' lang='lat' dir='ltr'><strong>Bononieus.,</strong></span> <span class='ocrx_word' id='word_1_862' title='bbox 3617 5107 3738 5174; x_wconf 89' lang='lat' dir='ltr'><strong>quia</strong></span> <span class='ocrx_word' id='word_1_863' title='bbox 3785 5107 3864 5159; x_wconf 85' lang='lat' dir='ltr'><strong>di-</strong></span> 
     </span>
    </p>
   </div>
   <div class='ocr_carea' id='block_1_116' title="bbox 2278 5181 2550 5237">
    <p class='ocr_par' dir='ltr' id='par_1_116' title="bbox 2278 5181 2550 5237">
     <span class='ocr_line' id='line_1_118' title="bbox 2278 5181 2550 5237; baseline 0.015 -14"><span class='ocrx_word' id='word_1_864' title='bbox 2278 5187 2410 5237; x_wconf 79' lang='lat' dir='ltr'><strong>cere,</strong></span> <span class='ocrx_word' id='word_1_865' title='bbox 2446 5181 2550 5227; x_wconf 86' lang='lat' dir='ltr'><strong>etc.</strong></span> 
     </span>
    </p>
   </div>
   <div class='ocr_carea' id='block_1_117' title="bbox 2351 5263 3860 5333">
    <p class='ocr_par' dir='ltr' id='par_1_117' title="bbox 2351 5263 3860 5333">
     <span class='ocr_line' id='line_1_119' title="bbox 2351 5263 3860 5333; baseline 0.004 -17"><span class='ocrx_word' id='word_1_866' title='bbox 2351 5273 2389 5300; x_wconf 80' lang='grc' dir='ltr'><strong>πι</strong></span> <span class='ocrx_word' id='word_1_867' title='bbox 2433 5263 2669 5333; x_wconf 87' lang='lat' dir='ltr'><strong>Gregorii</strong></span> <span class='ocrx_word' id='word_1_868' title='bbox 2696 5264 2909 5330; x_wconf 86' lang='lat' dir='ltr'><strong>quidem</strong></span> <span class='ocrx_word' id='word_1_869' title='bbox 2934 5265 3116 5320; x_wconf 82' lang='lat' dir='ltr'><strong>decem</strong></span> <span class='ocrx_word' id='word_1_870' title='bbox 3147 5267 3433 5331; x_wconf 68' lang='lat' dir='ltr'><strong>Opuscula,</strong></span> <span class='ocrx_word' id='word_1_871' title='bbox 3475 5267 3653 5321; x_wconf 83' lang='lat' dir='ltr'><strong>Basilii</strong></span> <span class='ocrx_word' id='word_1_872' title='bbox 3684 5277 3860 5322; x_wconf 83' lang='lat' dir='ltr'><strong>autem</strong></span> 
     </span>
    </p>
   </div>
   <div class='ocr_carea' id='block_1_118' title="bbox 2277 5335 3861 5408">
    <p class='ocr_par' dir='ltr' id='par_1_118' title="bbox 2277 5335 3861 5408">
     <span class='ocr_line' id='line_1_120' title="bbox 2277 5335 3861 5408; baseline 0.003 -23"><span class='ocrx_word' id='word_1_873' title='bbox 2277 5343 2400 5408; x_wconf 76' lang='lat' dir='ltr'><strong>octo</strong></span> <span class='ocrx_word' id='word_1_874' title='bbox 2433 5335 2706 5408; x_wconf 83' lang='lat' dir='ltr'><strong>Homilias,</strong></span> <span class='ocrx_word' id='word_1_875' title='bbox 2739 5347 2793 5387; x_wconf 86' lang='lat' dir='ltr'><strong>et</strong></span> <span class='ocrx_word' id='word_1_876' title='bbox 2825 5345 3078 5403; x_wconf 72' lang='lat' dir='ltr'><strong>praeterea</strong></span> <span class='ocrx_word' id='word_1_877' title='bbox 3116 5339 3391 5407; x_wconf 67' lang='lat' dir='ltr'><strong>lingulam,</strong></span> <span class='ocrx_word' id='word_1_878' title='bbox 3424 5355 3580 5408; x_wconf 83' lang='lat' dir='ltr'><strong>quam</strong></span> <span class='ocrx_word' id='word_1_879' title='bbox 3614 5338 3861 5391; x_wconf 84' lang='lat' dir='ltr'><strong>Instituta</strong></span> 
     </span>
    </p>
   </div>
   <div class='ocr_carea' id='block_1_119' title="bbox 2280 5403 3859 5468">
    <p class='ocr_par' dir='ltr' id='par_1_119' title="bbox 2280 5403 3859 5468">
     <span class='ocr_line' id='line_1_121' title="bbox 2280 5403 3859 5468; baseline 0.004 -12"><span class='ocrx_word' id='word_1_880' title='bbox 2280 5403 2658 5456; x_wconf 69' lang='lat' dir='ltr'><strong>Monac/lorum</strong></span> <span class='ocrx_word' id='word_1_881' title='bbox 2688 5417 2859 5458; x_wconf 85' lang='lat' dir='ltr'><strong>vocat.</strong></span> <span class='ocrx_word' id='word_1_882' title='bbox 2898 5408 3019 5460; x_wconf 72' lang='lat' dir='ltr'><strong>llzt-c</strong></span> <span class='ocrx_word' id='word_1_883' title='bbox 3047 5425 3156 5468; x_wconf 90' lang='lat' dir='ltr'><strong>_nos</strong></span> <span class='ocrx_word' id='word_1_884' title='bbox 3197 5403 3378 5460; x_wconf 70' lang='lat' dir='ltr'><strong>omnia</strong></span> <span class='ocrx_word' id='word_1_885' title='bbox 3420 5403 3589 5462; x_wconf 79' lang='lat' dir='ltr'><strong>Tomn</strong></span> <span class='ocrx_word' id='word_1_886' title='bbox 3622 5410 3859 5462; x_wconf 87' lang='lat' dir='ltr'><strong>secundo</strong></span> 
     </span>
    </p>
   </div>
   <div class='ocr_carea' id='block_1_120' title="bbox 2279 5475 3857 5544">
    <p class='ocr_par' dir='ltr' id='par_1_120' title="bbox 2279 5475 3857 5544">
     <span class='ocr_line' id='line_1_122' title="bbox 2279 5475 3857 5544; baseline 0.002 -16"><span class='ocrx_word' id='word_1_887' title='bbox 2279 5475 2672 5530; x_wconf 86' lang='lat' dir='ltr'><strong>exhibebimus.</strong></span> <span class='ocrx_word' id='word_1_888' title='bbox 2705 5475 2834 5530; x_wconf 69' lang='lat' dir='ltr'><strong>lliric</strong></span> <span class='ocrx_word' id='word_1_889' title='bbox 2860 5494 3016 5542; x_wconf 76' lang='lat' dir='ltr'><strong>prava</strong></span> <span class='ocrx_word' id='word_1_890' title='bbox 3043 5477 3468 5544; x_wconf 63' lang='lat' dir='ltr'><strong>interpunctione</strong></span> <span class='ocrx_word' id='word_1_891' title='bbox 3491 5495 3681 5532; x_wconf 74' lang='lat' dir='ltr'><strong>sensus</strong></span> <span class='ocrx_word' id='word_1_892' title='bbox 3703 5491 3857 5532; x_wconf 76' lang='lat' dir='ltr'><strong>antea</strong></span> 
     </span>
    </p>
   </div>
   <div class='ocr_carea' id='block_1_121' title="bbox 2279 5545 3857 5612">
    <p class='ocr_par' dir='ltr' id='par_1_121' title="bbox 2279 5545 3857 5612">
     <span class='ocr_line' id='line_1_123' title="bbox 2279 5545 3857 5612; baseline 0.003 -14"><span class='ocrx_word' id='word_1_893' title='bbox 2279 5545 2576 5612; x_wconf 88' lang='lat' dir='ltr'><strong>laborabat,</strong></span> <span class='ocrx_word' id='word_1_894' title='bbox 2627 5562 2784 5612; x_wconf 85' lang='lat' dir='ltr'><strong>quem</strong></span> <span class='ocrx_word' id='word_1_895' title='bbox 2835 5563 2931 5600; x_wconf 87' lang='lat' dir='ltr'><strong>nos</strong></span> <span class='ocrx_word' id='word_1_896' title='bbox 2973 5551 3323 5612; x_wconf 71' lang='lat' dir='ltr'><strong>restituimns.</strong></span> <span class='ocrx_word' id='word_1_897' title='bbox 3373 5554 3489 5603; x_wconf 82' lang='lat' dir='ltr'><strong>Mox</strong></span> <span class='ocrx_word' id='word_1_898' title='bbox 3536 5551 3857 5602; x_wconf 64' lang='lat' dir='ltr'><strong>[innuat-nis.</strong></span> 
     </span>
    </p>
   </div>
   <div class='ocr_carea' id='block_1_122' title="bbox 2279 5606 3786 5687">
    <p class='ocr_par' dir='ltr' id='par_1_122' title="bbox 2279 5606 3786 5687">
     <span class='ocr_line' id='line_1_124' title="bbox 2279 5606 3786 5687; baseline 0.005 -21"><span class='ocrx_word' id='word_1_899' title='bbox 2279 5606 2587 5687; x_wconf 75' lang='lat' dir='ltr'><strong>potuerimus</strong></span> <span class='ocrx_word' id='word_1_900' title='bbox 2621 5606 2715 5683; x_wconf 78' lang='lat' dir='ltr'><strong>pro</strong></span> <span class='ocrx_word' id='word_1_901' title='bbox 2737 5621 3031 5687; x_wconf 79' lang='lat' dir='ltr'><strong>poterimus,</strong></span> <span class='ocrx_word' id='word_1_902' title='bbox 3065 5634 3116 5674; x_wconf 87' lang='lat' dir='ltr'><strong>et</strong></span> <span class='ocrx_word' id='word_1_903' title='bbox 3149 5606 3378 5671; x_wconf 70' lang='lat' dir='ltr'><strong>Fuerant</strong></span> <span class='ocrx_word' id='word_1_904' title='bbox 3408 5637 3500 5684; x_wconf 60' lang='grc' dir='ltr'><strong>ιη)</strong></span> <span class='ocrx_word' id='word_1_905' title='bbox 3533 5617 3786 5673; x_wconf 80' lang='lat' dir='ltr'><strong>Fuerunt.</strong></span> 
     </span>
    </p>
   </div>
   <div class='ocr_carea' id='block_1_123' title="bbox 2349 5686 3858 5764">
    <p class='ocr_par' dir='ltr' id='par_1_123' title="bbox 2349 5686 3858 5764">
     <span class='ocr_line' id='line_1_125' title="bbox 2349 5686 3858 5764; baseline 0.005 -24"><span class='ocrx_word' id='word_1_906' title='bbox 2349 5693 2375 5720; x_wconf 81' lang='grc'><strong>⁸³</strong></span> <span class='ocrx_word' id='word_1_907' title='bbox 2415 5686 2768 5764; x_wconf 68' lang='lat' dir='ltr'><strong>Gttai-nertan.</strong></span> <span class='ocrx_word' id='word_1_908' title='bbox 2799 5689 2866 5743; x_wconf 81' lang='lat' dir='ltr'><strong>a‘b</strong></span> <span class='ocrx_word' id='word_1_909' title='bbox 2907 5690 3005 5744; x_wconf 80' lang='lat' dir='ltr'><strong>hoc</strong></span> <span class='ocrx_word' id='word_1_910' title='bbox 3046 5692 3165 5744; x_wconf 85' lang='lat' dir='ltr'><strong>loco</strong></span> <span class='ocrx_word' id='word_1_911' title='bbox 3199 5705 3392 5744; x_wconf 85' lang='lat' dir='ltr'><strong>novum</strong></span> <span class='ocrx_word' id='word_1_912' title='bbox 3420 5700 3603 5764; x_wconf 84' lang='lat' dir='ltr'><strong>caput,</strong></span> <span class='ocrx_word' id='word_1_913' title='bbox 3631 5693 3744 5746; x_wconf 65' lang='lat' dir='ltr'><strong>sive</strong></span> <span class='ocrx_word' id='word_1_914' title='bbox 3774 5689 3858 5750; x_wconf 58' lang='lat' dir='ltr'><strong>tle-</strong></span> 
     </span>
    </p>
   </div>
   <div class='ocr_carea' id='block_1_124' title="bbox 2279 5757 2800 5814">
    <p class='ocr_par' dir='ltr' id='par_1_124' title="bbox 2279 5757 2800 5814">
     <span class='ocr_line' id='line_1_126' title="bbox 2279 5757 2800 5814; baseline 0.002 -3"><span class='ocrx_word' id='word_1_915' title='bbox 2279 5758 2474 5812; x_wconf 79' lang='lat' dir='ltr'><strong>cimum</strong></span> <span class='ocrx_word' id='word_1_916' title='bbox 2504 5757 2800 5814; x_wconf 85' lang='lat' dir='ltr'><strong>exorditur.</strong></span> 
     </span>
    </p>
   </div>
  </div>
