4166 6348
301 304 399 360 52!

1126 290 1443 349 HISTORIA
1484 286 2049 372 ECCLESIAS'I'ICA.
2094 287 2298 345 LIBER
2337 286 2729 347 SECUNDUS.

3480 292 3584 347 522

301 414 712 475 Valentinianus
736 410 848 467 .Iide
874 407 1153 481 religionis
1191 408 1412 474 illmsus,
1445 407 1611 462 veteri
1659 406 1885 462 Romani
1916 408 1969 468 Α
1993 405 2104 462 bito
2130 406 2333 462 clamor
2355 415 2410 463 et
2433 422 2537 461 vox
2566 422 2671 461 una
2723 404 3021 477 consurgit,
3054 404 3400 465 Ambrosium
3432 410 3588 481 Epis-

301 510 512 584 imperii
540 522 767 565 censura
798 503 1183 575 rempublicam
1214 501 1570 573 gubernabat.

933 640 1163 697 CAPUT
1202 639 1272 694 X.

440 757 520 812 De
542 756 770 811 Damaso
806 753 1084 827 Episcopo,
1113 762 1160 806 et
1192 750 1374 806 Ursini
1402 748 1747 820 subreptione.

371 872 635 928 Damasus
684 880 800 941 post
840 869 1116 925 Lmerium
1167 882 1260 934 per
1296 864 1689 921 successionem
1719 877 1896 919 sacer-

217 1020 222 1024 .
304 967 504 1022 dolium
557 974 583 1002 ι
633 966 684 1020 in
731 964 862 1019 urbe
910 964 1076 1017 Roma
1119 962 1281 1034 283
1334 967 1667 1028 susceperat.
1719 958 1893 1025 Quem

305 1061 581 1134 praelatum
640 1057 741 1113 sibi
800 1070 905 1111 non
965 1054 1143 1109 ferens
1205 1051 1433 1108 Ursinus
1486 1050 1709 1121 quidam
1747 1051 1896 1120 ejus-

303 1152 428 1207 dem
491 1147 747 1203 Ecclcsizn
805 1146 1065 1202 diaconus
1132 1147 1396 1201 intanlum
1454 1141 1649 1197 furoris
1697 1140 1893 1211 erupit,

304 1252 360 1298 ut
418 1255 675 1310 persuaso
739 1238 970 1309 quodam
1042 1238 1172 1292 satis
1252 1236 1505 1307 imperito
1574 1241 1631 1288 et
1702 1234 1896 1303 agresti

301 1332 329 1375 δ
414 1333 680 1404 Episcopo
713 1372 729 1399 ,
820 1330 1048 1386 collecta
1120 1328 1552 1384 turbulentorum
1627 1327 1685 1382 et
1752 1326 1897 1384 sedi-

301 1430 556 1482 t':osorum
604 1423 881 1480 hominum
924 1438 1087 1478 manu
1114 1464 1130 1490 ,
1172 1421 1230 1478 in
1274 1421 1502 1478 Basilica
1555 1438 1675 1494 quae
1709 1433 1730 1463 ο
1762 1421 1898 1479 Sici-

301 1520 410 1575 nini
479 1518 815 1590 appellatur,
870 1508 1227 1586 Episcopum'
1264 1529 1324 1571 se
1382 1514 1495 1570 fieri
1551 1523 1897 1583 extorqueret

300 1610 502 1681 legibus
530 1619 586 1665 et
614 1609 807 1665 ordine
834 1616 889 1663 et
931 1604 960 1644 ἀ
1010 1606 1298 1662 traditione
1342 1606 1630 1676 perversis.
1662 1604 1779 1673 Quo
1824 1620 1892 1659 ex

303 1702 442 1759 facto
470 1712 614 1757 tanta
643 1699 861 1766 seditio,
879 1698 996 1754 imo
1036 1713 1183 1754 vero.
1201 1707 1346 1752 tanta
1374 1697 1515 1753 bella
1536 1707 1717 1752 coorta
1744 1704 1888 1763 sunt,

1999 512 2192 567 copum
2225 499 2582 569 postulantes,
2624 498 2880 568 baptizari
2936 498 3076 555 hunc
3120 499 3284 573 284
3342 504 3589 570 protinus

1998 588 2232 643 clamant
2260 590 2399 660 (erat
2428 590 2569 645 enim
2598 590 3037 661 catechumenos)
3070 593 3235 648 etsibi
3260 592 3585 664 Episcopum

1999 680 2113 735 dari
2143 699 2156 736 :
2194 696 2293 738 nec
2322 683 2477 736 aliter
2511 698 2671 737 unum
2716 683 2967 753 populum
3001 682 3117 740 fore
3145 694 3306 753 atque
3336 702 3492 742 unam
3525 686 3589 741 Il-

1998 769 2143 835 dem,
2178 772 2280 828 nisi
2313 773 2631 829 Ambrosius
2665 775 2767 830 sibi
2799 775 3016 831 daretur
3065 777 3337 833 sacerdos.
3390 777 3589 834 Dbluc-

1997 874 2146 921 tante
2175 868 2265 923 illo
2310 877 2367 924 et
2423 870 2709 939 plurimum
2765 872 3074 937 resistente,
3102 872 3167 927 ad
3207 874 3590 943 Imperatorem

1999 960 2223 1015 relatum
2256 962 2435 1031 populi
2466 962 2818 1034 desiderium,
2850 966 2996 1020 omni
3040 968 3347 1023 maturitate
3373 969 3589 1040 jubetur

2000 1050 2232 1122 impleri.
2267 1053 2365 1108 Dei
2399 1053 2573 1119 enim,
2603 1056 2711 1122 ait,
2752 1070 2873 1111 esse
2896 1100 2912 1126 ,
2950 1057 3096 1128 quod
3139 1059 3535 1116 discordantem
3566 1060 3584 1097 ί

1999 1145 2179 1214 populi
2207 1145 2395 1212 fidem,
2420 1157 2473 1202 et
2501 1148 2714 1204 animos
2744 1149 3070 1207 dissidentes
3097 1154 3380 1211 conversio
3408 1154 3586 1215 subita

2000 1238 2054 1293 in
2085 1254 2252 1295 unum
2286 1255 2611 1297 consensum
2642 1251 2801 1313 atque
2822 1235 2877 1300 in
2901 1262 3061 1302 unam
3091 1251 3412 1306 sententiam
3441 1266 3591 1307 revo-

1998 1342 2171 1389 caret.
2206 1333 2438 1403 Moxque
2471 1335 2560 1391 Dei
2582 1337 2807 1406 gratiam
2830 1350 3174 1410 consecutus,
3207 1352 3263 1400 et
3299 1342 3538 1400 initiatus
3562 1341 3601 1393 ἓν

2000 1422 2194 1489 sacris,
2222 1431 2277 1480 et
2302 1424 2559 1482 sacerdos
2585 1425 2811 1482 ell'ectus
2840 1437 2946 1484 est.

2606 1537 2833 1595 CAPUT
2868 1538 2982 1594 XII.

2487 1649 2566 1706 De
2601 1650 2959 1707 Valentiniani
2988 1654 3113 1724 line.

302 1795 615 1849 alterutrum
643 1759 1057 1846 defendentibus
1094 1787 1326 1859 populis,
1346 1796 1404 1842 ut
1433 1786 1771 1857 replerentur
1795 1759 1897 1842 bu;-

2072 1759 2432 1841 Inlereacum
2462 1763 2529 1817 ad
2564 1764 2761 1819 bellum
2792 1764 3150 1822 Sarmaticum
3188 1768 3594 1828 Valentinianus

298 1898 456 1942 mano
498 1882 759 1954 sanguine
788 1882 1089 1936 orationum
1130 1879 1275 1935 loca.
1329 1878 1461 1946 Quae
1515 1894 1602 1934 res
1663 1879 1897 1934 factione

301 1987 329 2016 ο
355 1978 627 2034 Maximini
661 1974 902 2031 Prazl‘ecti
933 1976 1059 2029 saevi
1091 1971 1345 2037 hominis,
1389 1971 1455 2027 ad
1486 1971 1739 2027 invidiam
1771 1972 1896 2028 boni

301 2079 352 2125 et
380 2068 688 2123 innocentis
720 2081 876 2121 versa
918 2074 1001 2121 est
1041 2064 1367 2130 sacerdotis,
1400 2064 1472 2118 ita
1521 2073 1579 2119 ut
1600 2079 1788 2120 caussa
1828 2066 1895 2121 ad

302 2162 630 2217 Clericorum
664 2175 836 2225 usque
868 2168 1131 2215 tormenta
1164 2158 1541 2214 deduceretur.
1579 2159 1685 2214 Sed
1715 2174 1895 2214 asser-

301 2264 383 2308 tor
403 2253 728 2308 iunoeentia:
754 2252 893 2307 Deus
915 2252 1089 2318 afluit,
1112 2261 1165 2308 et
1198 2252 1249 2305 in
1274 2259 1439 2321 caput
1464 2264 1657 2307 eorum
1682 2252 1772 2323 qui
1810 2251 1894 2305 in-

304 2346 587 2403 tenderant
610 2345 814 2412 dolum,
846 2359 999 2415 poena
1029 2358 1290 2399 conversa
1321 2353 1425 2399 est.

909 2478 1139 2535 CAPUT
1179 2478 1273 2535 XI.

747 2590 825 2648 De
855 2592 1126 2648 Ambrosio
1150 2590 1440 2664 Episcopo.

376 2707 587 2763 Interea
615 2705 868 2761 defuncto
890 2704 915 2744 ί
944 2706 1082 2777 apud
1113 2706 1468 2764 Mediolanum
1492 2710 1760 2767 Auxentio
1784 2712 1897 2769 bte-

304 2802 594 2855 reticorum
631 2798 916 2868 Episc0po,
950 2800 1231 2870 utriusque
1263 2801 1429 2869 partis
1466 2802 1644 2873 populi
1672 2803 1898 2859 diversis

302 2893 492 2947 studiis
521 2891 850 2947 ferebantur.
885 2890 1161 2947 Dissensio
1190 2894 1365 2962 gravis
1396 2902 1450 2948 et
1479 2894 1774 2963 periculosa
1812 2911 1900 2952 se-

301 2986 431 3040 ditio
463 2985 581 3040 urbi
613 2984 846 3055 proprim
873 2994 1138 3040 maturum
1170 2986 1400 3055 parabat
1427 2986 1671 3053 exitium,
1701 2989 1744 3045 si
1778 3005 1899 3059 pars

304 3088 534 3150 ulraque
565 3095 685 3135 cum
721 3079 994 3135 diversum
1026 3079 1203 3144 vellet,
1244 3096 1576 3153 nequaquam
1605 3076 1743 3153 quod
1772 3100 1900 3153 pro-

1999 1852 2068 1909 de
2097 1851 2283 1909 Galliae
2314 1855 2555 1927 partibus
2600 1855 2837 1912 venisset
2865 1856 2888 1894 κ
2923 1857 3218 1931 Illyricum,
3246 1859 3319 1916 ibi
3376 1861 3594 1918 vixdum

1998 1955 2178 2016 coepto
2205 1946 2367 2013 bello,
2393 1948 2709 2019 aegritudine
2725 1950 2901 2005 subita
2918 1965 3209 2021 oppressus
3231 1951 3375 2010 diem
3396 1953 3531 2011 obiit
3547 1952 3592 2021 ι,

1999 2040 2203 2096 relictis
2235 2041 2538 2097 literedibus
2569 2041 2623 2097 in
2658 2041 2891 2112 Imperio
2924 2044 3066 2110 filiis,
3107 2044 3362 2102 Gratiano
3383 2045 3595 2117 Augus—

2001 2141 2084 2197 to,
2120 2132 2596 2203 Valentinianoque
2631 2134 2918 2189 admodum
2962 2137 3223 2205 parvulo,
3257 2146 3313 2192 et
3351 2139 3589 2194 nonxlum

1998 2224 2159 2292 regiis
2182 2222 2480 2294 insignibus
2513 2224 2743 2279 initiata.
2775 2224 2944 2293 Quem
2971 2236 3151 2281 tamen
3182 2229 3476 2283 necessitas
3500 2243 3594 2285 eo-

1997 2332 2142 2384 rum,
2168 2317 2258 2386 qui
2286 2326 2535 2386 tanquam
2563 2332 2789 2372 vacuum
2811 2317 3026 2389 imperii
3050 2319 3226 2374 locum
3255 2320 3593 2376 conabantur

1996 2407 2273 2473 invadere,
2307 2409 2587 2478 compulit,
2620 2409 2783 2463 etiam
2835 2408 2942 2482 [AL
2977 2409 3061 2482 et]
3101 2409 3328 2467 absente
3374 2410 3540 2468 fratre
3562 2455 3588 2483 .,

1996 2510 2234 2567 jturpura
2285 2497 2470 2565 indui,
2520 2497 2697 2557 Probo
2729 2508 2858 2555 tunc
2904 2499 3164 2557 Praefecto
3212 2500 3443 2558 fideliter
3477 2517 3593 2559 rem

1999 2599 2243 2661 gerente.

2590 2681 2817 2738 CAPUT
2859 2682 3001 2741 XIII.

2000 2797 2080 2855 De
2108 2797 2394 2855 Gothorum
2419 2815 2509 2868 per
2540 2798 2788 2854 Thracias
2811 2800 3116 2872 irruptione,
3135 2811 3182 2857 et
3208 2802 3435 2858 Valentis
3450 2817 3594 2858 nece.

2074 2909 2178 2968 Per
2198 2911 2339 2966 idem
2372 2919 2586 2983 tempus
2617 2911 2671 2966 iu
2700 2912 2935 2969 Orientis
2958 2928 3124 2983 regno
3148 2913 3443 2971 Gothorum
3462 2928 3595 2986 gens

2002 3003 2224 3059 sedibus
2254 3004 2367 3058 suis
2396 3004 2571 3074 pulsa,
2601 3019 2700 3074 per
2720 3018 2908 3060 ontnes
2954 3019 3013 3060 se
3061 3003 3319 3062 Thracias
3379 3004 3596 3071 infudit,

2001 3094 2273 3163 armisque
2301 3093 2464 3148 urbes
2509 3103 2565 3149 et
2612 3108 2773 3163 agros
2820 3102 3032 3150 vastare
3062 3104 3100 3132 ω
3127 3095 3365 3152 feraliter
3404 3096 3591 3168 eospit.

302 3182 574 3243 posuerat.
627 3173 917 3228 οὶηῖιιθτοῑ·
952 3172 1273 3229 Αωὺτοεῖυε
1324 3184 1349 3222 ⁸
1411 3183 1537 3230 ιιιηο
1591 3175 1904 3233 Βοηειιῖεπὶε
1931 3167 1977 3230 ο
2009 3185 2145 3240 Tum
2175 3198 2301 3240 vero
2323 3184 2560 3239 Valentis
2608 3185 2750 3240 bella
2792 3200 2911 3256 quae
2934 3186 3191 3243 Ecclesiis
3224 3167 3509 3251 inferebat,
3540 3189 3599 3244 in

302 3265 539 3337 ejusdem
576 3266 865 3337 provinciis
888 3268 1058 3322 fasces
1086 3266 1329 3337 gerebat.
1374 3267 1421 3322 Is
1450 3281 1569 3322 cum
1598 3268 1893 3337 perniciem

303 3363 505 3418 civitati
536 3362 743 3417 videret
767 3360 1100 3431 impendere,
1136 3374 1231 3430 pro
1255 3360 1377 3414 loco
1400 3368 1559 3429 atque
1577 3360 1753 3416 oflicio
1774 3346 1891 3428 suo,

304 3452 589 3509 confestim
623 3450 945 3516 Ecclesiam,
974 3451 1298 3506 seditionem
1322 3451 1505 3522 populi
1536 3452 1894 3522 mitigatnrus,

303 3547 625 3615 ingreditur.
654 3546 898 3615 Cumque
940 3544 1071 3600 inibi
1127 3544 1289 3598 multa
1325 3544 1620 3600 secundum
1670 3546 1814 3613 leges
1845 3555 1901 3601 et

304 3638 569 3708 publicam
595 3637 931 3706 disciplinam
962 3651 1058 3707 pro
1079 3637 1260 3707 quiete
1290 3645 1343 3693 et
1385 3638 1770 3706 tranquillitate
1805 3653 1898 3708 pe-

304 3745 427 3786 rora
438 3762 448 3781 η-
461 3742 564 3797 sct,
590 3729 873 3800 pugnantis
902 3730 1039 3784 inter
1061 3743 1120 3785 se
1142 3738 1195 3785 et
1223 3727 1580 3787 dissidentish
1603 3729 1785 3801 populi
1812 3744 1902 3785 su-

380 3894 406 3922 ⁸
453 3885 664 3939 Damasi
692 3883 1087 3939 ordinationem
1116 3901 1259 3941 anno
1283 3886 1408 3943 557.
1430 3886 1757 3948 Chronologi
1781 3904 1902 3942 eruo

304 3956 532 4011 altiores
582 3956 912 4010 adscribunt.
978 3957 1267 4013 Historiam
1320 3956 1638 4013 Scltismatis
1691 3958 1902 4023 Ursini,

309 4031 423 4082 sive
456 4027 680 4082 Ursicini
715 4042 777 4081 ex
817 4027 1019 4082 Libello
1065 4043 1281 4096 precum
1316 4026 1609 4085 Marcellini
1644 4041 1695 4083 et
1737 4030 1905 4083 Faus-

308 4100 405 4152 t‘ini
446 4098 511 4151 ad
562 4097 993 4152 Valentinianum
1027 4100 1296 4168 junioretn
1335 4098 1542 4166 disces;
1578 4100 1906 4155 recentiores

315 4177 604 4222 sexcentos
636 4169 1005 4236 praetermitto.

385 4238 415 4278 δ
447 4239 494 4292 Is
523 4241 711 4293 Paulus
750 4239 1061 4293 Tiburtinus
1093 4238 1375 4309 episcopus
1404 4240 1619 4294 dicitur.

383 4321 411 4349 ο
445 4310 1068 4380 Guarneriau.,Sycinia;
1090 4310 1417 4375 Caci-inritis,
1446 4312 1733 4366 Sieiniuna.
1769 4310 1906 4366 Eam

310 4392 493 4436 tamen
520 4382 606 4434 alii
642 4381 921 4435 Basilicam
958 4380 1153 4436 Liberii
1184 4392 1397 4446 vocant;
1442 4391 1568 4437 sunt
1615 4392 1668 4436 et
1707 4381 1794 4445 qui
1824 4383 1907 4433 di-

309 4464 437 4506 cant
466 4453 610 4507 Julii.
643 4453 957 4506 Ammianus
981 4464 1155 4506 autem
1191 4453 1529 4507 Marcellinus
1560 4454 1653 4507 lib.
1693 4451 1908 4507 XXVII.

2003 3276 2212 3331 hostem
2242 3282 2417 3344 empta
2441 3274 2704 3343 converti,
2720 3290 2945 3346 seraque
2970 3276 3281 3346 poenitentia
3300 3278 3598 3349 Episcopos

2005 3365 2167 3438 285
2199 3375 2255 3421 et
2303 3368 2648 3437 presbyteros
2680 3366 2931 3421 "relaxari
2959 3367 3070 3443 [AL
3098 3368 3363 3441 relaxare]
3396 3371 3594 3436 exiliis,

2002 3472 2066 3512 ac
2098 3458 2164 3512 de
2190 3457 2422 3512 metallis
2452 3456 2646 3512 resolvi
2679 3457 2970 3514 monachos
2986 3458 3159 3529 jubet.
3189 3459 3306 3529 Ipse
3332 3471 3508 3516 tamen
3530 3461 3601 3516 ab

2006 3549 2249 3605 hostibus
2276 3549 2677 3605 circumventus
2705 3549 2757 3604 in
2790 3550 3014 3620 praedio,
3040 3566 3145 3622 quo
3167 3566 3233 3608 ex
3259 3552 3402 3608 bello
3430 3553 3597 3622 trepi-

2004 3640 2103 3696 dus
2130 3640 2462 3712 confugerat,
2488 3640 2778 3709 impietatis
2807 3656 2916 3697 sua:
2975 3657 3159 3711 poenas
3183 3651 3211 3681 ιι
3234 3643 3342 3714 igni
3371 3655 3595 3701 exustus

2006 3729 2173 3795 dedit,
2208 3732 2362 3786 annis
2408 3732 2461 3786 in
2495 3731 2726 3802 Imperio
2762 3746 2884 3788 cum
2916 3732 3077 3790 fratre
3136 3735 3331 3805 primo,
3370 3745 3425 3792 et
3482 3746 3600 3805 post

2007 3890 2113 3945 sius
2155 3904 2270 3943 vero
2328 3898 2470 3953 tunc,
2501 3900 2628 3955 etc.;
2662 3905 2781 3960 quae
2828 3900 3005 3946 autem
3055 3889 3366 3961 praecedunt
3415 3892 3601 3948 itidem

2009 3961 2336 4032 praecedenti
2387 3961 2964 4032 Capitulogdtribnit.
3020 3962 3120 4017 Pro
3169 3965 3374 4032 gerebat
3408 3964 3595 4027 verbo,

2008 4029 2149 4099 quod
2182 4034 2442 4100 sequitur,
2469 4031 2605 4086 falso
2634 4029 2941 4088 Caeciarius
2974 4033 3067 4099 ait,
3096 4029 3236 4100 apud
3294 4032 3467 4088 editos
3494 4034 3599 4101 legi

2010 4101 2232 4171 regebat,
2262 4103 2438 4156 editus
2464 4103 2663 4170 quippe
2685 4101 3026 4167 Barrmanus,
3058 4112 3113 4155 ut
3138 4117 3324 4171 unum,
3355 4118 3512 4169 quem
3531 4104 3602 4159 ob

2010 4170 2182 4224 oculis
2233 4170 2403 4226 habeo
2433 4213 2447 4235 ,
2504 4172 2736 4233 laudem,
2780 4172 2984 4239 gerebat
3028 4170 3314 4226 manifeSto
3360 4173 3596 4241 prmfert.

2012 4241 2327 4311 Econtrario
2349 4242 2552 4311 regebat
2579 4256 2677 4295 ms.
2716 4241 3087 4295 Bononiensis.

2086 4308 2114 4347 ιι
2143 4311 2328 4366 Denuo
2359 4308 2679 4384 Itonouiens.
2713 4325 2814 4384 ms.
2874 4311 3251 4375 Dissentienlis;
3292 4312 3450 4379 paulo
3470 4327 3603 4384 quo-

2014 4396 2120 4452 que
2142 4390 2279 4449 post,
2312 4389 2461 4451 atque
2483 4382 2643 4434 ullam
2671 4382 2841 4446 ﬁdem,
2876 4397 2971 4448 pro
2997 4391 3149 4451 atque
3180 4397 3355 4447 unam,
3379 4390 3485 4439 etc.

2092 4452 2110 4489 ί
2146 4452 2523 4514 Guarncrian.,
2580 4452 2943 4518 discordantis;
2976 4468 3095 4506 mox
3131 4452 3483 4521 Bononiens.,
3514 4470 3600 4509 su-

312 4526 520 4616 cap.n5.
546 4524 645 4576 sub
673 4522 856 4616 linem,
888 4522 951 4574 In
983 4523 1382 4616 concertatio-ie,
1416 4524 1905 4616 Illqplt%sllpfrflv€-
1940 4555 1990 4616 υ
2018 4522 2122 4616 bit?
2141 4522 2450 4616 qrpjsttbita.
2475 4523 2930 4616 etkrevo‘c‘aritpro
2957 4532 3235 4616 revocaret:

313 4606 394 4648 rat
430 4594 701 4654 Damasus,
730 4605 873 4659 parte
894 4609 1007 4662 qut?
1032 4595 1077 4647 ei
1107 4593 1303 4663 favebat
1329 4591 1569 4646 instante.
1599 4591 1909 4661 Constatque

316 4668 369 4718 in
395 4667 604 4719 basilica
634 4665 879 4728 Stcmmt,
904 4665 986 4717 ubi
1007 4667 1135 4717 ritus
1157 4663 1436 4717 Christiani
1464 4674 1538 4715 est
1582 4664 1906 4717 conventicu-

314 4736 443 4799 lum,
474 4753 575 4789 uno
604 4736 686 4788 die
704 4746 905 4788 centum
926 4736 1132 4805 triginta
1180 4745 1367 4803 reptent
1406 4742 1608 4801 reperta
1658 4736 1907 4788 eadarcra

320 4818 680 4875 pcrmttorunt,
704 4804 1064 4877 efferatamque
1094 4806 1181 4859 d.u
1211 4806 1402 4874 plebem
1431 4820 1567 4875 (egre
1584 4815 1758 4877 pastea
1781 4806 1883 4857 deli
1897 4836 1907 4843 -

319 4879 499 4940 uitam.
530 4890 634 4933 etc.

390 4947 416 4986 ά
447 4952 695 5004 Notatum
722 4948 932 5003 Barrmo
961 4948 1025 5000 ad
1056 4946 1175 5001 libri
1196 4962 1365 5011 oram,
1399 4945 1526 5016 legi,
1560 4947 1633 5000 al.
1681 4946 1903 5013 ratione,

320 5031 375 5074 ut
406 5032 459 5078 et
489 5022 646 5088 paqu
670 5028 789 5085 post
815 5019 1152 5087 deferentibu:
1182 5033 1278 5086 pro
1302 5017 1705 5087 defendentibus.

394 5102 418 5131 ο
450 5092 524 5145 Ita
548 5103 597 5144 et
625 5089 795 5143 nostri
827 5105 959 5144 mss.
998 5099 1052 5143 et
1080 5089 1274 5157 vulgati
1306 5089 1422 5142 libii
1452 5103 1639 5142 omnes
1684 5088 1899 5141 habent.

316 5164 623 5218 Caeciarius
656 5161 902 5214 rescribit
931 5158 1167 5223 Maximi,
1198 5173 1295 5213 nec
1327 5168 1504 5212 tamen
1534 5158 1658 5226 quid
1689 5159 1734 5211 si
1764 5162 1787 5212 vi
1816 5175 1906 5212 ve—

323 5238 403 5299 lit,
434 5231 871 5287 adnotatiuncula
921 5246 1014 5284 sua
1051 5232 1301 5298 explicat.
1357 5230 1475 5282 Mox
1520 5228 1904 5296 Guarnerian.,

319 5310 395 5361 ita
423 5313 478 5359 ut
510 5319 690 5357 caussa
722 5301 1037 5355 Clericorum
1063 5315 1220 5370 usque
1249 5302 1317 5353 ad
1345 5310 1593 5354 tormenta
1633 5301 1908 5354 deducere-

323 5390 424 5442 fur;
458 5373 784 5430 Ilouoniens.
826 5387 947 5426 cum
986 5374 1112 5427 olim
1149 5371 1375 5441 vulgatis
1411 5372 1717 5442 plerisque,
1756 5372 1909 5424 duce-

318 5465 357 5500 τ-
376 5462 478 5501 tur.

398 5518 416 5557 ί
448 5517 774 5574 Auxentium
801 5527 946 5567 anno
968 5514 1092 5569 574.
1129 5512 1191 5567 ad
1222 5513 1401 5581 plures
1430 5514 1647 5577 abiisse,
1688 5512 1912 5565 eodem-

322 5605 423 5657 que
449 5604 592 5641 anno
611 5588 843 5652 septimo
870 5586 990 5638 ldtts
1016 5585 1317 5657 Decembris
1334 5583 1913 5657 Atttbrosittm_ordiiia-

321 5653 431 5712 tum
461 5660 627 5712 fuisse
655 5657 994 5723 Episcopum,
1022 5656 1355 5710 ostendimus
1377 5665 1429 5707 et
1456 5669 1552 5708 nos
1585 5656 1635 5707 in
1665 5653 1914 5707 Chrono-

326 5730 509 5797 logicis
537 5730 603 5781 ad
637 5729 857 5794 primaut
886 5725 1198 5797 Iliemnymi
1234 5725 1528 5797 Epistolatu
1558 5724 1727 5797 Notis.

395 5792 421 5848 Β
449 5792 809 5857 Guarnerian.
847 5796 914 5851 ab
946 5797 1026 5850 bis
1054 5792 1214 5865 caput
1249 5792 1335 5849 ll.
1367 5795 1664 5858 exorditur,
1698 5792 1909 5849 Ambra-

608 5892 881 5951 Ρλτιιοι.
914 5888 1092 5952 XXI.

2089 4597 2104 4644 l
2147 4591 2396 4667 Additest
2424 4591 2645 4667 verbum
2672 4592 3000 4667 _Cacciarins,
3018 4595 3157 4664 quod
3174 4605 3227 4649 et
3245 4611 3375 4651 mss.
3405 4599 3601 4665 nostri,

2012 4671 2069 4721 et
2097 4663 2293 4734 vulgati
2318 4662 2435 4717 libri
2462 4678 2648 4734 omnes
2672 4664 2933 4734 ignorant.

2085 4734 2111 4772 ιι
2141 4732 2367 4802 Quidam
2398 4749 2461 4789 ex
2492 4732 2649 4789 editis
2698 4732 2755 4789 in
2803 4733 3097 4806 Illyricum,
3133 4739 3331 4792 nostris
3383 4753 3601 4809 quoque

2085 4805 2434 4858 pugnantibus
2467 4820 2596 4858 mss.

2013 4814 2434 4876 repugnantibus
2467 4820 2596 4860 mss.

2093 4879 2105 4915 ι
2136 4877 2336 4930 Confer
2386 4874 2723 4930 Ammianum
2760 4877 2853 4931 lib.
2892 4876 3060 4932 XXX.
3094 4893 3211 4945 cap.
3245 4879 3299 4934 6.
3324 4878 3603 4934 Zosimum

1980 4949 2109 5004 'lib.
2139 4946 2227 5001 lV.
2270 4945 2509 5020 ldaciutn
2535 4947 2607 5020 _i_n
2655 4947 2849 5020 Fastis,
2875 4956 2926 5002 et
2960 4948 3346 5020 Hieronymum
3390 4958 3605 5019 queque

2013 5029 2253 5091 nostrum
2288 5016 2453 5082 Epist.
2490 5017 2611 5091 LX.
2636 5018 2699 5073 ad
2727 5016 3421 5091 Heliodorunt,et'qnigenni
3450 5016 3604 5091 men-

2012 5093 2161 5154 titur,
2196 5088 2481 5143 Auctorem
2521 5088 2687 5156 EpiSI.
2720 5089 2785 5143 ad
2819 5089 3129 5145 Praesidium
3178 5088 3246 5147 de
3274 5088 3447 5146 Cerco
3480 5090 3607 5145 Pas-

2012 5159 2173 5216 chali.
2201 5159 2356 5213 Anno
2380 5159 2503 5214 575.
2534 5168 2588 5215 et
2637 5158 2741 5214 XV
2792 5157 2919 5215 Kal.
2954 5160 3220 5215 Decembr.
3274 5161 3604 5215 Valentinia-

2018 5247 2147 5287 num
2179 5230 2380 5285 obiisse
2410 5245 2505 5294 pro
2533 5242 2811 5300 comperto
2844 5232 3088 5286 habetur.

2087 5312 2125 5339 ω
2156 5301 2272 5371 Duo
2303 5301 2629 5356 recentiores
2667 5301 2864 5357 Vatic..
2916 5303 3169 5371 ferociter.
3206 5301 3321 5354 Mox
3359 5300 3605 5355 Guarne-

2018 5372 2181 5435 rian.,
2206 5370 2356 5426 Tunc
2380 5388 2518 5437 vero,
2547 5382 2600 5427 et
2622 5383 2783 5439 erepta
2806 5370 3071 5425 conuertit.

2094 5452 2122 5479 ιι
2153 5442 2268 5496 Non
2300 5437 2866 5496 contemnenda—lectio
2891 5440 3237 5497 Guarneriani
3258 5437 3447 5498 ms.,in
3472 5452 3607 5506 prta-

2023 5514 2175 5577 sialio,
2197 5528 2291 5581 pro
2319 5528 2425 5582 quo
2464 5514 2657 5567 lectum
2712 5512 2970 5565 hactenus
3022 5512 3074 5582 in
3108 5509 3334 5582 “praui?
3384 5508 3607 5582 reliquis

2024 5575 2176 5637 libris
2200 5575 2469 5637 omnibus.
2500 5584 2566 5637 Et
2593 5597 2723 5635 sane
2751 5582 3002 5635 Socrates
3032 5579 3081 5631 in
3107 5578 3223 5629 libri
3254 5575 3341 5629 IV.
3377 5577 3480 5630 nine
3514 5593 3607 5645 pe-

2024 5655 2176 5708 riisse
2206 5653 2479 5708 Valentem
2512 5660 2709 5713 narrat,
2730 5664 2848 5704 cum
2889 5649 2940 5702 in
2984 5649 3156 5700 vicum
3208 5647 3491 5714 quemdam
3532 5651 3605 5707 εἰς

2022 5728 2223 5795 κώμην,
2265 5723 2589 5795 confugisset
2613 5761 2649 5795 ,_
2687 5734 2845 5787 quem
2892 5714 3332 5795 supervenientes
3379 5717 3599 5795 Barbari

2021 5784 2457 5850 concremarunt?
2481 5784 2790 5845 Ammianus
2816 5784 2992 5843 autem
3016 5784 3353 5842 Marcellinus
3378 5800 3444 5841 ex
3469 5787 3598 5863 alio,

3053 5876 3127 5936 17
