4166 6348
594 351 700 409 525

1624 338 1856 398 annm
1897 332 2373 409 AQUILEIENSIS
2412 309 2846 394 passeium

3760 327 3869 386 ’524

585 479 711 521 cum
744 461 864 517 filiis
890 461 1090 529 fratris,
1121 457 1526 532 quatuordecim
1547 458 1751 541 pariter
1773 457 1997 514 exactis.
2046 453 2178 525 Qum
2203 451 2258 517 Ἀ
2283 455 2364 512 da:
2391 453 2694 511 rimabatur
2718 450 2999 508 Ecclesia.
3029 447 3134 506 Sed
3155 449 3396 518 quamvis
3423 449 3510 504 illa
3531 447 3743 505 Iezabel
3768 453 3866 520 spi-

592 573 770 630 pugna
794 557 1002 612 initium
1036 555 1160 610 mali
1190 555 1430 608 Romano
1458 551 1688 622 Imperio
1711 561 1836 606 tunc
1858 560 1910 606 et
1927 550 2182 617 deinceps

589 652 706 707 fuit.
741 659 766 687 ι
791 649 952 721 Igitur
978 647 1392 703 Gratianuscum
1423 645 1588 700 fratre
1615 643 1905 699 admodum
1937 644 2179 712 parvulo,

591 741 906 814 postpatrui
961 754 1146 794 necem
1175 735 1412 792 Orientis
1441 750 1655 807 quoque
1717 735 1957 805 suscepit
2011 734 2184 802 Impe-

579 823 755 886 rium.
789 829 838 884 Is
859 830 1058 900 pietate
1112 835 1167 882 et
1214 826 1473 895 religione
1503 840 1690 880 omnes
1721 839 1882 896 pene,
1914 824 2002 892 qui
2061 835 2185 878 an'e

593 921 809 977 fuerant
840 920 1128 990 principes,
1161 918 1467 987 superabat.
1495 917 1602 973 Usu
1621 932 1897 972 armorum
1913 926 2183 979 strenuus,

596 1014 748 1066 velox
774 1026 1024 1079 corpore,
1069 1017 1125 1064 et
1171 1007 1395 1078 ingenio
1441 1009 1617 1064 bonus
1648 1017 1788 1073 erat,
1821 1008 1915 1064 sed
1965 1007 2187 1078 juvenili

596 1104 927 1159 exultatione
959 1102 1080 1173 plus
1108 1103 1218 1156 fere
1251 1103 1425 1167 laetus,
1449 1115 1606 1171 quam
1637 1100 1956 1167 Sufficiebat,
1989 1107 2042 1155 et
2071 1098 2190 1170 plus

593 1194 952 1265 verecundos,
983 1210 1141 1266 quam
1167 1193 1498 1264 Reipublicm
1526 1194 1804 1248 intererat.

1178 1325 1405 1405 CAPUT
1445 1325 1585 1382 xw.

594 1439 664 1496 Ut
695 1440 978 1495 Gratianus
1009 1438 1303 1511 Imperator
1332 1439 1674 1494 Theodosium
1714 1439 1859 1509 regni
1891 1441 2192 1509 participem

666 1512 962 1573 adsciverit,
991 1521 1038 1565 et
1075 1521 1186 1582 post
1213 1512 1376 1564 nauita
1424 1511 1660 1582 religiose
1709 1520 1759 1563 et
1807 1511 2006 1581 fortiter
2051 1521 2194 1581 gesta

668 1583 889 1636 Maximi
916 1584 1123 1652 tyranni
1161 1582 1360 1635 insidiis
1386 1583 1722 1637 succubuerit.

667 1697 881 1768 Quique
910 1697 1097 1752 videns
1130 1696 1283 1764 utile,
1314 1695 1484 1751 virum
1507 1695 1661 1752 annis
1681 1705 1950 1752 maturum
1994 1697 2045 1752 in
2075 1706 2194 1753 tan-

599 1790 668 1844 tis
698 1784 846 1859 regni
869 1780 1014 1844 curis
1040 1789 1240 1844 habere
1266 1788 1606 1858 participem,
1632 1798 1686 1843 et
1740 1788 1885 1857 quia,
1917 1799 1974 1844 ut
2015 1803 2232 1859 sermo,

600 1883 811 1937 divinus
835 1890 1014 1938 monet
1039 1897 1054 1936 :
1092 1879 1279 1936 Melius
1295 1882 1418 1950 duo,
1442 1897 1597 1952 quam
1615 1896 1748 1936 unus
1771 1880 1995 1953 (Eccles.
2015 1882 2069 1951 4,
2089 1883 2191 1952 9.),

602 1981 908 2028 consortem
957 1973 1211 2028 adsciscit
1239 1973 1601 2028 Theodosium
1661 1972 1715 2040 δ,
1757 1973 1913 2044 θίᾴυε
1959 1975 2196 2032 Orientis

606 2068 983 2134 procuratione
1015 2058 1298 2134 permissa,
1331 2075 1511 2135 partes
1536 2065 1638 2120 sibi
1666 2080 1728 2121 ac
1762 2064 1910 2120 fratri
1938 2067 2198 2123 Occiduas

607 2161 922 2216 reservavit.
963 2160 1154 2216 Verum
1200 2161 1247 2215 is
1281 2170 1304 2199 ο
1339 2170 1617 2230 p05tquam
1645 2159 1808 2213 multa
1860 2160 2110 2230 religiose
2139 2175 2202 2216 ac

581 2255 822 2309 fortiter
848 2255 1036 2324 gessit,
1083 2268 1115 2308 a
1153 2253 1395 2308 Maximo
1426 2265 1653 2324 tyranno
1706 2253 1845 2321 apud
1899 2247 2201 2308 Britannias

607 2358 822 2410 exorto,
853 2361 948 2415 per
971 2344 1400 2416 Andragatbium
1431 2345 1644 2412 ducem,
1681 2344 1947 2414 Lugduni,
1981 2359 2201 2399 suorum

609 2440 779 2509 magis
806 2437 1133 2508 proditione,
1162 2451 1322 2506 quam
1349 2436 1397 2491 vi
1430 2437 1684 2504 hostium,
1717 2445 2026 2506 peremptos
2062 2447 2164 2492 est.

1213 2567 1440 2625 CAPUT
1494 2569 1609 2626 XV.

615 2679 694 2738 De
727 2680 1093 2756 Valentiniano
1110 2694 1287 2756 puero.
1323 2681 1666 2756 U_tquematcr
1688 2685 1801 2756 ejus
1823 2681 2034 2739 Iustina
2057 2686 2208 2739 Aria-

649 2769 769 2806 nam
786 2753 1020 2807 haeresim
1033 2753 1333 2824 defendens,
1349 2753 1605 2810 Ecclesia:
1619 2753 2102 2826 perturbareconata
2115 2757 2204 2812 sit.

687 2868 851 2940 286
868 2867 933 2922 At
949 2866 1350 2924 Valentinianus
1375 2870 1426 2925 in
1449 2869 1598 2925 Italia
1615 2869 1836 2942 degens,
1859 2870 2038 2928 fratris
2052 2887 2207 2936 nece,

618 2972 776 3034 atque
794 2961 962 3017 lmSIis
987 2970 1130 3018 metu
1149 2962 1485 3031 perterritus,
1501 2963 1843 3019 siumlatione
1865 2963 2098 3020 oblatam
2118 2979 2212 3035 pa-

620 3069 738 3114 cem
768 3068 796 3106 a
831 3053 1082 3117 Maximo,
1117 3052 1376 3107 simulans
1421 3053 1536 3124 ipse
1574 3068 1787 3124 quoque
1817 3053 2044 3110 libenter
2095 3070 2211 3107 am-

620 3144 891 3213 plectitur.
916 3141 1048 3198 Cum
1081 3143 1292 3198 interim
1320 3142 1526 3198 Iustina
1557 3152 1727 3198 mater
1751 3143 2016 3214 ejusdem,
2051 3143 2210 3199 Aria-

2288 548 2395 604 ritu
2425 556 2686 619 pugnaret
2713 555 2940 613 armata,
2979 543 3267 600 resistebat
3305 555 3481 600 tamen
3537 547 3875 613 Ambrosius,

2290 640 2420 696 Elim
2448 643 2648 695 virtute
2673 640 2912 708 repletus
2942 647 2997 693 et
3017 638 3207 707 gratia.
3243 638 3358 708 Ipsa
3383 647 3561 692 autem
3591 639 3645 694 in
3689 639 3875 694 Eccle-

2288 735 2382 790 siis
2411 735 2637 805 garrire,
2680 743 2704 772 θ
2733 743 2999 800 strepere,
3051 732 3315 796 animare,
3347 740 3402 786 et
3430 731 3765 788 inﬂammare
3814 735 3878 788 ad

2289 827 2615 883 discordiam
2650 825 2877 894 populos
2907 824 3014 898 [ΑΙ.
3049 825 3173 880 add.
3195 821 3381 895 carpit]
3416 843 3427 876 :
3459 825 3553 880 sed
3587 825 3726 894 quod
3781 828 3880 879 mi-

2289 939 2392 976 nus
2423 936 2511 976 res
2534 936 2598 976 ex
2630 918 2895 973 sententia
2918 919 3155 974 cederet.
3189 919 3438 985 injuriam
3465 929 3671 985 putare.
3705 928 3760 972 et
3788 935 3880 987 pro

2293 1014 2395 1068 llOC
2420 1011 2528 1085 [ΑΙ.
2564 1011 2686 1084 hac]
2709 1011 2847 1080 apud
2882 1009 3044 1064 ﬁlium
3069 1009 3348 1080 conqueri.
3381 1009 3529 1063 Unde
3567 1009 3876 1063 adolescen-

2293 1104 2435 1160 tulus
2461 1119 2556 1174 pro
2585 1102 2925 1158 contumeliae
2956 1101 3175 1167 invidia,
3206 1117 3364 1172 quam
3393 1100 3526 1155 falso
3558 1101 3882 1155 conflaverat

2279 1191 2492 1265 mater,
2519 1213 2804 1264 accensus,
2840 1207 3166 1252 armatorum
3198 1197 3415 1267 globum
3468 1195 3533 1250 ad
3584 1195 3880 1250 Ecclesiam

2275 1289 2486 1366 'mittit:
2520 1289 2782 1358 confringi
2832 1291 3045 1358 januas,
3075 1288 3370 1361 oppugnari
3407 1285 3426 1326 τ
3457 1297 3674 1355 sancta,
3697 1289 3885 1342 Sacer—

2293 1381 2472 1437 dotem
2503 1381 2763 1450 pertrahi,
2794 1390 2954 1451 atque
2986 1382 3037 1436 in
3067 1382 3287 1437 exilium
3320 1382 3686 1451 agi,protinus
3707 1380 3879 1450 jubet.

2293 1473 2397 1530 Sed
2426 1482 2571 1528 tanta
2605 1474 2702 1527 fuit
2743 1473 3145 1543 perseverantia
3179 1473 3413 1528 fidelium
3447 1473 3790 1542 p0pulorum,
3829 1480 3884 1526 ut

2295 1565 2503 1620 animas
2533 1565 2680 1635 prius
2706 1567 2976 1631 amittere,
3001 1581 3158 1636 quam
3191 1565 3517 1637 Episcopum
3545 1563 3787 1621 mallent.

2883 1696 3112 1755 CAPUT
3153 1696 3297 1754 XVI.

2398 1830 2475 1886 De
2495 1829 2735 1885 Benevoli
2761 1828 2999 1902 Magistri
3028 1832 3287 1885 memoria:
3312 1830 3454 1902 ﬁdeli
3482 1831 3791 1886 constantia.

2370 1946 2531 2020 287
2564 1944 2782 2000 Interim
2820 1945 3072 2000 dictanda
3116 1945 3403 2002 adversum
3457 1945 3617 2001 fidem
3676 1954 3882 2014 patrum

2304 2033 2606 2106 Imperialia
2651 2035 2868 2090 decreta
2903 2044 2928 2082 Β
2959 2035 3278 2090 mandantur
3307 2035 3592 2103 Benevola,
3629 2047 3752 2092 tunc
3781 2053 3891 2092 me~

2302 2129 2489 2183 morize
2518 2128 2732 2183 scriniis
2761 2127 3090 2198 praesidenti.
3122 2128 3228 2186 Sed
3269 2128 3360 2184 ille
3391 2129 3476 2184 cui
3503 2129 3572 2184 ab
3599 2129 3890 2186 incunabu-

2304 2223 2368 2278 lis
2407 2237 2558 2278 sacra
2590 2222 2745 2287 ﬁdes,
2775 2232 2830 2278 et
2856 2224 3175 2279 venerabilis
3207 2224 3326 2291 fuit,
3359 2227 3586 2296 abnegat
3626 2240 3686 2281 se
3733 2227 3891 2295 imp'a

2304 2315 2467 2370 verba
2494 2329 2653 2384 posse
2703 2313 2969 2385 proferre,
3004 2325 3060 2370 et
3085 2325 3273 2371 contra
3316 2316 3486 2372 Deum
3536 2318 3702 2388 loqui.
3758 2317 3890 2372 Tum

2307 2421 2434 2461 vero
2465 2421 2534 2462 ne
2561 2407 2848 2475 inemptum
2873 2406 3072 2477 regina:
3105 2407 3348 2463 frustrari
3373 2409 3669 2474 videretur,
3699 2409 3893 2463 celsior

2307 2500 2358 2554 ei
2380 2497 2553 2554 honor
2581 2500 2932 2568 promittitur,
2961 2500 3022 2554 'si
3051 2499 3321 2569 ‘impleret
3359 2501 3616 2571 injuncta.
3674 2501 3767 2556 Ille
3809 2500 3895 2570 qui

2309 2591 2540 2646 nobilior
2578 2592 2629 2645 in
2682 2590 2787 2645 ﬁde
2814 2605 3124 2661 essequam
3186 2592 3240 2646 in
3297 2592 3591 2648 honoribus
3638 2600 3896 2661 cuperet:

2308 2685 2444 2755 Quid
2476 2685 2628 2751 mihi,
2656 2685 2752 2749 ait,
2777 2701 2874 2754 pro
2899 2685 3190 2754 impietatis
3229 2687 3478 2743 mercede
3513 2687 3756 2742 altiorem
3781 2701 3898 2756 pro-

2311 2779 2522 2835 mittitis
2551 2778 2824 2848 gradum?
2867 2779 3022 2833 llunc
3048 2778 3244 2848 ipsum,
3275 2794 3434 2848 quem
3468 2778 3641 2835 babeo
3686 2778 3856 2833 tollite
3883 2793 3897 2829 :

2313 2879 2516 2927 tantum
2547 2871 2677 2925 mihi
2711 2871 3044 2926 conscientia
3075 2871 3198 2926 fidei
3224 2871 3384 2926 duret
3425 2872 3611 2927 illaesa.
3641 2871 3770 2926 Ilaec
3823 2873 3901 2926 di-

2312 2979 2466 3032 cens,
2491 2975 2616 3020 ante
2644 2965 2806 3034 pedes
2829 2964 2990 3034 impia
3022 2964 3442 3034 praecipientium
3465 2963 3736 3032 cingulum
3755 2962 3900 3032 jecit.

2317 3056 2636 3112 Ambrosius
2667 3071 2798 3111 vero
2850 3055 3137 3109 adversum
3188 3054 3406 3127 Regina:
3435 3052 3462 3092 δ
3493 3055 3746 3119 furorem,
3797 3070 3903 3111 non

2318 3165 2378 3204 se
2405 3164 2564 3204 mauu
2596 3145 2936 3212 defensabat,
2970 3157 3062 3202 aut
3093 3148 3220 3214 telo,
3252 3149 3345 3203 sed
3373 3148 3590 3217 jejuuiis
3631 3148 3904 3202 continua-

624 3251 704 3291 τιίὲ
737 3233 1009 3291 δωτοευοε
1036 3236 1273 3302 alumna.
1315 3233 1608 3305 ῑηιρῑριδιῑε
1653 3249 1766 3290 Sim
1814 3249 2038 3302 venena,
2067 3251 2208 3304 (tum.
2240 3228 2288 3295 C
2318 3244 2496 3313 tisque
2520 3243 2714 3312 vigiliis
2752 3243 2851 3297 sub
2883 3241 3042 3296 altari
3071 3243 3278 3312 positus
3310 3257 3324 3293 :
3359 3257 3454 3311 per
3511 3241 3906 3297 obsecrationes

623 3329 836 3384 vivente
859 3328 997 3394 viro,
1027 3336 1420 3397 suppresserat,
1455 3325 1563 3381 filio
1593 3325 1754 3382 facile
1781 3325 2011 3397 decepto
2042 3325 2209 3381 ﬁden-

624 3431 708 3477 tcr
736 3420 843 3493 [ΑΙ.
876 3418 1128 3493 libenter]
1159 3419 1388 3489 aperuit.
1448 3420 1611 3490 Igitur
1663 3420 1804 3488 apud
1851 3420 2209 3476 Mediolanum

625 3513 819 3584 posita,
843 3511 1168 3567 conturbare
1191 3511 1547 3566 Ecclesiaruui
1587 3521 1808 3581 statum,
1837 3511 2153 3567 comminari
2184 3507 2210 3549 ά

629 3604 1005 3662 sacerdotibus
1043 3605 1425 3675 depulsiones,
1477 3606 1662 3673 exilia,
1710 3605 1812 3660 nisi
1858 3603 2215 3660 Ariminensis

627 3697 839 3754 concilii
870 3698 1108 3764 decreta,
1135 3699 1324 3767 quibus
1344 3697 1474 3752 fides
1501 3707 1708 3767 patrum
1735 3706 1992 3751 temerata
2020 3695 2213 3761 fuerat,

630 3792 962 3848 revocarent.
1010 3789 1126 3859 Quo
1175 3791 1313 3847 bello
1346 3791 1599 3845 Ecclesia:
1651 3804 1860 3844 murum
1915 3797 1970 3843 et
2026 3791 2215 3844 turrim

638 3885 1018 3940 validissimam
1051 3885 1296 3955 pulsabat
1343 3883 1709 3938 Ambrosium.
1739 3883 1982 3952 Eumque
2031 3884 2214 3953 minis,

641 3977 937 4034 terroribus
956 3976 1063 4052 [ΑΙ.
1091 3971 1534 4045 terroribusque],
1560 3982 1718 4042 atque
1762 3975 1908 4029 omni
1947 3989 2222 4045 Oppugna-

635 4071 793 4126 tionis
817 4081 1015 4141 genere
1039 4068 1285 4140 fatigans,
1315 4067 1542 4138 primum
1583 4065 1685 4121 sibi
1726 4065 1928 4121 aditum
1950 4066 2223 4123 debellau-

630 4242 750 4284 rum
781 4227 1045 4283 sententia
1088 4226 1268 4297 tradit,
1300 4239 1424 4280 eum
1455 4239 1570 4277 cum
1599 4221 1931 4292 Candidatis,
1951 4236 1998 4281 et
2028 4227 2222 4297 spado-

629 4303 775 4354 nibus
804 4300 982 4368 paucis
1011 4313 1168 4368 prope
1182 4296 1258 4368 ad
1287 4299 1574 4368 Acussrsu
1601 4311 1774 4368 casam
1797 4296 2090 4352 relatum...
2122 4299 2223 4352 cir-

631 4366 942 4424 cumsessum
973 4371 1036 4421 ab
1058 4366 1422 4437 Itostibttslgqui
1445 4374 1598 4437 esset,
1619 4366 1992 4436 ignorantibus,
2011 4371 2223 4437 ﬂamma

591 4449 593 4451 ’
631 4440 897 4512 suppOsita
944 4439 1244 4512 incensum.
1283 4434 1840 4512 Tumuliegiolvatic.
1873 4434 2072 4509 fugefat
2127 4457 2222 4507 pro

632 4505 955 4581 confugerat,
993 4505 1312 4581 Itononiens.
1339 4506 1539 4581 ignibus
1559 4505 1686 4581 ’pro_
1706 4509 1832 4581 igni.
1858 4505 2043 4564 An'nus
2098 4505 2222 4579 age-

632 4575 1148 4649 batur‘578.'quinto
1176 4575 1291 4649 idus
1321 4578 1564 4649 A_ugusti,
1591 4587 1644 4632 ut
1670 4575 1876 4634 ldacius
1920 4575 2218 4645 scribitfex

633 4667 806 4721 e0que
824 4645 1018 4720 Pagius
1046 4645 1325 4721 edis_serit._
1342 4645 1539 4721 Confer
1566 4659 1636 4721 et
1667 4649 1950 4721 Libanium
1986 4651 2038 4706 in
2084 4652 2217 4707 Ora-

634 4716 781 4778 tione
811 4722 878 4777 ad
902 4716 1266 4774 Theodosium
1295 4716 1364 4771 de
1383 4718 1530 4772 cmde
1557 4718 1751 4774 Iuliani
1781 4720 2122 4776 vindicanda.

706 4802 733 4829 ³·
765 4795 844 4845 Ab
871 4792 972 4846 hoc
999 4790 1117 4843 loco
1145 4797 1304 4858 caput
1338 4787 1435 4843 Η(
1457 4783 1811 4845 Guarnerian.
1849 4792 1970 4846 cod.
1998 4793 2218 4848 exordi-

633 4873 742 4926 tur,
776 4863 917 4930 quod
946 4869 1000 4930 et
1029 4861 1194 4930 ferme
1225 4859 1420 4915 rectius
1444 4874 1563 4914 cum
1592 4865 1948 4929 subsequente
1978 4864 2030 4917 in
2055 4879 2216 4918 unum

633 4929 928 5002 conjungit.
960 4929 1199 5002 Gratiani
1232 4930 1416 5002 laudes
1443 4931 2218 5002 magnificeextolluntS.Am-

633 4999 853 5057 brosius
878 5001 946 5056 de
974 5001 1120 5072 obitu
1146 4999 1402 5066 Valentis,
1425 5001 1556 5072 etin
1584 5001 1780 5056 Psalm.
1810 5019 1915 5058 ut.
1947 5003 2216 5072 Zosimus,

634 5072 902 5146 {busequas
935 5073 986 5138 in
1005 5069 1300 5146 κριθείς-ρει..
1328 5065 1424 5141 pro
1472 5065 1598 5126 Cos.
1649 5083 1704 5128 et
1746 5073 2064 5129 Ammianus
2105 5065 2219 5146 ipse

633 5141 972 5197 Marcellinus
1004 5143 1094 5196 lib.
1123 5141 1316 5198 XXXI.

706 5212 914 5284 bAnno
943 5213 1068 5270 579.
1103 5211 1185 5284 λ]
1205 5213 1416 5277 V.(non
1463 5211 1628 5268 XVII.
1687 5223 1745 5268 ut
1793 5228 2074 5284 perperam
2128 5218 2217 5272 alii

635 5283 897 5352 scribunt)
954 5284 1077 5338 Kal.
1123 5281 1456 5352 Februarias,
1510 5295 1565 5339 ut
1623 5281 1839 5352 Idalius,
1895 5281 2218 5342 Cbrouicum

637 5355 1252 5437 Alienattdrimitcrttque
1281 5355 1922 5437 lj‘arrago_dlexandrit_ta,
1980 5367 2049 5437 et_
2081 5359 2218 5437 hlar-

634 5427 863 5481 cellinns
893 5429 944 5481 in
976 5426 1244 5481 Chronico
1274 5426 1486 5480 docent.
1524 5427 1655 5480 llmc
1678 5443 1812 5481 nova
1840 5427 2050 5496 Imperii
2076 5428 2213 5482 divi-

633 5499 734 5552 sio.
765 5497 1065 5554 Theodosio
1086 5498 1276 5551 Oriens
1302 5513 1420 5548 cum
1453 5498 1678 5552 Thracia
1709 5501 1892 5563 cessit,
1925 5501 2061 5553 inter
2082 5501 2216 5554 Gra-

634 5571 835 5641 tianum
862 5581 1036 5624 autem
1066 5579 1118 5623 ct
1148 5567 1570 5624 Valentinianum
1590 5570 1780 5624 fratres
1801 5569 2028 5625 divisum
2049 5571 2217 5641 Impe-

633 5640 770 5694 rium
803 5641 1160 5694 Occidentale.

708 5722 730 5748 ε
766 5712 820 5765 In
851 5711 1198 5783 Guarnerian.
1233 5723 1359 5783 ms.,
1393 5709 1584 5764 Verum
1623 5710 1733 5783 ipse
1771 5712 1921 5783 ξεί-ει
1961 5726 2084 5766 mox
2131 5729 2219 5783 per

635 5782 1045 5852 andragathum.
1077 5781 1289 5835 Ubiisse
1316 5782 1626 5836 Gratianum
1651 5780 1780 5837 VIII.
1821 5780 1938 5836 Kal.
1965 5780 2215 5852 Septem-

630 5849 891 5910 .brisauni
923 5853 1044 5908 385.
1083 5853 1413 5908 demonstrat
1471 5853 1662 5924 Pagéus
1711 5870 1772 5908 ex
1807 5849 2220 5910 Victoris'testi-

2312 3335 2653 3391 detensorem
2686 3335 2787 3389 sibi
2821 3344 2982 3404 atque
3016 3335 3272 3390 Ecclesia:
3295 3333 3460 3390 Deum
3486 3333 3724 3402 parabat.
3751 3332 3906 3386 Duni-

2313 3425 2450 3498 quel
2473 3427 2584 3482 haec
2609 3427 2662 3482 in
2690 3427 2904 3496 longum
2927 3426 3150 3481 diversis
3183 3426 3446 3481 machinis
3471 3435 3528 3480 et
3553 3422 3906 3496 oppugnatio-

2320 3522 2476 3574 nibus
2513 3534 2738 3588 nequam
2782 3517 2986 3572 Iustina
3031 3519 3333 3583 moliretur,
3388 3518 3670 3581 Maximus,
3721 3514 3810 3586 qui
3850 3529 3908 3568 se

2316 3625 2515 3667 exuere
2547 3609 2761 3680 tyranni
2790 3607 3032 3675 infamia,
3058 3618 3111 3663 et
3137 3609 3430 3678 legitimum
3471 3609 3762 3678 principem
3791 3621 3909 3677 grs-

2319 3705 2447 3760 tiret
2493 3703 2821 3769 ostendere,
2877 3702 3019 3756 datis
3059 3701 3254 3758 litteris
3306 3701 3524 3772 impium
3585 3708 3910 3768 protestatur

2322 3798 2636 3864 inemptum,
2663 3794 2820 3848 fidem
2857 3795 2948 3848 Dei
2984 3793 3305 3864 impugnari,
3337 3798 3602 3849 etstatuta
3632 3788 3908 3845 catholica:

2323 3887 2579 3941 Ecclesiae
2610 3886 2816 3948 subrui,
2850 3893 2902 3939 et
2927 3884 3067 3943 inter
3098 3885 3213 3939 haec
3242 3881 3674 3954 appropinquare
3727 3877 3742 3929 i
3788 3878 3908 3933 Ita-

2320 3980 2406 4034 lim
2435 3979 2618 4046 cmpit.
2653 3977 2770 4044 Quo
2795 3977 3000 4032 Iustina
3032 3987 3329 4047 comperto,
3363 3975 3519 4029 hoste
3550 3972 3711 4028 simul
3745 3981 3907 4040 atque

2323 4073 2616 4145 impietatis
2665 4071 2996 4127 conscientia
3046 4080 3387 4142 perurgente,
3420 4068 3474 4124 in
3523 4067 3700 4138 fugam
3755 4079 3905 4121 versa

2322 4226 2511 4284 monia
2532 4227 2584 4282 in
2613 4225 2878 4293 Epitome.

2394 4297 2419 4336 ἀ
2450 4299 2592 4352 Idem
2625 4291 2978 4350 Guarnerian.
3029 4293 3334 4348 comminari
3377 4292 3529 4354 ctepit
3561 4291 3908 4347 sacerdotibus

2325 4369 2669 4435 depulsiones,
2712 4366 2887 4430 exilia,
2921 4376 3028 4420 etc.
3061 4365 3128 4419 Et
3151 4380 3301 4432 sane,
3328 4363 3659 4431 depulsiones
3682 4379 3778 4431 pro
3804 4376 3910 4431 quo

2327 4441 2522 4494 lectum
2555 4440 2810 4492 hactenus
2839 4446 2924 4490 est
2964 4436 3304 4505 depulsionis.
3346 4435 3554 4489 restitui
3583 4436 3755 4488 visum
3805 4442 3906 4486 est.

2327 4512 2429 4565 Pro
2477 4519 2742 4573 temerata,
2765 4509 2904 4575 quod
2956 4504 3216 4574 setjuitur,
3267 4507 3531 4568 Barra-us,
3561 4504 3906 4572 nonnullique

2325 4582 2412 4635 alii
2443 4581 2569 4635 editi
2594 4581 2711 4634 libri
2735 4582 3033 4632 intemerata
3076 4577 3449 4645 prreferebant.
3479 4575 3786 4630 Cacciarius
3815 4587 3909 4643 pro

2326 4659 2616 4706 revocarent
2638 4649 2855 4719 conjicit
2876 4647 3277 4703 rescribendum
3305 4655 3622 4719 renovarent.

2399 4732 2422 4759 ε
2459 4724 2570 4776 Duo
2602 4721 2718 4776 hate
2739 4716 2906 4776 verba
2957 4721 3173 4791 garrire,
3207 4726 3263 4772 et
3312 4728 3534 4786 strepere
3585 4716 3904 4771 Bononiens.

2325 4808 2428 4848 ms.
2454 4801 2612 4848 tacet.

2402 4862 2601 4918 ‘Alius
2647 4863 2840 4917 Sancta
2878 4861 3184 4916 Sanctorum
3230 4858 3281 4913 in
3329 4857 3537 4912 duobus
3581 4856 3754 4913 Vatic.
3811 4855 3908 4909 l‘ro

2323 4934 2408 5004 agi
2437 4934 2581 5004 quod
2602 4935 2839 5001 sequitur
2861 4939 2979 4987 erat
3001 4936 3049 4986 in
3073 4940 3228 4984 antea
3254 4930 3487 5004 vulgatis
3505 4929 3655 5004 mitti.

2399 5015 2424 5053 κ
2452 4997 2806 5060 Guarnerian.
2831 5005 3126 5068 mittuntur,
3147 5011 3255 5054 tum
3279 4997 3602 5054 et'Bem‘volo
3627 5013 3722 5067 pro
3749 4997 3907 5050 Bene-

2327 5076 2463 5141 vola,
2494 5090 2623 5129 mss.
2660 5090 2871 5145 quoque
2896 5074 3007 5145 alii.
3035 5074 3371 5145 ngomenus
3395 5071 3543 5145 lib.__\
3564 5070 3630 5125 ll.
3673 5085 3792 5134 cap.
3821 5068 3904 5121 15.

2327 5148 2598 5202 Μενίϐολον
2628 5141 2800 5210 vacat,
2827 5145 2963 5197 facili
2997 5143 3048 5196 in
3071 5142 3274 5196 Grrccis
3305 5144 3334 5195 ϐ
3361 5142 3411 5194 in
3434 5165 3471 5211 μ
3493 5141 3766 5196 literarum
3793 5154 3908 5206 per-

2325 5219 2638 5272 mutatione.
2670 5217 2789 5269 Mox
2823 5217 2873 5268 in
2903 5214 3270 5280 Regio-Vatic.
3296 5227 3415 5263 cara
3446 5213 3574 5274 ﬁdes
3628 5227 3721 5280 pro
3761 5224 3907 5262 sacra

2324 5289 2473 5354 ﬁdes.
2504 5288 2854 5343 Gnarnerian.
2878 5296 2926 5339 et
2955 5284 3200 5353 copulam
3231 5283 3643 5352 subsequentem
3683 5283 3900 5334 omittit:

2326 5360 2519 5414 deinde
2549 5358 2694 5412 Tum:
2712 5374 2829 5410 vero
2863 5357 2988 5426 legit
3017 5371 3110 5424 pro
3140 5354 3290 5418 Tum,
3326 5363 3433 5426 etc.

2400 5429 2426 5464 ιι
2462 5431 2817 5493 Bononiens.,
2848 5423 3128 5500 fervorem,
3165 5434 3220 5480 et
3262 5424 3562 5491 defendebat
3593 5438 3688 5492 pro
3724 5423 3903 5491 defen-

2319 5499 2463 5554 sabat
2474 5543 2487 5555 .

2401 5572 2416 5608 ί
2455 5571 2596 5625 Idem
2624 5584 2742 5623 cum
2775 5566 3152 5633 Guarnerian.,
3178 5565 3403 5634 Cumque
3451 5571 3577 5628 lucc,
3619 5572 3752 5630 etc.,
3800 5572 3906 5616 tum

2321 5641 2521 5712 junctis
2552 5650 2605 5695 et
2636 5639 2903 5712 Vaticanis
2929 5638 3157 5712 duobus.
3190 5635 3773 5712 nequidquam_.lustiua
3799 5648 3905 5686 mo—

2328 5707 2449 5765 litur
2475 5727 2569 5778 pro
2591 5726 2804 5778 nequam
2825 5707 3054 5772 Iustina,
3078 5717 3208 5772 etc.,
3242 5708 3406 5762 ferme
3427 5708 3634 5778 verius.

2403 5783 2416 5831 .i
2455 5775 2630 5836 Nostri
2663 5775 2788 5834 mss.
2821 5778 3031 5832 Italiam
3061 5793 3152 5841 pro
3184 5779 3372 5834 ltalire.
3423 5777 3474 5833 In
3526 5777 3630 5832 fine
3661 5775 3901 5832 Guarne-

2330 5853 2492 5920 rian.,
2526 5851 2740 5922 parabat
2768 5864 2864 5921 pro
2892 5851 3232 5920 pra'parubat.
