4166 6348
317 292 424 351 5‘23

307 502 489 574 prima
517 499 763 554 sortitur.

898 609 1126 668 CAPUT
1167 607 1332 666 XVII.

317 732 388 789 Ut
411 728 737 786 Theodosius
763 741 936 782 necem
951 723 1188 779 Gratiani
1202 722 1374 788 ultus,
1395 718 1460 774 de
1478 715 1710 774 lla-nimo
1732 714 1917 770 trium-

986 796 1238 868 phaverit.

392 913 558 984 288
595 909 784 966 Adfuit
815 917 992 964 tamen
1031 903 1366 961 Theodosius
1406 911 1626 972 propter
1651 895 1806 969 regni
1841 895 1919 952 4i-

317 1007 459 1072 dem,
487 1006 851 1075 bonitatisque
905 1017 971 1057 ac
1005 1000 1388 1057 beneiiciorum
1409 997 1660 1054 παι-ιιιὶιηί
1688 1010 1915 1060 memor,

317 1101 450 1154 etin
468 1098 786 1165 vindictam,
841 1104 869 1133 ι
899 1095 1026 1150 totis
1075 1092 1280 1148 viribus
1326 1089 1563 1144 Orientis
1610 1087 1914 1158 insurgens,

320 1191 463 1245 ultus
503 1200 586 1244 est
634 1187 950 1257 sanguinem
995 1185 1222 1254 justum.
1276 1180 1636 1236 Valentiniani
1704 1193 1919 1250 quoque

321 1280 478 1352 impia
512 1282 654 1345 inter
685 1281 801 1336 haec
825 1287 997 1335 mater
1040 1278 1317 1339 defuncta,
1351 1275 1516 1332 fidem
1571 1273 1918 1336 catholicam,

322 1391 480 1446 quam
517 1376 634 1445 ipsa
654 1374 970 1439 violaverat,
991 1381 1046 1428 et
1083 1385 1307 1442 regnum
1339 1365 1624 1438 tyrannide
1674 1365 1918 1434 depulsa,

327 1467 353 1509 δ
385 1467 645 1524 restituit.
677 1467 851 1535 Atque
894 1466 1010 1534 ipse
1064 1471 1409 1533 posteaquam
1459 1459 1684 1514 Romam
1727 1455 1924 1518 illustri

326 1561 610 1630 triumpho
639 1559 883 1616 invectus
908 1565 1014 1625 est,
1041 1555 1107 1616 ad
1122 1553 1348 1624 propria
1389 1565 1578 1610 rursus
1627 1564 1792 1621 regna
1839 1564 1927 1608 re-

319 1655 542 1714 meavit.

897 1739 1126 1798 CAPUT
1150 1737 1350 1796 .XVlil.

329 1856 401 1914 De
431 1857 708 1913 Theodosii
727 1856 1000 1910 commisso
1036 1855 1090 1908 in
1115 1853 1618 1912 Thessalonicenses,
1668 1859 1716 1904 et
1759 1848 1922 1916 potni-

518 1931 674 1982 tentia
703 1929 817 1998 ejus
855 1927 1060 1998 publice
1077 1928 1220 1992 apud
1247 1925 1534 1978 sacerdotes
1571 1932 1732 1994 gesta.

398 2047 504 2102 Per
534 2046 675 2100 idem
701 2054 914 2113 tempus
965 2041 1318 2112 subreptione
1360 2039 1589 2111 quadam
1639 2035 1922 2102 dannonis,

323 2136 504 2208 turpis
523 2137 732 2190 macula
773 2135 1028 2205 religioso
1051 2133 1276 2203 principi
1310 2133 1487 2188 inusta
1516 2131 1636 2202 :[AL
1697 2126 1927 2199 ingesta]

324 2239 430 2286 est.
457 2231 668 2285 Etenim
689 2244 814 2284 cum
843 2227 984 2296 apud
1007 2226 1454 2282 1hessalonicam
1481 2223 1746 2279 seditione
1773 2235 1930 2276 exor-

325 2331 404 2390 ta,
438 2322 655 2392 quidam
679 2336 744 2377 ex
777 2319 1100 2375 militaribus
1132 2318 1216 2372 vir
1248 2319 1452 2384 impetu
1507 2315 1695 2370 fuisset
1745 2311 1928 2384 populi

332 2414 560 2470 furentis
587 2414 884 2478 extinctus,
906 2411 1174 2480 repentini
1202 2411 1375 2465 nuntii
1398 2409 1679 2464 atrocitate
1703 2419 1931 2460 succen-

333 2521 451 2571 sus,
483 2506 550 2560 ad
581 2506 736 2560 ludos
761 2504 1048 2560 Circenses
1093 2502 1306 2558 invitari
1357 2501 1609 2572 populum
1665 2499 1825 2568 eique
1863 2512 1929 2551 ex

331 2598 630 2668 improviso
657 2594 1023 2653 circumfundi
1075 2594 1274 2649 milites
1304 2635 1321 2660 ,
1371 2603 1528 2663 atque
1566 2602 1590 2631 ε
1619 2589 1930 2646 obtruncari

325 2688 550 2759 passim,
582 2697 641 2742 ut
679 2687 908 2758 quisque
934 2687 1280 2749 occurrisset,
1304 2683 1482 2755 gladio
1505 2682 1682 2753 jubet,
1714 2689 1770 2737 et
1800 2681 1924 2735 vin-

329 2781 530 2836 dictam
559 2779 673 2833 dari
707 2793 812 2833 non
845 2777 1080 2842 crimini,
1117 2777 1209 2831 sed
1239 2775 1426 2830 furori.
1459 2774 1538 2828 Ob
1593 2775 1695 2827 hoc
1744 2787 1866 2826 cum
1897 2787 1929 2826 a

330 2872 703 2929 sacerdotibus
733 2868 760 2908 ἀ
808 2870 971 2924 ltalim
1003 2877 1337 2940 argueretur,
1390 2867 1605 2937 agnovit
1645 2866 1930 2929 delictum,

329 2967 649 3036 culpamque
671 2980 791 3018 cum
817 2961 1109 3034 lachrytnis
1133 2961 1429 3032 professus,
1456 2959 1720 3028 publicam
1753 2959 1931 3028 pteui-

333 3058 555 3114 teutiam
607 3059 657 3111 in
700 3065 990 3124 conspectu
1033 3055 1194 3108 totius
1226 3052 1477 3106 Ecclesiae
1506 3051 1725 3119 exegit:
1777 3061 1830 3103 et
1874 3050 1931 3103 in

1189 282 1514 344 HISTORTA
1558 275 2118 340 ECCLESIASTICA.
2161 275 2364 334 LIBER
2400 275 2781 336 SECUNDUS.

313 420 435 466 eum
466 404 600 470 lilio,
633 401 790 458 exilia
821 416 941 474 qua:
989 401 1080 457 Dei
1123 399 1494 456 sacerdotibus
1549 392 1903 467 praeparabat,
1937 394 1989 452 Α

3503 273 3607 334 ωε

2613 407 2840 468 CAPUT
2879 406 3020 464 XIX.

2016 545 2094 602 De
2115 548 2438 603 restitutione
2466 545 2836 611 Ecclesiarnm,
2861 561 2982 617 gnte
3009 561 3106 617 per
3123 545 3292 617 ipsum
3303 546 3414 617 jam
3427 545 3624 602 παισί

2361 639 2518 694 licunt
2541 639 2596 692 in
2623 638 2832 692 Oriente
2851 637 3102 692 restituta:
3121 643 3266 694 sunt.

2081 772 2253 843 igitur
2278 773 2346 830 ad
2374 774 2650 831 Orientem
2677 789 2982 846 regressus,
3006 773 3207 846 ibique,
3233 783 3290 830 ut
3314 783 3339 822 ι
3357 775 3425 830 ab
3451 792 3611 832 exor-

2018 862 2106 918 dio
2139 866 2466 934 principatus
2495 867 2598 930 sui,
2641 882 2847 924 summa
2878 883 3005 923 cura
3057 883 3384 939 summoque
3437 869 3618 924 studio

2021 957 2187 1025 pulsis
2215 958 2505 1024 hatreticis,
2537 959 2806 1016 Ecclesias
2852 960 3133 1016 catholicis
3164 961 3408 1018 tradere:
3456 961 3617 1032 idque

2019 1063 2084 1122 ea
2115 1050 2483 1107 moderatione
2523 1067 2700 1121 agcre,
2736 1061 2794 1107 nt
2829 1052 3034 1110 ultione
3079 1045 3379 1121 contemta,
3409 1062 3614 1109 tantum

2019 1143 2301 1222 catholicis
2353 1145 2422 1201 de
2477 1146 2836 1202 Ecclesiarum
2885 1147 3228 1204 restitutione
3277 1147 3611 1211 consuleret,

2023 1251 2130 1318 gito
2160 1237 2293 1293 ﬁdes
2350 1248 2496 1294 recta
2542 1241 2743 1310 absque
2793 1241 3187 1310 przndicationis
3226 1243 3620 1313 impedimento

2027 1329 2351 1395 proliceret:
2384 1344 2726 1387 communem
2757 1345 2818 1387 se
2844 1334 3089 1404 prtebere
3118 1349 3248 1406 erga
3306 1335 3620 1391 sacerdotes

2024 1422 2160 1490 Dei:
2194 1423 2323 1491 fide,
2347 1425 2633 1494 religione,
2661 1436 2716 1482 et
2747 1427 3128 1494 .munilicentia
3158 1429 3366 1484 cunctis
3411 1432 3619 1500 regium

2024 1515 2260 1578 animum
2291 1515 2548 1574 exhibere
2573 1533 2590 1573 :
2619 1532 2841 1574 accessu
2867 1518 3035 1574 facilis
3057 1528 3112 1575 et
3133 1519 3334 1590 absque
3360 1521 3644 1592 imperiali

2027 1605 2174 1664 fastu
2206 1608 2272 1664 ad
2301 1610 2627 1682 colloquium
2671 1627 2731 1667 se
2782 1611 3072 1669 humilibus
3103 1615 3376 1684 prtebere:
3411 1616 3628 1672 hortatu
3666 1593 3673 1602 ’

2027 1701 2145 1774 ejus
2166 1711 2229 1758 et
2256 1703 2651 1774 largitionibus,
2685 1705 2939 1762 Ecclesiae
2969 1707 3216 1777 plurimis
3260 1708 3394 1764 locis
3420 1719 3631 1772 ornata

1952 1769 2004 1833 Β
2028 1769 2160 1862 satis
2189 1769 2578 1868 magnificeque
2605 1769 2930 1854 constructa:
3017 1808 3280 1870 prastare
3311 1801 3474 1856 multa
3507 1769 3630 1871 pos-

2027 1887 2295 1955 centibus,
2334 1888 2428 1958 sed
2458 1885 2494 1952 λιν
2519 1889 2852 1960 frequentius
2889 1891 3033 1946 ultro
3081 1891 3300 1948 olferre.
3354 1891 3626 1952 ldolorum

2025 1977 2228 2045 cultus,
2272 1980 2361 2047 qui
2392 1979 2727 2036 Constantini
2777 1981 3119 2060 institutione
3146 1991 3200 2038 et
3229 1983 3482 2054 deinceps
3535 1999 3631 2040 nc-

2029 2066 2169 2137 gligi.
2188 2075 2241 2121 et
2261 2068 2465 2126 destrui
2495 2080 2706 2139 emptus
2730 2071 2927 2138 fuerat,
2956 2072 3146 2128 eodem
3194 2074 3492 2144 imperante
3517 2076 3632 2132 col-

2030 2163 2210 2230 lapsus
2232 2170 2334 2218 est.
2365 2161 2469 2218 Pro
2499 2164 2695 2234 quibus
2725 2164 2776 2218 in
2803 2172 3009 2219 tantum
3039 2163 3147 2220 Deo
3178 2165 3376 2222 charos
3417 2165 3541 2234 fuit,
3572 2176 3633 2223 ut

2035 2253 2270 2322 speciale
2299 2255 2348 2310 ei
2378 2269 2574 2310 munus
2615 2257 2904 2312 contulerit
2937 2255 3122 2312 divina
3157 2258 3515 2328 providentia.
3552 2260 3633 2315 Et-

2029 2347 2184 2398 enim
2239 2343 2294 2400 in
2349 2344 2660 2402 Thebaidos
2705 2347 2950 2417 partibus
2996 2347 3316 2404 monachum
3360 2350 3630 2420 quendam

2025 2434 2294 2498 Joannem
2323 2440 2562 2512 nomine,
2584 2439 2774 2509 spiritu
2803 2441 3119 2510 prophetico
3144 2439 3162 2479 ί
3196 2443 3450 2512 replevit,
3473 2443 3630 2513 cujus

2041 2531 2262 2585 monitis
2287 2539 2448 2601 atque
2477 2533 2751 2602 responsis
2795 2547 2982 2603 pacem
3023 2534 3280 2604 retinere,
3307 2549 3374 2592 an
3431 2534 3633 2592 bellum

2022 2635 2241 2691 gerere,
2275 2632 2426 2694 esset,
2449 2623 2660 2691 melius,
2691 2624 3087 2682 sciscitabatur.

2628 2783 2860 2840 CAPUT
2907 2785 3025 2842 XX.

2401 2916 2478 2972 De
2498 2918 2820 2989 Apollinare,
2850 2929 2900 2974 et
2921 2920 3104 2978 hazresi
3132 2924 3267 2996 ejus.

2108 3057 2499 3142 290lntcrea
2526 3060 2664 3131 apud
2715 3060 3022 3118 Laodiciam
3083 3063 3254 3135 Syrim
3312 3073 3441 3124 ante
3487 3065 3630 3124 idem

332 3147 438 3203 ἶιοο
468 3157 492 3188 ⁸
524 3147 624 3202 Sibi
659 3158 870 3215 ιθίηβυε
889 3145 1240 3215 adscriptum:
1279 3144 1479 3209 abs'IW
1501 3142 1668 3212 “38"”
1720 3141 1932 3210 ίίιειῖϐῖο
1961 3117 2006 3179 C
2039 3117 2264 3223 ter'u;
2289 3117 2615 3223 Apollinaris
2647 3153 2965 3224 Episcopus,
2999 3117 3253 3212 orline
3709 3193 3720 3201 -

337 3239 606 3309 patienter
631 3237 893 3306 implevit.
915 3235 1121 3302 Quibus
1145 3234 1392 3288 omnibus
1424 3235 1561 3287 istud
1604 3249 1815 3303 quoque
1841 3233 1932 3287 ini-

335 3332 576 3387 rabiliter
599 3330 830 3400 adjecit:
867 3328 1007 3398 Lege
1046 3326 1062 3364 τ
1109 3329 1288 3382 εειηιίι
1334 3329 1386 3382 iu
1437 3337 1733 3395 posterum,
1766 3327 1933 3397 289

333 3425 695 3480 utsententite
731 3423 1058 3491 Principum
1104 3436 1266 3490 super
1297 3419 1758 3475 animadversione
1812 3435 1933 3486 pro-

339 3523 460 3577 lata:
493 3522 546 3576 itt
587 3522 730 3576 diem
755 3519 1086 3574 tricesimum
1137 3517 1205 3570 ab
1246 3516 1621 3570 executoribus
1651 3514 1932 3570 dill'erren-

332 3623 426 3668 tur
456 3631 469 3667 :
501 3628 608 3683 quo
636 3612 785 3667 locus
815 3607 1226 3675 misericordia,
1252 3607 1332 3661 vel
1359 3605 1436 3678 (si
1470 3621 1554 3660 res
1569 3605 1934 3674 tulisset)poe-

334 3705 581 3760 nitentia:
612 3721 718 3761 non
750 3704 969 3774 periret.

413 3871 438 3900 ⁸
468 3862 639 3918 Antea
669 3860 892 3929 vulgati,
927 3862 1110 3914 totius.
1140 3859 1274 3915 Tum
1320 3858 1697 3920 Cimmerium,
1736 3857 1934 3911 Valen-

337 3934 528 3988 tiniani
561 3934 746 4001 impia,
767 3943 900 3997 elc.,
943 3932 1144 3999 abstine
1202 3931 1516 3985 iutennedo
1546 3946 1762 4000 quoque.
1798 3931 1932 3985 Tutn

339 4003 649 4060 Cacciarius
677 4005 833 4063 male,
852 4003 960 4072 ipse
976 4004 1266 4062 violaverat,
1295 4017 1389 4069 pro
1414 4002 1552 4072 ipsa,
1575 4011 1683 4055 etc.

421 4073 449 4112 δ
483 4076 706 4129 Sublato
731 4071 938 4128 scilicet
968 4073 1217 4137 Maximo,
1241 4087 1397 4140 quem
1421 4071 1607 4139 quinto
1638 4071 1937 4142 tyraun‘dis

338 4159 509 4209 anno,
538 4155 595 4198 ιιι
633 4144 854 4199 Pacatus
876 4158 1001 4210 cap.
1030 4141 1121 4194 “24.
1170 4151 1440 4204 uarrat,e.t
1472 4143 1632 4195 tertio
1671 4141 1737 4210 ιιι»
1771 4142 1934 4208 Aqui-

357 4217 456 4268 leia
506 4215 740 4278 milliari,
777 4227 832 4268 ut
860 4209 1250 4283 Philostorgius
1280 4221 1503 4283 testatur
1555 4211 1651 4283 lib.
1681 4209 1748 4263 Χ.
1780 4211 1932 4283 εηξ.

348 4286 682 4340 Theodosius
709 4285 888 4356 fregit.
920 4285 1054 4338 Tum
1081 4281 1203 4356 eum
1257 4285 1418 4337 tradit
1443 4281 1688 4356 losilnus
1719 4283 1812 4356 lib.
1848 4281 1934 4334 ιν.

342 4356 530 4410 habitu
566 4351 1142 4423 ltnperatorioexutuni
1161 4355 1446 4408 deductum
1461 4351 1524 4406 ad
1552 4352 1935 4423 Theodosium,

347 4429 434 4494 qui
465 4421 665 4498 paucis,
684 4442 1010 4498 quiscumque
1039 4435 1218 4479 contra
1262 4423 1658 4498 lientpuhli‘canr
1692 4421 1939 4492 deliquis-

2038 3253 2355 3313 instructus,
2389 3247 2484 3300 sed
2515 3245 2641 3301 dum
2694 3247 3057 3302 contentionis
3087 3249 3219 3305 vitio
3279 3249 3474 3304 nimius
3519 3251 3632 3321 agi-

2039 3336 2145 3399 tur,
2177 3343 2233 3390 et
2256 3334 2540 3391 adversum
2565 3352 2721 3391 omne
2746 3337 2890 3409 quod
2912 3339 3139 3408 quisque
3173 3339 3403 3409 dixerat,
3431 3340 3507 3396 ire
3536 3343 3633 3400 ob-

2034 3426 2153 3479 vius
2193 3424 2508 3494 delectatur,
2550 3425 2844 3496 iactatione
2875 3429 3070 3500 ingenii
3114 3429 3414 3487 malefortis
3453 3431 3631 3489 IIer-

2035 3517 2136 3572 sim
2163 3532 2226 3572 ex
2251 3521 2596 3574 contentione
2619 3518 2915 3588 generavit,
2940 3534 3190 3576 asserens
3214 3523 3388 3577 solum
3411 3538 3630 3595 corpus,

2027 3624 2144 3672 non
2170 3614 2332 3666 etiam
2360 3611 2594 3666 animam
2627 3626 2655 3664 a
2690 3610 2918 3666 Domino
2946 3612 2998 3667 in
3031 3611 3442 3682 Dispensatione
3465 3614 3486 3652 ¹⁶
3509 3631 3632 3672 sus-

2037 3711 2271 3772 ceptum.
2300 3702 2359 3758 in
2390 3718 2639 3773 quocum
2680 3704 3023 3762 evidentibus
3055 3704 3331 3777 Evangelii
3389 3708 3632 3766 testimo-

2039 3857 2202 3914 habet
2221 3870 2318 3927 pro
2341 3856 2567 3928 fastigio.
2610 3858 2668 3914 S.
2721 3857 2974 3916 Ambros.
2999 3857 3123 3915 loco
3165 3859 3328 3914 citato
3369 3877 3382 3912 :
3436 3859 3632 3917 Stravit

2035 3943 2207 3994 omne,
2237 3944 2338 3999 quo
2367 3929 2620 3983 nitebatur
2643 3931 2841 3998 insigne
2858 3931 3092 3998 reginnt:
3119 3931 3320 3999 deﬂevit
3362 3931 3418 3986 in
3454 3933 3634 3987 Eccle-

2038 4002 2118 4054 sia
2138 4008 2401 4066 peccatum
2427 4015 2595 4067 suum,
2626 4002 2761 4069 quod
2784 4001 2830 4053 ei
2849 4001 3070 4054 aliorum
3111 4002 3292 4070 fraude
3318 4001 3635 4070 obrepserat.‘

2039 4071 2231 4139 gemitu
2258 4080 2304 4123 et
2329 4072 2565 4142 lacrymﬁis
2586 4071 2745 4142 oravit
2783 4072 3004 4142 veniant.
3039 4070 3190 4137 Quod
3213 4072 3398 4139 privati
3425 4073 3637 4126 erubes-

2035 4151 2183 4206 cunt,
2214 4155 2318 4194 non
2347 4139 2548 4193 erubuit
2574 4139 2864 4207 [inperator
2885 4140 3080 4209 publice
3102 4160 3124 4192 ε
3134 4155 3252 4210 gere
3264 4142 3634 4213 ptznitentiam,

2039 4218 2144 4265 etc.

2119 4279 2137 4319 τ
2169 4280 2552 4345 Guarnerian.,
2583 4279 2786 4350 Legem.
2823 4279 2949 4335 Hec
2970 4293 3132 4350 porro
3148 4279 3309 4336 hodie
3322 4295 3425 4335 non
3440 4291 3635 4338 exstat.

2117 4360 2142 4398 8
2177 4352 2498 4407 Bononiens.
2530 4360 2586 4404 ut
2615 4349 2856 4406 vncuiarn
2888 4357 3044 4405 tacet.
3080 4349 3247 4405 Paulo
3278 4360 3397 4420 post
3419 4351 3636 4407 Caecin-

2043 4421 2159 4478 rius
2189 4438 2254 4478 ex
2283 4423 2493 4494 duobus
2516 4422 2686 4494 Vatic.
2735 4422 2948 4494 tradidit
2987 4435 3083 4490 pro
3122 4421 3346 4494 tradere,
3392 4431 3448 4478 et
3491 4439 3640 4494 agere

349 4492 446 4559 set,
465 4492 605 4552 't'elut
634 4492 1036 4566 exprobrationis
1068 4498 1180 4550 loco
1216 4497 1498 4561 recensitis,
1522 4492 1779 4546 hominem
1827 4507 1940 4546 car-
1971 4505 2020 4566 ι)
2046 4495 2196 4566 (φρει
2223 4507 2318 4566 pro
2344 4493 2571 4560 simplici
2596 4507 2768 4562 agere,
2800 4493 2974 4566 minus
3002 4501 3152 4547 certe
3174 4493 3334 4559 bene,
3359 4492 3639 4550 etcon’tra-

348 4570 492 4638 sti/Sci
513 4569 746 4622 tradidit.

425 4650 449 4680 ε
481 4640 826 4704 Bononiens.,
857 4638 1308 4700 obtruncare;tum
1339 4633 1713 4698 Guarnerian.,
1743 4644 1797 4688 ut
1825 4651 1942 4702 pas-

352 4713 448 4766 sim
475 4713 708 4781 quisque,
732 4722 787 4764 et
807 4711 1084 4764 vindictam
1125 4709 1277 4762 etiam
1305 4710 1812 4781 dare._§ozome_tttts
1847 4707 1940 4760 lib.

355 4781 467 4837 VII.
488 4776 617 4850 'cap'.
644 4780 735 4834 9.5.
766 4784 936 4834 virum
988 4781 1135 4834 illum
1166 4795 1230 4833 ex
1263 4777 1599 4850 militaribus,
1630 4776 1720 4845 qui
1773 4777 1941 4850 inter-

355 4854 525 4908 fectus
555 4848 656 4915 est,
691 4853 1031 4907 Butherieum
1067 4859 1245 4914 vocat,
1271 4859 1327 4903 et
1375 4849 1491 4917 Mag
1513 4861 1682 4900 strum
1714 4848 1940 4900 militum

358 4941 452 4994 per
487 4923 753 4994 Illyricum
781 4923 934 4985 dicit,
967 4937 1072 4989 quo
1118 4923 1235 4994 loco
1259 4929 1318 4994 et
1356 4918 1635 4994 seditionis
1660 4917 1946 4994 Thessalo-

357 4988 652 5049 iiicensium
677 5008 893 5047 caussas
917 4993 1100 5047 refert.
1123 4991 1366 5044 Vicissim
1386 4991 1427 5043 Τ
1435 4989 1860 5042 hemloretuslib.
1883 4988 1943 5044 V.

362 5081 482 5133 cap.
517 5067 602 5120 i8.
632 5064 860 5133 periisse
883 5066 933 5116 in
963 5063 1004 5117 Τ
1012 5061 1430 5118 hessaloniccnsi
1449 5059 1596 5114 crede
1617 5067 1820 5129 septem
1849 5060 1950 5114 ho-

359 5136 562 5189 minum
595 5135 780 5198 millia,
805 5135 982 5188 trudit.

436 5205 461 5243 ιι
494 5207 558 5260 Et
585 5221 707 5259 cum
738 5206 924 5274 primis
951 5205 1010 5261 S.
1039 5202 1345 5274 Ambrosio,
1373 5217 1401 5255 a
1423 5217 1528 5274 quo
1547 5200 1840 5270 increpitus
1861 5209 1948 5256 est

365 5277 530 5345 Epist.
563 5276 996 5346 quinquagesima
1029 5278 1218 5343 prima.
1245 5273 1378 5326 Tum
1432 5273 1836 5346 ltnpcrator._ut
1863 5286 1947 5346 re-

366 5342 463 5401 fert
493 5342 863 5403 Theodoretus
910 5342 1042 5398 loco
1079 5347 1267 5407 ci'ato,
1297 5358 1416 5396 cum
1447 5345 1516 5396 ab
1569 5342 1946 5397 Ecclesiastica

368 5421 552 5488 synaxi
577 5426 718 5471 totos
748 5425 870 5488 octo
901 5430 1112 5469 menses
1159 5416 1526 5488 abstinuisset,
1556 5414 1724 5488 voluit
1747 5413 1950 5488 Natalis

370 5485 631 5542 liominici
659 5488 792 5540 festo
812 5485 1072 5539 interesse
1103 5502 1116 5538 :
1146 5485 1240 5540 sed
1272 5485 1339 5539 ab
1368 5485 1555 5539 codem
1575 5485 1634 5539 S.
1668 5485 1952 5540 Ambrosio

365 5561 685 5628 prohibitus,
718 5557 1138 5628 caputpuhlicte
1175 5556 1504 5622 pmnitentite
1548 5571 1614 5628 ex
1661 5554 1955 5628 ejus_pra:-

362 5625 568 5698 scripto
582 5628 851 5683 submisit.
873 5625 1031 5680 Adito
1063 5627 1232 5696 ipsum
1262 5628 1511 5682 Ambros.
1526 5627 1593 5682 de
1613 5628 1759 5681 obitu
1774 5625 1953 5680 Theo-

365 5701 528 5756 άιιπίι.

443 5780 469 5808 ο
511 5769 712 5826 Vitiose
741 5764 1070 5834 Caeciarius,
1104 5765 1206 5832 ibi;
1261 5775 1370 5823 tum
1409 5766 1787 5838 Guarnerian.,
1821 5767 1957 5837 {astu

2045 4564 2346 4619 dicentibus
2377 4573 2485 4634 tum
2516 4578 2735 4619 suorum
2773 4563 2978 4631 majore
3005 4577 3252 4634 numero,
3283 4579 3403 4620 cum
3436 4567 3637 4622 nostis

2047 4649 2178 4689 mss.
2210 4642 2370 4703 atque
2397 4633 2554 4689 editis
2580 4635 2729 4689 libris
2757 4634 3025 4688 omnibus.

2118 4703 2148 4783 if
2178 4706 2345 4783 Idem,
2377 4706 2467 4783 sed
2489 4716 2534 4759 et
2548 4705 2887 4783 frequentius;
2907 4715 3022 4783 turn
3040 4704 3253 4783 neglegi
3261 4723 3372 4783 pro_
3394 4711 3606 4783 negligi.

2125 4771 2142 4814 ί
2179 4771 2759 4846 Guarnerian.'aliique
2784 4776 3023 4831 nonnulli
3053 4771 3482 4844 apud'Cacciar."
3499 4771 3632 4839 nias.

2049 4848 2317 4916 repletum.
2344 4847 2541 4902 Recole
2560 4847 2628 4922 de
2653 4848 2769 4922 ipso
2793 4847 2853 4902 S.
2874 4849 3087 4922 _.loan_ue
3115 4861 3233 4922 qua:
3276 4850 3416 4906 dicta
3476 4869 3640 4922 supe-

2051 4921 2164 4972 rius
2195 4927 2321 4972 sunt
2348 4932 2465 4987 cap.
2494 4919 2666 4987 primo
2691 4917 2938 4973 Historia:
2980 4918 3384 4976 Monachorum.
3411 4917 3632 4979 Eum-8.

2052 5003 2265 5061 quoque
2297 4988 2672 5061 Hieronymus,
2706 5000 2899 5044 caetera
2949 4990 3207 5044 infensior
3233 4992 3530 5048 Ruliniautn
3563 4995 3638 5050 illi

2053 5060 2322 5122 Historiae,
2358 5059 2525 5128 Epist.
2555 5059 2676 5114 155.
2695 5061 2761 5114 ad
2791 5061 3215 5128 Ctesiphontem,
3239 5074 3286 5117 et
3305 5065 3638 5129 catholicum,

2019 5149 2027 5151 ’
2051 5131 2244 5201 inquit,
2275 5141 2322 5185 et
2338 5142 2570 5186 sanctum
2598 5131 2776 5200 fuisse,
2801 5149 2903 5186 non
2931 5131 3141 5185 dubium
3168 5143 3261 5186 est.
3300 5137 3430 5190 Vide
3456 5145 3511 5190 et
3539 5147 3640 5190 nos

2050 5202 2144 5258 ihi.

2090 5275 2138 5356 ,ἱ
2178 5273 2341 5355 lilem,
2375 5275 2753 5356 interemerat;
2779 5281 2888 5328 tum
2931 5271 3145 5327 nimium
3191 5275 3439 5345 agitatur;
3463 5274 3643 5330 Bono-

2053 5361 2251 5410 tnens.,
2284 5362 2458 5399 ntmto.
3193 5405 3195 5407 ,

2125 5413 2152 5451 ι
2180 5415 2292 5470 Hoc
2338 5416 2608 5470 tlonabnnt
2647 5420 2861 5472 nomine
2891 5415 3279 5471 lncarnationis
3321 5415 3638 5482 mysterium

2055 5485 2296 5541 Veteres.
2329 5486 2658 5552 Theophilus
2679 5488 2842 5556 Epist.
2869 5486 3104 5557 Paschali
3131 5483 3200 5557 ll.
3219 5486 3358 5537 inter
3381 5486 3643 5557 Hierony-

2056 5557 2261 5611 mianas
2281 5557 2369 5612 98.
2397 5557 2599 5611 Cessent
2626 5554 2934 5625 Apollinaris
2959 5554 3360 5625 discipuli,etc.,
3377 5563 3431 5607 et
3445 5554 3642 5618 sciant,

2057 5627 2194 5696 quod
2215 5628 2266 5680 in
2287 5623 2677 5696 Dispensatione
2697 5625 2936 5690 hominis,
2967 5638 3117 5690 quam
3157 5638 3248 5692 pro
3272 5623 3437 5676 salute
3467 5635 3646 5679 nostra

2064 5694 2568 5767 UnigenitusFilius
2601 5694 2695 5767 Dei
2724 5697 2963 5767 dignatus
3000 5697 3417 5767 est__adsuntere,
3449 5711 3546 5746 non
3569 5701 3646 5767 sit

2066 5763 2260 5824 alienus
2287 5784 2316 5823 a
2337 5766 2514 5836 culpa,
2539 5765 2625 5835 qui
2657 5780 2809 5835 super
2840 5765 3010 5817 animo
3052 5763 3190 5819 illius
3220 5779 3451 5832 perteue
3479 5775 3523 5820 et
3560 5766 3646 5820 in-
