4166 6348
528 302 625 358 597

1570 294 1796 355 DUFINI
1836 290 2313 357 AOUILEIENSIS
2354 292 2790 351 PRESBYTER!

3713 292 3815 354 523

528 424 629 478 niis
663 430 941 493 urgeretur
982 419 1221 491 (quibus
1251 418 1365 489 ipse
1415 417 1674 473 Dominus
1704 424 1762 472 et
1816 413 2061 470 Salvator
2093 420 2119 448 ι
2147 412 2194 473 Α
2226 411 2400 467 destia
2441 412 2559 483 ejus
2588 420 2879 477 contemta,
2911 409 3045 465 alitis
3082 425 3112 464 a
3155 409 3351 467 Mcletii
3394 411 3632 481 partibus
3670 414 3814 469 ordi-

530 517 727 574 babcre
751 530 811 570 se
840 514 1075 568 animam
1103 512 1402 581 proﬁtetur,
1434 518 1490 566 et
1517 524 1715 579 ponere
1755 522 1874 561 eam
1906 502 2119 576 quando

528 608 664 670 vult,
692 616 747 661 et
776 606 967 660 iterum
1016 616 1291 657 assumere
1316 616 1434 655 eam
1463 618 1478 655 :
1535 612 1803 669 quamque
1854 597 2119 651 turbatam

530 711 584 754 et
615 701 821 753 tristem
856 697 982 752 dicit
1008 711 1128 751 esse
1156 710 1321 764 usque
1350 692 1414 747 ad
1442 691 1692 762 mortem)
1715 689 1871 745 vertit
1898 704 1955 742 se
1979 695 2121 758 post,

532 803 585 847 et
617 808 682 846 ne
705 808 767 845 ex
803 800 915 844 toto
939 788 1096 853 verti,
1127 787 1209 841 vel
1239 787 1378 841 vinci
1401 786 1693 850 videretur,
1719 782 1812 847 ait,
1848 795 1969 835 eum
2001 779 2121 849 qui-

533 883 655 937 dem
687 880 937 936 habuisse
959 879 1213 939 animam,
1247 876 1341 931 sed
1369 890 1473 931 non
1504 891 1568 931 ex
1592 889 1655 930 ca
1688 882 1838 944 parte
1883 887 2003 943 qua:
2036 887 2125 927 ra-

528 975 802 1032 tionabilis
826 981 926 1040 est,
960 970 1055 1025 sed
1099 985 1162 1025 es
1194 984 1255 1024 ea
1285 968 1459 1023 solum
1490 981 1594 1038 qua
1625 965 1862 1020 vivilicat
1906 976 2123 1031 corpus.

531 1072 614 1127 Ad
663 1069 1096 1139 supplementum
1144 1078 1277 1120 vero
1318 1061 1654 1118 rationabilis
1705 1060 1911 1131 partis,
1944 1058 2122 1127 ipsum

530 1164 765 1219 Verbum
808 1159 901 1215 Dei
937 1159 1100 1214 fuisse
1145 1156 1482 1228 perhibebat.
1516 1155 1646 1223 Quae
1697 1150 1925 1208 assertio
1955 1152 2126 1220 primo

531 1258 584 1313 in
613 1257 743 1311 urbe
772 1253 942 1309 Roma
992 1251 1098 1325 [AL
1126 1247 1389 1322 ltomana]
1446 1263 1474 1301 a
1528 1248 1758 1302 Damaso
1785 1243 1813 1283 ι’
1844 1254 1899 1300 et
1965 1245 2126 1299 Petro

532 1348 895 1407 Alexandrino
926 1346 1191 1416 Episcopo
1224 1342 1453 1398 conolio
1495 1349 1823 1412 congregato
1855 1337 1943 1391 tali
2004 1351 2128 1392 sen-

534 1449 699 1497 tenta
731 1438 950 1508 depulsa
1004 1445 1107 1503 est,
1139 1442 1197 1490 ut
1243 1432 1614 1497 deetrnerent,
1666 1430 1721 1487 Si
1753 1430 1872 1500 quis
1930 1426 2127 1481 Filium

534 1532 651 1597 Dei,
682 1530 769 1600 qui
802 1530 940 1584 sicut
967 1541 1094 1582 vere
1127 1525 1289 1592 Deus,
1325 1534 1347 1563 ο
1378 1525 1449 1578 ita
1478 1531 1531 1578 et
1554 1536 1680 1578 rere
1709 1520 1872 1575 homo
1903 1518 2022 1584 fuit,
2047 1517 2132 1573 vel

536 1619 886 1677 humanitatis
926 1615 1151 1687 aliquid,
1179 1615 1259 1670 vel
1289 1613 1504 1669 deitatis
1560 1612 1738 1666 minus
1790 1609 1994 1665 diceret
2039 1610 2132 1663 ha-

533 1716 739 1781 buissc,
771 1712 983 1767 alienus
1005 1711 1073 1765 ab
1102 1708 1341 1763 Ecclesia
1363 1706 1714 1778 judicaretur.
1751 1704 1881 1771 Qua:
1913 1710 2131 1758 senten-

2229 515 2405 561 natnr.
2449 507 2555 561 Sed
2600 518 2654 563 et
2700 508 2753 561 in
2801 506 2987 559 multis
3013 504 3135 559 aliis
3187 506 3406 560 urbibus
3434 506 3686 571 Orientis,
3721 506 3817 562 Itu-

2224 597 2460 667 jusmodi
2507 597 2851 652 cunl’usioncs
2902 598 3181 652 contentio
3222 598 3409 667 genuit
3455 599 3817 657 sacerdotum.

2226 692 2381 759 Apud
2410 691 2935 761 Constantinopolim
2972 704 3103 746 vero
3152 690 3431 746 Necmrius
3470 705 3535 745 es
3584 692 3819 748 Practnre

2228 780 2447 836 Urbano
2490 782 2914 837 cateclnnnenus
2944 790 2997 836 et
3048 797 3221 851 nuper
3267 781 3531 851 baptisma
3564 795 3818 839 conseru-

2230 878 2335 938 tus,
2370 873 2731 928 sacerdotium
2758 873 3020 942 suscepit.

2815 1005 3044 1063 CAPUT
3084 1005 3248 1060 XXII.

2451 1140 2524 1197 De
2548 1143 2798 1198 seditione
2820 1141 3150 1214 Paganorum
3172 1152 3352 1198 contra
3380 1141 3608 1199 Fideles.

2305 1252 2512 1308 Interea
2545 1254 2685 1322 apud
2730 1254 3113 1309 Alexandiam
3161 1253 3285 1309 novi
3320 1264 3497 1310 motus
3540 1263 3819 1311 etcontra

2238 1353 2544 1414 temporum
2595 1346 2751 1399 tidem
2783 1346 3067 1399 adrersum
3103 1345 3396 1401 Ecclesiam
3427 1346 3763 1403 concitantur
3802 1364 3819 1401 :

2232 1449 2297 1490 ex
2341 1437 2628 1490 oet-asione
2659 1435 3030 1504 hujuscemodi
3060 1437 3258 1492 oborti.
3309 1438 3535 1493 Basilica
3575 1440 3818 1507 quadam

2234 1527 2435 1598 publici
2476 1527 2679 1597 operis,
2715 1539 2921 1583 vetusta
2971 1536 3025 1583 et
3077 1528 3363 1584 admodum
3410 1530 3655 1600 neglecta
3704 1530 3822 1596 fuit,

2235 1632 2395 1687 quam
2450 1615 2467 1654 ί
2523 1618 2868 1673 Constantius
2924 1620 3217 1687 Imperator
3265 1620 3497 1676 donasse
3548 1620 3825 1689 Episcopis

2237 1708 2517 1779 perfidiam
2555 1725 2707 1765 suam
2738 1710 3152 1780 prtedicantihus
3184 1710 3472 1766 ferebatur.
3512 1714 3642 1780 Qua:
3671 1714 3824 1783 longa

536 1812 608 1864 tia
651 1819 707 1864 et
736 1806 874 1877 apud
924 1801 1305 1861 Alexandriam
1361 1799 1677 1855 conﬁrmata
1732 1806 1835 1864 est,
1888 1803 1945 1851 et
1989 1794 2127 1865 apud

2244 1804 2441 1859 incuria
2492 1804 2622 1858 nihil
2667 1806 2901 1860 validum
2950 1816 3145 1875 prreter
3178 1806 3409 1874 parietes
3455 1806 3710 1862 habebat.
3740 1807 3826 1862 Vi-

536 1898 1053 1969 Constatztinnpolim
1082 1897 1299 1952 decreto
1330 1892 1565 1949 concilii.
1597 1890 1675 1945 Ex
1718 1890 1810 1945 illo
1852 1888 2128 1959 Apollina-

526 1995 682 2051 ristac
707 1995 774 2049 ab
806 1990 1043 2048 Ecclesia
1080 1987 1433 2051 declinantes,
1465 1995 1517 2041 et
1546 1984 1843 2055 Episcopos
1869 1984 1969 2037 sibi
2019 1997 2129 2037 sua:

538 2087 724 2158 pa:tis,
749 2095 804 2142 et
854 2085 1101 2156 dogmata
1123 2080 1335 2153 propria
1358 2078 1733 2149 Ecclesiasque
1762 2075 2076 2133 detendunt.

1128 2212 1359 2270 CAPUT
1394 2210 1539 2267 XXI.

664 2332 741 2386 De
772 2330 1150 2402 Episcoporum
1177 2324 1577 2382 successionibus
1597 2340 1687 2395 per
1714 2322 1995 2378 Orientem.

526 2460 535 2471 ’
610 2447 769 2516 291
811 2444 977 2513 Igitur
1024 2442 1077 2496 in
1121 2439 1254 2495 urbe
1294 2437 1462 2492 Roma
1495 2445 1616 2507 post
1659 2436 1945 2491 Damasum
1998 2430 2133 2488 Siri-

540 2537 654 2591 cius
677 2534 701 2571 ιι
737 2533 991 2589 Ecclesia:
1020 2530 1260 2599 suscepit
1291 2527 1675 2583 sacerdotium.
1706 2524 1858 2595 Apud
1897 2523 2135 2578 Alexan-

542 2628 716 2682 driam
750 2640 876 2679 vero
906 2625 1156 2677 defuncto
1189 2622 1368 2689 Petro,
1400 2618 1738 2683 Timotheus,
1769 2626 1965 2687 etpost
1994 2616 2137 2669 hunc

547 2716 925 2786 Theophilus:
983 2715 1036 2768 in
1093 2712 1448 2785 .Ierosolymis
1498 2720 1677 2767 autem
1722 2720 1841 2781 post
1882 2709 2137 2782 Cyrillum

546 2809 800 2871 Ioannes,
855 2805 1191 2875 Apostolicas
1242 2812 1500 2872 reparant
1524 2802 1706 2873 sedes.
1752 2802 1905 2871 Apud
1950 2800 2139 2855 Antio-

544 2901 724 2956 ebiam
758 2915 884 2954 vero
920 2884 1172 2955 defuncto
1210 2898 1431 2953 Meletio
1456 2896 1799 2952 substituitur
1831 2895 2134 2950 Flavianus.

546 2992 649 3057 Sed
683 2992 823 3063 quod
855 2990 1111 3045 Paulinus
1142 2988 1318 3044 adhuc
1348 2998 1649 3059 supererat,
1686 2987 1779 3058 qui
1819 2987 1871 3041 itt
1904 2987 2136 3041 catholi-

538 3068 731 3141 ‘corum
800 3098 1014 3152 semper
1062 3082 1322 3137 societate
1382 3088 1789 3149 permanserat,
1847 3080 2013 3133 multa
2066 3077 2138 3132 ibi

2234 1910 2351 1951 sum
2381 1904 2465 1950 est
2508 1895 2774 1965 Episcopo
2817 1897 2906 1966 qui
2938 1911 3034 1965 per
3066 1895 3204 1950 idettt
3251 1905 3462 1965 tempus
3498 1896 3828 1965 gubernabat

2237 1988 2557 2051 Ecclesiam,
2592 1989 2731 2043 hanc
2759 1989 2826 2041 ab
2870 1987 3196 2057 Imperatore
3234 1988 3551 2055 deposcere,
3583 1991 3745 2061 292
3774 2000 3828 2044 ιιι

2234 2081 2603 2138 crescentibus
2654 2082 2890 2135 ﬁdelium
2952 2082 3205 2151 populis,
3261 2083 3562 2136 orationum
3619 2097 3830 2151 quoque

2224 2166 2547 2229 ‘trescerent
2576 2182 2600 2220 Β
2632 2173 2845 2227 domus.
2888 2172 3168 2243 Quamque
3195 2187 3315 2227 cum
3359 2182 3635 2243 acceptam
3672 2174 3829 2228 vt-llet

2235 2267 2509 2332 excolere,
2534 2276 2748 2335 reperta
2777 2277 2901 2320 sunt
2933 2266 2988 2321 in
3010 2266 3130 2321 loco
3157 2276 3307 2320 antra
3339 2268 3583 2336 quaedam
3611 2267 3829 2321 latentia

2237 2367 2293 2415 et
2319 2368 2478 2414 terra:
2502 2357 2742 2422 delossa,
2769 2359 3065 2414 latrociniis
3089 2368 3143 2413 et
3166 2358 3462 2413 sceleribus
3485 2360 3656 2428 magis
3673 2375 3830 2428 quam

2243 2448 2582 2506 creremoniis
2628 2458 2777 2519 apta.
2828 2449 2991 2519 Igitur
3031 2448 3299 2516 Gentiles,
3328 2448 3353 2485 δ
3385 2449 3472 2519 qui
3521 2452 3681 2519 retegi
3722 2450 3830 2505 cri-

2238 2542 2442 2597 minum
2480 2556 2698 2596 suorum
2727 2541 2961 2596 latebras
2986 2552 3041 2596 ct
3060 2542 3378 2612 ﬂagitiOt-um
3405 2558 3661 2596 cavernas
3687 2542 3831 2596 vide-

2242 2642 2367 2687 runt
2395 2631 2503 2704 [ΑΙ.
2539 2630 2833 2702 viderent],
2876 2647 2981 2685 non
3030 2632 3261 2686 ferentes
3303 2640 3486 2700 operta
3519 2641 3595 2685 tot
3634 2633 3833 2688 seculis

2241 2725 2379 2778 mala
2429 2733 2485 2778 et
2516 2724 2754 2778 tenebris
2783 2725 3000 2779 obtecta
3050 2724 3305 2787 reserari,
3345 2723 3494 2777 velut
3538 2722 3831 2778 draconum

2239 2815 2404 2871 calice
2432 2825 2637 2884 potato,
2669 2816 2906 2871 insanire
2934 2831 3123 2870 omnes
3156 2830 3218 2869 ac
3246 2816 3421 2885 palam
3454 2816 3629 2871 furere
3656 2832 3833 2886 crepe-

2243 2918 2388 2965 runt.
2428 2909 2538 2964 Nec
2578 2910 2807 2963 vocibus
2831 2908 2941 2978 jam
2972 2918 3025 2963 et
3057 2907 3431 2973 seditionibus,
3466 2918 3522 2962 ut
3570 2908 3832 2973 so'ebant,

2238 3001 2333 3057 sed
2360 3016 2519 3055 manu
2548 3001 2799 3070 ferroque
2825 3001 3106 3055 decertare
3139 3002 3401 3055 nituntur.
3432 3001 3665 3055 Crebros
3701 3016 3831 3055 con-

2240 3091 2419 3147 ﬂictus
2445 3107 2605 3162 agere
2638 3092 2689 3145 in
2734 3093 2947 3161 plateis,
2983 3092 3228 3162 belloque
3256 3101 3445 3162 aperto
3472 3104 3696 3162 uterque
3741 3108 3834 3161 po-

545 3175 721 3249 jurgia
752 3186 809 3232 et
838 3176 1019 3231 multa:
1060 3173 1451 3230 controversia:
1494 3188 1639 3243 smpe
1683 3180 1993 3239 commotm,
2041 3186 2140 3226 nec

2247 3183 2402 3252 pulus
2430 3182 2571 3237 inter
2611 3196 2671 3237 se
2717 3183 2886 3238 coire.
2938 3184 3009 3237 At
3038 3184 3204 3237 nostri
3250 3199 3478 3238 numero
3516 3194 3570 3239 et
3598 3184 3831 3251 potentia

546 3284 725 3331 tamen
755 3288 962 3328 summa
1010 3272 1061 3326 vi
1106 3270 1398 3327 nitentibus
1429 3268 1567 3336 aliis,
1599 3269 1721 3325 aliis
1770 3266 2138 3324 obniteutibus

547 3368 654 3442 [ΔΙ.
708 3364 1119 3436 obtinentibus],
1151 3364 1386 3435 ipsisque
1428 3363 1483 3419 in
1534 3365 1634 3419 hoc
1663 3362 1949 3419 elementis
1981 3374 2139 3417 terra:
2169 3424 2178 3435 ⁸

548 3463 820 3532 marisque
850 3458 1105 3530 fatigatis,
1138 3458 1309 3529 potuit
1342 3454 1629 3526 aliquando
1660 3453 1807 3525 pacis
1836 3462 1859 3491 θ
1887 3454 2024 3508 ullus
2046 3451 2141 3506 ob-

550 3554 709 3609 tineri
754 3552 967 3618 modus,
998 3564 1121 3606 cum
1159 3548 1342 3618 utique
1372 3546 1499 3603 ﬁdei
1540 3546 1649 3616 jam
1684 3545 1828 3599 nulla
1870 3544 2143 3597 videretur

552 3647 774 3701 subesse
802 3643 1093 3699 discordia.
1133 3641 1246 3697 Hoc
1276 3640 1418 3698 idem
1449 3639 1587 3709 apud
1619 3639 1817 3711 Tyrum
1861 3636 1960 3690 fuit
1994 3654 2005 3689 :
2041 3632 2142 3690 Ubi

533 3718 673 3795 ’ὸυιη
702 3736 989 3802 Diodorus,
1039 3750 1176 3790 unus
1204 3748 1335 3789 sane
1364 3747 1430 3787 ex
1475 3731 1710 3802 antiquis
1738 3727 2013 3783 catholicis
2040 3725 2140 3790 vir,

540 3844 607 3891 et
646 3832 999 3888 tentationum
1030 3828 1366 3884 documentis
1406 3826 1684 3897 probatus,
1719 3820 1999 3878 Athanasii
2039 3830 2145 3873 Ies-

555 3926 784 3985 timonio
811 3933 955 3984 esset
978 3938 1008 3979 a
1044 3920 1449 3979 confessoribus
1478 3918 1778 3990 EpiscOpus
1805 3914 1999 3981 factus,
2030 3926 2147 3968 mo-

558 4102 748 4158 tettexit
770 4109 818 4156 et
847 4100 1069 4171 scripsit.
1094 4098 1350 4169 Adeoque
1376 4105 1444 4171 _e_t
1487 4096 1673 4171 Graeco
1714 4094 2147 4171 vocabulo__oixo-

556 4178 719 4241 ομὶαν.
755 4174 897 4228 Idem
925 4167 1139 4227 ttieron.
1173 4167 1338 4241 Epist.
1372 4167 1571 4241 84.7Ap
1606 4167 1804 4241 lunaris
1822 4167 2148 4241 dimidiatam

601 4245 744 4299 luisti
772 4244 1055 4299 introduxit
1077 4237 1435 4297 resonantium.
1460 4240 1615 4296 Plura
1641 4254 1737 4294 nos
1766 4237 1856 4293 ibi.
1880 4237 2146 4293 Cancrum

560 4316 915 4372 Guarnerian.
936 4330 1038 4369 ms.
1068 4324 1360 4375 susceptam
1384 4325 1481 4380 pro
1497 4320 1786 4381 susceptum
1811 4309 1956 4379 legit.

635 4395 661 4423 ι
689 4386 852 4441 Addit
876 4400 941 4440 ex
974 4385 1179 4440 duobus
1208 4374 1399 4437 Vaticf
1433 4374 1735 4436 Caeciarius
1784 4374 1975 4451 noster,
2011 4374 2148 4444 quod

563 4472 862 4528 pronomen
891 4465 999 4528 tum
1032 4455 1221 4528 reliqui
1250 4468 1381 4507 mss.
1404 4451 1600 4528 quibus
1624 4467 1748 4528 usus
1773 4452 2009 4528 ipse_est_,
2029 4461 2150 4528 cum

567 4520 758 4592 nostri,
780 4538 833 4581 et
859 4526 1049 4595 vulgati
1084 4520 1201 4579 libri
1229 4520 1570 4595 omnes'beic
1594 4526 1840 4576 reticent.
1874 4520 2150 4595 Pau|o_iu-_

2243 3275 2414 3331 multo
2452 3275 2649 3343 plures,
2685 3276 2778 3331 sed
2812 3276 3073 3331 modestia
3118 3276 3398 3346 religionis
3426 3278 3599 3332 minus
3629 3277 3834 3333 feroces

2243 3375 2419 3423 erant.
2452 3366 2529 3420 Ex
2560 3382 2667 3435 quo
2699 3366 3009 3437 frequenter
3062 3379 3370 3422 nostrorum
3422 3370 3668 3436 plurimis
3714 3372 3832 3424 vul-

2245 3460 2492 3523 neratis,
2547 3457 2834 3526 aliquantis
2875 3458 3035 3513 etiam
3088 3458 3420 3526 interfectis,
3464 3460 3529 3513 ad
3582 3462 3834 3530 templum

2244 3551 2397 3621 quasi
2426 3551 2491 3603 ad
2517 3564 2696 3604 arcent
2720 3550 2990 3620 quandam
3017 3550 3375 3622 refugiebant.
3406 3552 3524 3620 Quo
3554 3556 3836 3608 nonnullos

2246 3657 2313 3696 ex
2342 3641 2663 3695 Christianis
2710 3651 2897 3710 captos
2944 3657 3128 3697 secum
3171 3643 3496 3700 abducentes
3527 3643 3633 3715 [ΑΙ.
3668 3645 3837 3700 addu-

2246 3732 2479 3804 centes],
2501 3733 2743 3787 accensis
2773 3735 2882 3788 aris
2908 3735 3190 3790 immutare
3214 3736 3473 3805 cogebant
3504 3753 3517 3788 :
3548 3737 3839 3792 renitentes

2246 3826 2402 3883 novis
2446 3838 2500 3881 et
2532 3825 2815 3896 exquisitis
2862 3826 3138 3897 suppliciis
3178 3831 3514 3884 excruciatos
3558 3832 3838 3895 necabam,

2246 3923 2384 3979 alios
2416 3921 2669 3991 patibulis
2698 3919 3001 3993 afﬁgetttes,
3038 3921 3173 3977 alios
3212 3923 3503 3978 contractis
3541 3921 3558 3960 ί
3595 3924 3841 3978 cruribus

2248 4103 2391 4159 circa
2416 4100 2690 4172 hujusmet
2716 4101 2844 4156 anni
2868 4101 3077 4155 initium
3128 4100 3378 4172 Synodus
3403 4109 3518 4156 aeta
3549 4111 3653 4165 est,
3680 4116 3836 4170 quam

2250 4175 2474 4229 Rulinus
2508 4173 2664 4226 tradit
2699 4174 2924 4239 primum
2949 4173 3153 4228 dixisse
3189 4176 3473 4227 anathema
3516 4173 3831 4239 Apollinari,

2250 4246 2391 4314 quod
2417 4255 2469 4298 et
2499 4244 2831 4298 Suzumenus
2866 4244 2956 4297 lib.
2994 4242 3079 4297 Vl.
3109 4258 3228 4312 cap.
3270 4241 3362 4297 Ξῖ.
3390 4241 3692 4313 iisdemque
3731 4243 3841 4297 fere

2250 4326 2411 4382 atque
2434 4315 2478 4368 is
2510 4315 2685 4367 verbis
2726 4323 2970 4367 testatur.

2326 4396 2349 4423 α
2383 4382 2542 4438 Addit
2569 4393 2662 4446 est,
2695 4386 2911 4453 Verbum
2933 4382 3285 4437 Guarnerian.
3317 4384 3475 4447 paulo
3500 4395 3619 4453 post
3666 4383 3841 4439 Bono-

2254 4457 2428 4512 niens.
2452 4456 2653 4508 decreta
2677 4452 2925 4512 Concilio,
2960 4470 3054 4521 pro
3070 4454 3273 4508 decreto
3292 4454 3530 4509 Consilii.

2324 4524 2351 4562 ἀ
2393 4526 2504 4581 Sub
2534 4527 2692 4580 linem
2724 4526 2850 4578 anni
2882 4524 3006 4579 58L
3046 4527 3305 4579 successit
3332 4528 3560 4580 Damaso
3594 4525 3837 4581 Siricius.

562 4599 644 4654 fta
673 4589 1028 4651 Guarnerian.
1056 4596 1203 4648 vertit
1228 4611 1279 4648 se
1302 4604 1414 4663 post
1437 4594 1566 4659 lucc,
1590 4603 1637 4646 et
1673 4608 1737 4646 ne
1764 4607 1842 4664 ex,
1871 4600 1983 4664 toto
2016 4590 2148 4643 vinci
2179 4589 2232 4648 D
2259 4598 2333 4653 De
2391 4596 2612 4664 reliquis
2671 4598 2936 4660 majorum
2995 4596 3352 4650 Ecdesiarum
3408 4596 3687 4662 Episcopi;
3720 4612 3845 4649 εοη-

564 4670 842 4731 rideretur,
867 4678 973 4721 etc.
1010 4665 1181 4719 Verba
1207 4659 1433 4726 vertitse,
1463 4672 1570 4716 tum
1604 4663 1688 4716 illa
1721 4663 1844 4715 verti
1864 4659 1943 4731 vel
1972 4660 2023 4731 in
2049 4674 2146 4712 an-

568 4750 655 4795 tea
684 4730 910 4808 vulgatis
934 4737 1183 4799 deerant,
1223 4748 1345 4808 _q_u.n
1369 4731 1631 4808 plerique
1680 4746 1811 4785 mss.
1856 4730 2147 4784 sufﬁciunt.

568 4803 809 4875 Denique
839 4818 893 4862 et
915 4810 966 4861 in
993 4804 1340 4875 sequentibus
1367 4803 1614 4875 Brarrzeus
1645 4810 1784 4856 tacet
1810 4811 1973 4875 parte.

644 4878 672 4916 1³
704 4868 937 4932 Libellus
958 4868 1257 4947 Synodictts
1275 4874 1416 4943 apud
1450 4874 1719 4947 Labbetttn
1741 4944 1749 4947 _
1769 4868 1901 4947 tom.
1926 4871 2015 4947 III.
2052 4868 2154 4947 Ife-

572 4961 683 5004 trus
709 4943 1127 5018 (Alexandrinus
1150 4944 1443 5012 Episcopus
1464 4943 1786 5018 Alexandria
1819 4943 2024 5018 pulsus)
2053 4944 2155 4997 Ro-

564 5013 1032 5076 ‘mam'contendit:
1066 5031 1225 5084 eoque
1250 5024 1468 5082 recepto,
1502 5013 1649 5081 Papa
1678 5013 1933 5068 Damasus
1979 5015 2156 5069 Romae

577 5094 802 5145 divinam
838 5099 885 5143 et
916 5098 1143 5142 sanctam
1179 5085 1447 5156 Synodum
1480 5085 1800 5156 conuocauit,
1830 5099 1944 5156 qua:
1982 5101 2159 5138 amen-

580 5174 679 5215 tem
698 5164 842 5215 illaut
867 5154 1265 5228 Apollinarium,
1284 5156 1698 5228 Stepltanuntque
1739 5154 1757 5228 [
1777 5155 1936 5228 facile
1966 5159 2161 5210 rescri-

573 5232 813 5294 bendum
844 5225 1321 5298 Timotlteumquel
1368 5236 1414 5282 et
1462 5225 1715 5280 latronem
1741 5225 1977 5280 FLucium
2021 5228 2040 5295 (
2075 5228 2161 5283 hic

587 5301 957 5365 Alexandriam
991 5300 1172 5355 sedem
1206 5297 1503 5365 invaserat)
1537 5300 1858 5351 anathemate
1879 5297 2159 5352 damnavit.

582 5374 817 5436 Proinde
856 5373 984 5427 nihil
1008 5382 1093 5427 est
1116 5369 1357 5434 dubium,
1388 5369 1517 5437 quin
1567 5369 1631 5422 ad
1662 5369 1824 5439 hanc
1861 5368 2158 5439 Synndutn,

582 5448 666 5502 cui
698 5446 886 5507 Petrus
911 5441 1305 5499 Alexandrinus
1361 5440 1618 5505 interfuit,
1654 5438 1873 5493 Decreta
1906 5438 2164 5495 subnexa

586 5520 893 5582 pertineant
923 5534 934 5567 :
970 5527 1193 5580 eamque
1218 5523 1373 5565 antea
1418 5512 1962 5582 luisse_celebratam,
2006 5526 2167 5579 quant

585 5579 776 5643 Petrus
805 5579 1181 5641 Alexandriam
1238 5592 1521 5636 remearet.
1572 5579 1652 5635 Eo
1689 5593 1870 5636 autem
1920 5595 2171 5635 reversus

587 5669 670 5712 est
700 5660 910 5720 I‘etrus,
943 5666 1078 5710 teste
1117 5658 1337 5709 Socrate
1371 5652 1474 5706 -lib.
1528 5652 1616 5707 IV.
1648 5668 1699 5707 c.
1745 5651 1834 5706 57.
1883 5662 2174 5719 antequam

588 5728 786 5782 Valens
807 5730 984 5783 exiret
1016 5726 1177 5793 Regia
1218 5722 1348 5778 urbe
1397 5723 1463 5778 ad
1506 5723 1702 5778 bellum
1753 5720 2028 5793 adversus
2067 5720 2176 5775 Go-

593 5797 735 5865 thos,
763 5800 944 5871 inquo
973 5806 1026 5853 et
1055 5789 1212 5866 periit
1235 5794 1322 5852 dic
1344 5793 1396 5849 9.
1429 5795 1657 5866 Augusti
1683 5808 1824 5851 anno
1844 5792 1971 5847 578.
2011 5789 2175 5862 Igitur

2253 4670 2371 4723 sulc
2422 4668 2696 4722 Socratem
2745 4666 2838 4720 lih.
2874 4667 2935 4721 V.
2984 4681 3103 4735 cap.
3142 4664 3196 4720 5.
3250 4682 3282 4721 e
3329 4669 3720 4724 recentloribus
3750 4666 3847 4721 Pa-

2254 4740 2430 4810 gium,
2455 4747 2617 4806 atque
2645 4737 2801 4810 alios.

2330 4818 2353 4847 ⁸
2394 4809 2777 4873 Guarnerian.,
2822 4808 2964 4878 pacis
3007 4806 3181 4872 illius;
3223 4816 3278 4861 et
3309 4808 3465 4875 paulo
3495 4816 3637 4878 post,
3666 4808 3847 4877 juncto

2256 4881 2418 4934 etiam
2449 4878 2790 4944 Bononiensi,
2814 4894 2931 4931 cum
2954 4879 3220 4932 Athanasii
3243 4882 3558 4947 testimonio,
3580 4889 3625 4934 et
3654 4897 3685 4934 a
3710 4878 3845 4934 Con-

2259 4948 2563 5021 fessoribus,
2593 4958 2701 5005 etc.

2338 5018 2357 5058 ί
2402 5020 2567 5075 Idem.
2608 5035 2735 5079 ms.,
2765 5017 3134 5074 Constantinus
3167 5017 3477 5087 Imperator.

2336 5101 2361 5139 κ
2402 5092 2570 5145 Antea
2602 5091 2870 5160 impressi,
2902 5094 3033 5143 loca.
3062 5089 3369 5144 Cacciarius
3399 5092 3579 5144 domos
3614 5090 3665 5143 in
3697 5104 3851 5144 acet:-

2264 5164 2416 5217 sandi
2442 5176 2590 5227 casu,
2616 5170 2726 5231 tum
2748 5178 3057 5231 quamquam
3082 5177 3176 5230 pro
3202 5177 3475 5231 quamque.
3501 5161 3608 5215 Nos
3636 5162 3854 5215 codicrs

2267 5246 2483 5289 nosnos
2508 5230 2859 5301 praeferimus.

2340 5301 2370 5340 ιι
2409 5302 2759 5365 Bononiens,
2807 5318 2922 5356 cum
2950 5303 3128 5373 relegi.
3175 5303 3294 5357 Mox
3327 5303 3432 5356 duo
3477 5303 3670 5367 Vatic.,

2270 5376 2457 5429 tiorttm
2483 5388 2715 5432 suorum,
2743 5382 2849 5427 etc.
2885 5374 3090 5440 Specus
3136 5375 3237 5428 hoc
3274 5374 3480 5427 Mitltrm
3512 5374 3698 5438 fuisse,

2276 5447 2394 5515 pius
2420 5444 2490 5515 ad
2526 5458 2708 5515 verum
2743 5456 2921 5515 narrat
2946 5445 3198 5499 Socrates
3224 5445 3315 5497 lib.
3358 5445 3445 5499 Ill.
3474 5459 3593 5513 cap.
3628 5444 3685 5497 2.

2355 5513 2369 5550 ί
2419 5512 2712 5579 Rescripsit
2731 5513 3036 5568 Cacctarius
3053 5517 3306 5577 crucibus,
3333 5512 3554 5569 Lectore
3577 5530 3676 5568 nec
3701 5512 3808 5566 verl
3829 5527 3859 5562 ο

2277 5593 2435 5639 tenus
2484 5583 2779 5638 admonito.
2830 5585 2894 5637 Et
2947 5588 3197 5640 Socrates
3250 5588 3363 5653 ipse
3407 5586 3622 5651 quidem
3663 5586 3860 5638 alIix-s

2280 5654 2536 5723 quosdam
2560 5652 2703 5707 cruci
2730 5665 2929 5719 narrat,
2956 5654 3096 5722 quod
3120 5652 3359 5710 Gentiles
3387 5656 3485 5709 hac
3519 5671 3718 5723 genere
3738 5671 3817 5716 su.
3838 5682 3857 5695 ε

2282 5724 2427 5792 plicii
2450 5738 2547 5776 eos
2566 5723 2634 5777 de
2662 5723 2924 5779 industria
2949 5726 3225 5779 ofﬁcerent
3251 5727 3303 5781 in
3328 5741 3494 5781 sacra:
3517 5726 3706 5781 Crucis
3736 5740 3855 5778 cou-

2285 5795 2582 5852 tumeliam.
2613 5793 2743 5852 ﬂeic
2774 5805 2975 5863 tamen,
3008 5804 3365 5868 praeterquam
3396 5797 3536 5870 quod
3571 5798 3855 5867 incongrue

3704 5302 3861 5373 ﬂagi-

3741 5390 3865 5443 pri.-
