  <div class='ocr_page' id='page_1' title='image "/cluster/home/n/w/nwhite01/storage/ocr_20150623/21/hvd.32044015471360/270.png"; bbox 0 0 4166 6348; ppageno 0'>
   <div class='ocr_carea' id='block_1_1' title="bbox 308 432 413 495">
    <p class='ocr_par' dir='ltr' id='par_1_1' title="bbox 308 432 413 495">
     <span class='ocr_line' id='line_1_1' title="bbox 308 432 413 495; baseline -0.038 0"><span class='ocrx_word' id='word_1_1' title='bbox 308 432 413 495; x_wconf 75' lang='lat'><strong>5‘29</strong></span> 
     </span>
    </p>
   </div>
   <div class='ocr_carea' id='block_1_2' title="bbox 1172 384 2757 496">
    <p class='ocr_par' dir='ltr' id='par_1_2' title="bbox 1172 384 2757 496">
     <span class='ocr_line' id='line_1_2' title="bbox 1172 384 2757 496; baseline -0.004 -2"><span class='ocrx_word' id='word_1_2' title='bbox 1172 384 1491 496; x_wconf 52' lang='lat' dir='ltr'><strong>lilSTOiilA</strong></span> <span class='ocrx_word' id='word_1_3' title='bbox 1532 424 2089 493; x_wconf 60' lang='lat' dir='ltr'><strong>ECCLESIASTICA.</strong></span> <span class='ocrx_word' id='word_1_4' title='bbox 2133 432 2337 491; x_wconf 77' lang='lat' dir='ltr'><strong>LIBER</strong></span> <span class='ocrx_word' id='word_1_5' title='bbox 2378 432 2757 490; x_wconf 70' lang='lat' dir='ltr'><strong>SECUNDUS.</strong></span> 
     </span>
    </p>
   </div>
   <div class='ocr_carea' id='block_1_3' title="bbox 3479 418 3581 472">
    <p class='ocr_par' dir='ltr' id='par_1_3' title="bbox 3479 418 3581 472">
     <span class='ocr_line' id='line_1_3' title="bbox 3479 418 3581 472; baseline -0.01 0"><span class='ocrx_word' id='word_1_6' title='bbox 3479 418 3581 472; x_wconf 74' lang='lat'><strong>530</strong></span> 
     </span>
    </p>
   </div>
   <div class='ocr_carea' id='block_1_4' title="bbox 311 542 3585 625">
    <p class='ocr_par' dir='ltr' id='par_1_4' title="bbox 311 542 3585 625">
     <span class='ocr_line' id='line_1_4' title="bbox 311 542 3585 625; baseline -0.005 -18"><span class='ocrx_word' id='word_1_7' title='bbox 311 552 363 607; x_wconf 93' lang='lat' dir='ltr'><strong>in</strong></span> <span class='ocrx_word' id='word_1_8' title='bbox 407 551 702 619; x_wconf 85' lang='lat' dir='ltr'><strong>speluncas</strong></span> <span class='ocrx_word' id='word_1_9' title='bbox 760 553 1173 624; x_wconf 74' lang='lat' dir='ltr'><strong>prmcipitantes,</strong></span> <span class='ocrx_word' id='word_1_10' title='bbox 1225 570 1359 625; x_wconf 87' lang='lat' dir='ltr'><strong>quas</strong></span> <span class='ocrx_word' id='word_1_11' title='bbox 1400 557 1472 611; x_wconf 87' lang='lat' dir='ltr'><strong>ob</strong></span> <span class='ocrx_word' id='word_1_12' title='bbox 1514 553 1897 609; x_wconf 84' lang='lat' dir='ltr'><strong>sacrificiorum</strong></span> <span class='ocrx_word' id='word_1_13' title='bbox 1927 549 1973 607; x_wconf 77' lang='grc' dir='ltr'>Α</span> <span class='ocrx_word' id='word_1_14' title='bbox 2002 558 2240 619; x_wconf 84' lang='lat' dir='ltr'><strong>centum,</strong></span> <span class='ocrx_word' id='word_1_15' title='bbox 2274 562 2365 605; x_wconf 91' lang='lat' dir='ltr'><strong>aut</strong></span> <span class='ocrx_word' id='word_1_16' title='bbox 2404 566 2468 606; x_wconf 91' lang='lat' dir='ltr'><strong>eo</strong></span> <span class='ocrx_word' id='word_1_17' title='bbox 2496 548 2725 619; x_wconf 81' lang='lat' dir='ltr'><strong>amplius</strong></span> <span class='ocrx_word' id='word_1_18' title='bbox 2754 543 2975 617; x_wconf 88' lang='lat' dir='ltr'><strong>gradus,</strong></span> <span class='ocrx_word' id='word_1_19' title='bbox 3005 544 3056 599; x_wconf 92' lang='lat' dir='ltr'><strong>in</strong></span> <span class='ocrx_word' id='word_1_20' title='bbox 3087 542 3320 599; x_wconf 83' lang='lat' dir='ltr'><strong>sublime</strong></span> <span class='ocrx_word' id='word_1_21' title='bbox 3357 554 3585 604; x_wconf 75' lang='lat' dir='ltr'><strong>suspen-</strong></span> 
     </span>
    </p>
   </div>
   <div class='ocr_carea' id='block_1_5' title="bbox 309 644 1901 716">
    <p class='ocr_par' dir='ltr' id='par_1_5' title="bbox 309 644 1901 716">
     <span class='ocr_line' id='line_1_5' title="bbox 309 644 1901 716; baseline -0.001 -17"><span class='ocrx_word' id='word_1_22' title='bbox 309 644 650 711; x_wconf 77' lang='lat' dir='ltr'><strong>sanguinem,</strong></span> <span class='ocrx_word' id='word_1_23' title='bbox 673 654 1008 716; x_wconf 68' lang='lat' dir='ltr'><strong>cmterasque</strong></span> <span class='ocrx_word' id='word_1_24' title='bbox 1034 646 1377 715; x_wconf 69' lang='lat' dir='ltr'><strong>impunitates</strong></span> <span class='ocrx_word' id='word_1_25' title='bbox 1396 645 1605 701; x_wconf 85' lang='lat' dir='ltr'><strong>delubri</strong></span> <span class='ocrx_word' id='word_1_26' title='bbox 1637 644 1901 714; x_wconf 76' lang='lat' dir='ltr'><strong>recipien-</strong></span> 
     </span>
    </p>
   </div>
   <div class='ocr_carea' id='block_1_6' title="bbox 308 736 1899 806">
    <p class='ocr_par' dir='ltr' id='par_1_6' title="bbox 308 736 1899 806">
     <span class='ocr_line' id='line_1_6' title="bbox 308 736 1899 806; baseline 0 -16"><span class='ocrx_word' id='word_1_27' title='bbox 308 736 427 795; x_wconf 73' lang='lat' dir='ltr'><strong>das.</strong></span> <span class='ocrx_word' id='word_1_28' title='bbox 453 744 694 791; x_wconf 87' lang='lat' dir='ltr'><strong>vetustas</strong></span> <span class='ocrx_word' id='word_1_29' title='bbox 733 738 946 792; x_wconf 85' lang='lat' dir='ltr'><strong>curiosa</strong></span> <span class='ocrx_word' id='word_1_30' title='bbox 987 748 1380 794; x_wconf 72' lang='lat' dir='ltr'><strong>construxerat.</strong></span> <span class='ocrx_word' id='word_1_31' title='bbox 1415 738 1611 793; x_wconf 79' lang='lat' dir='ltr'><strong>Verum</strong></span> <span class='ocrx_word' id='word_1_32' title='bbox 1648 737 1763 791; x_wconf 68' lang='lat' dir='ltr'><strong>haec</strong></span> <span class='ocrx_word' id='word_1_33' title='bbox 1802 751 1899 806; x_wconf 85' lang='lat' dir='ltr'><strong>per</strong></span> 
     </span>
    </p>
   </div>
   <div class='ocr_carea' id='block_1_7' title="bbox 310 826 1897 898">
    <p class='ocr_par' dir='ltr' id='par_1_7' title="bbox 310 826 1897 898">
     <span class='ocr_line' id='line_1_7' title="bbox 310 826 1897 898; baseline 0.001 -18"><span class='ocrx_word' id='word_1_34' title='bbox 310 828 427 881; x_wconf 82' lang='lat' dir='ltr'><strong>dies</strong></span> <span class='ocrx_word' id='word_1_35' title='bbox 466 826 709 898; x_wconf 81' lang='lat' dir='ltr'><strong>singulos</strong></span> <span class='ocrx_word' id='word_1_36' title='bbox 749 829 923 898; x_wconf 83' lang='lat' dir='ltr'><strong>primo</strong></span> <span class='ocrx_word' id='word_1_37' title='bbox 951 844 1072 885; x_wconf 88' lang='lat' dir='ltr'><strong>cum</strong></span> <span class='ocrx_word' id='word_1_38' title='bbox 1103 840 1273 894; x_wconf 84' lang='lat' dir='ltr'><strong>metu,</strong></span> <span class='ocrx_word' id='word_1_39' title='bbox 1307 831 1501 886; x_wconf 85' lang='lat' dir='ltr'><strong>deinde</strong></span> <span class='ocrx_word' id='word_1_40' title='bbox 1538 846 1660 885; x_wconf 89' lang='lat' dir='ltr'><strong>cum</strong></span> <span class='ocrx_word' id='word_1_41' title='bbox 1707 830 1897 884; x_wconf 84' lang='lat' dir='ltr'><strong>fiducia</strong></span> 
     </span>
    </p>
   </div>
   <div class='ocr_carea' id='block_1_8' title="bbox 310 915 1901 989">
    <p class='ocr_par' dir='ltr' id='par_1_8' title="bbox 310 915 1901 989">
     <span class='ocr_line' id='line_1_8' title="bbox 310 915 1901 989; baseline 0.001 -18"><span class='ocrx_word' id='word_1_42' title='bbox 310 925 363 971; x_wconf 90' lang='lat' dir='ltr'><strong>et</strong></span> <span class='ocrx_word' id='word_1_43' title='bbox 405 915 782 983; x_wconf 61' lang='lat' dir='ltr'><strong>desperatione</strong></span> <span class='ocrx_word' id='word_1_44' title='bbox 822 934 1029 989; x_wconf 82' lang='lat' dir='ltr'><strong>gerere,</strong></span> <span class='ocrx_word' id='word_1_45' title='bbox 1061 930 1223 988; x_wconf 87' lang='lat' dir='ltr'><strong>atque</strong></span> <span class='ocrx_word' id='word_1_46' title='bbox 1266 921 1405 975; x_wconf 90' lang='lat' dir='ltr'><strong>intra</strong></span> <span class='ocrx_word' id='word_1_47' title='bbox 1437 920 1693 987; x_wconf 74' lang='lat' dir='ltr'><strong>templum</strong></span> <span class='ocrx_word' id='word_1_48' title='bbox 1733 919 1901 975; x_wconf 86' lang='lat' dir='ltr'><strong>clausi</strong></span> 
     </span>
    </p>
   </div>
   <div class='ocr_carea' id='block_1_9' title="bbox 312 1009 1898 1079">
    <p class='ocr_par' dir='ltr' id='par_1_9' title="bbox 312 1009 1898 1079">
     <span class='ocr_line' id='line_1_9' title="bbox 312 1009 1898 1079; baseline 0.002 -18"><span class='ocrx_word' id='word_1_49' title='bbox 312 1017 466 1076; x_wconf 85' lang='lat' dir='ltr'><strong>rapto</strong></span> <span class='ocrx_word' id='word_1_50' title='bbox 494 1016 550 1063; x_wconf 91' lang='lat' dir='ltr'><strong>et</strong></span> <span class='ocrx_word' id='word_1_51' title='bbox 579 1009 759 1077; x_wconf 65' lang='lat' dir='ltr'><strong>praeda</strong></span> <span class='ocrx_word' id='word_1_52' title='bbox 787 1009 989 1065; x_wconf 83' lang='lat' dir='ltr'><strong>vivere.</strong></span> <span class='ocrx_word' id='word_1_53' title='bbox 1030 1009 1110 1064; x_wconf 86' lang='lat' dir='ltr'><strong>Ad</strong></span> <span class='ocrx_word' id='word_1_54' title='bbox 1146 1019 1476 1079; x_wconf 81' lang='lat' dir='ltr'><strong>postremum</strong></span> <span class='ocrx_word' id='word_1_55' title='bbox 1506 1020 1815 1079; x_wconf 78' lang='lat' dir='ltr'><strong>grassantes</strong></span> <span class='ocrx_word' id='word_1_56' title='bbox 1845 1009 1898 1064; x_wconf 93' lang='lat' dir='ltr'><strong>in</strong></span> 
     </span>
    </p>
   </div>
   <div class='ocr_carea' id='block_1_10' title="bbox 310 1102 1901 1170">
    <p class='ocr_par' dir='ltr' id='par_1_10' title="bbox 310 1102 1901 1170">
     <span class='ocr_line' id='line_1_10' title="bbox 310 1102 1901 1170; baseline 0.003 -17"><span class='ocrx_word' id='word_1_57' title='bbox 310 1102 626 1170; x_wconf 78' lang='lat' dir='ltr'><strong>sanguinem</strong></span> <span class='ocrx_word' id='word_1_58' title='bbox 670 1102 895 1168; x_wconf 86' lang='lat' dir='ltr'><strong>civium,</strong></span> <span class='ocrx_word' id='word_1_59' title='bbox 941 1103 1128 1157; x_wconf 90' lang='lat' dir='ltr'><strong>ducem</strong></span> <span class='ocrx_word' id='word_1_60' title='bbox 1160 1103 1379 1159; x_wconf 86' lang='lat' dir='ltr'><strong>sceleris</strong></span> <span class='ocrx_word' id='word_1_61' title='bbox 1417 1115 1471 1158; x_wconf 88' lang='lat' dir='ltr'><strong>et</strong></span> <span class='ocrx_word' id='word_1_62' title='bbox 1514 1102 1750 1157; x_wconf 62' lang='lat' dir='ltr'><strong>audacia:</strong></span> <span class='ocrx_word' id='word_1_63' title='bbox 1790 1118 1901 1158; x_wconf 62' lang='lat' dir='ltr'><strong>suae</strong></span> 
     </span>
    </p>
   </div>
   <div class='ocr_carea' id='block_1_11' title="bbox 313 1189 1898 1264">
    <p class='ocr_par' dir='ltr' id='par_1_11' title="bbox 313 1189 1898 1264">
     <span class='ocr_line' id='line_1_11' title="bbox 313 1189 1898 1264; baseline 0.004 -20"><span class='ocrx_word' id='word_1_64' title='bbox 313 1189 560 1261; x_wconf 79' lang='lat' dir='ltr'><strong>deligunt</strong></span> <span class='ocrx_word' id='word_1_65' title='bbox 610 1192 920 1264; x_wconf 86' lang='lat' dir='ltr'><strong>Olympium</strong></span> <span class='ocrx_word' id='word_1_66' title='bbox 985 1194 1291 1264; x_wconf 87' lang='lat' dir='ltr'><strong>quendam,</strong></span> <span class='ocrx_word' id='word_1_67' title='bbox 1345 1196 1565 1250; x_wconf 88' lang='lat' dir='ltr'><strong>nomine</strong></span> <span class='ocrx_word' id='word_1_68' title='bbox 1607 1204 1662 1251; x_wconf 92' lang='lat' dir='ltr'><strong>et</strong></span> <span class='ocrx_word' id='word_1_69' title='bbox 1714 1195 1898 1250; x_wconf 90' lang='lat' dir='ltr'><strong>habitu</strong></span> 
     </span>
    </p>
   </div>
   <div class='ocr_carea' id='block_1_12' title="bbox 316 1284 1897 1357">
    <p class='ocr_par' dir='ltr' id='par_1_12' title="bbox 316 1284 1897 1357">
     <span class='ocr_line' id='line_1_12' title="bbox 316 1284 1897 1357; baseline 0.003 -21"><span class='ocrx_word' id='word_1_70' title='bbox 316 1292 343 1321; x_wconf 78' lang='grc' dir='ltr'>ι</span> <span class='ocrx_word' id='word_1_71' title='bbox 372 1284 775 1355; x_wconf 82' lang='lat' dir='ltr'><strong>philosophum,</strong></span> <span class='ocrx_word' id='word_1_72' title='bbox 806 1301 911 1356; x_wconf 90' lang='lat' dir='ltr'><strong>quo</strong></span> <span class='ocrx_word' id='word_1_73' title='bbox 938 1289 1287 1357; x_wconf 88' lang='lat' dir='ltr'><strong>antesignano</strong></span> <span class='ocrx_word' id='word_1_74' title='bbox 1312 1304 1494 1342; x_wconf 84' lang='lat' dir='ltr'><strong>arcem</strong></span> <span class='ocrx_word' id='word_1_75' title='bbox 1523 1288 1897 1352; x_wconf 62' lang='lat' dir='ltr'><strong>defenderent,</strong></span> 
     </span>
    </p>
   </div>
   <div class='ocr_carea' id='block_1_13' title="bbox 308 1377 1899 1449">
    <p class='ocr_par' dir='ltr' id='par_1_13' title="bbox 308 1377 1899 1449">
     <span class='ocr_line' id='line_1_13' title="bbox 308 1377 1899 1449; baseline 0.001 -18"><span class='ocrx_word' id='word_1_76' title='bbox 308 1382 362 1431; x_wconf 90' lang='lat' dir='ltr'><strong>et</strong></span> <span class='ocrx_word' id='word_1_77' title='bbox 392 1377 737 1448; x_wconf 74' lang='lat' dir='ltr'><strong>tyrannidem</strong></span> <span class='ocrx_word' id='word_1_78' title='bbox 762 1385 1030 1433; x_wconf 81' lang='lat' dir='ltr'><strong>tenerent.</strong></span> <span class='ocrx_word' id='word_1_79' title='bbox 1077 1381 1146 1434; x_wconf 80' lang='lat' dir='ltr'><strong>At</strong></span> <span class='ocrx_word' id='word_1_80' title='bbox 1197 1380 1251 1434; x_wconf 91' lang='lat' dir='ltr'><strong>hi</strong></span> <span class='ocrx_word' id='word_1_81' title='bbox 1298 1380 1493 1449; x_wconf 85' lang='lat' dir='ltr'><strong>quibus</strong></span> <span class='ocrx_word' id='word_1_82' title='bbox 1535 1379 1899 1434; x_wconf 76' lang='lat' dir='ltr'><strong>Romanarum</strong></span> 
     </span>
    </p>
   </div>
   <div class='ocr_carea' id='block_1_14' title="bbox 313 1469 1901 1541">
    <p class='ocr_par' dir='ltr' id='par_1_14' title="bbox 313 1469 1901 1541">
     <span class='ocr_line' id='line_1_14' title="bbox 313 1469 1901 1541; baseline 0.002 -21"><span class='ocrx_word' id='word_1_83' title='bbox 313 1469 487 1537; x_wconf 88' lang='lat' dir='ltr'><strong>legum</strong></span> <span class='ocrx_word' id='word_1_84' title='bbox 520 1470 785 1532; x_wconf 87' lang='lat' dir='ltr'><strong>custodia,</strong></span> <span class='ocrx_word' id='word_1_85' title='bbox 815 1470 1059 1539; x_wconf 71' lang='lat' dir='ltr'><strong>jnrisqtte</strong></span> <span class='ocrx_word' id='word_1_86' title='bbox 1101 1470 1313 1525; x_wconf 84' lang='lat' dir='ltr'><strong>dicendi</strong></span> <span class='ocrx_word' id='word_1_87' title='bbox 1339 1487 1468 1525; x_wconf 86' lang='lat' dir='ltr'><strong>cura</strong></span> <span class='ocrx_word' id='word_1_88' title='bbox 1508 1472 1768 1541; x_wconf 90' lang='lat' dir='ltr'><strong>permissa</strong></span> <span class='ocrx_word' id='word_1_89' title='bbox 1796 1481 1901 1541; x_wconf 78' lang='lat' dir='ltr'><strong>est,</strong></span> 
     </span>
    </p>
   </div>
   <div class='ocr_carea' id='block_1_15' title="bbox 311 1561 1901 1633">
    <p class='ocr_par' dir='ltr' id='par_1_15' title="bbox 311 1561 1901 1633">
     <span class='ocr_line' id='line_1_15' title="bbox 311 1561 1901 1633; baseline 0.002 -19"><span class='ocrx_word' id='word_1_90' title='bbox 311 1561 542 1629; x_wconf 84' lang='lat' dir='ltr'><strong>cognitis</strong></span> <span class='ocrx_word' id='word_1_91' title='bbox 582 1576 702 1630; x_wconf 80' lang='lat' dir='ltr'><strong>qua:</strong></span> <span class='ocrx_word' id='word_1_92' title='bbox 730 1573 879 1631; x_wconf 60' lang='lat' dir='ltr'><strong>gesta</strong></span> <span class='ocrx_word' id='word_1_93' title='bbox 912 1561 1143 1629; x_wconf 86' lang='lat' dir='ltr'><strong>fuerant,</strong></span> <span class='ocrx_word' id='word_1_94' title='bbox 1184 1563 1380 1617; x_wconf 82' lang='lat' dir='ltr'><strong>turbati</strong></span> <span class='ocrx_word' id='word_1_95' title='bbox 1424 1573 1587 1633; x_wconf 87' lang='lat' dir='ltr'><strong>atque</strong></span> <span class='ocrx_word' id='word_1_96' title='bbox 1633 1564 1901 1631; x_wconf 83' lang='lat' dir='ltr'><strong>perterriti</strong></span> 
     </span>
    </p>
   </div>
   <div class='ocr_carea' id='block_1_16' title="bbox 312 1653 1943 1726">
    <p class='ocr_par' dir='ltr' id='par_1_16' title="bbox 312 1653 1943 1726">
     <span class='ocr_line' id='line_1_16' title="bbox 312 1653 1943 1726; baseline 0.002 -20"><span class='ocrx_word' id='word_1_97' title='bbox 312 1653 378 1707; x_wconf 89' lang='lat' dir='ltr'><strong>ad</strong></span> <span class='ocrx_word' id='word_1_98' title='bbox 412 1653 666 1723; x_wconf 82' lang='lat' dir='ltr'><strong>templum</strong></span> <span class='ocrx_word' id='word_1_99' title='bbox 697 1655 1008 1722; x_wconf 88' lang='lat' dir='ltr'><strong>convolant,</strong></span> <span class='ocrx_word' id='word_1_100' title='bbox 1037 1670 1259 1711; x_wconf 74' lang='lat' dir='ltr'><strong>causSas</strong></span> <span class='ocrx_word' id='word_1_101' title='bbox 1286 1656 1524 1711; x_wconf 73' lang='lat' dir='ltr'><strong>audacia:</strong></span> <span class='ocrx_word' id='word_1_102' title='bbox 1557 1669 1905 1726; x_wconf 72' lang='lat' dir='ltr'><strong>percone‘an-</strong></span> <span class='ocrx_word' id='word_1_103' title='bbox 1942 1694 1943 1697; x_wconf 60' lang='grc' dir='ltr'><strong>η</strong></span> 
     </span>
    </p>
   </div>
   <div class='ocr_carea' id='block_1_17' title="bbox 311 1742 1901 1813">
    <p class='ocr_par' dir='ltr' id='par_1_17' title="bbox 311 1742 1901 1813">
     <span class='ocr_line' id='line_1_17' title="bbox 311 1742 1901 1813; baseline 0.002 -18"><span class='ocrx_word' id='word_1_104' title='bbox 311 1751 416 1805; x_wconf 91' lang='lat' dir='ltr'><strong>tur,</strong></span> <span class='ocrx_word' id='word_1_105' title='bbox 453 1752 508 1796; x_wconf 89' lang='lat' dir='ltr'><strong>et</strong></span> <span class='ocrx_word' id='word_1_106' title='bbox 551 1742 679 1811; x_wconf 91' lang='lat' dir='ltr'><strong>quid</strong></span> <span class='ocrx_word' id='word_1_107' title='bbox 710 1743 809 1797; x_wconf 85' lang='lat' dir='ltr'><strong>sibi</strong></span> <span class='ocrx_word' id='word_1_108' title='bbox 844 1743 1007 1797; x_wconf 88' lang='lat' dir='ltr'><strong>vellet</strong></span> <span class='ocrx_word' id='word_1_109' title='bbox 1057 1744 1146 1799; x_wconf 91' lang='lat' dir='ltr'><strong>ille</strong></span> <span class='ocrx_word' id='word_1_110' title='bbox 1191 1758 1511 1809; x_wconf 86' lang='lat' dir='ltr'><strong>concursus,</strong></span> <span class='ocrx_word' id='word_1_111' title='bbox 1554 1745 1607 1799; x_wconf 91' lang='lat' dir='ltr'><strong>iu</strong></span> <span class='ocrx_word' id='word_1_112' title='bbox 1639 1760 1744 1813; x_wconf 86' lang='lat' dir='ltr'><strong>quo</strong></span> <span class='ocrx_word' id='word_1_113' title='bbox 1781 1760 1901 1799; x_wconf 91' lang='lat' dir='ltr'><strong>cum</strong></span> 
     </span>
    </p>
   </div>
   <div class='ocr_carea' id='block_1_18' title="bbox 312 1833 1898 1906">
    <p class='ocr_par' dir='ltr' id='par_1_18' title="bbox 312 1833 1898 1906">
     <span class='ocr_line' id='line_1_18' title="bbox 312 1833 1898 1906; baseline 0.003 -20"><span class='ocrx_word' id='word_1_114' title='bbox 312 1841 464 1887; x_wconf 74' lang='lat' dir='ltr'><strong>tanto</strong></span> <span class='ocrx_word' id='word_1_115' title='bbox 504 1833 719 1888; x_wconf 87' lang='lat' dir='ltr'><strong>scelere</strong></span> <span class='ocrx_word' id='word_1_116' title='bbox 745 1845 872 1890; x_wconf 83' lang='lat' dir='ltr'><strong>ante</strong></span> <span class='ocrx_word' id='word_1_117' title='bbox 910 1849 1034 1889; x_wconf 86' lang='lat' dir='ltr'><strong>aras</strong></span> <span class='ocrx_word' id='word_1_118' title='bbox 1079 1835 1296 1906; x_wconf 86' lang='lat' dir='ltr'><strong>sanguis</strong></span> <span class='ocrx_word' id='word_1_119' title='bbox 1324 1836 1519 1893; x_wconf 90' lang='lat' dir='ltr'><strong>civium</strong></span> <span class='ocrx_word' id='word_1_120' title='bbox 1566 1836 1898 1904; x_wconf 84' lang='lat' dir='ltr'><strong>funderetur,</strong></span> 
     </span>
    </p>
   </div>
   <div class='ocr_carea' id='block_1_19' title="bbox 311 1924 1907 1994">
    <p class='ocr_par' dir='ltr' id='par_1_19' title="bbox 311 1924 1907 1994">
     <span class='ocr_line' id='line_1_19' title="bbox 311 1924 1907 1994; baseline 0 -15"><span class='ocrx_word' id='word_1_121' title='bbox 311 1924 610 1994; x_wconf 85' lang='lat' dir='ltr'><strong>inquirunt.</strong></span> <span class='ocrx_word' id='word_1_122' title='bbox 639 1926 749 1982; x_wconf 87' lang='lat' dir='ltr'><strong>Sed</strong></span> <span class='ocrx_word' id='word_1_123' title='bbox 794 1927 868 1980; x_wconf 79' lang='lat' dir='ltr'><strong>illi</strong></span> <span class='ocrx_word' id='word_1_124' title='bbox 900 1926 1186 1981; x_wconf 87' lang='lat' dir='ltr'><strong>obfirmato</strong></span> <span class='ocrx_word' id='word_1_125' title='bbox 1231 1926 1377 1981; x_wconf 90' lang='lat' dir='ltr'><strong>aditu</strong></span> <span class='ocrx_word' id='word_1_126' title='bbox 1424 1927 1661 1981; x_wconf 90' lang='lat' dir='ltr'><strong>confusis</strong></span> <span class='ocrx_word' id='word_1_127' title='bbox 1703 1936 1758 1981; x_wconf 90' lang='lat' dir='ltr'><strong>et</strong></span> <span class='ocrx_word' id='word_1_128' title='bbox 1800 1928 1907 1980; x_wconf 85' lang='lat' dir='ltr'><strong>dis-</strong></span> 
     </span>
    </p>
   </div>
   <div class='ocr_carea' id='block_1_20' title="bbox 311 2019 1899 2092">
    <p class='ocr_par' dir='ltr' id='par_1_20' title="bbox 311 2019 1899 2092">
     <span class='ocr_line' id='line_1_20' title="bbox 311 2019 1899 2092; baseline -0.001 -19"><span class='ocrx_word' id='word_1_129' title='bbox 311 2019 459 2074; x_wconf 83' lang='lat' dir='ltr'><strong>sonis</strong></span> <span class='ocrx_word' id='word_1_130' title='bbox 490 2021 716 2075; x_wconf 85' lang='lat' dir='ltr'><strong>vocibus</strong></span> <span class='ocrx_word' id='word_1_131' title='bbox 739 2020 898 2092; x_wconf 74' lang='lat'><strong>293</strong></span> <span class='ocrx_word' id='word_1_132' title='bbox 944 2021 1211 2075; x_wconf 86' lang='lat' dir='ltr'><strong>rationem</strong></span> <span class='ocrx_word' id='word_1_133' title='bbox 1244 2021 1367 2075; x_wconf 83' lang='lat' dir='ltr'><strong>facti</strong></span> <span class='ocrx_word' id='word_1_134' title='bbox 1413 2020 1635 2086; x_wconf 90' lang='lat' dir='ltr'><strong>nullam,</strong></span> <span class='ocrx_word' id='word_1_135' title='bbox 1665 2021 1757 2074; x_wconf 61' lang='lat' dir='ltr'><strong>sed</strong></span> <span class='ocrx_word' id='word_1_136' title='bbox 1795 2019 1899 2073; x_wconf 55' lang='lat' dir='ltr'><strong>cla.</strong></span> 
     </span>
    </p>
   </div>
   <div class='ocr_carea' id='block_1_21' title="bbox 313 2113 1902 2178">
    <p class='ocr_par' dir='ltr' id='par_1_21' title="bbox 313 2113 1902 2178">
     <span class='ocr_line' id='line_1_21' title="bbox 313 2113 1902 2178; baseline 0.001 -11"><span class='ocrx_word' id='word_1_137' title='bbox 313 2127 517 2167; x_wconf 90' lang='lat' dir='ltr'><strong>morem</strong></span> <span class='ocrx_word' id='word_1_138' title='bbox 552 2114 869 2168; x_wconf 88' lang='lat' dir='ltr'><strong>reddebant.</strong></span> <span class='ocrx_word' id='word_1_139' title='bbox 919 2113 1095 2169; x_wconf 82' lang='lat' dir='ltr'><strong>Missis</strong></span> <span class='ocrx_word' id='word_1_140' title='bbox 1130 2123 1307 2169; x_wconf 84' lang='lat' dir='ltr'><strong>tamen</strong></span> <span class='ocrx_word' id='word_1_141' title='bbox 1354 2114 1419 2169; x_wconf 89' lang='lat' dir='ltr'><strong>ad</strong></span> <span class='ocrx_word' id='word_1_142' title='bbox 1458 2129 1554 2169; x_wconf 86' lang='lat' dir='ltr'><strong>eos</strong></span> <span class='ocrx_word' id='word_1_143' title='bbox 1586 2115 1805 2178; x_wconf 86' lang='lat' dir='ltr'><strong>nuntiis,</strong></span> <span class='ocrx_word' id='word_1_144' title='bbox 1834 2114 1902 2168; x_wconf 89' lang='lat' dir='ltr'><strong>de</strong></span> 
     </span>
    </p>
   </div>
   <div class='ocr_carea' id='block_1_22' title="bbox 313 2204 1905 2276">
    <p class='ocr_par' dir='ltr' id='par_1_22' title="bbox 313 2204 1905 2276">
     <span class='ocr_line' id='line_1_22' title="bbox 313 2204 1905 2276; baseline 0.002 -18"><span class='ocrx_word' id='word_1_145' title='bbox 313 2204 538 2258; x_wconf 75' lang='lat' dir='ltr'><strong>Romani</strong></span> <span class='ocrx_word' id='word_1_146' title='bbox 571 2205 787 2274; x_wconf 90' lang='lat' dir='ltr'><strong>Imperii</strong></span> <span class='ocrx_word' id='word_1_147' title='bbox 822 2214 1106 2276; x_wconf 85' lang='lat' dir='ltr'><strong>potestate,</strong></span> <span class='ocrx_word' id='word_1_148' title='bbox 1138 2207 1205 2261; x_wconf 91' lang='lat' dir='ltr'><strong>de</strong></span> <span class='ocrx_word' id='word_1_149' title='bbox 1241 2206 1472 2261; x_wconf 86' lang='lat' dir='ltr'><strong>vindicta</strong></span> <span class='ocrx_word' id='word_1_150' title='bbox 1508 2208 1704 2272; x_wconf 56' lang='lat' dir='ltr'><strong>Iesum,</strong></span> <span class='ocrx_word' id='word_1_151' title='bbox 1747 2215 1802 2261; x_wconf 92' lang='lat' dir='ltr'><strong>et</strong></span> <span class='ocrx_word' id='word_1_152' title='bbox 1837 2207 1905 2261; x_wconf 90' lang='lat' dir='ltr'><strong>de</strong></span> 
     </span>
    </p>
   </div>
   <div class='ocr_carea' id='block_1_23' title="bbox 316 2294 1902 2367">
    <p class='ocr_par' dir='ltr' id='par_1_23' title="bbox 316 2294 1902 2367">
     <span class='ocr_line' id='line_1_23' title="bbox 316 2294 1902 2367; baseline 0.002 -18"><span class='ocrx_word' id='word_1_153' title='bbox 316 2296 401 2351; x_wconf 89' lang='lat' dir='ltr'><strong>his</strong></span> <span class='ocrx_word' id='word_1_154' title='bbox 446 2312 565 2364; x_wconf 82' lang='lat' dir='ltr'><strong>quae</strong></span> <span class='ocrx_word' id='word_1_155' title='bbox 609 2297 735 2350; x_wconf 87' lang='lat' dir='ltr'><strong>talia</strong></span> <span class='ocrx_word' id='word_1_156' title='bbox 781 2295 809 2333; x_wconf 72' lang='grc' dir='ltr'><strong>ι’</strong></span> <span class='ocrx_word' id='word_1_157' title='bbox 858 2298 1095 2352; x_wconf 81' lang='lat' dir='ltr'><strong>solerent</strong></span> <span class='ocrx_word' id='word_1_158' title='bbox 1139 2296 1415 2367; x_wconf 88' lang='lat' dir='ltr'><strong>subsequi,</strong></span> <span class='ocrx_word' id='word_1_159' title='bbox 1468 2294 1902 2352; x_wconf 80' lang='lat' dir='ltr'><strong>commonebant.</strong></span> 
     </span>
    </p>
   </div>
   <div class='ocr_carea' id='block_1_24' title="bbox 314 2387 1907 2457">
    <p class='ocr_par' dir='ltr' id='par_1_24' title="bbox 314 2387 1907 2457">
     <span class='ocr_line' id='line_1_24' title="bbox 314 2387 1907 2457; baseline 0.001 -15"><span class='ocrx_word' id='word_1_160' title='bbox 314 2388 554 2457; x_wconf 78' lang='lat' dir='ltr'><strong>Cmnqne</strong></span> <span class='ocrx_word' id='word_1_161' title='bbox 596 2388 701 2442; x_wconf 86' lang='lat' dir='ltr'><strong>ioci</strong></span> <span class='ocrx_word' id='word_1_162' title='bbox 754 2387 985 2442; x_wconf 85' lang='lat' dir='ltr'><strong>munitio</strong></span> <span class='ocrx_word' id='word_1_163' title='bbox 1042 2388 1174 2442; x_wconf 86' lang='lat' dir='ltr'><strong>nihil</strong></span> <span class='ocrx_word' id='word_1_164' title='bbox 1219 2387 1506 2443; x_wconf 86' lang='lat' dir='ltr'><strong>adversum</strong></span> <span class='ocrx_word' id='word_1_165' title='bbox 1554 2403 1745 2443; x_wconf 86' lang='lat' dir='ltr'><strong>vesana</strong></span> <span class='ocrx_word' id='word_1_166' title='bbox 1792 2404 1907 2443; x_wconf 91' lang='lat' dir='ltr'><strong>mo-</strong></span> 
     </span>
    </p>
   </div>
   <div class='ocr_carea' id='block_1_25' title="bbox 316 2478 1910 2549">
    <p class='ocr_par' dir='ltr' id='par_1_25' title="bbox 316 2478 1910 2549">
     <span class='ocr_line' id='line_1_25' title="bbox 316 2478 1910 2549; baseline 0.001 -18"><span class='ocrx_word' id='word_1_167' title='bbox 316 2478 509 2532; x_wconf 87' lang='lat' dir='ltr'><strong>lientes</strong></span> <span class='ocrx_word' id='word_1_168' title='bbox 540 2478 647 2549; x_wconf 79' lang='lat' dir='ltr'><strong>agi,</strong></span> <span class='ocrx_word' id='word_1_169' title='bbox 682 2479 783 2532; x_wconf 86' lang='lat' dir='ltr'><strong>nisi</strong></span> <span class='ocrx_word' id='word_1_170' title='bbox 814 2478 864 2532; x_wconf 87' lang='lat' dir='ltr'><strong>vi</strong></span> <span class='ocrx_word' id='word_1_171' title='bbox 891 2479 1122 2546; x_wconf 84' lang='lat' dir='ltr'><strong>majore,</strong></span> <span class='ocrx_word' id='word_1_172' title='bbox 1146 2480 1379 2543; x_wconf 76' lang='lat' dir='ltr'><strong>sineret.</strong></span> <span class='ocrx_word' id='word_1_173' title='bbox 1405 2495 1494 2534; x_wconf 87' lang='lat' dir='ltr'><strong>res</strong></span> <span class='ocrx_word' id='word_1_174' title='bbox 1522 2491 1668 2549; x_wconf 73' lang='lat' dir='ltr'><strong>gesta</strong></span> <span class='ocrx_word' id='word_1_175' title='bbox 1702 2480 1766 2533; x_wconf 89' lang='lat' dir='ltr'><strong>ad</strong></span> <span class='ocrx_word' id='word_1_176' title='bbox 1805 2480 1910 2533; x_wconf 87' lang='lat' dir='ltr'><strong>lm-</strong></span> 
     </span>
    </p>
   </div>
   <div class='ocr_carea' id='block_1_26' title="bbox 316 2566 1909 2641">
    <p class='ocr_par' dir='ltr' id='par_1_26' title="bbox 316 2566 1909 2641">
     <span class='ocr_line' id='line_1_26' title="bbox 316 2566 1909 2641; baseline 0.002 -17"><span class='ocrx_word' id='word_1_177' title='bbox 316 2579 621 2639; x_wconf 87' lang='lat' dir='ltr'><strong>peratorem</strong></span> <span class='ocrx_word' id='word_1_178' title='bbox 679 2566 929 2625; x_wconf 77' lang='lat' dir='ltr'><strong>refertur.</strong></span> <span class='ocrx_word' id='word_1_179' title='bbox 987 2571 1082 2626; x_wconf 82' lang='lat' dir='ltr'><strong>Ilie</strong></span> <span class='ocrx_word' id='word_1_180' title='bbox 1129 2571 1218 2641; x_wconf 90' lang='lat' dir='ltr'><strong>qui</strong></span> <span class='ocrx_word' id='word_1_181' title='bbox 1267 2571 1503 2641; x_wconf 85' lang='lat' dir='ltr'><strong>ingenita</strong></span> <span class='ocrx_word' id='word_1_182' title='bbox 1548 2572 1745 2625; x_wconf 77' lang='lat' dir='ltr'><strong>montis</strong></span> <span class='ocrx_word' id='word_1_183' title='bbox 1797 2572 1909 2627; x_wconf 83' lang='lat' dir='ltr'><strong>cle-</strong></span> 
     </span>
    </p>
   </div>
   <div class='ocr_carea' id='block_1_27' title="bbox 317 2661 1904 2732">
    <p class='ocr_par' dir='ltr' id='par_1_27' title="bbox 317 2661 1904 2732">
     <span class='ocr_line' id='line_1_27' title="bbox 317 2661 1904 2732; baseline -0.001 -15"><span class='ocrx_word' id='word_1_184' title='bbox 317 2661 513 2717; x_wconf 84' lang='lat' dir='ltr'><strong>mentia</strong></span> <span class='ocrx_word' id='word_1_185' title='bbox 558 2670 802 2715; x_wconf 85' lang='lat' dir='ltr'><strong>errantes</strong></span> <span class='ocrx_word' id='word_1_186' title='bbox 851 2662 1032 2715; x_wconf 85' lang='lat' dir='ltr'><strong>mallet</strong></span> <span class='ocrx_word' id='word_1_187' title='bbox 1092 2661 1383 2716; x_wconf 89' lang='lat' dir='ltr'><strong>emendare</strong></span> <span class='ocrx_word' id='word_1_188' title='bbox 1445 2677 1605 2732; x_wconf 89' lang='lat' dir='ltr'><strong>quam</strong></span> <span class='ocrx_word' id='word_1_189' title='bbox 1660 2662 1904 2729; x_wconf 77' lang='lat' dir='ltr'><strong>terdere,</strong></span> 
     </span>
    </p>
   </div>
   <div class='ocr_carea' id='block_1_28' title="bbox 318 2752 1907 2823">
    <p class='ocr_par' dir='ltr' id='par_1_28' title="bbox 318 2752 1907 2823">
     <span class='ocr_line' id='line_1_28' title="bbox 318 2752 1907 2823; baseline -0.001 -14"><span class='ocrx_word' id='word_1_190' title='bbox 318 2754 588 2817; x_wconf 84' lang='lat' dir='ltr'><strong>rescribit,</strong></span> <span class='ocrx_word' id='word_1_191' title='bbox 626 2752 836 2807; x_wconf 85' lang='lat' dir='ltr'><strong>illorum</strong></span> <span class='ocrx_word' id='word_1_192' title='bbox 865 2752 1078 2821; x_wconf 81' lang='lat' dir='ltr'><strong>quidem</strong></span> <span class='ocrx_word' id='word_1_193' title='bbox 1113 2753 1428 2818; x_wconf 86' lang='lat' dir='ltr'><strong>vindictam,</strong></span> <span class='ocrx_word' id='word_1_194' title='bbox 1458 2767 1596 2823; x_wconf 88' lang='lat' dir='ltr'><strong>quos</strong></span> <span class='ocrx_word' id='word_1_195' title='bbox 1623 2764 1749 2808; x_wconf 88' lang='lat' dir='ltr'><strong>ante</strong></span> <span class='ocrx_word' id='word_1_196' title='bbox 1784 2769 1907 2808; x_wconf 87' lang='lat' dir='ltr'><strong>aras</strong></span> 
     </span>
    </p>
   </div>
   <div class='ocr_carea' id='block_1_29' title="bbox 322 2842 1907 2914">
    <p class='ocr_par' dir='ltr' id='par_1_29' title="bbox 322 2842 1907 2914">
     <span class='ocr_line' id='line_1_29' title="bbox 322 2842 1907 2914; baseline -0.001 -16"><span class='ocrx_word' id='word_1_197' title='bbox 322 2843 543 2912; x_wconf 78' lang='lat' dir='ltr'><strong>sanguis</strong></span> <span class='ocrx_word' id='word_1_198' title='bbox 564 2842 766 2897; x_wconf 79' lang='lat' dir='ltr'><strong>effusus</strong></span> <span class='ocrx_word' id='word_1_199' title='bbox 784 2842 1046 2914; x_wconf 78' lang='lat' dir='ltr'><strong>Martyres</strong></span> <span class='ocrx_word' id='word_1_200' title='bbox 1069 2842 1265 2904; x_wconf 74' lang='lat' dir='ltr'><strong>eﬂ’eeit,</strong></span> <span class='ocrx_word' id='word_1_201' title='bbox 1293 2857 1396 2895; x_wconf 89' lang='lat' dir='ltr'><strong>non</strong></span> <span class='ocrx_word' id='word_1_202' title='bbox 1416 2857 1538 2897; x_wconf 88' lang='lat' dir='ltr'><strong>esse</strong></span> <span class='ocrx_word' id='word_1_203' title='bbox 1563 2844 1907 2911; x_wconf 80' lang='lat' dir='ltr'><strong>poscendam,</strong></span> 
     </span>
    </p>
   </div>
   <div class='ocr_carea' id='block_1_30' title="bbox 318 2935 1908 3007">
    <p class='ocr_par' dir='ltr' id='par_1_30' title="bbox 318 2935 1908 3007">
     <span class='ocr_line' id='line_1_30' title="bbox 318 2935 1908 3007; baseline -0.001 -16"><span class='ocrx_word' id='word_1_204' title='bbox 318 2936 375 3007; x_wconf 75' lang='lat' dir='ltr'><strong>in</strong></span> <span class='ocrx_word' id='word_1_205' title='bbox 420 2936 610 3006; x_wconf 87' lang='lat' dir='ltr'><strong>quibus</strong></span> <span class='ocrx_word' id='word_1_206' title='bbox 638 2936 879 2989; x_wconf 84' lang='lat' dir='ltr'><strong>dolorem</strong></span> <span class='ocrx_word' id='word_1_207' title='bbox 910 2936 1156 2989; x_wconf 87' lang='lat' dir='ltr'><strong>interitus</strong></span> <span class='ocrx_word' id='word_1_208' title='bbox 1185 2936 1521 3003; x_wconf 81' lang='lat' dir='ltr'><strong>superaverit</strong></span> <span class='ocrx_word' id='word_1_209' title='bbox 1548 2935 1716 3005; x_wconf 83' lang='lat' dir='ltr'><strong>gloria</strong></span> <span class='ocrx_word' id='word_1_210' title='bbox 1747 2936 1908 2989; x_wconf 81' lang='lat' dir='ltr'><strong>meri—</strong></span> 
     </span>
    </p>
   </div>
   <div class='ocr_carea' id='block_1_31' title="bbox 321 3025 1909 3094">
    <p class='ocr_par' dir='ltr' id='par_1_31' title="bbox 321 3025 1909 3094">
     <span class='ocr_line' id='line_1_31' title="bbox 321 3025 1909 3094; baseline -0.001 -13"><span class='ocrx_word' id='word_1_211' title='bbox 321 3037 518 3081; x_wconf 77' lang='lat' dir='ltr'><strong>torum.</strong></span> <span class='ocrx_word' id='word_1_212' title='bbox 551 3025 627 3082; x_wconf 89' lang='lat' dir='ltr'><strong>De</strong></span> <span class='ocrx_word' id='word_1_213' title='bbox 650 3034 849 3080; x_wconf 58' lang='lat' dir='ltr'><strong>caetero</strong></span> <span class='ocrx_word' id='word_1_214' title='bbox 875 3040 1003 3080; x_wconf 88' lang='lat' dir='ltr'><strong>vero</strong></span> <span class='ocrx_word' id='word_1_215' title='bbox 1026 3026 1287 3079; x_wconf 89' lang='lat' dir='ltr'><strong>malorum</strong></span> <span class='ocrx_word' id='word_1_216' title='bbox 1312 3039 1561 3079; x_wconf 85' lang='lat' dir='ltr'><strong>caussam</strong></span> <span class='ocrx_word' id='word_1_217' title='bbox 1592 3025 1909 3094; x_wconf 85' lang='lat' dir='ltr'><strong>radicesque</strong></span> 
     </span>
    </p>
   </div>
   <div class='ocr_carea' id='block_1_32' title="bbox 318 3116 1904 3186">
    <p class='ocr_par' dir='ltr' id='par_1_32' title="bbox 318 3116 1904 3186">
     <span class='ocr_line' id='line_1_32' title="bbox 318 3116 1904 3186; baseline -0.001 -14"><span class='ocrx_word' id='word_1_218' title='bbox 318 3117 632 3182; x_wconf 79' lang='lat' dir='ltr'><strong>discordiae,</strong></span> <span class='ocrx_word' id='word_1_219' title='bbox 655 3132 774 3186; x_wconf 66' lang='lat' dir='ltr'><strong>quas</strong></span> <span class='ocrx_word' id='word_1_220' title='bbox 798 3132 893 3186; x_wconf 79' lang='lat' dir='ltr'><strong>pro</strong></span> <span class='ocrx_word' id='word_1_221' title='bbox 917 3116 1365 3172; x_wconf 85' lang='lat' dir='ltr'><strong>simulaehrorutn</strong></span> <span class='ocrx_word' id='word_1_222' title='bbox 1391 3117 1702 3172; x_wconf 77' lang='lat' dir='ltr'><strong>defensione</strong></span> <span class='ocrx_word' id='word_1_223' title='bbox 1724 3117 1904 3173; x_wconf 83' lang='lat' dir='ltr'><strong>venie-</strong></span> 
     </span>
    </p>
   </div>
   <div class='ocr_carea' id='block_1_33' title="bbox 322 3206 1907 3279">
    <p class='ocr_par' dir='ltr' id='par_1_33' title="bbox 322 3206 1907 3279">
     <span class='ocr_line' id='line_1_33' title="bbox 322 3206 1907 3279; baseline -0.001 -16"><span class='ocrx_word' id='word_1_224' title='bbox 322 3209 472 3268; x_wconf 84' lang='lat' dir='ltr'><strong>bant.</strong></span> <span class='ocrx_word' id='word_1_225' title='bbox 508 3209 723 3279; x_wconf 80' lang='lat' dir='ltr'><strong>penitus</strong></span> <span class='ocrx_word' id='word_1_226' title='bbox 761 3208 959 3263; x_wconf 85' lang='lat' dir='ltr'><strong>debere</strong></span> <span class='ocrx_word' id='word_1_227' title='bbox 999 3207 1200 3263; x_wconf 81' lang='lat' dir='ltr'><strong>succidi</strong></span> <span class='ocrx_word' id='word_1_228' title='bbox 1235 3225 1252 3264; x_wconf 90' lang='lat'><strong>:</strong></span> <span class='ocrx_word' id='word_1_229' title='bbox 1284 3206 1476 3276; x_wconf 90' lang='lat' dir='ltr'><strong>quibus</strong></span> <span class='ocrx_word' id='word_1_230' title='bbox 1515 3209 1907 3274; x_wconf 73' lang='lat' dir='ltr'><strong>exterminatis,</strong></span> 
     </span>
    </p>
   </div>
   <div class='ocr_carea' id='block_1_34' title="bbox 2002 634 3585 718">
    <p class='ocr_par' dir='ltr' id='par_1_34' title="bbox 2002 634 3585 718">
     <span class='ocr_line' id='line_1_34' title="bbox 2002 634 3585 718; baseline -0.011 -17"><span class='ocrx_word' id='word_1_231' title='bbox 2002 663 2113 714; x_wconf 87' lang='lat' dir='ltr'><strong>sus,</strong></span> <span class='ocrx_word' id='word_1_232' title='bbox 2149 648 2421 718; x_wconf 87' lang='lat' dir='ltr'><strong>quadratis</strong></span> <span class='ocrx_word' id='word_1_233' title='bbox 2465 658 2521 702; x_wconf 90' lang='lat' dir='ltr'><strong>et</strong></span> <span class='ocrx_word' id='word_1_234' title='bbox 2570 643 2872 714; x_wconf 80' lang='lat' dir='ltr'><strong>ingentibus</strong></span> <span class='ocrx_word' id='word_1_235' title='bbox 2918 640 3108 712; x_wconf 75' lang='lat' dir='ltr'><strong>spatiis</strong></span> <span class='ocrx_word' id='word_1_236' title='bbox 3138 634 3287 692; x_wconf 89' lang='lat' dir='ltr'><strong>omni</strong></span> <span class='ocrx_word' id='word_1_237' title='bbox 3324 650 3389 689; x_wconf 82' lang='lat' dir='ltr'><strong>ex</strong></span> <span class='ocrx_word' id='word_1_238' title='bbox 3435 642 3585 701; x_wconf 89' lang='lat' dir='ltr'><strong>parte</strong></span> 
     </span>
    </p>
   </div>
   <div class='ocr_carea' id='block_1_35' title="bbox 2002 726 3581 805">
    <p class='ocr_par' dir='ltr' id='par_1_35' title="bbox 2002 726 3581 805">
     <span class='ocr_line' id='line_1_35' title="bbox 2002 726 3581 805; baseline -0.012 -12"><span class='ocrx_word' id='word_1_239' title='bbox 2002 740 2263 794; x_wconf 88' lang='lat' dir='ltr'><strong>distentus</strong></span> <span class='ocrx_word' id='word_1_240' title='bbox 2303 757 2317 793; x_wconf 88' lang='lat'><strong>:</strong></span> <span class='ocrx_word' id='word_1_241' title='bbox 2349 751 2541 793; x_wconf 88' lang='lat' dir='ltr'><strong>cuncta</strong></span> <span class='ocrx_word' id='word_1_242' title='bbox 2578 752 2729 800; x_wconf 85' lang='lat' dir='ltr'><strong>vero,</strong></span> <span class='ocrx_word' id='word_1_243' title='bbox 2759 750 2867 805; x_wconf 88' lang='lat' dir='ltr'><strong>quo</strong></span> <span class='ocrx_word' id='word_1_244' title='bbox 2906 732 2970 787; x_wconf 89' lang='lat' dir='ltr'><strong>ad</strong></span> <span class='ocrx_word' id='word_1_245' title='bbox 2998 744 3265 785; x_wconf 88' lang='lat' dir='ltr'><strong>summum</strong></span> <span class='ocrx_word' id='word_1_246' title='bbox 3305 726 3581 796; x_wconf 87' lang='lat' dir='ltr'><strong>pavimen-</strong></span> 
     </span>
    </p>
   </div>
   <div class='ocr_carea' id='block_1_36' title="bbox 2003 827 3582 901">
    <p class='ocr_par' dir='ltr' id='par_1_36' title="bbox 2003 827 3582 901">
     <span class='ocr_line' id='line_1_36' title="bbox 2003 827 3582 901; baseline -0.009 -15"><span class='ocrx_word' id='word_1_247' title='bbox 2003 841 2174 887; x_wconf 85' lang='lat' dir='ltr'><strong>torum</strong></span> <span class='ocrx_word' id='word_1_248' title='bbox 2192 834 2468 894; x_wconf 83' lang='lat' dir='ltr'><strong>evadatur,</strong></span> <span class='ocrx_word' id='word_1_249' title='bbox 2488 835 2654 900; x_wconf 88' lang='lat' dir='ltr'><strong>opere</strong></span> <span class='ocrx_word' id='word_1_250' title='bbox 2674 828 2835 901; x_wconf 66' lang='grc'><strong>294</strong></span> <span class='ocrx_word' id='word_1_251' title='bbox 2856 827 3089 881; x_wconf 86' lang='lat' dir='ltr'><strong>forniceo</strong></span> <span class='ocrx_word' id='word_1_252' title='bbox 3111 830 3435 883; x_wconf 81' lang='lat' dir='ltr'><strong>constructa,</strong></span> <span class='ocrx_word' id='word_1_253' title='bbox 3466 833 3582 883; x_wconf 71' lang='lat' dir='ltr'><strong>qum</strong></span> 
     </span>
    </p>
   </div>
   <div class='ocr_carea' id='block_1_37' title="bbox 2004 911 3583 990">
    <p class='ocr_par' dir='ltr' id='par_1_37' title="bbox 2004 911 3583 990">
     <span class='ocr_line' id='line_1_37' title="bbox 2004 911 3583 990; baseline -0.01 -15"><span class='ocrx_word' id='word_1_254' title='bbox 2004 924 2277 977; x_wconf 87' lang='lat' dir='ltr'><strong>immensis</strong></span> <span class='ocrx_word' id='word_1_255' title='bbox 2301 923 2531 990; x_wconf 73' lang='lat' dir='ltr'><strong>desuper</strong></span> <span class='ocrx_word' id='word_1_256' title='bbox 2569 920 2943 983; x_wconf 86' lang='lat' dir='ltr'><strong>Iuminaribus,</strong></span> <span class='ocrx_word' id='word_1_257' title='bbox 2984 926 3041 971; x_wconf 87' lang='lat' dir='ltr'><strong>et</strong></span> <span class='ocrx_word' id='word_1_258' title='bbox 3070 915 3292 972; x_wconf 82' lang='lat' dir='ltr'><strong>occultis</strong></span> <span class='ocrx_word' id='word_1_259' title='bbox 3337 911 3583 981; x_wconf 84' lang='lat' dir='ltr'><strong>adytibus</strong></span> 
     </span>
    </p>
   </div>
   <div class='ocr_carea' id='block_1_38' title="bbox 2005 1003 3581 1076">
    <p class='ocr_par' dir='ltr' id='par_1_38' title="bbox 2005 1003 3581 1076">
     <span class='ocr_line' id='line_1_38' title="bbox 2005 1003 3581 1076; baseline -0.011 -8"><span class='ocrx_word' id='word_1_260' title='bbox 2005 1015 2232 1068; x_wconf 84' lang='lat' dir='ltr'><strong>invicem</strong></span> <span class='ocrx_word' id='word_1_261' title='bbox 2267 1006 2316 1066; x_wconf 84' lang='lat' dir='ltr'><strong>in</strong></span> <span class='ocrx_word' id='word_1_262' title='bbox 2357 1024 2529 1069; x_wconf 88' lang='lat' dir='ltr'><strong>semet</strong></span> <span class='ocrx_word' id='word_1_263' title='bbox 2557 1013 2845 1076; x_wconf 83' lang='lat' dir='ltr'><strong>distinctis,</strong></span> <span class='ocrx_word' id='word_1_264' title='bbox 2879 1025 3031 1064; x_wconf 89' lang='lat' dir='ltr'><strong>usum</strong></span> <span class='ocrx_word' id='word_1_265' title='bbox 3067 1008 3294 1063; x_wconf 82' lang='lat' dir='ltr'><strong>diver5ts</strong></span> <span class='ocrx_word' id='word_1_266' title='bbox 3328 1003 3581 1067; x_wconf 86' lang='lat' dir='ltr'><strong>ministe-</strong></span> 
     </span>
    </p>
   </div>
   <div class='ocr_carea' id='block_1_39' title="bbox 2004 1094 3649 1177">
    <p class='ocr_par' dir='ltr' id='par_1_39' title="bbox 2004 1094 3649 1177">
     <span class='ocr_line' id='line_1_39' title="bbox 2004 1094 3649 1177; baseline -0.012 -17"><span class='ocrx_word' id='word_1_267' title='bbox 2004 1107 2097 1160; x_wconf 78' lang='lat' dir='ltr'><strong>riis</strong></span> <span class='ocrx_word' id='word_1_268' title='bbox 2142 1116 2195 1159; x_wconf 87' lang='lat' dir='ltr'><strong>et</strong></span> <span class='ocrx_word' id='word_1_269' title='bbox 2226 1104 2572 1160; x_wconf 83' lang='lat' dir='ltr'><strong>clandestinis</strong></span> <span class='ocrx_word' id='word_1_270' title='bbox 2600 1104 2793 1159; x_wconf 78' lang='lat' dir='ltr'><strong>ofﬁciis</strong></span> <span class='ocrx_word' id='word_1_271' title='bbox 2834 1101 3176 1157; x_wconf 75' lang='lat' dir='ltr'><strong>exhibebant.</strong></span> <span class='ocrx_word' id='word_1_272' title='bbox 3208 1098 3325 1153; x_wconf 69' lang='lat' dir='ltr'><strong>Jum</strong></span> <span class='ocrx_word' id='word_1_273' title='bbox 3370 1108 3497 1148; x_wconf 86' lang='lat' dir='ltr'><strong>vero</strong></span> <span class='ocrx_word' id='word_1_274' title='bbox 3531 1094 3581 1142; x_wconf 91' lang='lat' dir='ltr'><strong>itt</strong></span> <span class='ocrx_word' id='word_1_275' title='bbox 3646 1172 3649 1177; x_wconf 18' lang='lat' dir='ltr'><strong>h</strong></span> 
     </span>
    </p>
   </div>
   <div class='ocr_carea' id='block_1_40' title="bbox 2003 1182 3584 1265">
    <p class='ocr_par' dir='ltr' id='par_1_40' title="bbox 2003 1182 3584 1265">
     <span class='ocr_line' id='line_1_40' title="bbox 2003 1182 3584 1265; baseline -0.01 -14"><span class='ocrx_word' id='word_1_276' title='bbox 2003 1212 2152 1265; x_wconf 57' lang='lat' dir='ltr'><strong>super</strong></span> <span class='ocrx_word' id='word_1_277' title='bbox 2171 1198 2372 1251; x_wconf 89' lang='lat' dir='ltr'><strong>ioribus</strong></span> <span class='ocrx_word' id='word_1_278' title='bbox 2399 1206 2637 1251; x_wconf 59' lang='lat' dir='ltr'><strong>extrema</strong></span> <span class='ocrx_word' id='word_1_279' title='bbox 2670 1197 2831 1249; x_wconf 88' lang='lat' dir='ltr'><strong>tutius</strong></span> <span class='ocrx_word' id='word_1_280' title='bbox 2859 1192 3094 1247; x_wconf 86' lang='lat' dir='ltr'><strong>ambitus</strong></span> <span class='ocrx_word' id='word_1_281' title='bbox 3121 1182 3288 1259; x_wconf 86' lang='lat' dir='ltr'><strong>spatia</strong></span> <span class='ocrx_word' id='word_1_282' title='bbox 3317 1190 3584 1251; x_wconf 81' lang='lat' dir='ltr'><strong>occupant</strong></span> 
     </span>
    </p>
   </div>
   <div class='ocr_carea' id='block_1_41' title="bbox 2004 1277 3583 1357">
    <p class='ocr_par' dir='ltr' id='par_1_41' title="bbox 2004 1277 3583 1357">
     <span class='ocr_line' id='line_1_41' title="bbox 2004 1277 3583 1357; baseline -0.008 -15"><span class='ocrx_word' id='word_1_283' title='bbox 2004 1288 2218 1342; x_wconf 78' lang='lat' dir='ltr'><strong>exedra:</strong></span> <span class='ocrx_word' id='word_1_284' title='bbox 2261 1297 2317 1343; x_wconf 89' lang='lat' dir='ltr'><strong>et</strong></span> <span class='ocrx_word' id='word_1_285' title='bbox 2347 1286 2689 1356; x_wconf 89' lang='lat' dir='ltr'><strong>pastophoria</strong></span> <span class='ocrx_word' id='word_1_286' title='bbox 2736 1284 3149 1357; x_wconf 74' lang='lat' dir='ltr'><strong>(tabernacula),</strong></span> <span class='ocrx_word' id='word_1_287' title='bbox 3192 1284 3487 1347; x_wconf 63' lang='lat' dir='ltr'><strong>d~musque</strong></span> <span class='ocrx_word' id='word_1_288' title='bbox 3532 1277 3583 1328; x_wconf 88' lang='lat' dir='ltr'><strong>iu</strong></span> 
     </span>
    </p>
   </div>
   <div class='ocr_carea' id='block_1_42' title="bbox 2005 1373 3584 1450">
    <p class='ocr_par' dir='ltr' id='par_1_42' title="bbox 2005 1373 3584 1450">
     <span class='ocr_line' id='line_1_42' title="bbox 2005 1373 3584 1450; baseline -0.009 -15"><span class='ocrx_word' id='word_1_289' title='bbox 2005 1382 2276 1436; x_wconf 81' lang='lat' dir='ltr'><strong>excelsum</strong></span> <span class='ocrx_word' id='word_1_290' title='bbox 2309 1388 2593 1450; x_wconf 66' lang='lat' dir='ltr'><strong>porrectae,</strong></span> <span class='ocrx_word' id='word_1_291' title='bbox 2620 1380 2669 1432; x_wconf 91' lang='lat' dir='ltr'><strong>in</strong></span> <span class='ocrx_word' id='word_1_292' title='bbox 2697 1378 2888 1447; x_wconf 90' lang='lat' dir='ltr'><strong>quibus</strong></span> <span class='ocrx_word' id='word_1_293' title='bbox 2916 1379 2999 1431; x_wconf 89' lang='lat' dir='ltr'><strong>vel</strong></span> <span class='ocrx_word' id='word_1_294' title='bbox 3029 1375 3229 1439; x_wconf 73' lang='lat' dir='ltr'><strong>redimi,</strong></span> <span class='ocrx_word' id='word_1_295' title='bbox 3262 1374 3340 1428; x_wconf 86' lang='lat' dir='ltr'><strong>vel</strong></span> <span class='ocrx_word' id='word_1_296' title='bbox 3366 1373 3417 1425; x_wconf 89' lang='lat' dir='ltr'><strong>hi</strong></span> <span class='ocrx_word' id='word_1_297' title='bbox 3448 1382 3584 1438; x_wconf 81' lang='lat' dir='ltr'><strong>quos</strong></span> 
     </span>
    </p>
   </div>
   <div class='ocr_carea' id='block_1_43' title="bbox 2004 1464 3582 1544">
    <p class='ocr_par' dir='ltr' id='par_1_43' title="bbox 2004 1464 3582 1544">
     <span class='ocr_line' id='line_1_43' title="bbox 2004 1464 3582 1544; baseline -0.011 -16"><span class='ocrx_word' id='word_1_298' title='bbox 2004 1473 2343 1542; x_wconf 82' lang='lat' dir='ltr'><strong>appellabant</strong></span> <span class='ocrx_word' id='word_1_299' title='bbox 2382 1482 2406 1511; x_wconf 82' lang='lat'><strong><em>°</em></strong></span> <span class='ocrx_word' id='word_1_300' title='bbox 2440 1475 2766 1544; x_wconf 77' lang='grc' dir='ltr'><strong>ἁγνεύοντας,</strong></span> <span class='ocrx_word' id='word_1_301' title='bbox 2810 1469 2862 1523; x_wconf 88' lang='lat' dir='ltr'><strong>id</strong></span> <span class='ocrx_word' id='word_1_302' title='bbox 2900 1477 2999 1533; x_wconf 89' lang='lat' dir='ltr'><strong>est,</strong></span> <span class='ocrx_word' id='word_1_303' title='bbox 3047 1469 3133 1537; x_wconf 90' lang='lat' dir='ltr'><strong>qui</strong></span> <span class='ocrx_word' id='word_1_304' title='bbox 3171 1482 3227 1520; x_wconf 87' lang='lat' dir='ltr'><strong>se</strong></span> <span class='ocrx_word' id='word_1_305' title='bbox 3263 1464 3582 1522; x_wconf 78' lang='lat' dir='ltr'><strong>castifican&#39;,</strong></span> 
     </span>
    </p>
   </div>
   <div class='ocr_carea' id='block_1_44' title="bbox 2004 1552 3638 1627">
    <p class='ocr_par' dir='ltr' id='par_1_44' title="bbox 2004 1552 3638 1627">
     <span class='ocr_line' id='line_1_44' title="bbox 2004 1552 3638 1627; baseline -0.012 -6"><span class='ocrx_word' id='word_1_306' title='bbox 2004 1580 2346 1621; x_wconf 82' lang='lat' dir='ltr'><strong>comutanere</strong></span> <span class='ocrx_word' id='word_1_307' title='bbox 2383 1565 2525 1619; x_wconf 87' lang='lat' dir='ltr'><strong>soliti</strong></span> <span class='ocrx_word' id='word_1_308' title='bbox 2559 1572 2734 1619; x_wconf 88' lang='lat' dir='ltr'><strong>erant.</strong></span> <span class='ocrx_word' id='word_1_309' title='bbox 2775 1562 3017 1616; x_wconf 78' lang='lat' dir='ltr'><strong>Porticus</strong></span> <span class='ocrx_word' id='word_1_310' title='bbox 3058 1573 3271 1627; x_wconf 88' lang='lat' dir='ltr'><strong>quoque</strong></span> <span class='ocrx_word' id='word_1_311' title='bbox 3310 1563 3425 1622; x_wconf 84' lang='lat' dir='ltr'><strong>post</strong></span> <span class='ocrx_word' id='word_1_312' title='bbox 3472 1552 3586 1604; x_wconf 56' lang='lat' dir='ltr'><strong>hac</strong></span> <span class='ocrx_word' id='word_1_313' title='bbox 3634 1606 3638 1611; x_wconf 90' lang='lat'><strong><em>_</em></strong></span> 
     </span>
    </p>
   </div>
   <div class='ocr_carea' id='block_1_45' title="bbox 2006 1643 3669 1723">
    <p class='ocr_par' dir='ltr' id='par_1_45' title="bbox 2006 1643 3669 1723">
     <span class='ocr_line' id='line_1_45' title="bbox 2006 1643 3669 1723; baseline -0.013 -11"><span class='ocrx_word' id='word_1_314' title='bbox 2006 1672 2233 1712; x_wconf 89' lang='lat' dir='ltr'><strong>omnem</strong></span> <span class='ocrx_word' id='word_1_315' title='bbox 2260 1656 2515 1711; x_wconf 87' lang='lat' dir='ltr'><strong>ambitum</strong></span> <span class='ocrx_word' id='word_1_316' title='bbox 2564 1653 2844 1723; x_wconf 78' lang='lat' dir='ltr'><strong>quadratis</strong></span> <span class='ocrx_word' id='word_1_317' title='bbox 2888 1650 3165 1706; x_wconf 88' lang='lat' dir='ltr'><strong>ordinibus</strong></span> <span class='ocrx_word' id='word_1_318' title='bbox 3203 1648 3464 1701; x_wconf 75' lang='lat' dir='ltr'><strong>diSlittCl;c</strong></span> <span class='ocrx_word' id='word_1_319' title='bbox 3507 1643 3588 1695; x_wconf 87' lang='lat' dir='ltr'><strong>in-</strong></span> <span class='ocrx_word' id='word_1_320' title='bbox 3664 1682 3669 1691; x_wconf 87' lang='lat'><strong>.</strong></span> 
     </span>
    </p>
   </div>
   <div class='ocr_carea' id='block_1_46' title="bbox 2009 1733 3588 1805">
    <p class='ocr_par' dir='ltr' id='par_1_46' title="bbox 2009 1733 3588 1805">
     <span class='ocr_line' id='line_1_46' title="bbox 2009 1733 3588 1805; baseline -0.013 -1"><span class='ocrx_word' id='word_1_321' title='bbox 2009 1750 2271 1804; x_wconf 75' lang='lat' dir='ltr'><strong>trinsecus</strong></span> <span class='ocrx_word' id='word_1_322' title='bbox 2300 1746 2675 1803; x_wconf 81' lang='lat' dir='ltr'><strong>circumibant.</strong></span> <span class='ocrx_word' id='word_1_323' title='bbox 2726 1745 2781 1800; x_wconf 90' lang='lat' dir='ltr'><strong>In</strong></span> <span class='ocrx_word' id='word_1_324' title='bbox 2821 1742 3001 1799; x_wconf 90' lang='lat' dir='ltr'><strong>medio</strong></span> <span class='ocrx_word' id='word_1_325' title='bbox 3047 1741 3210 1795; x_wconf 89' lang='lat' dir='ltr'><strong>totius</strong></span> <span class='ocrx_word' id='word_1_326' title='bbox 3256 1736 3412 1805; x_wconf 82' lang='lat' dir='ltr'><strong>spatii</strong></span> <span class='ocrx_word' id='word_1_327' title='bbox 3444 1733 3588 1788; x_wconf 61' lang='lat' dir='ltr'><strong>mdes</strong></span> 
     </span>
    </p>
   </div>
   <div class='ocr_carea' id='block_1_47' title="bbox 2009 1828 3569 1907">
    <p class='ocr_par' dir='ltr' id='par_1_47' title="bbox 2009 1828 3569 1907">
     <span class='ocr_line' id='line_1_47' title="bbox 2009 1828 3569 1907; baseline -0.014 -11"><span class='ocrx_word' id='word_1_328' title='bbox 2009 1851 2147 1905; x_wconf 86' lang='lat' dir='ltr'><strong>erat,</strong></span> <span class='ocrx_word' id='word_1_329' title='bbox 2186 1839 2437 1907; x_wconf 59' lang='lat' dir='ltr'><strong>pretiosis</strong></span> <span class='ocrx_word' id='word_1_330' title='bbox 2474 1837 2616 1893; x_wconf 88' lang='lat' dir='ltr'><strong>edita</strong></span> <span class='ocrx_word' id='word_1_331' title='bbox 2646 1834 2909 1890; x_wconf 84' lang='lat' dir='ltr'><strong>columnis</strong></span> <span class='ocrx_word' id='word_1_332' title='bbox 2945 1842 2999 1887; x_wconf 91' lang='lat' dir='ltr'><strong>et</strong></span> <span class='ocrx_word' id='word_1_333' title='bbox 3042 1828 3321 1886; x_wconf 84' lang='lat' dir='ltr'><strong>marmoris</strong></span> <span class='ocrx_word' id='word_1_334' title='bbox 3348 1840 3475 1879; x_wconf 85' lang='lat' dir='ltr'><strong>saxo</strong></span> <span class='ocrx_word' id='word_1_335' title='bbox 3505 1838 3569 1875; x_wconf 75' lang='lat' dir='ltr'><strong>ex</strong></span> 
     </span>
    </p>
   </div>
   <div class='ocr_carea' id='block_1_48' title="bbox 1946 1914 3587 1998">
    <p class='ocr_par' dir='ltr' id='par_1_48' title="bbox 1946 1914 3587 1998">
     <span class='ocr_line' id='line_1_48' title="bbox 1946 1914 3587 1998; baseline -0.012 -15"><span class='ocrx_word' id='word_1_336' title='bbox 1946 1925 1984 1983; x_wconf 85' lang='grc' dir='ltr'><strong>Β</strong></span> <span class='ocrx_word' id='word_1_337' title='bbox 2016 1933 2282 1986; x_wconf 89' lang='lat' dir='ltr'><strong>trinsecus</strong></span> <span class='ocrx_word' id='word_1_338' title='bbox 2310 1930 2487 1998; x_wconf 88' lang='lat' dir='ltr'><strong>ample</strong></span> <span class='ocrx_word' id='word_1_339' title='bbox 2525 1927 2909 1996; x_wconf 87' lang='lat' dir='ltr'><strong>magnificeque</strong></span> <span class='ocrx_word' id='word_1_340' title='bbox 2936 1929 3260 1978; x_wconf 88' lang='lat' dir='ltr'><strong>constructa.</strong></span> <span class='ocrx_word' id='word_1_341' title='bbox 3297 1917 3348 1971; x_wconf 93' lang='lat' dir='ltr'><strong>In</strong></span> <span class='ocrx_word' id='word_1_342' title='bbox 3389 1916 3487 1969; x_wconf 84' lang='lat' dir='ltr'><strong>hac</strong></span> <span class='ocrx_word' id='word_1_343' title='bbox 3519 1914 3587 1966; x_wconf 86' lang='lat' dir='ltr'><strong>si-</strong></span> 
     </span>
    </p>
   </div>
   <div class='ocr_carea' id='block_1_49' title="bbox 2011 2014 3588 2091">
    <p class='ocr_par' dir='ltr' id='par_1_49' title="bbox 2011 2014 3588 2091">
     <span class='ocr_line' id='line_1_49' title="bbox 2011 2014 3588 2091; baseline -0.014 -10"><span class='ocrx_word' id='word_1_344' title='bbox 2011 2025 2342 2081; x_wconf 76' lang='lat' dir='ltr'><strong>mulachrum</strong></span> <span class='ocrx_word' id='word_1_345' title='bbox 2372 2022 2591 2091; x_wconf 87' lang='lat' dir='ltr'><strong>Serapis</strong></span> <span class='ocrx_word' id='word_1_346' title='bbox 2617 2020 2687 2074; x_wconf 83' lang='lat' dir='ltr'><strong>ita</strong></span> <span class='ocrx_word' id='word_1_347' title='bbox 2724 2030 2836 2074; x_wconf 87' lang='lat' dir='ltr'><strong>erat</strong></span> <span class='ocrx_word' id='word_1_348' title='bbox 2863 2027 3093 2082; x_wconf 90' lang='lat' dir='ltr'><strong>vastum,</strong></span> <span class='ocrx_word' id='word_1_349' title='bbox 3129 2022 3183 2067; x_wconf 92' lang='lat' dir='ltr'><strong>ut</strong></span> <span class='ocrx_word' id='word_1_350' title='bbox 3208 2014 3390 2067; x_wconf 71' lang='lat' dir='ltr'><strong>dextra</strong></span> <span class='ocrx_word' id='word_1_351' title='bbox 3425 2021 3588 2062; x_wconf 79' lang='lat' dir='ltr'><strong>unum</strong></span> 
     </span>
    </p>
   </div>
   <div class='ocr_carea' id='block_1_50' title="bbox 2013 2105 3590 2190">
    <p class='ocr_par' dir='ltr' id='par_1_50' title="bbox 2013 2105 3590 2190">
     <span class='ocr_line' id='line_1_50' title="bbox 2013 2105 3590 2190; baseline -0.014 -14"><span class='ocrx_word' id='word_1_352' title='bbox 2013 2122 2290 2190; x_wconf 86' lang='lat' dir='ltr'><strong>parietem,</strong></span> <span class='ocrx_word' id='word_1_353' title='bbox 2323 2120 2547 2173; x_wconf 88' lang='lat' dir='ltr'><strong>alterum</strong></span> <span class='ocrx_word' id='word_1_354' title='bbox 2596 2118 2714 2171; x_wconf 82' lang='lat' dir='ltr'><strong>leva</strong></span> <span class='ocrx_word' id='word_1_355' title='bbox 2750 2113 2769 2153; x_wconf 76' lang='grc' dir='ltr'>ί</span> <span class='ocrx_word' id='word_1_356' title='bbox 2812 2113 3198 2183; x_wconf 81' lang='lat' dir='ltr'><strong>perstringerct</strong></span> <span class='ocrx_word' id='word_1_357' title='bbox 3224 2125 3236 2161; x_wconf 94' lang='lat'>:</span> <span class='ocrx_word' id='word_1_358' title='bbox 3267 2105 3407 2177; x_wconf 87' lang='lat' dir='ltr'><strong>quod</strong></span> <span class='ocrx_word' id='word_1_359' title='bbox 3440 2118 3590 2159; x_wconf 80' lang='lat' dir='ltr'><strong>mon-</strong></span> 
     </span>
    </p>
   </div>
   <div class='ocr_carea' id='block_1_51' title="bbox 2007 2199 3591 2276">
    <p class='ocr_par' dir='ltr' id='par_1_51' title="bbox 2007 2199 3591 2276">
     <span class='ocr_line' id='line_1_51' title="bbox 2007 2199 3591 2276; baseline -0.014 -10"><span class='ocrx_word' id='word_1_360' title='bbox 2007 2220 2178 2266; x_wconf 83' lang='lat' dir='ltr'><strong>strum</strong></span> <span class='ocrx_word' id='word_1_361' title='bbox 2209 2226 2273 2265; x_wconf 85' lang='lat' dir='ltr'><strong>ex</strong></span> <span class='ocrx_word' id='word_1_362' title='bbox 2315 2208 2565 2263; x_wconf 87' lang='lat' dir='ltr'><strong>omnibus</strong></span> <span class='ocrx_word' id='word_1_363' title='bbox 2602 2206 2886 2276; x_wconf 80' lang='lat' dir='ltr'><strong>generibus</strong></span> <span class='ocrx_word' id='word_1_364' title='bbox 2928 2202 3259 2257; x_wconf 74' lang='lat' dir='ltr'><strong>metallorum</strong></span> <span class='ocrx_word' id='word_1_365' title='bbox 3298 2199 3591 2266; x_wconf 49' lang='lat' dir='ltr'><strong>lignorum.</strong></span> 
     </span>
    </p>
   </div>
   <div class='ocr_carea' id='block_1_52' title="bbox 2008 2284 3590 2375">
    <p class='ocr_par' dir='ltr' id='par_1_52' title="bbox 2008 2284 3590 2375">
     <span class='ocr_line' id='line_1_52' title="bbox 2008 2284 3590 2375; baseline -0.016 -16"><span class='ocrx_word' id='word_1_366' title='bbox 2008 2319 2109 2375; x_wconf 62' lang='lat' dir='ltr'><strong>que</strong></span> <span class='ocrx_word' id='word_1_367' title='bbox 2134 2303 2489 2371; x_wconf 65' lang='lat' dir='ltr'><strong>compositum</strong></span> <span class='ocrx_word' id='word_1_368' title='bbox 2510 2300 2800 2352; x_wconf 79' lang='lat' dir='ltr'><strong>ferebatur.</strong></span> <span class='ocrx_word' id='word_1_369' title='bbox 2821 2295 3110 2349; x_wconf 88' lang='lat' dir='ltr'><strong>Interiores</strong></span> <span class='ocrx_word' id='word_1_370' title='bbox 3127 2285 3332 2344; x_wconf 87' lang='lat' dir='ltr'><strong>delubri</strong></span> <span class='ocrx_word' id='word_1_371' title='bbox 3358 2284 3590 2375; x_wconf 78' lang='lat' dir='ltr'><strong>parietes</strong></span> 
     </span>
    </p>
   </div>
   <div class='ocr_carea' id='block_1_53' title="bbox 2011 2372 3591 2461">
    <p class='ocr_par' dir='ltr' id='par_1_53' title="bbox 2011 2372 3591 2461">
     <span class='ocr_line' id='line_1_53' title="bbox 2011 2372 3591 2461; baseline -0.015 -13"><span class='ocrx_word' id='word_1_372' title='bbox 2011 2372 2224 2449; x_wconf 80' lang='lat' dir='ltr'><strong>laminis</strong></span> <span class='ocrx_word' id='word_1_373' title='bbox 2254 2394 2424 2461; x_wconf 90' lang='lat' dir='ltr'><strong>primo</strong></span> <span class='ocrx_word' id='word_1_374' title='bbox 2451 2389 2630 2443; x_wconf 85' lang='lat' dir='ltr'><strong>aureis</strong></span> <span class='ocrx_word' id='word_1_375' title='bbox 2661 2385 2863 2453; x_wconf 90' lang='lat' dir='ltr'><strong>vestiti,</strong></span> <span class='ocrx_word' id='word_1_376' title='bbox 2893 2397 3053 2452; x_wconf 87' lang='lat' dir='ltr'><strong>super</strong></span> <span class='ocrx_word' id='word_1_377' title='bbox 3082 2380 3180 2434; x_wconf 88' lang='lat' dir='ltr'><strong>has</strong></span> <span class='ocrx_word' id='word_1_378' title='bbox 3209 2385 3500 2446; x_wconf 78' lang='lat' dir='ltr'><strong>argenteis,</strong></span> <span class='ocrx_word' id='word_1_379' title='bbox 3526 2372 3591 2424; x_wconf 86' lang='lat' dir='ltr'><strong>ad</strong></span> 
     </span>
    </p>
   </div>
   <div class='ocr_carea' id='block_1_54' title="bbox 2012 2460 3589 2553">
    <p class='ocr_par' dir='ltr' id='par_1_54' title="bbox 2012 2460 3589 2553">
     <span class='ocr_line' id='line_1_54' title="bbox 2012 2460 3589 2553; baseline -0.015 -15"><span class='ocrx_word' id='word_1_380' title='bbox 2012 2460 2340 2553; x_wconf 78' lang='lat' dir='ltr'><strong>postremum</strong></span> <span class='ocrx_word' id='word_1_381' title='bbox 2385 2481 2540 2534; x_wconf 81' lang='lat' dir='ltr'><strong>:creis</strong></span> <span class='ocrx_word' id='word_1_382' title='bbox 2567 2477 2920 2541; x_wconf 85' lang='lat' dir='ltr'><strong>habebantur,</strong></span> <span class='ocrx_word' id='word_1_383' title='bbox 2952 2489 3073 2543; x_wconf 77' lang='lat' dir='ltr'><strong>qua:</strong></span> <span class='ocrx_word' id='word_1_384' title='bbox 3116 2470 3450 2525; x_wconf 74' lang='lat' dir='ltr'><strong>munimento</strong></span> <span class='ocrx_word' id='word_1_385' title='bbox 3484 2460 3589 2535; x_wconf 75' lang='lat' dir='ltr'><strong>[AL</strong></span> 
     </span>
    </p>
   </div>
   <div class='ocr_carea' id='block_1_55' title="bbox 2012 2559 3597 2646">
    <p class='ocr_par' dir='ltr' id='par_1_55' title="bbox 2012 2559 3597 2646">
     <span class='ocr_line' id='line_1_55' title="bbox 2012 2559 3597 2646; baseline -0.015 -14"><span class='ocrx_word' id='word_1_386' title='bbox 2012 2574 2362 2646; x_wconf 70' lang='lat' dir='ltr'><strong>monimenta]</strong></span> <span class='ocrx_word' id='word_1_387' title='bbox 2416 2572 2824 2645; x_wconf 83' lang='lat' dir='ltr'><strong>pretiosiuribus</strong></span> <span class='ocrx_word' id='word_1_388' title='bbox 2884 2566 3116 2623; x_wconf 86' lang='lat' dir='ltr'><strong>metallis</strong></span> <span class='ocrx_word' id='word_1_389' title='bbox 3176 2564 3383 2643; x_wconf 64' lang='lat' dir='ltr'><strong>forent.</strong></span> <span class='ocrx_word' id='word_1_390' title='bbox 3435 2559 3597 2611; x_wconf 81' lang='lat' dir='ltr'><strong>Erant</strong></span> 
     </span>
    </p>
   </div>
   <div class='ocr_carea' id='block_1_56' title="bbox 2011 2652 3598 2739">
    <p class='ocr_par' dir='ltr' id='par_1_56' title="bbox 2011 2652 3598 2739">
     <span class='ocr_line' id='line_1_56' title="bbox 2011 2652 3598 2739; baseline -0.014 -14"><span class='ocrx_word' id='word_1_391' title='bbox 2011 2672 2171 2726; x_wconf 91' lang='lat' dir='ltr'><strong>etiam</strong></span> <span class='ocrx_word' id='word_1_392' title='bbox 2205 2670 2448 2739; x_wconf 82' lang='lat' dir='ltr'><strong>qua-dam</strong></span> <span class='ocrx_word' id='word_1_393' title='bbox 2479 2667 2546 2722; x_wconf 91' lang='lat' dir='ltr'><strong>ad</strong></span> <span class='ocrx_word' id='word_1_394' title='bbox 2574 2678 2845 2735; x_wconf 89' lang='lat' dir='ltr'><strong>stuporem</strong></span> <span class='ocrx_word' id='word_1_395' title='bbox 2872 2660 3383 2725; x_wconf 84' lang='lat' dir='ltr'><strong>admiratioremque</strong></span> <span class='ocrx_word' id='word_1_396' title='bbox 3414 2652 3598 2706; x_wconf 76' lang='lat' dir='ltr'><strong>viden-</strong></span> 
     </span>
    </p>
   </div>
   <div class='ocr_carea' id='block_1_57' title="bbox 2014 2743 3598 2830">
    <p class='ocr_par' dir='ltr' id='par_1_57' title="bbox 2014 2743 3598 2830">
     <span class='ocr_line' id='line_1_57' title="bbox 2014 2743 3598 2830; baseline -0.013 -12"><span class='ocrx_word' id='word_1_397' title='bbox 2014 2766 2167 2830; x_wconf 91' lang='lat' dir='ltr'><strong>tium,</strong></span> <span class='ocrx_word' id='word_1_398' title='bbox 2196 2763 2335 2818; x_wconf 88' lang='lat' dir='ltr'><strong>dolis</strong></span> <span class='ocrx_word' id='word_1_399' title='bbox 2360 2769 2419 2818; x_wconf 89' lang='lat' dir='ltr'><strong>et</strong></span> <span class='ocrx_word' id='word_1_400' title='bbox 2447 2771 2562 2815; x_wconf 90' lang='lat' dir='ltr'><strong>arte</strong></span> <span class='ocrx_word' id='word_1_401' title='bbox 2593 2757 2910 2826; x_wconf 86' lang='lat' dir='ltr'><strong>composita.</strong></span> <span class='ocrx_word' id='word_1_402' title='bbox 2938 2754 3193 2809; x_wconf 82' lang='lat' dir='ltr'><strong>Fenestra</strong></span> <span class='ocrx_word' id='word_1_403' title='bbox 3224 2746 3506 2817; x_wconf 72' lang='lat' dir='ltr'><strong>perexigua</strong></span> <span class='ocrx_word' id='word_1_404' title='bbox 3533 2743 3598 2794; x_wconf 74' lang='lat' dir='ltr'><strong>ab</strong></span> 
     </span>
    </p>
   </div>
   <div class='ocr_carea' id='block_1_58' title="bbox 2012 2836 3598 2921">
    <p class='ocr_par' dir='ltr' id='par_1_58' title="bbox 2012 2836 3598 2921">
     <span class='ocr_line' id='line_1_58' title="bbox 2012 2836 3598 2921; baseline -0.016 -10"><span class='ocrx_word' id='word_1_405' title='bbox 2012 2846 2292 2911; x_wconf 39' lang='lat' dir='ltr'><strong>ortu‘solis</strong></span> <span class='ocrx_word' id='word_1_406' title='bbox 2346 2855 2415 2908; x_wconf 89' lang='lat' dir='ltr'><strong>ita</strong></span> <span class='ocrx_word' id='word_1_407' title='bbox 2446 2861 2561 2908; x_wconf 91' lang='lat' dir='ltr'><strong>erat</strong></span> <span class='ocrx_word' id='word_1_408' title='bbox 2588 2861 2788 2921; x_wconf 87' lang='lat' dir='ltr'><strong>aptata,</strong></span> <span class='ocrx_word' id='word_1_409' title='bbox 2823 2855 2881 2901; x_wconf 87' lang='lat' dir='ltr'><strong>ttt</strong></span> <span class='ocrx_word' id='word_1_410' title='bbox 2909 2847 2996 2901; x_wconf 90' lang='lat' dir='ltr'><strong>die</strong></span> <span class='ocrx_word' id='word_1_411' title='bbox 3025 2859 3127 2915; x_wconf 86' lang='lat' dir='ltr'><strong>qua</strong></span> <span class='ocrx_word' id='word_1_412' title='bbox 3176 2842 3346 2896; x_wconf 83' lang='lat' dir='ltr'><strong>fuerat</strong></span> <span class='ocrx_word' id='word_1_413' title='bbox 3388 2836 3598 2891; x_wconf 83' lang='lat' dir='ltr'><strong>institu-</strong></span> 
     </span>
    </p>
   </div>
   <div class='ocr_carea' id='block_1_59' title="bbox 2017 2928 3598 3004">
    <p class='ocr_par' dir='ltr' id='par_1_59' title="bbox 2017 2928 3598 3004">
     <span class='ocr_line' id='line_1_59' title="bbox 2017 2928 3598 3004; baseline -0.016 -1"><span class='ocrx_word' id='word_1_414' title='bbox 2017 2957 2127 3003; x_wconf 90' lang='lat' dir='ltr'><strong>tum</strong></span> <span class='ocrx_word' id='word_1_415' title='bbox 2173 2946 2555 3001; x_wconf 88' lang='lat' dir='ltr'><strong>simulachrum</strong></span> <span class='ocrx_word' id='word_1_416' title='bbox 2601 2943 2741 2999; x_wconf 80' lang='lat' dir='ltr'><strong>Soiis</strong></span> <span class='ocrx_word' id='word_1_417' title='bbox 2786 2940 2850 2994; x_wconf 87' lang='lat' dir='ltr'><strong>ad</strong></span> <span class='ocrx_word' id='word_1_418' title='bbox 2882 2937 3111 3004; x_wconf 69' lang='lat' dir='ltr'><strong>Serapio</strong></span> <span class='ocrx_word' id='word_1_419' title='bbox 3142 2930 3478 2987; x_wconf 68' lang='lat' dir='ltr'><strong>salutandum</strong></span> <span class='ocrx_word' id='word_1_420' title='bbox 3519 2928 3598 2979; x_wconf 78' lang='lat' dir='ltr'><strong>in—</strong></span> 
     </span>
    </p>
   </div>
   <div class='ocr_carea' id='block_1_60' title="bbox 2015 3021 3597 3105">
    <p class='ocr_par' dir='ltr' id='par_1_60' title="bbox 2015 3021 3597 3105">
     <span class='ocr_line' id='line_1_60' title="bbox 2015 3021 3597 3105; baseline -0.015 -13"><span class='ocrx_word' id='word_1_421' title='bbox 2015 3038 2262 3102; x_wconf 87' lang='lat' dir='ltr'><strong>troferri,</strong></span> <span class='ocrx_word' id='word_1_422' title='bbox 2308 3036 2595 3105; x_wconf 69' lang='lat' dir='ltr'><strong>diligenter</strong></span> <span class='ocrx_word' id='word_1_423' title='bbox 2650 3029 2979 3101; x_wconf 90' lang='lat' dir='ltr'><strong>temporibus</strong></span> <span class='ocrx_word' id='word_1_424' title='bbox 3033 3024 3358 3088; x_wconf 79' lang='lat' dir='ltr'><strong>observatis,</strong></span> <span class='ocrx_word' id='word_1_425' title='bbox 3418 3021 3597 3087; x_wconf 74' lang='lat' dir='ltr'><strong>ingre-</strong></span> 
     </span>
    </p>
   </div>
   <div class='ocr_carea' id='block_1_61' title="bbox 2016 3112 3596 3187">
    <p class='ocr_par' dir='ltr' id='par_1_61' title="bbox 2016 3112 3596 3187">
     <span class='ocr_line' id='line_1_61' title="bbox 2016 3112 3596 3187; baseline -0.013 -2"><span class='ocrx_word' id='word_1_426' title='bbox 2016 3131 2197 3185; x_wconf 88' lang='lat' dir='ltr'><strong>diente</strong></span> <span class='ocrx_word' id='word_1_427' title='bbox 2246 3129 2575 3183; x_wconf 83' lang='lat' dir='ltr'><strong>simulachro</strong></span> <span class='ocrx_word' id='word_1_428' title='bbox 2605 3126 2787 3179; x_wconf 81' lang='lat' dir='ltr'><strong>radius</strong></span> <span class='ocrx_word' id='word_1_429' title='bbox 2830 3122 2959 3175; x_wconf 90' lang='lat' dir='ltr'><strong>solis</strong></span> <span class='ocrx_word' id='word_1_430' title='bbox 3012 3135 3105 3187; x_wconf 89' lang='lat' dir='ltr'><strong>per</strong></span> <span class='ocrx_word' id='word_1_431' title='bbox 3150 3116 3373 3171; x_wconf 86' lang='lat' dir='ltr'><strong>eandem</strong></span> <span class='ocrx_word' id='word_1_432' title='bbox 3426 3112 3596 3165; x_wconf 88' lang='lat' dir='ltr'><strong>fenes-</strong></span> 
     </span>
    </p>
   </div>
   <div class='ocr_carea' id='block_1_62' title="bbox 2019 3206 3598 3284">
    <p class='ocr_par' dir='ltr' id='par_1_62' title="bbox 2019 3206 3598 3284">
     <span class='ocr_line' id='line_1_62' title="bbox 2019 3206 3598 3284; baseline -0.012 -8"><span class='ocrx_word' id='word_1_433' title='bbox 2019 3231 2153 3276; x_wconf 88' lang='lat' dir='ltr'><strong>tram</strong></span> <span class='ocrx_word' id='word_1_434' title='bbox 2179 3231 2203 3267; x_wconf 72' lang='grc' dir='ltr'><strong><em>κ</em></strong></span> <span class='ocrx_word' id='word_1_435' title='bbox 2230 3221 2486 3284; x_wconf 87' lang='lat' dir='ltr'><strong>directus,</strong></span> <span class='ocrx_word' id='word_1_436' title='bbox 2513 3232 2572 3271; x_wconf 89' lang='lat' dir='ltr'><strong>os</strong></span> <span class='ocrx_word' id='word_1_437' title='bbox 2608 3226 2660 3271; x_wconf 88' lang='lat' dir='ltr'><strong>et</strong></span> <span class='ocrx_word' id='word_1_438' title='bbox 2695 3215 2840 3269; x_wconf 67' lang='lat' dir='ltr'><strong>labra</strong></span> <span class='ocrx_word' id='word_1_439' title='bbox 2864 3213 3077 3279; x_wconf 88' lang='lat' dir='ltr'><strong>Serapis</strong></span> <span class='ocrx_word' id='word_1_440' title='bbox 3108 3210 3423 3269; x_wconf 81' lang='lat' dir='ltr'><strong>illustraret,</strong></span> <span class='ocrx_word' id='word_1_441' title='bbox 3447 3206 3517 3257; x_wconf 83' lang='lat' dir='ltr'><strong>ita</strong></span> <span class='ocrx_word' id='word_1_442' title='bbox 3541 3210 3598 3257; x_wconf 85' lang='lat' dir='ltr'><strong>ut</strong></span> 
     </span>
    </p>
   </div>
   <div class='ocr_carea' id='block_1_63' title="bbox 325 3294 3598 3382">
    <p class='ocr_par' dir='ltr' id='par_1_63' title="bbox 325 3294 3598 3382">
     <span class='ocr_line' id='line_1_63' title="bbox 325 3294 3598 3382; baseline -0.003 -26"><span class='ocrx_word' id='word_1_443' title='bbox 325 3304 484 3358; x_wconf 87' lang='lat' dir='ltr'><strong>etiam</strong></span> <span class='ocrx_word' id='word_1_444' title='bbox 529 3301 793 3357; x_wconf 84' lang='lat' dir='ltr'><strong>bellorum</strong></span> <span class='ocrx_word' id='word_1_445' title='bbox 829 3315 1020 3356; x_wconf 86' lang='lat' dir='ltr'><strong>caussa</strong></span> <span class='ocrx_word' id='word_1_446' title='bbox 1053 3301 1252 3369; x_wconf 89' lang='lat' dir='ltr'><strong>pariter</strong></span> <span class='ocrx_word' id='word_1_447' title='bbox 1280 3301 1707 3371; x_wconf 86' lang='lat' dir='ltr'><strong>conquiesceret.</strong></span> <span class='ocrx_word' id='word_1_448' title='bbox 1747 3298 1908 3355; x_wconf 85' lang='lat' dir='ltr'><strong>Cum-</strong></span> <span class='ocrx_word' id='word_1_449' title='bbox 1937 3302 1984 3367; x_wconf 69' lang='lat'><strong>(1</strong></span> <span class='ocrx_word' id='word_1_450' title='bbox 2016 3314 2347 3382; x_wconf 53' lang='lat' dir='ltr'><strong>inspectante</strong></span> <span class='ocrx_word' id='word_1_451' title='bbox 2395 3309 2610 3380; x_wconf 74' lang='grc' dir='ltr'><strong>ροριιιυ,</strong></span> <span class='ocrx_word' id='word_1_452' title='bbox 2661 3308 2843 3361; x_wconf 83' lang='lat' dir='ltr'><strong>osculo</strong></span> <span class='ocrx_word' id='word_1_453' title='bbox 2871 3306 3132 3359; x_wconf 83' lang='lat' dir='ltr'><strong>salutatus</strong></span> <span class='ocrx_word' id='word_1_454' title='bbox 3180 3297 3399 3363; x_wconf 81' lang='lat' dir='ltr'><strong>Serapis</strong></span> <span class='ocrx_word' id='word_1_455' title='bbox 3448 3294 3598 3347; x_wconf 86' lang='lat' dir='ltr'><strong>vide-</strong></span> 
     </span>
    </p>
   </div>
   <div class='ocr_carea' id='block_1_64' title="bbox 325 3389 1913 3461">
    <p class='ocr_par' dir='ltr' id='par_1_64' title="bbox 325 3389 1913 3461">
     <span class='ocr_line' id='line_1_64' title="bbox 325 3389 1913 3461; baseline -0.001 -15"><span class='ocrx_word' id='word_1_456' title='bbox 325 3408 429 3461; x_wconf 87' lang='lat' dir='ltr'><strong>que</strong></span> <span class='ocrx_word' id='word_1_457' title='bbox 473 3391 588 3446; x_wconf 67' lang='lat' dir='ltr'><strong>hinc</strong></span> <span class='ocrx_word' id='word_1_458' title='bbox 635 3391 831 3460; x_wconf 87' lang='lat' dir='ltr'><strong>scripta</strong></span> <span class='ocrx_word' id='word_1_459' title='bbox 872 3390 1167 3458; x_wconf 74' lang='lat' dir='ltr'><strong>venissent,</strong></span> <span class='ocrx_word' id='word_1_460' title='bbox 1208 3398 1265 3445; x_wconf 92' lang='lat' dir='ltr'><strong>et</strong></span> <span class='ocrx_word' id='word_1_461' title='bbox 1318 3391 1464 3444; x_wconf 87' lang='lat' dir='ltr'><strong>velut</strong></span> <span class='ocrx_word' id='word_1_462' title='bbox 1508 3399 1627 3459; x_wconf 87' lang='lat' dir='ltr'><strong>post</strong></span> <span class='ocrx_word' id='word_1_463' title='bbox 1674 3389 1913 3445; x_wconf 88' lang='lat' dir='ltr'><strong>inducias</strong></span> 
     </span>
    </p>
   </div>
   <div class='ocr_carea' id='block_1_65' title="bbox 330 3483 1913 3555">
    <p class='ocr_par' dir='ltr' id='par_1_65' title="bbox 330 3483 1913 3555">
     <span class='ocr_line' id='line_1_65' title="bbox 330 3483 1913 3555; baseline -0.001 -16"><span class='ocrx_word' id='word_1_464' title='bbox 330 3487 478 3555; x_wconf 83' lang='lat' dir='ltr'><strong>parvi</strong></span> <span class='ocrx_word' id='word_1_465' title='bbox 512 3486 771 3555; x_wconf 89' lang='lat' dir='ltr'><strong>temporis</strong></span> <span class='ocrx_word' id='word_1_466' title='bbox 807 3484 873 3538; x_wconf 87' lang='lat' dir='ltr'><strong>ad</strong></span> <span class='ocrx_word' id='word_1_467' title='bbox 904 3483 1226 3539; x_wconf 83' lang='lat' dir='ltr'><strong>audiendum</strong></span> <span class='ocrx_word' id='word_1_468' title='bbox 1266 3492 1496 3553; x_wconf 89' lang='lat' dir='ltr'><strong>uterque</strong></span> <span class='ocrx_word' id='word_1_469' title='bbox 1532 3484 1759 3552; x_wconf 91' lang='lat' dir='ltr'><strong>populus</strong></span> <span class='ocrx_word' id='word_1_470' title='bbox 1786 3497 1913 3539; x_wconf 86' lang='lat' dir='ltr'><strong>con-</strong></span> 
     </span>
    </p>
   </div>
   <div class='ocr_carea' id='block_1_66' title="bbox 326 3574 1911 3645">
    <p class='ocr_par' dir='ltr' id='par_1_66' title="bbox 326 3574 1911 3645">
     <span class='ocr_line' id='line_1_66' title="bbox 326 3574 1911 3645; baseline -0.001 -15"><span class='ocrx_word' id='word_1_471' title='bbox 326 3578 562 3633; x_wconf 86' lang='lat' dir='ltr'><strong>venisset</strong></span> <span class='ocrx_word' id='word_1_472' title='bbox 597 3576 664 3631; x_wconf 88' lang='lat' dir='ltr'><strong>ad</strong></span> <span class='ocrx_word' id='word_1_473' title='bbox 692 3576 976 3645; x_wconf 89' lang='lat' dir='ltr'><strong>templum,</strong></span> <span class='ocrx_word' id='word_1_474' title='bbox 1009 3577 1187 3631; x_wconf 89' lang='lat' dir='ltr'><strong>statim</strong></span> <span class='ocrx_word' id='word_1_475' title='bbox 1236 3585 1295 3628; x_wconf 92' lang='lat' dir='ltr'><strong>ut</strong></span> <span class='ocrx_word' id='word_1_476' title='bbox 1334 3576 1501 3643; x_wconf 90' lang='lat' dir='ltr'><strong>prima</strong></span> <span class='ocrx_word' id='word_1_477' title='bbox 1540 3574 1793 3644; x_wconf 73' lang='lat' dir='ltr'><strong>Epistolas</strong></span> <span class='ocrx_word' id='word_1_478' title='bbox 1822 3588 1911 3643; x_wconf 83' lang='lat' dir='ltr'><strong>pa-</strong></span> 
     </span>
    </p>
   </div>
   <div class='ocr_carea' id='block_1_67' title="bbox 327 3665 1913 3739">
    <p class='ocr_par' dir='ltr' id='par_1_67' title="bbox 327 3665 1913 3739">
     <span class='ocr_line' id='line_1_67' title="bbox 327 3665 1913 3739; baseline 0.001 -19"><span class='ocrx_word' id='word_1_479' title='bbox 327 3671 449 3739; x_wconf 85' lang='lat' dir='ltr'><strong>gina</strong></span> <span class='ocrx_word' id='word_1_480' title='bbox 479 3679 504 3708; x_wconf 72' lang='grc' dir='ltr'>ε</span> <span class='ocrx_word' id='word_1_481' title='bbox 536 3678 773 3724; x_wconf 87' lang='lat' dir='ltr'><strong>reserata</strong></span> <span class='ocrx_word' id='word_1_482' title='bbox 802 3678 905 3731; x_wconf 91' lang='lat' dir='ltr'><strong>est,</strong></span> <span class='ocrx_word' id='word_1_483' title='bbox 936 3668 988 3721; x_wconf 94' lang='lat' dir='ltr'><strong>in</strong></span> <span class='ocrx_word' id='word_1_484' title='bbox 1018 3667 1170 3737; x_wconf 89' lang='lat' dir='ltr'><strong>cujus</strong></span> <span class='ocrx_word' id='word_1_485' title='bbox 1204 3665 1426 3722; x_wconf 82' lang='lat' dir='ltr'><strong>exordio</strong></span> <span class='ocrx_word' id='word_1_486' title='bbox 1451 3681 1589 3721; x_wconf 88' lang='lat' dir='ltr'><strong>vana</strong></span> <span class='ocrx_word' id='word_1_487' title='bbox 1625 3665 1913 3723; x_wconf 86' lang='lat' dir='ltr'><strong>Gentilium</strong></span> 
     </span>
    </p>
   </div>
   <div class='ocr_carea' id='block_1_68' title="bbox 328 3759 1915 3831">
    <p class='ocr_par' dir='ltr' id='par_1_68' title="bbox 328 3759 1915 3831">
     <span class='ocr_line' id='line_1_68' title="bbox 328 3759 1915 3831; baseline 0 -16"><span class='ocrx_word' id='word_1_488' title='bbox 328 3761 639 3831; x_wconf 77' lang='lat' dir='ltr'><strong>superstitio</strong></span> <span class='ocrx_word' id='word_1_489' title='bbox 685 3759 1024 3829; x_wconf 89' lang='lat' dir='ltr'><strong>culpabatur,</strong></span> <span class='ocrx_word' id='word_1_490' title='bbox 1064 3762 1269 3815; x_wconf 88' lang='lat' dir='ltr'><strong>clamor</strong></span> <span class='ocrx_word' id='word_1_491' title='bbox 1313 3774 1342 3812; x_wconf 86' lang='lat' dir='ltr'><strong>a</strong></span> <span class='ocrx_word' id='word_1_492' title='bbox 1384 3759 1582 3814; x_wconf 91' lang='lat' dir='ltr'><strong>nostris</strong></span> <span class='ocrx_word' id='word_1_493' title='bbox 1623 3760 1915 3815; x_wconf 87' lang='lat' dir='ltr'><strong>immensus</strong></span> 
     </span>
    </p>
   </div>
   <div class='ocr_carea' id='block_1_69' title="bbox 320 3850 1925 3919">
    <p class='ocr_par' dir='ltr' id='par_1_69' title="bbox 320 3850 1925 3919">
     <span class='ocr_line' id='line_1_69' title="bbox 320 3850 1925 3919; baseline -0.001 -12"><span class='ocrx_word' id='word_1_494' title='bbox 320 3853 611 3915; x_wconf 71' lang='lat' dir='ltr'><strong>attollitur,</strong></span> <span class='ocrx_word' id='word_1_495' title='bbox 631 3860 818 3919; x_wconf 88' lang='lat' dir='ltr'><strong>stupor</strong></span> <span class='ocrx_word' id='word_1_496' title='bbox 838 3865 900 3905; x_wconf 88' lang='lat' dir='ltr'><strong>ac</strong></span> <span class='ocrx_word' id='word_1_497' title='bbox 928 3864 1093 3919; x_wconf 88' lang='lat' dir='ltr'><strong>pavor</strong></span> <span class='ocrx_word' id='word_1_498' title='bbox 1114 3850 1401 3906; x_wconf 89' lang='lat' dir='ltr'><strong>Gentilium</strong></span> <span class='ocrx_word' id='word_1_499' title='bbox 1435 3850 1657 3919; x_wconf 92' lang='lat' dir='ltr'><strong>populos</strong></span> <span class='ocrx_word' id='word_1_500' title='bbox 1689 3850 1925 3906; x_wconf 46' lang='lat' dir='ltr'><strong>invadit;</strong></span> 
     </span>
    </p>
   </div>
   <div class='ocr_carea' id='block_1_70' title="bbox 329 3941 1915 4012">
    <p class='ocr_par' dir='ltr' id='par_1_70' title="bbox 329 3941 1915 4012">
     <span class='ocr_line' id='line_1_70' title="bbox 329 3941 1915 4012; baseline -0.003 -13"><span class='ocrx_word' id='word_1_501' title='bbox 329 3943 584 3999; x_wconf 84' lang='lat' dir='ltr'><strong>Latebras</strong></span> <span class='ocrx_word' id='word_1_502' title='bbox 613 3942 973 4012; x_wconf 90' lang='lat' dir='ltr'><strong>unusquisque</strong></span> <span class='ocrx_word' id='word_1_503' title='bbox 1001 3956 1266 4011; x_wconf 64' lang='lat' dir='ltr'><strong>quaerere,</strong></span> <span class='ocrx_word' id='word_1_504' title='bbox 1300 3950 1557 4011; x_wconf 85' lang='lat' dir='ltr'><strong>angustos</strong></span> <span class='ocrx_word' id='word_1_505' title='bbox 1588 3941 1724 4012; x_wconf 75' lang='lat' dir='ltr'><strong>fuga:</strong></span> <span class='ocrx_word' id='word_1_506' title='bbox 1751 3941 1915 3997; x_wconf 89' lang='lat' dir='ltr'><strong>calles</strong></span> 
     </span>
    </p>
   </div>
   <div class='ocr_carea' id='block_1_71' title="bbox 329 4032 1916 4103">
    <p class='ocr_par' dir='ltr' id='par_1_71' title="bbox 329 4032 1916 4103">
     <span class='ocr_line' id='line_1_71' title="bbox 329 4032 1916 4103; baseline -0.001 -14"><span class='ocrx_word' id='word_1_507' title='bbox 329 4035 532 4099; x_wconf 83' lang='lat' dir='ltr'><strong>rimari,</strong></span> <span class='ocrx_word' id='word_1_508' title='bbox 555 4043 649 4090; x_wconf 88' lang='lat' dir='ltr'><strong>aut</strong></span> <span class='ocrx_word' id='word_1_509' title='bbox 673 4033 871 4089; x_wconf 86' lang='lat' dir='ltr'><strong>nostris</strong></span> <span class='ocrx_word' id='word_1_510' title='bbox 897 4048 957 4087; x_wconf 87' lang='lat' dir='ltr'><strong>se</strong></span> <span class='ocrx_word' id='word_1_511' title='bbox 984 4034 1210 4089; x_wconf 88' lang='lat' dir='ltr'><strong>latenter</strong></span> <span class='ocrx_word' id='word_1_512' title='bbox 1236 4032 1553 4103; x_wconf 85' lang='lat' dir='ltr'><strong>immergere</strong></span> <span class='ocrx_word' id='word_1_513' title='bbox 1581 4050 1595 4086; x_wconf 90' lang='lat'><strong>:</strong></span> <span class='ocrx_word' id='word_1_514' title='bbox 1621 4041 1679 4088; x_wconf 93' lang='lat' dir='ltr'><strong>ut</strong></span> <span class='ocrx_word' id='word_1_515' title='bbox 1706 4033 1776 4089; x_wconf 85' lang='lat' dir='ltr'><strong>ab</strong></span> <span class='ocrx_word' id='word_1_516' title='bbox 1801 4048 1916 4088; x_wconf 71' lang='lat' dir='ltr'><strong>om~</strong></span> 
     </span>
    </p>
   </div>
   <div class='ocr_carea' id='block_1_72' title="bbox 331 4125 1917 4196">
    <p class='ocr_par' dir='ltr' id='par_1_72' title="bbox 331 4125 1917 4196">
     <span class='ocr_line' id='line_1_72' title="bbox 331 4125 1917 4196; baseline -0.003 -14"><span class='ocrx_word' id='word_1_517' title='bbox 331 4127 485 4182; x_wconf 82' lang='lat' dir='ltr'><strong>ni‘bus</strong></span> <span class='ocrx_word' id='word_1_518' title='bbox 514 4127 604 4196; x_wconf 89' lang='lat' dir='ltr'><strong>qui</strong></span> <span class='ocrx_word' id='word_1_519' title='bbox 648 4127 869 4181; x_wconf 88' lang='lat' dir='ltr'><strong>aderant</strong></span> <span class='ocrx_word' id='word_1_520' title='bbox 912 4134 1246 4190; x_wconf 85' lang='lat' dir='ltr'><strong>nosceretur,</strong></span> <span class='ocrx_word' id='word_1_521' title='bbox 1279 4126 1561 4194; x_wconf 67' lang='lat' dir='ltr'><strong>prmsentia</strong></span> <span class='ocrx_word' id='word_1_522' title='bbox 1592 4125 1685 4179; x_wconf 90' lang='lat' dir='ltr'><strong>Dei</strong></span> <span class='ocrx_word' id='word_1_523' title='bbox 1723 4127 1917 4194; x_wconf 79' lang='lat' dir='ltr'><strong>papulo</strong></span> 
     </span>
    </p>
   </div>
   <div class='ocr_carea' id='block_1_73' title="bbox 327 4214 1917 4285">
    <p class='ocr_par' dir='ltr' id='par_1_73' title="bbox 327 4214 1917 4285">
     <span class='ocr_line' id='line_1_73' title="bbox 327 4214 1917 4285; baseline -0.001 -14"><span class='ocrx_word' id='word_1_524' title='bbox 327 4217 606 4272; x_wconf 81' lang='lat' dir='ltr'><strong>audaciam</strong></span> <span class='ocrx_word' id='word_1_525' title='bbox 653 4218 943 4283; x_wconf 89' lang='lat' dir='ltr'><strong>tribuente,</strong></span> <span class='ocrx_word' id='word_1_526' title='bbox 980 4217 1213 4271; x_wconf 92' lang='lat' dir='ltr'><strong>furorem</strong></span> <span class='ocrx_word' id='word_1_527' title='bbox 1264 4216 1526 4270; x_wconf 71' lang='lat' dir='ltr'><strong>daemonis</strong></span> <span class='ocrx_word' id='word_1_528' title='bbox 1571 4215 1662 4285; x_wconf 85' lang='lat' dir='ltr'><strong>qui</strong></span> <span class='ocrx_word' id='word_1_529' title='bbox 1710 4214 1764 4271; x_wconf 88' lang='lat' dir='ltr'><strong>in</strong></span> <span class='ocrx_word' id='word_1_530' title='bbox 1812 4217 1917 4270; x_wconf 86' lang='lat' dir='ltr'><strong>illis</strong></span> 
     </span>
    </p>
   </div>
   <div class='ocr_carea' id='block_1_74' title="bbox 332 4305 1435 4379">
    <p class='ocr_par' dir='ltr' id='par_1_74' title="bbox 332 4305 1435 4379">
     <span class='ocr_line' id='line_1_74' title="bbox 332 4305 1435 4379; baseline -0.005 -15"><span class='ocrx_word' id='word_1_531' title='bbox 332 4310 480 4379; x_wconf 86' lang='lat' dir='ltr'><strong>prius</strong></span> <span class='ocrx_word' id='word_1_532' title='bbox 506 4307 871 4365; x_wconf 86' lang='lat' dir='ltr'><strong>debacchatus</strong></span> <span class='ocrx_word' id='word_1_533' title='bbox 900 4306 1095 4372; x_wconf 86' lang='lat' dir='ltr'><strong>fuerat,</strong></span> <span class='ocrx_word' id='word_1_534' title='bbox 1125 4305 1435 4378; x_wconf 80' lang='lat' dir='ltr'><strong>eﬂ&#39;ugatum.</strong></span> 
     </span>
    </p>
   </div>
   <div class='ocr_carea' id='block_1_75' title="bbox 890 4441 1343 4499">
    <p class='ocr_par' dir='ltr' id='par_1_75' title="bbox 890 4441 1343 4499">
     <span class='ocr_line' id='line_1_75' title="bbox 890 4441 1343 4499; baseline -0.002 -2"><span class='ocrx_word' id='word_1_535' title='bbox 890 4442 1117 4499; x_wconf 86' lang='lat' dir='ltr'><strong>CAPUT</strong></span> <span class='ocrx_word' id='word_1_536' title='bbox 1155 4441 1343 4497; x_wconf 80' lang='lat' dir='ltr'><strong>XXIII.</strong></span> 
     </span>
    </p>
   </div>
   <div class='ocr_carea' id='block_1_76' title="bbox 472 4554 1771 4629">
    <p class='ocr_par' dir='ltr' id='par_1_76' title="bbox 472 4554 1771 4629">
     <span class='ocr_line' id='line_1_76' title="bbox 472 4554 1771 4629; baseline -0.005 -14"><span class='ocrx_word' id='word_1_537' title='bbox 472 4559 552 4615; x_wconf 79' lang='lat' dir='ltr'><strong>De</strong></span> <span class='ocrx_word' id='word_1_538' title='bbox 585 4559 686 4613; x_wconf 83' lang='lat' dir='ltr'><strong>situ</strong></span> <span class='ocrx_word' id='word_1_539' title='bbox 714 4558 890 4629; x_wconf 78' lang='lat' dir='ltr'><strong>tempii</strong></span> <span class='ocrx_word' id='word_1_540' title='bbox 929 4556 1164 4628; x_wconf 78' lang='lat' dir='ltr'><strong>Serapis,</strong></span> <span class='ocrx_word' id='word_1_541' title='bbox 1203 4565 1253 4610; x_wconf 85' lang='lat' dir='ltr'><strong>et</strong></span> <span class='ocrx_word' id='word_1_542' title='bbox 1290 4554 1610 4609; x_wconf 75' lang='lat' dir='ltr'><strong>subversione</strong></span> <span class='ocrx_word' id='word_1_543' title='bbox 1637 4555 1771 4625; x_wconf 82' lang='lat' dir='ltr'><strong>ejus.</strong></span> 
     </span>
    </p>
   </div>
   <div class='ocr_carea' id='block_1_77' title="bbox 2017 3383 3599 3462">
    <p class='ocr_par' dir='ltr' id='par_1_77' title="bbox 2017 3383 3599 3462">
     <span class='ocr_line' id='line_1_77' title="bbox 2017 3383 3599 3462; baseline -0.013 -4"><span class='ocrx_word' id='word_1_544' title='bbox 2017 3410 2166 3459; x_wconf 87' lang='lat' dir='ltr'><strong>retur</strong></span> <span class='ocrx_word' id='word_1_545' title='bbox 2188 3418 2215 3456; x_wconf 89' lang='lat' dir='ltr'><strong>a</strong></span> <span class='ocrx_word' id='word_1_546' title='bbox 2246 3401 2392 3456; x_wconf 77' lang='lat' dir='ltr'><strong>Sole.</strong></span> <span class='ocrx_word' id='word_1_547' title='bbox 2424 3399 2549 3453; x_wconf 84' lang='lat' dir='ltr'><strong>Erat</strong></span> <span class='ocrx_word' id='word_1_548' title='bbox 2576 3407 2630 3453; x_wconf 91' lang='lat' dir='ltr'><strong>et</strong></span> <span class='ocrx_word' id='word_1_549' title='bbox 2655 3396 2794 3451; x_wconf 90' lang='lat' dir='ltr'><strong>aliud</strong></span> <span class='ocrx_word' id='word_1_550' title='bbox 2826 3393 3032 3447; x_wconf 80' lang='lat' dir='ltr'><strong>fraudis</strong></span> <span class='ocrx_word' id='word_1_551' title='bbox 3053 3405 3223 3462; x_wconf 86' lang='lat' dir='ltr'><strong>genus</strong></span> <span class='ocrx_word' id='word_1_552' title='bbox 3252 3383 3552 3456; x_wconf 79' lang='lat' dir='ltr'><strong>hujusmodi</strong></span> <span class='ocrx_word' id='word_1_553' title='bbox 3580 3397 3599 3437; x_wconf 86' lang='lat'><strong>:</strong></span> 
     </span>
    </p>
   </div>
   <div class='ocr_carea' id='block_1_78' title="bbox 2016 3482 3603 3565">
    <p class='ocr_par' dir='ltr' id='par_1_78' title="bbox 2016 3482 3603 3565">
     <span class='ocr_line' id='line_1_78' title="bbox 2016 3482 3603 3565; baseline -0.015 -14"><span class='ocrx_word' id='word_1_554' title='bbox 2016 3495 2212 3550; x_wconf 84' lang='lat' dir='ltr'><strong>Natura</strong></span> <span class='ocrx_word' id='word_1_555' title='bbox 2242 3491 2273 3530; x_wconf 72' lang='grc' dir='ltr'><strong>ιι</strong></span> <span class='ocrx_word' id='word_1_556' title='bbox 2304 3492 2499 3563; x_wconf 85' lang='lat' dir='ltr'><strong>lapidis</strong></span> <span class='ocrx_word' id='word_1_557' title='bbox 2549 3488 2806 3559; x_wconf 77' lang='lat' dir='ltr'><strong>Magnetis</strong></span> <span class='ocrx_word' id='word_1_558' title='bbox 2854 3485 3011 3565; x_wconf 81' lang='lat' dir='ltr'><strong>hujus</strong></span> <span class='ocrx_word' id='word_1_559' title='bbox 3055 3482 3265 3537; x_wconf 87' lang='lat' dir='ltr'><strong>virtutis</strong></span> <span class='ocrx_word' id='word_1_560' title='bbox 3308 3491 3433 3533; x_wconf 89' lang='lat' dir='ltr'><strong>esse</strong></span> <span class='ocrx_word' id='word_1_561' title='bbox 3480 3489 3603 3544; x_wconf 83' lang='lat' dir='ltr'><strong>per-</strong></span> 
     </span>
    </p>
   </div>
   <div class='ocr_carea' id='block_1_79' title="bbox 2018 3570 3621 3657">
    <p class='ocr_par' dir='ltr' id='par_1_79' title="bbox 2018 3570 3621 3657">
     <span class='ocr_line' id='line_1_79' title="bbox 2018 3570 3621 3657; baseline -0.014 -14"><span class='ocrx_word' id='word_1_562' title='bbox 2018 3590 2249 3657; x_wconf 87' lang='lat' dir='ltr'><strong>hibetur,</strong></span> <span class='ocrx_word' id='word_1_563' title='bbox 2285 3597 2339 3641; x_wconf 91' lang='lat' dir='ltr'><strong>ut</strong></span> <span class='ocrx_word' id='word_1_564' title='bbox 2368 3587 2432 3641; x_wconf 90' lang='lat' dir='ltr'><strong>ad</strong></span> <span class='ocrx_word' id='word_1_565' title='bbox 2462 3601 2522 3641; x_wconf 89' lang='lat' dir='ltr'><strong>se</strong></span> <span class='ocrx_word' id='word_1_566' title='bbox 2568 3584 2738 3654; x_wconf 87' lang='lat' dir='ltr'><strong>rapiat</strong></span> <span class='ocrx_word' id='word_1_567' title='bbox 2766 3590 2818 3637; x_wconf 91' lang='lat' dir='ltr'><strong>et</strong></span> <span class='ocrx_word' id='word_1_568' title='bbox 2845 3579 3078 3636; x_wconf 85' lang='lat' dir='ltr'><strong>attrahat</strong></span> <span class='ocrx_word' id='word_1_569' title='bbox 3123 3575 3344 3631; x_wconf 85' lang='lat' dir='ltr'><strong>ferrum.</strong></span> <span class='ocrx_word' id='word_1_570' title='bbox 3377 3570 3621 3640; x_wconf 83' lang='lat' dir='ltr'><strong>Signum</strong></span> 
     </span>
    </p>
   </div>
   <div class='ocr_carea' id='block_1_80' title="bbox 2017 3658 3602 3748">
    <p class='ocr_par' dir='ltr' id='par_1_80' title="bbox 2017 3658 3602 3748">
     <span class='ocr_line' id='line_1_80' title="bbox 2017 3658 3602 3748; baseline -0.017 -9"><span class='ocrx_word' id='word_1_571' title='bbox 2017 3683 2161 3739; x_wconf 87' lang='lat' dir='ltr'><strong>Solis</strong></span> <span class='ocrx_word' id='word_1_572' title='bbox 2190 3682 2255 3737; x_wconf 90' lang='lat' dir='ltr'><strong>ad</strong></span> <span class='ocrx_word' id='word_1_573' title='bbox 2288 3681 2389 3735; x_wconf 90' lang='lat' dir='ltr'><strong>hoc</strong></span> <span class='ocrx_word' id='word_1_574' title='bbox 2420 3680 2590 3748; x_wconf 90' lang='lat' dir='ltr'><strong>ipsum</strong></span> <span class='ocrx_word' id='word_1_575' title='bbox 2619 3693 2685 3731; x_wconf 83' lang='lat' dir='ltr'><strong>ex</strong></span> <span class='ocrx_word' id='word_1_576' title='bbox 2724 3675 2867 3732; x_wconf 89' lang='lat' dir='ltr'><strong>ferro</strong></span> <span class='ocrx_word' id='word_1_577' title='bbox 2896 3669 3244 3729; x_wconf 89' lang='lat' dir='ltr'><strong>subtilissimo</strong></span> <span class='ocrx_word' id='word_1_578' title='bbox 3283 3678 3440 3720; x_wconf 90' lang='lat' dir='ltr'><strong>manu</strong></span> <span class='ocrx_word' id='word_1_579' title='bbox 3474 3658 3602 3715; x_wconf 82' lang='lat' dir='ltr'><strong>arti-</strong></span> 
     </span>
    </p>
   </div>
   <div class='ocr_carea' id='block_1_81' title="bbox 2020 3749 3603 3833">
    <p class='ocr_par' dir='ltr' id='par_1_81' title="bbox 2020 3749 3603 3833">
     <span class='ocr_line' id='line_1_81' title="bbox 2020 3749 3603 3833; baseline -0.016 -5"><span class='ocrx_word' id='word_1_580' title='bbox 2020 3774 2133 3828; x_wconf 80' lang='lat' dir='ltr'><strong>ficis</strong></span> <span class='ocrx_word' id='word_1_581' title='bbox 2164 3771 2338 3827; x_wconf 78' lang='lat' dir='ltr'><strong>fuerat</strong></span> <span class='ocrx_word' id='word_1_582' title='bbox 2368 3768 2707 3829; x_wconf 82' lang='lat' dir='ltr'><strong>fabricatum,</strong></span> <span class='ocrx_word' id='word_1_583' title='bbox 2749 3773 2810 3820; x_wconf 90' lang='lat' dir='ltr'><strong>ut</strong></span> <span class='ocrx_word' id='word_1_584' title='bbox 2844 3763 3001 3833; x_wconf 83' lang='lat' dir='ltr'><strong>lapis,</strong></span> <span class='ocrx_word' id='word_1_585' title='bbox 3029 3758 3181 3829; x_wconf 83' lang='lat' dir='ltr'><strong>cujus</strong></span> <span class='ocrx_word' id='word_1_586' title='bbox 3223 3765 3467 3811; x_wconf 89' lang='lat' dir='ltr'><strong>naturam</strong></span> <span class='ocrx_word' id='word_1_587' title='bbox 3497 3749 3603 3803; x_wconf 81' lang='lat' dir='ltr'><strong>fer-</strong></span> 
     </span>
    </p>
   </div>
   <div class='ocr_carea' id='block_1_82' title="bbox 2018 3841 3604 3920">
    <p class='ocr_par' dir='ltr' id='par_1_82' title="bbox 2018 3841 3604 3920">
     <span class='ocr_line' id='line_1_82' title="bbox 2018 3841 3604 3920; baseline -0.018 0"><span class='ocrx_word' id='word_1_588' title='bbox 2018 3876 2135 3920; x_wconf 79' lang='lat' dir='ltr'><strong>r‘nm</strong></span> <span class='ocrx_word' id='word_1_589' title='bbox 2165 3864 2233 3917; x_wconf 89' lang='lat' dir='ltr'><strong>ad</strong></span> <span class='ocrx_word' id='word_1_590' title='bbox 2274 3876 2333 3917; x_wconf 93' lang='lat' dir='ltr'><strong>se</strong></span> <span class='ocrx_word' id='word_1_591' title='bbox 2381 3860 2596 3915; x_wconf 87' lang='lat' dir='ltr'><strong>trahere</strong></span> <span class='ocrx_word' id='word_1_592' title='bbox 2626 3858 2877 3920; x_wconf 79' lang='lat' dir='ltr'><strong>diximus,</strong></span> <span class='ocrx_word' id='word_1_593' title='bbox 2908 3854 3142 3920; x_wconf 86' lang='lat' dir='ltr'><strong>desuper</strong></span> <span class='ocrx_word' id='word_1_594' title='bbox 3179 3848 3231 3901; x_wconf 88' lang='lat' dir='ltr'><strong>in</strong></span> <span class='ocrx_word' id='word_1_595' title='bbox 3263 3841 3604 3915; x_wconf 83' lang='lat' dir='ltr'><strong>Iaquearibus</strong></span> 
     </span>
    </p>
   </div>
   <div class='ocr_carea' id='block_1_83' title="bbox 2019 3933 3605 4022">
    <p class='ocr_par' dir='ltr' id='par_1_83' title="bbox 2019 3933 3605 4022">
     <span class='ocr_line' id='line_1_83' title="bbox 2019 3933 3605 4022; baseline -0.016 -13"><span class='ocrx_word' id='word_1_596' title='bbox 2019 3955 2179 4022; x_wconf 74' lang='lat' dir='ltr'><strong>fixus,</strong></span> <span class='ocrx_word' id='word_1_597' title='bbox 2205 3970 2326 4009; x_wconf 90' lang='lat' dir='ltr'><strong>cum</strong></span> <span class='ocrx_word' id='word_1_598' title='bbox 2354 3959 2649 4020; x_wconf 89' lang='lat' dir='ltr'><strong>temperate</strong></span> <span class='ocrx_word' id='word_1_599' title='bbox 2678 3948 2776 4003; x_wconf 89' lang='lat' dir='ltr'><strong>sub</strong></span> <span class='ocrx_word' id='word_1_600' title='bbox 2799 3948 2914 4016; x_wconf 89' lang='lat' dir='ltr'><strong>ipso</strong></span> <span class='ocrx_word' id='word_1_601' title='bbox 2935 3944 3082 3999; x_wconf 90' lang='lat' dir='ltr'><strong>radio</strong></span> <span class='ocrx_word' id='word_1_602' title='bbox 3109 3939 3173 3993; x_wconf 89' lang='lat' dir='ltr'><strong>ad</strong></span> <span class='ocrx_word' id='word_1_603' title='bbox 3203 3938 3389 3992; x_wconf 87' lang='lat' dir='ltr'><strong>libram</strong></span> <span class='ocrx_word' id='word_1_604' title='bbox 3418 3933 3605 3987; x_wconf 73' lang='lat' dir='ltr'><strong>fuisset</strong></span> 
     </span>
    </p>
   </div>
   <div class='ocr_carea' id='block_1_84' title="bbox 2018 4031 3603 4116">
    <p class='ocr_par' dir='ltr' id='par_1_84' title="bbox 2018 4031 3603 4116">
     <span class='ocr_line' id='line_1_84' title="bbox 2018 4031 3603 4116; baseline -0.016 -14"><span class='ocrx_word' id='word_1_605' title='bbox 2018 4048 2249 4116; x_wconf 89' lang='lat' dir='ltr'><strong>positum</strong></span> <span class='ocrx_word' id='word_1_606' title='bbox 2299 4045 2706 4107; x_wconf 88' lang='lat' dir='ltr'><strong>simulachrum,</strong></span> <span class='ocrx_word' id='word_1_607' title='bbox 2751 4050 2804 4095; x_wconf 91' lang='lat' dir='ltr'><strong>et</strong></span> <span class='ocrx_word' id='word_1_608' title='bbox 2848 4039 2898 4092; x_wconf 90' lang='lat' dir='ltr'><strong>vi</strong></span> <span class='ocrx_word' id='word_1_609' title='bbox 2936 4033 3167 4090; x_wconf 86' lang='lat' dir='ltr'><strong>naturali</strong></span> <span class='ocrx_word' id='word_1_610' title='bbox 3194 4031 3260 4086; x_wconf 89' lang='lat' dir='ltr'><strong>ad</strong></span> <span class='ocrx_word' id='word_1_611' title='bbox 3302 4044 3360 4084; x_wconf 91' lang='lat' dir='ltr'><strong>se</strong></span> <span class='ocrx_word' id='word_1_612' title='bbox 3386 4033 3603 4116; x_wconf 88' lang='lat' dir='ltr'><strong>raperet</strong></span> 
     </span>
    </p>
   </div>
   <div class='ocr_carea' id='block_1_85' title="bbox 2021 4115 3597 4200">
    <p class='ocr_par' dir='ltr' id='par_1_85' title="bbox 2021 4115 3597 4200">
     <span class='ocr_line' id='line_1_85' title="bbox 2021 4115 3597 4200; baseline -0.017 -9"><span class='ocrx_word' id='word_1_613' title='bbox 2021 4115 2261 4200; x_wconf 80' lang='lat' dir='ltr'><strong>ferrum,</strong></span> <span class='ocrx_word' id='word_1_614' title='bbox 2319 4135 2661 4189; x_wconf 71' lang='lat' dir='ltr'><strong>assurexisse</strong></span> <span class='ocrx_word' id='word_1_615' title='bbox 2712 4130 2908 4199; x_wconf 89' lang='lat' dir='ltr'><strong>popqu</strong></span> <span class='ocrx_word' id='word_1_616' title='bbox 2960 4122 3377 4181; x_wconf 87' lang='lat' dir='ltr'><strong>simulachrum,</strong></span> <span class='ocrx_word' id='word_1_617' title='bbox 3434 4123 3487 4168; x_wconf 90' lang='lat' dir='ltr'><strong>et</strong></span> <span class='ocrx_word' id='word_1_618' title='bbox 3545 4115 3597 4165; x_wconf 89' lang='lat' dir='ltr'><strong>in</strong></span> 
     </span>
    </p>
   </div>
   <div class='ocr_carea' id='block_1_86' title="bbox 2018 4206 3602 4296">
    <p class='ocr_par' dir='ltr' id='par_1_86' title="bbox 2018 4206 3602 4296">
     <span class='ocr_line' id='line_1_86' title="bbox 2018 4206 3602 4296; baseline -0.018 -13"><span class='ocrx_word' id='word_1_619' title='bbox 2018 4243 2141 4283; x_wconf 84' lang='lat' dir='ltr'><strong>acte</strong></span> <span class='ocrx_word' id='word_1_620' title='bbox 2172 4226 2405 4296; x_wconf 87' lang='lat' dir='ltr'><strong>pendere</strong></span> <span class='ocrx_word' id='word_1_621' title='bbox 2432 4225 2721 4279; x_wconf 78' lang='lat' dir='ltr'><strong>videretur.</strong></span> <span class='ocrx_word' id='word_1_622' title='bbox 2756 4219 2821 4273; x_wconf 85' lang='lat' dir='ltr'><strong>Et</strong></span> <span class='ocrx_word' id='word_1_623' title='bbox 2852 4233 2920 4272; x_wconf 91' lang='lat' dir='ltr'><strong>ne</strong></span> <span class='ocrx_word' id='word_1_624' title='bbox 2962 4217 3063 4268; x_wconf 89' lang='lat' dir='ltr'><strong>hoc</strong></span> <span class='ocrx_word' id='word_1_625' title='bbox 3106 4214 3255 4279; x_wconf 89' lang='lat' dir='ltr'><strong>lapsu</strong></span> <span class='ocrx_word' id='word_1_626' title='bbox 3286 4206 3445 4280; x_wconf 76' lang='lat'><strong>295</strong></span> <span class='ocrx_word' id='word_1_627' title='bbox 3476 4218 3602 4274; x_wconf 88' lang='lat' dir='ltr'><strong>pro-</strong></span> 
     </span>
    </p>
   </div>
   <div class='ocr_carea' id='block_1_87' title="bbox 2021 4296 3593 4389">
    <p class='ocr_par' dir='ltr' id='par_1_87' title="bbox 2021 4296 3593 4389">
     <span class='ocr_line' id='line_1_87' title="bbox 2021 4296 3593 4389; baseline -0.018 -13"><span class='ocrx_word' id='word_1_628' title='bbox 2021 4335 2149 4389; x_wconf 87' lang='lat' dir='ltr'><strong>pero</strong></span> <span class='ocrx_word' id='word_1_629' title='bbox 2198 4317 2549 4387; x_wconf 85' lang='lat' dir='ltr'><strong>proderetur,</strong></span> <span class='ocrx_word' id='word_1_630' title='bbox 2586 4312 2814 4367; x_wconf 89' lang='lat' dir='ltr'><strong>ministri</strong></span> <span class='ocrx_word' id='word_1_631' title='bbox 2866 4307 3125 4370; x_wconf 73' lang='lat' dir='ltr'><strong>fallaciae,</strong></span> <span class='ocrx_word' id='word_1_632' title='bbox 3184 4300 3428 4357; x_wconf 80' lang='lat' dir='ltr'><strong>Surrexit</strong></span> <span class='ocrx_word' id='word_1_633' title='bbox 3486 4296 3593 4368; x_wconf 81' lang='grc' dir='ltr'><strong>[ΑΙ.</strong></span> 
     </span>
    </p>
   </div>
   <div class='ocr_carea' id='block_1_88' title="bbox 2021 4389 3595 4478">
    <p class='ocr_par' dir='ltr' id='par_1_88' title="bbox 2021 4389 3595 4478">
     <span class='ocr_line' id='line_1_88' title="bbox 2021 4389 3595 4478; baseline -0.018 -12"><span class='ocrx_word' id='word_1_634' title='bbox 2021 4406 2346 4478; x_wconf 72' lang='lat' dir='ltr'><strong>Surrexerit]</strong></span> <span class='ocrx_word' id='word_1_635' title='bbox 2376 4451 2388 4473; x_wconf 93' lang='lat'><strong>,</strong></span> <span class='ocrx_word' id='word_1_636' title='bbox 2438 4406 2673 4466; x_wconf 82' lang='lat' dir='ltr'><strong>aiebant,</strong></span> <span class='ocrx_word' id='word_1_637' title='bbox 2714 4401 2839 4462; x_wconf 88' lang='lat' dir='ltr'><strong>Sol,</strong></span> <span class='ocrx_word' id='word_1_638' title='bbox 2897 4409 2955 4453; x_wconf 94' lang='lat' dir='ltr'><strong>ut</strong></span> <span class='ocrx_word' id='word_1_639' title='bbox 3006 4394 3312 4450; x_wconf 88' lang='lat' dir='ltr'><strong>valedieens</strong></span> <span class='ocrx_word' id='word_1_640' title='bbox 3361 4389 3595 4457; x_wconf 86' lang='lat' dir='ltr'><strong>Serapi,</strong></span> 
     </span>
    </p>
   </div>
   <div class='ocr_carea' id='block_1_89' title="bbox 2021 4477 3601 4568">
    <p class='ocr_par' dir='ltr' id='par_1_89' title="bbox 2021 4477 3601 4568">
     <span class='ocr_line' id='line_1_89' title="bbox 2021 4477 3601 4568; baseline -0.018 -8"><span class='ocrx_word' id='word_1_641' title='bbox 2021 4503 2260 4560; x_wconf 81' lang='lat' dir='ltr'><strong>discedat</strong></span> <span class='ocrx_word' id='word_1_642' title='bbox 2332 4477 2396 4553; x_wconf 76' lang='lat' dir='ltr'><strong>ad</strong></span> <span class='ocrx_word' id='word_1_643' title='bbox 2464 4494 2697 4568; x_wconf 79' lang='lat' dir='ltr'><strong>propria.</strong></span> <span class='ocrx_word' id='word_1_644' title='bbox 2765 4491 2869 4547; x_wconf 86' lang='lat' dir='ltr'><strong>Sed</strong></span> <span class='ocrx_word' id='word_1_645' title='bbox 2924 4498 2979 4544; x_wconf 89' lang='lat' dir='ltr'><strong>et</strong></span> <span class='ocrx_word' id='word_1_646' title='bbox 3049 4484 3215 4541; x_wconf 91' lang='lat' dir='ltr'><strong>multa</strong></span> <span class='ocrx_word' id='word_1_647' title='bbox 3282 4482 3385 4537; x_wconf 88' lang='lat' dir='ltr'><strong>alia</strong></span> <span class='ocrx_word' id='word_1_648' title='bbox 3456 4477 3601 4533; x_wconf 90' lang='lat' dir='ltr'><strong>deci-</strong></span> 
     </span>
    </p>
   </div>
   <div class='ocr_carea' id='block_1_90' title="bbox 2022 4580 3599 4667">
    <p class='ocr_par' dir='ltr' id='par_1_90' title="bbox 2022 4580 3599 4667">
     <span class='ocr_line' id='line_1_90' title="bbox 2022 4580 3599 4667; baseline -0.014 -20"><span class='ocrx_word' id='word_1_649' title='bbox 2022 4596 2198 4667; x_wconf 71' lang='lat' dir='ltr'><strong>piendi</strong></span> <span class='ocrx_word' id='word_1_650' title='bbox 2240 4606 2433 4649; x_wconf 87' lang='lat' dir='ltr'><strong>caussa</strong></span> <span class='ocrx_word' id='word_1_651' title='bbox 2471 4605 2499 4643; x_wconf 92' lang='lat' dir='ltr'><strong>a</strong></span> <span class='ocrx_word' id='word_1_652' title='bbox 2544 4587 2813 4643; x_wconf 84' lang='lat' dir='ltr'><strong>veteribus</strong></span> <span class='ocrx_word' id='word_1_653' title='bbox 2857 4585 2908 4639; x_wconf 88' lang='lat' dir='ltr'><strong>iu</strong></span> <span class='ocrx_word' id='word_1_654' title='bbox 2942 4583 3061 4638; x_wconf 88' lang='lat' dir='ltr'><strong>loco</strong></span> <span class='ocrx_word' id='word_1_655' title='bbox 3105 4580 3315 4634; x_wconf 87' lang='lat' dir='ltr'><strong>fuerant</strong></span> <span class='ocrx_word' id='word_1_656' title='bbox 3352 4583 3599 4631; x_wconf 88' lang='lat' dir='ltr'><strong>constru-</strong></span> 
     </span>
    </p>
   </div>
   <div class='ocr_carea' id='block_1_91' title="bbox 400 4667 3593 4758">
    <p class='ocr_par' dir='ltr' id='par_1_91' title="bbox 400 4667 3593 4758">
     <span class='ocr_line' id='line_1_91' title="bbox 400 4667 3593 4758; baseline -0.002 -33"><span class='ocrx_word' id='word_1_657' title='bbox 400 4675 619 4745; x_wconf 84' lang='lat' dir='ltr'><strong>Serapis</strong></span> <span class='ocrx_word' id='word_1_658' title='bbox 647 4674 783 4743; x_wconf 83' lang='lat' dir='ltr'><strong>apud</strong></span> <span class='ocrx_word' id='word_1_659' title='bbox 816 4672 1199 4729; x_wconf 76' lang='lat' dir='ltr'><strong>Alexandriam</strong></span> <span class='ocrx_word' id='word_1_660' title='bbox 1233 4669 1491 4740; x_wconf 85' lang='lat' dir='ltr'><strong>templum</strong></span> <span class='ocrx_word' id='word_1_661' title='bbox 1520 4668 1760 4724; x_wconf 82' lang='lat' dir='ltr'><strong>auditum</strong></span> <span class='ocrx_word' id='word_1_662' title='bbox 1792 4667 1910 4737; x_wconf 82' lang='lat' dir='ltr'><strong>qui&#39;</strong></span> <span class='ocrx_word' id='word_1_663' title='bbox 1945 4672 1994 4733; x_wconf 82' lang='lat' dir='ltr'><strong>D</strong></span> <span class='ocrx_word' id='word_1_664' title='bbox 2021 4701 2124 4753; x_wconf 82' lang='lat' dir='ltr'><strong>cla,</strong></span> <span class='ocrx_word' id='word_1_665' title='bbox 2157 4704 2277 4758; x_wconf 70' lang='lat' dir='ltr'><strong>quae</strong></span> <span class='ocrx_word' id='word_1_666' title='bbox 2326 4700 2465 4739; x_wconf 87' lang='lat' dir='ltr'><strong>nunc</strong></span> <span class='ocrx_word' id='word_1_667' title='bbox 2494 4682 2710 4750; x_wconf 82' lang='lat' dir='ltr'><strong>longum</strong></span> <span class='ocrx_word' id='word_1_668' title='bbox 2757 4688 2838 4732; x_wconf 90' lang='lat' dir='ltr'><strong>est</strong></span> <span class='ocrx_word' id='word_1_669' title='bbox 2876 4686 3196 4732; x_wconf 89' lang='lat' dir='ltr'><strong>enumerare</strong></span> <span class='ocrx_word' id='word_1_670' title='bbox 3241 4686 3335 4741; x_wconf 87' lang='lat' dir='ltr'><strong>per</strong></span> <span class='ocrx_word' id='word_1_671' title='bbox 3365 4667 3593 4735; x_wconf 82' lang='lat' dir='ltr'><strong>singula.</strong></span> 
     </span>
    </p>
   </div>
   <div class='ocr_carea' id='block_1_92' title="bbox 331 4763 1908 4836">
    <p class='ocr_par' dir='ltr' id='par_1_92' title="bbox 331 4763 1908 4836">
     <span class='ocr_line' id='line_1_92' title="bbox 331 4763 1908 4836; baseline -0.004 -16"><span class='ocrx_word' id='word_1_672' title='bbox 331 4768 451 4824; x_wconf 88' lang='lat' dir='ltr'><strong>dem</strong></span> <span class='ocrx_word' id='word_1_673' title='bbox 491 4768 740 4822; x_wconf 91' lang='lat' dir='ltr'><strong>omnibus</strong></span> <span class='ocrx_word' id='word_1_674' title='bbox 771 4776 921 4836; x_wconf 93' lang='lat' dir='ltr'><strong>puto,</strong></span> <span class='ocrx_word' id='word_1_675' title='bbox 968 4766 1239 4835; x_wconf 90' lang='lat' dir='ltr'><strong>plerisque</strong></span> <span class='ocrx_word' id='word_1_676' title='bbox 1267 4764 1296 4801; x_wconf 71' lang='grc' dir='ltr'><em>ά</em></span> <span class='ocrx_word' id='word_1_677' title='bbox 1327 4777 1455 4817; x_wconf 87' lang='lat' dir='ltr'><strong>vero</strong></span> <span class='ocrx_word' id='word_1_678' title='bbox 1497 4763 1659 4817; x_wconf 90' lang='lat' dir='ltr'><strong>etiam</strong></span> <span class='ocrx_word' id='word_1_679' title='bbox 1701 4770 1908 4815; x_wconf 92' lang='lat' dir='ltr'><strong>notum.</strong></span> 
     </span>
    </p>
   </div>
   <div class='ocr_carea' id='block_1_93' title="bbox 332 4854 1915 4923">
    <p class='ocr_par' dir='ltr' id='par_1_93' title="bbox 332 4854 1915 4923">
     <span class='ocr_line' id='line_1_93' title="bbox 332 4854 1915 4923; baseline -0.006 -8"><span class='ocrx_word' id='word_1_680' title='bbox 332 4858 505 4915; x_wconf 83' lang='lat' dir='ltr'><strong>Locus</strong></span> <span class='ocrx_word' id='word_1_681' title='bbox 524 4867 608 4914; x_wconf 90' lang='lat' dir='ltr'><strong>est</strong></span> <span class='ocrx_word' id='word_1_682' title='bbox 634 4872 737 4913; x_wconf 92' lang='lat' dir='ltr'><strong>non</strong></span> <span class='ocrx_word' id='word_1_683' title='bbox 768 4867 982 4923; x_wconf 89' lang='lat' dir='ltr'><strong>natura,</strong></span> <span class='ocrx_word' id='word_1_684' title='bbox 1007 4856 1102 4912; x_wconf 90' lang='lat' dir='ltr'><strong>sed</strong></span> <span class='ocrx_word' id='word_1_685' title='bbox 1129 4871 1288 4911; x_wconf 87' lang='lat' dir='ltr'><strong>manu</strong></span> <span class='ocrx_word' id='word_1_686' title='bbox 1318 4862 1372 4911; x_wconf 90' lang='lat' dir='ltr'><strong>et</strong></span> <span class='ocrx_word' id='word_1_687' title='bbox 1397 4854 1794 4910; x_wconf 88' lang='lat' dir='ltr'><strong>constructione</strong></span> <span class='ocrx_word' id='word_1_688' title='bbox 1821 4868 1915 4922; x_wconf 86' lang='lat' dir='ltr'><strong>per</strong></span> 
     </span>
    </p>
   </div>
   <div class='ocr_carea' id='block_1_94' title="bbox 331 5059 1911 5130">
    <p class='ocr_par' dir='ltr' id='par_1_94' title="bbox 331 5059 1911 5130">
     <span class='ocr_line' id='line_1_94' title="bbox 331 5059 1911 5130; baseline 0.001 -15"><span class='ocrx_word' id='word_1_689' title='bbox 331 5062 461 5117; x_wconf 87' lang='lat' dir='ltr'><strong>satis</strong></span> <span class='ocrx_word' id='word_1_690' title='bbox 495 5077 657 5117; x_wconf 89' lang='lat' dir='ltr'><strong>sensu</strong></span> <span class='ocrx_word' id='word_1_691' title='bbox 702 5062 979 5130; x_wconf 79' lang='lat' dir='ltr'><strong>confractis</strong></span> <span class='ocrx_word' id='word_1_692' title='bbox 1024 5061 1255 5116; x_wconf 68' lang='lat' dir='ltr'><strong>crucibus</strong></span> <span class='ocrx_word' id='word_1_693' title='bbox 1283 5060 1571 5125; x_wconf 88' lang='lat' dir='ltr'><strong>diceretur,</strong></span> <span class='ocrx_word' id='word_1_694' title='bbox 1607 5059 1733 5117; x_wconf 86' lang='lat' dir='ltr'><strong>Mss.</strong></span> <span class='ocrx_word' id='word_1_695' title='bbox 1776 5078 1911 5127; x_wconf 84' lang='lat' dir='ltr'><strong>quos</strong></span> 
     </span>
    </p>
   </div>
   <div class='ocr_carea' id='block_1_95' title="bbox 330 5132 1910 5201">
    <p class='ocr_par' dir='ltr' id='par_1_95' title="bbox 330 5132 1910 5201">
     <span class='ocr_line' id='line_1_95' title="bbox 330 5132 1910 5201; baseline 0 -14"><span class='ocrx_word' id='word_1_696' title='bbox 330 5135 715 5197; x_wconf 75' lang='lat' dir='ltr'><strong>consuluimus,</strong></span> <span class='ocrx_word' id='word_1_697' title='bbox 746 5134 1118 5201; x_wconf 89' lang='lat' dir='ltr'><strong>editorumque</strong></span> <span class='ocrx_word' id='word_1_698' title='bbox 1173 5132 1411 5185; x_wconf 88' lang='lat' dir='ltr'><strong>omnium</strong></span> <span class='ocrx_word' id='word_1_699' title='bbox 1474 5133 1725 5186; x_wconf 86' lang='lat' dir='ltr'><strong>librorum</strong></span> <span class='ocrx_word' id='word_1_700' title='bbox 1776 5133 1910 5188; x_wconf 87' lang='lat' dir='ltr'><strong>fides</strong></span> 
     </span>
    </p>
   </div>
   <div class='ocr_carea' id='block_1_96' title="bbox 330 5202 1909 5273">
    <p class='ocr_par' dir='ltr' id='par_1_96' title="bbox 330 5202 1909 5273">
     <span class='ocr_line' id='line_1_96' title="bbox 330 5202 1909 5273; baseline 0 -16"><span class='ocrx_word' id='word_1_701' title='bbox 330 5216 731 5270; x_wconf 86' lang='lat' dir='ltr'><strong>consensusque</strong></span> <span class='ocrx_word' id='word_1_702' title='bbox 779 5203 1037 5273; x_wconf 86' lang='lat' dir='ltr'><strong>optimam</strong></span> <span class='ocrx_word' id='word_1_703' title='bbox 1090 5202 1377 5259; x_wconf 87' lang='lat' dir='ltr'><strong>lectionem</strong></span> <span class='ocrx_word' id='word_1_704' title='bbox 1434 5202 1666 5255; x_wconf 85' lang='lat' dir='ltr'><strong>crucibus</strong></span> <span class='ocrx_word' id='word_1_705' title='bbox 1715 5205 1909 5257; x_wconf 82' lang='lat' dir='ltr'><strong>mutari</strong></span> 
     </span>
    </p>
   </div>
   <div class='ocr_carea' id='block_1_97' title="bbox 330 5275 668 5329">
    <p class='ocr_par' dir='ltr' id='par_1_97' title="bbox 330 5275 668 5329">
     <span class='ocr_line' id='line_1_97' title="bbox 330 5275 668 5329; baseline -0.012 0"><span class='ocrx_word' id='word_1_706' title='bbox 330 5289 435 5329; x_wconf 89' lang='lat' dir='ltr'><strong>non</strong></span> <span class='ocrx_word' id='word_1_707' title='bbox 466 5275 668 5329; x_wconf 89' lang='lat' dir='ltr'><strong>sinunt.</strong></span> 
     </span>
    </p>
   </div>
   <div class='ocr_carea' id='block_1_98' title="bbox 403 5342 1912 5415">
    <p class='ocr_par' dir='ltr' id='par_1_98' title="bbox 403 5342 1912 5415">
     <span class='ocr_line' id='line_1_98' title="bbox 403 5342 1912 5415; baseline 0.001 -16"><span class='ocrx_word' id='word_1_708' title='bbox 403 5355 430 5383; x_wconf 79' lang='grc' dir='ltr'>ι</span> <span class='ocrx_word' id='word_1_709' title='bbox 469 5345 631 5399; x_wconf 82' lang='lat' dir='ltr'><strong>Addit</strong></span> <span class='ocrx_word' id='word_1_710' title='bbox 650 5342 914 5413; x_wconf 80' lang='lat' dir='ltr'><strong>Caeciar.,</strong></span> <span class='ocrx_word' id='word_1_711' title='bbox 937 5360 1003 5399; x_wconf 79' lang='lat' dir='ltr'><strong>ex</strong></span> <span class='ocrx_word' id='word_1_712' title='bbox 1025 5344 1233 5400; x_wconf 87' lang='lat' dir='ltr'><strong>duobus</strong></span> <span class='ocrx_word' id='word_1_713' title='bbox 1259 5344 1452 5411; x_wconf 86' lang='lat' dir='ltr'><strong>Vatic.,</strong></span> <span class='ocrx_word' id='word_1_714' title='bbox 1479 5344 1612 5411; x_wconf 88' lang='lat' dir='ltr'><strong>solo,</strong></span> <span class='ocrx_word' id='word_1_715' title='bbox 1644 5343 1784 5415; x_wconf 91' lang='lat' dir='ltr'><strong>quod</strong></span> <span class='ocrx_word' id='word_1_716' title='bbox 1808 5358 1912 5400; x_wconf 70' lang='lat' dir='ltr'><strong>cre-</strong></span> 
     </span>
    </p>
   </div>
   <div class='ocr_carea' id='block_1_99' title="bbox 334 5415 1309 5483">
    <p class='ocr_par' dir='ltr' id='par_1_99' title="bbox 334 5415 1309 5483">
     <span class='ocr_line' id='line_1_99' title="bbox 334 5415 1309 5483; baseline 0.002 -15"><span class='ocrx_word' id='word_1_717' title='bbox 334 5416 427 5468; x_wconf 90' lang='lat' dir='ltr'><strong>teri</strong></span> <span class='ocrx_word' id='word_1_718' title='bbox 462 5415 579 5471; x_wconf 88' lang='lat' dir='ltr'><strong>libri</strong></span> <span class='ocrx_word' id='word_1_719' title='bbox 606 5428 792 5468; x_wconf 90' lang='lat' dir='ltr'><strong>omnes</strong></span> <span class='ocrx_word' id='word_1_720' title='bbox 823 5430 1014 5469; x_wconf 88' lang='lat' dir='ltr'><strong>nomen</strong></span> <span class='ocrx_word' id='word_1_721' title='bbox 1042 5416 1309 5483; x_wconf 81' lang='lat' dir='ltr'><strong>ignorant.</strong></span> 
     </span>
    </p>
   </div>
   <div class='ocr_carea' id='block_1_100' title="bbox 400 5484 1910 5556">
    <p class='ocr_par' dir='ltr' id='par_1_100' title="bbox 400 5484 1910 5556">
     <span class='ocr_line' id='line_1_100' title="bbox 400 5484 1910 5556; baseline 0 -17"><span class='ocrx_word' id='word_1_722' title='bbox 400 5484 427 5524; x_wconf 64' lang='lat'><strong>5</strong></span> <span class='ocrx_word' id='word_1_723' title='bbox 469 5487 618 5539; x_wconf 82' lang='lat' dir='ltr'><strong>Alias</strong></span> <span class='ocrx_word' id='word_1_724' title='bbox 647 5485 870 5556; x_wconf 85' lang='lat' dir='ltr'><strong>vulgati,</strong></span> <span class='ocrx_word' id='word_1_725' title='bbox 900 5484 1100 5556; x_wconf 70' lang='lat' dir='ltr'><strong>solent;</strong></span> <span class='ocrx_word' id='word_1_726' title='bbox 1129 5495 1238 5539; x_wconf 90' lang='lat' dir='ltr'><strong>tum</strong></span> <span class='ocrx_word' id='word_1_727' title='bbox 1276 5487 1600 5541; x_wconf 88' lang='lat' dir='ltr'><strong>Bononiens.</strong></span> <span class='ocrx_word' id='word_1_728' title='bbox 1645 5500 1769 5551; x_wconf 91' lang='lat' dir='ltr'><strong>ms.,</strong></span> <span class='ocrx_word' id='word_1_729' title='bbox 1816 5488 1910 5540; x_wconf 84' lang='lat' dir='ltr'><strong>ob-</strong></span> 
     </span>
    </p>
   </div>
   <div class='ocr_carea' id='block_1_101' title="bbox 329 5553 1910 5623">
    <p class='ocr_par' dir='ltr' id='par_1_101' title="bbox 329 5553 1910 5623">
     <span class='ocr_line' id='line_1_101' title="bbox 329 5553 1910 5623; baseline 0.002 -16"><span class='ocrx_word' id='word_1_730' title='bbox 329 5556 467 5623; x_wconf 83' lang='lat' dir='ltr'><strong>sequi</strong></span> <span class='ocrx_word' id='word_1_731' title='bbox 490 5570 586 5623; x_wconf 92' lang='lat' dir='ltr'><strong>pro</strong></span> <span class='ocrx_word' id='word_1_732' title='bbox 606 5553 841 5621; x_wconf 66' lang='lat' dir='ltr'><strong>subsequi</strong></span> <span class='ocrx_word' id='word_1_733' title='bbox 861 5572 877 5618; x_wconf 91' lang='lat'><strong><em>;</em></strong></span> <span class='ocrx_word' id='word_1_734' title='bbox 902 5553 1302 5610; x_wconf 88' lang='lat' dir='ltr'><strong>Guarnerianus</strong></span> <span class='ocrx_word' id='word_1_735' title='bbox 1323 5556 1519 5612; x_wconf 89' lang='lat' dir='ltr'><strong>deinde</strong></span> <span class='ocrx_word' id='word_1_736' title='bbox 1534 5559 1787 5610; x_wconf 82' lang='lat' dir='ltr'><strong>vesaniam</strong></span> <span class='ocrx_word' id='word_1_737' title='bbox 1814 5572 1910 5622; x_wconf 88' lang='lat' dir='ltr'><strong>pro</strong></span> 
     </span>
    </p>
   </div>
   <div class='ocr_carea' id='block_1_102' title="bbox 330 5626 1913 5695">
    <p class='ocr_par' dir='ltr' id='par_1_102' title="bbox 330 5626 1913 5695">
     <span class='ocr_line' id='line_1_102' title="bbox 330 5626 1913 5695; baseline 0 -18"><span class='ocrx_word' id='word_1_738' title='bbox 330 5639 544 5695; x_wconf 60' lang='lat' dir='ltr'><strong>resono:</strong></span> <span class='ocrx_word' id='word_1_739' title='bbox 576 5635 629 5679; x_wconf 93' lang='lat' dir='ltr'><strong>et</strong></span> <span class='ocrx_word' id='word_1_740' title='bbox 659 5628 817 5694; x_wconf 88' lang='lat' dir='ltr'><strong>paulo</strong></span> <span class='ocrx_word' id='word_1_741' title='bbox 848 5626 977 5679; x_wconf 85' lang='lat' dir='ltr'><strong>infra</strong></span> <span class='ocrx_word' id='word_1_742' title='bbox 1015 5627 1224 5694; x_wconf 84' lang='lat' dir='ltr'><strong>sanguis</strong></span> <span class='ocrx_word' id='word_1_743' title='bbox 1261 5628 1406 5695; x_wconf 76' lang='lat' dir='ltr'><strong>{usus</strong></span> <span class='ocrx_word' id='word_1_744' title='bbox 1437 5642 1533 5695; x_wconf 88' lang='lat' dir='ltr'><strong>pro</strong></span> <span class='ocrx_word' id='word_1_745' title='bbox 1562 5627 1772 5693; x_wconf 77' lang='lat' dir='ltr'><strong>eﬂ&#39;usus.</strong></span> <span class='ocrx_word' id='word_1_746' title='bbox 1809 5627 1913 5680; x_wconf 84' lang='lat' dir='ltr'><strong>Ila-</strong></span> 
     </span>
    </p>
   </div>
   <div class='ocr_carea' id='block_1_103' title="bbox 329 5694 1911 5766">
    <p class='ocr_par' dir='ltr' id='par_1_103' title="bbox 329 5694 1911 5766">
     <span class='ocr_line' id='line_1_103' title="bbox 329 5694 1911 5766; baseline 0.001 -18"><span class='ocrx_word' id='word_1_747' title='bbox 329 5694 440 5748; x_wconf 84' lang='lat' dir='ltr'><strong>beri</strong></span> <span class='ocrx_word' id='word_1_748' title='bbox 471 5697 665 5766; x_wconf 86' lang='lat' dir='ltr'><strong>dicitur</strong></span> <span class='ocrx_word' id='word_1_749' title='bbox 694 5696 880 5750; x_wconf 87' lang='lat' dir='ltr'><strong>horum</strong></span> <span class='ocrx_word' id='word_1_750' title='bbox 913 5696 1202 5766; x_wconf 85' lang='lat' dir='ltr'><strong>Martyrum</strong></span> <span class='ocrx_word' id='word_1_751' title='bbox 1228 5694 1484 5752; x_wconf 87' lang='lat' dir='ltr'><strong>memoria</strong></span> <span class='ocrx_word' id='word_1_752' title='bbox 1510 5699 1561 5751; x_wconf 92' lang='lat' dir='ltr'><strong>in</strong></span> <span class='ocrx_word' id='word_1_753' title='bbox 1593 5698 1751 5751; x_wconf 82' lang='lat' dir='ltr'><strong>Rom.</strong></span> <span class='ocrx_word' id='word_1_754' title='bbox 1774 5697 1911 5751; x_wconf 83' lang='lat' dir='ltr'><strong>Mar-</strong></span> 
     </span>
    </p>
   </div>
   <div class='ocr_carea' id='block_1_104' title="bbox 334 5765 1027 5835">
    <p class='ocr_par' dir='ltr' id='par_1_104' title="bbox 334 5765 1027 5835">
     <span class='ocr_line' id='line_1_104' title="bbox 334 5765 1027 5835; baseline -0.006 -13"><span class='ocrx_word' id='word_1_755' title='bbox 334 5765 596 5835; x_wconf 77' lang='lat' dir='ltr'><strong>tyrologio</strong></span> <span class='ocrx_word' id='word_1_756' title='bbox 625 5766 712 5819; x_wconf 92' lang='lat' dir='ltr'><strong>die</strong></span> <span class='ocrx_word' id='word_1_757' title='bbox 744 5767 805 5820; x_wconf 85' lang='lat' dir='ltr'><strong>i7</strong></span> <span class='ocrx_word' id='word_1_758' title='bbox 837 5767 1027 5818; x_wconf 86' lang='lat' dir='ltr'><strong>Martii.</strong></span> 
     </span>
    </p>
   </div>
   <div class='ocr_carea' id='block_1_105' title="bbox 405 5834 1906 5900">
    <p class='ocr_par' dir='ltr' id='par_1_105' title="bbox 405 5834 1906 5900">
     <span class='ocr_line' id='line_1_105' title="bbox 405 5834 1906 5900; baseline -0.001 -11"><span class='ocrx_word' id='word_1_759' title='bbox 405 5846 428 5873; x_wconf 71' lang='grc' dir='ltr'>ε</span> <span class='ocrx_word' id='word_1_760' title='bbox 470 5834 712 5890; x_wconf 87' lang='lat' dir='ltr'><strong>Cacciar.</strong></span> <span class='ocrx_word' id='word_1_761' title='bbox 745 5851 809 5889; x_wconf 82' lang='lat' dir='ltr'><strong>ex</strong></span> <span class='ocrx_word' id='word_1_762' title='bbox 840 5835 1045 5889; x_wconf 89' lang='lat' dir='ltr'><strong>duobus</strong></span> <span class='ocrx_word' id='word_1_763' title='bbox 1072 5835 1236 5890; x_wconf 84' lang='lat' dir='ltr'><strong>Vatie.</strong></span> <span class='ocrx_word' id='word_1_764' title='bbox 1268 5837 1658 5891; x_wconf 86' lang='lat' dir='ltr'><strong>recentioribus</strong></span> <span class='ocrx_word' id='word_1_765' title='bbox 1677 5836 1906 5900; x_wconf 77' lang='lat' dir='ltr'><strong>recitata,</strong></span> 
     </span>
    </p>
   </div>
   <div class='ocr_carea' id='block_1_106' title="bbox 334 5905 1911 5979">
    <p class='ocr_par' dir='ltr' id='par_1_106' title="bbox 334 5905 1911 5979">
     <span class='ocr_line' id='line_1_106' title="bbox 334 5905 1911 5979; baseline 0.004 -19"><span class='ocrx_word' id='word_1_766' title='bbox 334 5905 509 5962; x_wconf 77' lang='lat' dir='ltr'><strong>minus</strong></span> <span class='ocrx_word' id='word_1_767' title='bbox 540 5916 687 5963; x_wconf 74' lang='lat' dir='ltr'><strong>terte</strong></span> <span class='ocrx_word' id='word_1_768' title='bbox 732 5907 889 5964; x_wconf 84' lang='lat' dir='ltr'><strong>bene.</strong></span> <span class='ocrx_word' id='word_1_769' title='bbox 936 5905 1101 5963; x_wconf 82' lang='lat' dir='ltr'><strong>Paulo</strong></span> <span class='ocrx_word' id='word_1_770' title='bbox 1147 5917 1267 5975; x_wconf 86' lang='lat' dir='ltr'><strong>post</strong></span> <span class='ocrx_word' id='word_1_771' title='bbox 1304 5908 1654 5964; x_wconf 82' lang='lat' dir='ltr'><strong>Guarnerian.</strong></span> <span class='ocrx_word' id='word_1_772' title='bbox 1703 5927 1911 5979; x_wconf 68' lang='grc' dir='ltr'><strong>ψιοιμιρ</strong></span> 
     </span>
    </p>
   </div>
   <div class='ocr_carea' id='block_1_107' title="bbox 2026 4758 3600 4839">
    <p class='ocr_par' dir='ltr' id='par_1_107' title="bbox 2026 4758 3600 4839">
     <span class='ocr_line' id='line_1_107' title="bbox 2026 4758 3600 4839; baseline -0.018 -4"><span class='ocrx_word' id='word_1_773' title='bbox 2026 4782 2220 4835; x_wconf 75' lang='lat' dir='ltr'><strong>Verum</strong></span> <span class='ocrx_word' id='word_1_774' title='bbox 2255 4787 2308 4829; x_wconf 88' lang='lat' dir='ltr'><strong>ut</strong></span> <span class='ocrx_word' id='word_1_775' title='bbox 2333 4758 2513 4828; x_wconf 87' lang='lat' dir='ltr'><strong>dicere</strong></span> <span class='ocrx_word' id='word_1_776' title='bbox 2543 4782 2899 4839; x_wconf 65' lang='lat' dir='ltr'><strong>cmperamns,</strong></span> <span class='ocrx_word' id='word_1_777' title='bbox 2931 4765 3212 4832; x_wconf 78' lang='lat' dir='ltr'><strong>Rescripta</strong></span> <span class='ocrx_word' id='word_1_778' title='bbox 3236 4760 3480 4821; x_wconf 90' lang='lat' dir='ltr'><strong>recitato,</strong></span> <span class='ocrx_word' id='word_1_779' title='bbox 3506 4770 3600 4823; x_wconf 84' lang='lat' dir='ltr'><strong>pa-</strong></span> 
     </span>
    </p>
   </div>
   <div class='ocr_carea' id='block_1_108' title="bbox 2023 4851 3601 4939">
    <p class='ocr_par' dir='ltr' id='par_1_108' title="bbox 2023 4851 3601 4939">
     <span class='ocr_line' id='line_1_108' title="bbox 2023 4851 3601 4939; baseline -0.019 -13"><span class='ocrx_word' id='word_1_780' title='bbox 2023 4870 2122 4928; x_wconf 88' lang='lat' dir='ltr'><strong>rati</strong></span> <span class='ocrx_word' id='word_1_781' title='bbox 2150 4866 2365 4939; x_wconf 89' lang='lat' dir='ltr'><strong>quidem</strong></span> <span class='ocrx_word' id='word_1_782' title='bbox 2408 4871 2563 4920; x_wconf 87' lang='lat' dir='ltr'><strong>erant</strong></span> <span class='ocrx_word' id='word_1_783' title='bbox 2610 4870 2917 4916; x_wconf 76' lang='lat' dir='ltr'><strong>nostrorum</strong></span> <span class='ocrx_word' id='word_1_784' title='bbox 2960 4855 3141 4928; x_wconf 85' lang='lat' dir='ltr'><strong>populi</strong></span> <span class='ocrx_word' id='word_1_785' title='bbox 3187 4852 3250 4907; x_wconf 90' lang='lat' dir='ltr'><strong>ad</strong></span> <span class='ocrx_word' id='word_1_786' title='bbox 3283 4851 3601 4905; x_wconf 61' lang='lat' dir='ltr'><strong>subvertvu-</strong></span> 
     </span>
    </p>
   </div>
   <div class='ocr_carea' id='block_1_109' title="bbox 2023 5045 3519 5122">
    <p class='ocr_par' dir='ltr' id='par_1_109' title="bbox 2023 5045 3519 5122">
     <span class='ocr_line' id='line_1_109' title="bbox 2023 5045 3519 5122; baseline -0.017 -8"><span class='ocrx_word' id='word_1_787' title='bbox 2023 5073 2124 5114; x_wconf 91' lang='lat' dir='ltr'><strong>ms.</strong></span> <span class='ocrx_word' id='word_1_788' title='bbox 2157 5071 2276 5111; x_wconf 92' lang='lat' dir='ltr'><strong>eum</strong></span> <span class='ocrx_word' id='word_1_789' title='bbox 2310 5053 2534 5122; x_wconf 87' lang='lat' dir='ltr'><strong>vulgatis</strong></span> <span class='ocrx_word' id='word_1_790' title='bbox 2563 5057 2857 5104; x_wconf 80' lang='lat' dir='ltr'><strong>nosceretur</strong></span> <span class='ocrx_word' id='word_1_791' title='bbox 2883 5061 2994 5122; x_wconf 83' lang='lat' dir='ltr'><strong>pro</strong></span> <span class='ocrx_word' id='word_1_792' title='bbox 3017 5045 3421 5122; x_wconf 63' lang='lat' dir='ltr'><strong>dignoscantur.</strong></span> <span class='ocrx_word' id='word_1_793' title='bbox 3491 5107 3519 5122; x_wconf 46' lang='grc' dir='ltr'><strong>ν</strong></span> 
     </span>
    </p>
   </div>
   <div class='ocr_carea' id='block_1_110' title="bbox 2091 5107 3602 5192">
    <p class='ocr_par' dir='ltr' id='par_1_110' title="bbox 2091 5107 3602 5192">
     <span class='ocr_line' id='line_1_110' title="bbox 2091 5107 3602 5192; baseline -0.019 -8"><span class='ocrx_word' id='word_1_794' title='bbox 2091 5107 2124 5167; x_wconf 56' lang='lat' dir='ltr'><strong>ii</strong></span> <span class='ocrx_word' id='word_1_795' title='bbox 2158 5107 2317 5183; x_wconf 33' lang='lat' dir='ltr'><strong>&#39;vl‘acet</strong></span> <span class='ocrx_word' id='word_1_796' title='bbox 2366 5107 2745 5185; x_wconf 60' lang='lat' dir='ltr'><strong>Gitarnerian.,</strong></span> <span class='ocrx_word' id='word_1_797' title='bbox 2788 5107 2948 5192; x_wconf 47' lang='lat' dir='ltr'><strong>uerti;</strong></span> <span class='ocrx_word' id='word_1_798' title='bbox 2983 5107 3338 5192; x_wconf 41' lang='lat' dir='ltr'><strong>infrvadtabet.</strong></span> <span class='ocrx_word' id='word_1_799' title='bbox 3374 5107 3602 5184; x_wconf 74' lang='lat' dir='ltr'><strong>evaditur</strong></span> 
     </span>
    </p>
   </div>
   <div class='ocr_carea' id='block_1_111' title="bbox 2022 5186 3599 5273">
    <p class='ocr_par' dir='ltr' id='par_1_111' title="bbox 2022 5186 3599 5273">
     <span class='ocr_line' id='line_1_111' title="bbox 2022 5186 3599 5273; baseline 0 0"><span class='ocrx_word' id='word_1_800' title='bbox 2022 5216 2118 5273; x_wconf 79' lang='lat' dir='ltr'><strong>pro</strong></span> <span class='ocrx_word' id='word_1_801' title='bbox 2144 5200 2393 5273; x_wconf 60' lang='lat' dir='ltr'><strong>crudam</strong></span> <span class='ocrx_word' id='word_1_802' title='bbox 2412 5210 2429 5258; x_wconf 70' lang='grc' dir='ltr'><em>ε</em></span> <span class='ocrx_word' id='word_1_803' title='bbox 2448 5205 2555 5273; x_wconf 61' lang='lat' dir='ltr'><strong>tum</strong></span> <span class='ocrx_word' id='word_1_804' title='bbox 2582 5192 2902 5273; x_wconf 63' lang='grc' dir='ltr'><strong>Βριξοηὲειιξ·</strong></span> <span class='ocrx_word' id='word_1_805' title='bbox 2933 5186 3175 5273; x_wconf 53' lang='lat' dir='ltr'><strong>immisit</strong></span> <span class='ocrx_word' id='word_1_806' title='bbox 3199 5198 3297 5273; x_wconf 55' lang='lat'><strong>9&#39;10.</strong></span> <span class='ocrx_word' id='word_1_807' title='bbox 3308 5186 3599 5273; x_wconf 48' lang='lat'><strong>13%??-</strong></span> 
     </span>
    </p>
   </div>
   <div class='ocr_carea' id='block_1_112' title="bbox 2094 5247 3596 5329">
    <p class='ocr_par' dir='ltr' id='par_1_112' title="bbox 2094 5247 3596 5329">
     <span class='ocr_line' id='line_1_112' title="bbox 2094 5247 3596 5329; baseline -0.02 -4"><span class='ocrx_word' id='word_1_808' title='bbox 2094 5247 2119 5309; x_wconf 59' lang='grc' dir='ltr'>ἶ</span> <span class='ocrx_word' id='word_1_809' title='bbox 2145 5247 2485 5323; x_wconf 34' lang='grc' dir='ltr'><strong>νϐὖίἆῦιίίθόε.</strong></span> <span class='ocrx_word' id='word_1_810' title='bbox 2518 5263 2719 5317; x_wconf 86' lang='lat' dir='ltr'><strong>Latinis</strong></span> <span class='ocrx_word' id='word_1_811' title='bbox 2744 5261 2936 5326; x_wconf 89' lang='lat' dir='ltr'><strong>literis,</strong></span> <span class='ocrx_word' id='word_1_812' title='bbox 2965 5247 3267 5329; x_wconf 52' lang='lat' dir='ltr'><strong>agnationis;</strong></span> <span class='ocrx_word' id='word_1_813' title='bbox 3287 5261 3394 5329; x_wconf 79' lang='lat' dir='ltr'><strong>tum</strong></span> <span class='ocrx_word' id='word_1_814' title='bbox 3427 5247 3596 5329; x_wconf 73' lang='lat' dir='ltr'><strong>Gnar-</strong></span> 
     </span>
    </p>
   </div>
   <div class='ocr_carea' id='block_1_113' title="bbox 2021 5315 3597 5407">
    <p class='ocr_par' dir='ltr' id='par_1_113' title="bbox 2021 5315 3597 5407">
     <span class='ocr_line' id='line_1_113' title="bbox 2021 5315 3597 5407; baseline -0.022 -10"><span class='ocrx_word' id='word_1_815' title='bbox 2021 5315 3211 5407; x_wconf 12' lang='lat' dir='ltr'><strong>neria-nfcastiaantfpt&#39;oicastificantzv&#39;l‘aceo</strong></span> <span class='ocrx_word' id='word_1_816' title='bbox 3258 5320 3456 5407; x_wconf 66' lang='lat' dir='ltr'><strong>leviora</strong></span> <span class='ocrx_word' id='word_1_817' title='bbox 3499 5315 3597 5407; x_wconf 39' lang='lat' dir='ltr'><strong>ani-ia</strong></span> 
     </span>
    </p>
   </div>
   <div class='ocr_carea' id='block_1_114' title="bbox 2019 5389 3602 5475">
    <p class='ocr_par' dir='ltr' id='par_1_114' title="bbox 2019 5389 3602 5475">
     <span class='ocr_line' id='line_1_114' title="bbox 2019 5389 3602 5475; baseline -0.02 -9"><span class='ocrx_word' id='word_1_818' title='bbox 2019 5389 2233 5475; x_wconf 66' lang='lat' dir='ltr'><strong>menda,</strong></span> <span class='ocrx_word' id='word_1_819' title='bbox 2261 5389 2662 5469; x_wconf 46' lang='lat' dir='ltr'><strong>etfaceiarii,</strong></span> <span class='ocrx_word' id='word_1_820' title='bbox 2704 5389 2917 5472; x_wconf 71' lang='lat' dir='ltr'><strong>quoiies</strong></span> <span class='ocrx_word' id='word_1_821' title='bbox 2964 5399 3209 5452; x_wconf 64' lang='lat' dir='ltr'><strong>Gratcum</strong></span> <span class='ocrx_word' id='word_1_822' title='bbox 3236 5389 3459 5443; x_wconf 80' lang='lat' dir='ltr'><strong>verbum</strong></span> <span class='ocrx_word' id='word_1_823' title='bbox 3513 5399 3602 5436; x_wconf 85' lang='lat' dir='ltr'><strong>oc-</strong></span> 
     </span>
    </p>
   </div>
   <div class='ocr_carea' id='block_1_115' title="bbox 2021 5484 3574 5550">
    <p class='ocr_par' dir='ltr' id='par_1_115' title="bbox 2021 5484 3574 5550">
     <span class='ocr_line' id='line_1_115' title="bbox 2021 5484 3574 5550; baseline -0.002 -13"><span class='ocrx_word' id='word_1_824' title='bbox 2021 5484 2208 5546; x_wconf 89' lang='lat' dir='ltr'><strong>currit,</strong></span> <span class='ocrx_word' id='word_1_825' title='bbox 2239 5491 2526 5550; x_wconf 88' lang='lat' dir='ltr'><strong>perpetuos</strong></span> <span class='ocrx_word' id='word_1_826' title='bbox 2555 5488 2791 5550; x_wconf 78' lang='lat' dir='ltr'><strong>errores.</strong></span> <span class='ocrx_word' id='word_1_827' title='bbox 2859 5548 2867 5550; x_wconf 20' lang='grc' dir='ltr'><strong>Α</strong></span> <span class='ocrx_word' id='word_1_828' title='bbox 2944 5544 2956 5550; x_wconf 85' lang='lat'>_</span> <span class='ocrx_word' id='word_1_829' title='bbox 3031 5531 3134 5550; x_wconf 12' lang='grc' dir='ltr'><strong>Α.-</strong></span> <span class='ocrx_word' id='word_1_830' title='bbox 3162 5537 3276 5550; x_wconf 79' lang='lat'><strong>____</strong></span> <span class='ocrx_word' id='word_1_831' title='bbox 3316 5521 3574 5550; x_wconf 45' lang='grc' dir='ltr'><strong>,ηωτηώ</strong></span> 
     </span>
    </p>
   </div>
   <div class='ocr_carea' id='block_1_116' title="bbox 2100 5525 3596 5614">
    <p class='ocr_par' dir='ltr' id='par_1_116' title="bbox 2100 5525 3596 5614">
     <span class='ocr_line' id='line_1_116' title="bbox 2100 5525 3596 5614; baseline -0.025 -6"><span class='ocrx_word' id='word_1_832' title='bbox 2100 5525 2131 5591; x_wconf 57' lang='grc' dir='ltr'><em>ί</em></span> <span class='ocrx_word' id='word_1_833' title='bbox 2562 5525 2886 5614; x_wconf 58' lang='lat' dir='ltr'><strong>pertingersl,</strong></span> <span class='ocrx_word' id='word_1_834' title='bbox 2906 5544 2962 5614; x_wconf 78' lang='lat' dir='ltr'><strong>et</strong></span> <span class='ocrx_word' id='word_1_835' title='bbox 2984 5531 3139 5613; x_wconf 78' lang='lat' dir='ltr'><strong>paulo</strong></span> <span class='ocrx_word' id='word_1_836' title='bbox 3162 5537 3283 5597; x_wconf 89' lang='lat' dir='ltr'><strong>post</strong></span> <span class='ocrx_word' id='word_1_837' title='bbox 3307 5525 3596 5586; x_wconf 82' lang='lat' dir='ltr'><strong>Interioris,</strong></span> 
     </span>
    </p>
   </div>
   <div class='ocr_carea' id='block_1_117' title="bbox 2016 5604 3205 5690">
    <p class='ocr_par' dir='ltr' id='par_1_117' title="bbox 2016 5604 3205 5690">
     <span class='ocr_line' id='line_1_117' title="bbox 2016 5604 3205 5690; baseline -0.024 -11"><span class='ocrx_word' id='word_1_838' title='bbox 2016 5639 2135 5679; x_wconf 91' lang='lat' dir='ltr'><strong>cum</strong></span> <span class='ocrx_word' id='word_1_839' title='bbox 2166 5604 2395 5690; x_wconf 83' lang='lat' dir='ltr'><strong>vulgatis</strong></span> <span class='ocrx_word' id='word_1_840' title='bbox 2421 5604 2576 5670; x_wconf 70' lang='lat' dir='ltr'><strong>antea</strong></span> <span class='ocrx_word' id='word_1_841' title='bbox 2602 5604 2757 5690; x_wconf 66' lang='lat' dir='ltr'><strong>libris</strong></span> <span class='ocrx_word' id='word_1_842' title='bbox 2778 5604 3205 5690; x_wconf 46' lang='lat' dir='ltr'><strong>[irfi.llgdfi£:€8.</strong></span> 
     </span>
    </p>
   </div>
   <div class='ocr_carea' id='block_1_118' title="bbox 2090 5674 3318 5749">
    <p class='ocr_par' dir='ltr' id='par_1_118' title="bbox 2090 5674 3318 5749">
     <span class='ocr_line' id='line_1_118' title="bbox 2090 5674 3318 5749; baseline -0.024 -2"><span class='ocrx_word' id='word_1_843' title='bbox 2090 5674 2131 5741; x_wconf 29' lang='lat' dir='ltr'><strong>is“</strong></span> <span class='ocrx_word' id='word_1_844' title='bbox 2154 5674 2297 5746; x_wconf 56' lang='lat' dir='ltr'><strong>[derit</strong></span> <span class='ocrx_word' id='word_1_845' title='bbox 2328 5689 2579 5749; x_wconf 83' lang='lat' dir='ltr'><strong>direptus,</strong></span> <span class='ocrx_word' id='word_1_846' title='bbox 2608 5698 2684 5743; x_wconf 89' lang='lat' dir='ltr'><strong>os,</strong></span> <span class='ocrx_word' id='word_1_847' title='bbox 2714 5688 2759 5731; x_wconf 83' lang='lat' dir='ltr'><strong>et</strong></span> <span class='ocrx_word' id='word_1_848' title='bbox 2790 5676 2926 5749; x_wconf 80' lang='lat' dir='ltr'><strong>labia</strong></span> <span class='ocrx_word' id='word_1_849' title='bbox 2956 5674 3318 5749; x_wconf 35' lang='lat' dir='ltr'><strong>Serapistetc.</strong></span> 
     </span>
    </p>
   </div>
   <div class='ocr_carea' id='block_1_119' title="bbox 2090 5731 3602 5816">
    <p class='ocr_par' dir='ltr' id='par_1_119' title="bbox 2090 5731 3602 5816">
     <span class='ocr_line' id='line_1_119' title="bbox 2090 5731 3602 5816; baseline -0.02 0"><span class='ocrx_word' id='word_1_850' title='bbox 2090 5731 2118 5801; x_wconf 59' lang='grc' dir='ltr'>ί</span> <span class='ocrx_word' id='word_1_851' title='bbox 2413 5731 2800 5815; x_wconf 58' lang='lat' dir='ltr'><strong>&#39;r&#39;ééiéjdpts;</strong></span> <span class='ocrx_word' id='word_1_852' title='bbox 2829 5746 2918 5814; x_wconf 91' lang='lat' dir='ltr'><strong>qui</strong></span> <span class='ocrx_word' id='word_1_853' title='bbox 2934 5751 3002 5816; x_wconf 70' lang='lat' dir='ltr'><strong>et</strong></span> <span class='ocrx_word' id='word_1_854' title='bbox 3041 5731 3237 5816; x_wconf 79' lang='lat' dir='ltr'><strong>deinde</strong></span> <span class='ocrx_word' id='word_1_855' title='bbox 3280 5738 3397 5816; x_wconf 82' lang='lat' dir='ltr'><strong>plus</strong></span> <span class='ocrx_word' id='word_1_856' title='bbox 3441 5731 3602 5813; x_wconf 83' lang='lat' dir='ltr'><strong>habet</strong></span> 
     </span>
    </p>
   </div>
   <div class='ocr_carea' id='block_1_120' title="bbox 2020 5807 3601 5905">
    <p class='ocr_par' dir='ltr' id='par_1_120' title="bbox 2020 5807 3601 5905">
     <span class='ocr_line' id='line_1_120' title="bbox 2020 5807 3601 5905; baseline -0.022 -16"><span class='ocrx_word' id='word_1_857' title='bbox 2020 5807 2392 5905; x_wconf 54' lang='lat' dir='ltr'><strong>Signiipi&#39;ieéa</strong></span> <span class='ocrx_word' id='word_1_858' title='bbox 2414 5807 2713 5884; x_wconf 54' lang='lat' dir='ltr'><strong>satis,&#39;ete.</strong></span> <span class='ocrx_word' id='word_1_859' title='bbox 2758 5807 2878 5871; x_wconf 59' lang='lat' dir='ltr'><strong>Mos</strong></span> <span class='ocrx_word' id='word_1_860' title='bbox 2922 5808 3230 5868; x_wconf 83' lang='lat' dir='ltr'><strong>Caeciarius</strong></span> <span class='ocrx_word' id='word_1_861' title='bbox 3262 5807 3417 5871; x_wconf 88' lang='lat' dir='ltr'><strong>male,</strong></span> <span class='ocrx_word' id='word_1_862' title='bbox 3449 5807 3601 5872; x_wconf 81' lang='lat' dir='ltr'><strong>cujus</strong></span> 
     </span>
    </p>
   </div>
   <div class='ocr_carea' id='block_1_121' title="bbox 2018 5900 2580 5970">
    <p class='ocr_par' dir='ltr' id='par_1_121' title="bbox 2018 5900 2580 5970">
     <span class='ocr_line' id='line_1_121' title="bbox 2018 5900 2580 5970; baseline -0.021 -14"><span class='ocrx_word' id='word_1_863' title='bbox 2018 5900 2201 5956; x_wconf 70' lang='lat' dir='ltr'><strong>naiura</strong></span> <span class='ocrx_word' id='word_1_864' title='bbox 2232 5902 2446 5970; x_wconf 72' lang='lat' dir='ltr'><strong>ferrum,</strong></span> <span class='ocrx_word' id='word_1_865' title='bbox 2478 5900 2580 5947; x_wconf 86' lang='lat' dir='ltr'><strong>etc.</strong></span> 
     </span>
    </p>
   </div>
  </div>
