4166 6348
512 299 621 410 siis

1531 336 1766 399 ltUFlNl
1806 332 2289 408 AQUlLElENSlS
2328 304 2769 392 rnesevrenr

3693 318 3802 388 53‘

510 462 714 523 etenim
744 457 1017 532 appellant
1039 455 1287 528 antiquas
1316 454 1695 527 Egyptiorum
1727 453 1963 520 litteras)
1988 466 2101 507 ma-
2131 450 2181 513 Α
2206 448 2365 521 301
2393 446 2601 519 deiecta
2629 455 2754 502 sunt
2774 491 2789 516 ,
2822 453 2877 502 et
2902 445 3013 502 veri
3044 443 3138 501 Dei
3171 443 3369 515 templa
3395 436 3653 499 Ecclesiae
3682 444 3799 500 eel-
3834 468 3837 471 δ

510 556 646 629 gica:
674 556 805 610 artis
846 561 965 609 erat
1006 566 1143 622 pene
1175 548 1385 621 publica
1438 548 1647 604 schola.
1699 547 1874 616 Quem
1927 546 2101 601 locum

509 647 661 704 velut
691 648 893 701 fontem
924 642 1189 713 quendam
1220 649 1379 711 atque
1399 640 1663 711 originem
1691 639 1991 693 daemonum
2021 638 2103 691 iti-

512 750 720 794 tautum
766 736 1167 793 venerabantur
1214 731 1444 803 Pagani,
1495 738 1553 785 ut
1597 730 1768 785 multo
1811 729 1881 783 ibi
1929 727 2103 798 major

511 830 828 895 celebritas,
859 842 1018 898 quam
1055 824 1195 894 apud
1227 821 1606 878 Alexandriam
1649 820 1960 875 haberetur.
1993 816 2099 874 Sed

510 929 579 984 de
610 926 766 995 huius
812 936 1024 993 quoque
1070 918 1295 975 monstri
1348 931 1563 981 errore,
1598 913 1900 983 cuiusmodi
1940 910 2103 982 origi-

508 1035 636 1077 nem
667 1017 898 1083 tradant,
946 1011 1242 1070 absurdum
1277 1024 1383 1064 non
1430 1009 1533 1064 erit
1583 1006 1769 1074 paucis
1805 1018 2096 1073 exponere.

509 1112 712 1170 Ferunt
740 1108 1029 1181 aliquando
1058 1106 1342 1163 Chaldaeos
1383 1104 1563 1173 Ignem
1597 1102 1763 1157 Deum
1800 1115 1958 1153 suum
1991 1100 2099 1153 cir-

507 1210 887 1273 cumferentes,
909 1221 1029 1261 cum
1054 1202 1292 1260 omnium
1313 1198 1710 1271 provinciarum
1735 1197 1837 1250 diis
1852 1194 2101 1250 habuisse

505 1301 840 1366 conflictum,
869 1312 974 1368 quo
995 1296 1204 1351 scilicet
1229 1294 1320 1364 qui
1346 1292 1583 1353 vicisset,
1611 1289 1696 1345 hic
1725 1302 1844 1344 esse
1873 1287 2013 1341 Dens
2034 1288 2101 1341 ab

505 1395 758 1450 omnibus
785 1392 1115 1448 crederetur.
1142 1388 1305 1459 300
1328 1384 1673 1454 Reliquorum
1706 1380 2098 1449 provinciarum

504 1487 587 1542 Dii
615 1486 725 1561 [ΑΙ.
749 1484 889 1556 Dei],
915 1484 1041 1538 aeris
1064 1490 1157 1536 aut
1186 1480 1327 1545 auri,
1350 1488 1377 1518 ι
1401 1478 1697 1547 argentivc,
1730 1486 1819 1530 aut
1842 1475 1991 1545 ligni.
2016 1474 2099 1529 vel

502 1579 729 1650 lapidis,
764 1577 855 1633 vel
886 1593 949 1632 ex
982 1588 1313 1646 quacunque
1336 1572 1559 1626 materia
1594 1570 1945 1636 constabant,
1978 1582 2101 1637 qua:

505 1688 604 1743 per
631 1674 808 1744 ignem
840 1670 1025 1741 procul
1066 1668 1231 1723 dubio
1261 1673 1719 1734 corrumperetur.
1754 1663 1831 1718 Ex
1868 1678 1974 1733 quo
2006 1662 2099 1717 fie-

504 1767 619 1829 bat,
650 1774 709 1820 ut
742 1763 883 1835 Ignis
929 1763 1061 1819 locis
1107 1760 1357 1817 omnibus
1387 1758 1677 1812 obtineret.
1708 1756 1830 1811 llmc
1852 1771 1971 1811 cum
2006 1770 2100 1809 au-

2203 554 2277 595 sze
2307 550 2330 579 ε
2359 549 2707 595 constructre.
2740 537 2872 593 Nam
2914 547 2972 593 et
3012 538 3066 593 in
3096 537 3317 607 Serapis
3345 536 3599 606 sepulcro
3623 577 3640 604 ,
3674 550 3802 606 pro-

2202 632 2392 703 phanis
2421 632 2628 686 :edihus
2642 630 3023 701 complanatis,
3043 646 3110 687 ex
3130 645 3238 685 uno
3262 631 3432 686 latere
3455 627 3798 701 Martyrium,

2202 735 2267 776 ex
2313 720 2489 775 altero
2539 721 2818 791 consurgit
2860 721 3126 776 Ecclesia.
3157 719 3393 775 Occasio
3432 728 3616 774 autem
3661 717 3801 773 Mar-

2204 812 2325 884 tyrii
2355 812 2704 866 construendi
2733 811 2873 868 unde
2898 811 3026 867 data
3052 812 3158 879 sit,
3186 811 3407 883 dignum
3436 810 3672 867 arbitror
3700 823 3802 866 lue-

2203 917 2354 958 mora
2363 917 2441 959 re.

2742 974 2972 1031 CAPUT
3014 973 3257 1030 XXVIII.

2346 1087 2423 1143 De
2448 1087 2665 1142 Joannis
2694 1090 2931 1157 sepulcro
2960 1090 3147 1143 violato
3177 1097 3225 1143 et
3254 1089 3487 1160 reliquiis
3512 1087 3662 1159 apud

2630 1183 3001 1237 Alexandriam
3034 1184 3374 1238 conservatis.

2275 1292 2471 1348 Iuliani
2518 1294 2853 1364 temporibus
2883 1296 3027 1351 velut
3058 1297 3315 1350 relaxatis
3351 1296 3518 1351 frenis
3552 1296 3799 1353 efferbuit

2204 1383 2257 1439 in
2288 1399 2499 1439 omnem
2527 1386 2791 1440 saevitiam
2822 1386 3006 1440 feritas
3030 1386 3386 1457 Paganorum.
3413 1385 3494 1441 Ex
3519 1402 3628 1457 quo
3648 1387 3796 1443 acci-

2203 1476 2301 1545 dit,
2353 1478 2491 1547 apud
2542 1479 2803 1535 Sebastcn
2855 1479 3152 1535 Palaestina:
3194 1480 3383 1536 urbem
3453 1480 3798 1550 sepulchrum

2208 1566 2229 1607 ί
2255 1569 2477 1625 Joannis
2508 1570 2759 1642 Baptiste
2792 1580 2970 1627 mente
3002 1570 3185 1626 rabida
3215 1580 3267 1627 et
3297 1570 3521 1626 funestis
3551 1572 3799 1627 minibus

2205 1663 2538 1730 invaderent,
2568 1679 2688 1719 ossa
2723 1664 3115 1735 dispergerent,
3147 1673 3308 1733 atque
3338 1680 3399 1720 ea
3427 1678 3643 1719 rursum
3672 1664 3791 1719 col-

2204 1757 2365 1825 lecta,
2397 1745 2503 1828 igni
2535 1765 2861 1824 cremarent,
2885 1765 2939 1810 et
2963 1766 3179 1813 sanctos
3201 1758 3413 1811 cineres
3446 1757 3651 1825 pulveri
3685 1758 3789 1812 im-

506 1855 894 1925 dissetCanopi
920 1853 1196 1919 sacerdos,
1215 1850 1463 1907 callidum
1482 1848 1733 1919 quiddam
1758 1847 2098 1917 excogitavit.
2140 1844 2179 1903 B
2211 1852 2436 1916 mixtos,
2461 1865 2559 1922 per
2588 1866 2746 1922 agros
2767 1862 2819 1907 et
2849 1865 2979 1906 rura
3002 1852 3392 1922 dispergerent.
3418 1851 3523 1908 Sed
3547 1850 3646 1907 Dei
3673 1866 3800 1923 pra-

509 1951 729 2023 Hydriae
762 1948 876 2005 fieri
906 1947 1082 2004 solent
1111 1947 1163 2002 in
1193 1945 1409 2017 [Egypti
1444 1944 1681 2014 partibus
1704 1942 1917 2007 fictiles,
1948 1940 2104 1995 undi-

505 2058 612 2113 que
645 2042 883 2105 crebris,
916 2051 969 2096 et
1000 2040 1219 2095 minutis
1263 2037 1551 2093 admodum
1605 2034 1965 2090 foraminibus
2011 2047 2103 2101 pa-

506 2134 665 2199 tulae,
710 2132 907 2204 quibus
940 2129 1147 2185 turbida
1177 2144 1315 2199 aqua
1362 2126 1671 2193 desudans,
1701 2123 2012 2180 defmcatior
2040 2137 2103 2178 ac

504 2225 693 2295 purior
742 2222 984 2279 redditur
1027 2219 1133 2293 [ΑΙ.
1169 2217 1532 2291 redderetur].
1563 2218 1764 2273 llarum
1818 2216 1911 2271 ille
1942 2230 2102 2269 unam

505 2335 627 2375 cera
660 2317 1011 2374 foraminibus
1040 2314 1310 2370 obturatis
1330 2355 1343 2377 ,
1375 2312 1613 2380 desuper
1639 2311 1802 2365 etiam
1827 2308 1988 2363 variis
2013 2322 2104 2363 c0-

505 2410 708 2466 loribus
738 2410 967 2480 pictam,
998 2422 1135 2477 aqua
1178 2405 1439 2472 repletam
1486 2401 1673 2456 Statuit
1716 2412 1773 2455 ut
1818 2401 2006 2455 Deum.
2043 2400 2105 2453 Et

506 2504 749 2559 excisum
785 2501 980 2556 veteris
1014 2497 1330 2554 siniulachri
1357 2538 1371 2561 ,
1404 2497 1543 2566 quod
1579 2495 1802 2550 Menelai
1837 2495 2107 2565 guberna-

509 2590 693 2648 torisb
722 2590 1011 2655 ferebatur,
1044 2600 1207 2659 caput
1248 2590 1481 2657 desuper
1537 2588 1772 2655 positum
1817 2587 2104 2657 diligenter

508 2684 734 2753 aptavit.
762 2683 969 2738 Adsunt
1013 2692 1133 2751 post
1186 2680 1301 2735 htec
1356 2680 1592 2734 Chaldaei
1622 2698 1633 2733 :
1663 2680 1770 2734 itttr
1822 2680 1874 2733 in
1919 2680 2105 2734 conﬂi-

508 2784 655 2832 ctum
682 2791 697 2828 :
727 2774 869 2829 circa
903 2773 1147 2844 hydriam
1182 2772 1323 2843 ignis
1351 2771 1702 2826 accenditur:
1738 2786 1861 2826 cera
1891 2787 1992 2841 qua
2022 2772 2103 2823 fo-

509 2866 715 2923 ramina
741 2866 953 2920 fuerant
983 2864 1232 2919 obturata
1253 2900 1274 2933 ,
1305 2863 1592 2918 resolvitur
1622 2880 1635 2918 :
1662 2862 1893 2917 sudante
1917 2862 2103 2933 hydria

509 2958 650 3029 ignis
702 2954 1051 3028 extinguitur.
1088 2954 1397 3011 Sacerdotis
1428 2952 1618 3009 fraude
1661 2953 1914 3023 Canopus
1942 2952 2104 3007 Chal-

509 3049 745 3103 daeorum
777 3048 948 3103 victor
975 3047 1294 3103 ostenditur.
1319 3045 1474 3102 Unde
1506 3046 1679 3115 ipsum
1702 3045 1903 3115 Canopi
1934 3046 2103 3101 simu-

509 3138 778 3201 lacbrnm,
806 3138 1030 3208 pedibus
1056 3137 1379 3209 perexiguis,
1412 3144 1642 3193 attracto
1674 3138 1837 3201 collo,
1870 3144 1925 3192 et
1952 3139 2101 3208 quasi

2207 1945 2439 1999 videntia
2492 1946 2691 2001 factum
2742 1954 2859 2011 est,
2910 1946 3174 2014 quosdam
3225 1945 3293 2000 de
3341 1944 3695 2016 lerosolymis
3734 1962 3799 2003 ex

2206 2036 2538 2091 monasterio
2554 2036 2785 2107 Philippi
2810 2036 3045 2091 hominis
3062 2036 3178 2107 Dei,
3196 2037 3455 2091 orationis
3470 2037 3595 2092 illuc
3607 2051 3801 2095 caussa

2206 2142 2302 2197 per
2336 2128 2476 2183 idem
2513 2138 2720 2198 tempus
2749 2129 2981 2184 venisse.
3003 2128 3105 2196 Qui
3132 2144 3254 2183 cum
3287 2137 3492 2183 tantum
3518 2127 3669 2184 nefas
3697 2129 3795 2184 hu-

2208 2220 2383 2273 manis
2412 2220 2627 2290 quidem
2656 2221 2934 2287 nianibns,
2963 2221 3057 2275 sed
3087 2218 3261 2276 ferina
3284 2229 3464 2275 mente
3496 2221 3610 2275 fieri
3641 2222 3798 2276 vide-

2207 2325 2349 2380 rent,
2384 2316 2516 2368 mori
2547 2317 2753 2383 gratius
2781 2314 3061 2380 habentes,
3090 2329 3248 2384 quam
3283 2313 3656 2383 hujuscemodi
3687 2316 3803 2384 pia-

2206 2405 2327 2458 cnlo
2377 2404 2670 2469 funestari,
2727 2404 2867 2459 inter
2917 2419 3012 2459 vos
3058 2404 3148 2474 qui
3196 2418 3317 2459 ossa
3361 2403 3428 2458 ad
3459 2405 3796 2461 exurendum

2209 2496 2479 2567 legebant,
2515 2496 2663 2550 mixti
2696 2495 3029 2567 diligentius,
3064 2496 3118 2551 in
3149 2506 3411 2566 quantum
3442 2510 3530 2552 res
3554 2497 3795 2567 patieba-

2208 2598 2313 2653 tur,
2342 2604 2404 2645 ac
2435 2590 2740 2660 religiosius
2772 2600 3161 2661 congregantes
3185 2632 3199 2655 ,
3247 2590 3428 2645 furtim
3468 2606 3527 2647 se
3556 2592 3645 2648 vel
3683 2602 3798 2649 stu-

2210 2683 2478 2751 pentibus.
2508 2684 2585 2736 vel
2618 2682 3012 2737 insanientibus
3043 2684 3381 2751 subtraxere,
3405 2693 3460 2739 et
3486 2684 3552 2740 ad
3584 2686 3801 2757 religio-

2208 2791 2325 2827 sum
2361 2784 2565 2843 patrem
2600 2774 2904 2843 Philippum
2948 2775 3285 2831 venerandus
3327 2774 3587 2845 reliquias
3612 2787 3793 2846 pertu-

2208 2868 2224 2922 l
2248 2885 2336 2923 *re.
2368 2870 2456 2922 llle
2484 2884 2644 2939 supra
2667 2885 2726 2925 se
2751 2870 2972 2935 ducens,
2995 2880 3200 2925 tantum
3231 2870 3542 2926 thesaurum
3567 2871 3799 2941 propriis

2207 2976 2423 3017 servare
2448 2963 2662 3031 tigiliis,
2687 2963 2751 3016 ad
2788 2964 3100 3019 Ponthirem
3136 2966 3432 3019 maximum
3463 2975 3591 3022 tunc
3622 2966 3793 3020 Atha-

2210 3059 2449 3119 nasium,
2486 3058 2671 3110 hostia:
2719 3057 3078 3111 immaculata:
3110 3057 3368 3127 reliquias
3397 3070 3494 3125 per
3525 3056 3797 3112 lulianum

2208 3151 2491 3207 diaconum
2517 3168 2697 3215 suum,
2732 3163 2850 3220 post
2881 3154 3043 3207 etiam
3074 3150 3376 3206 Palaestina:
3405 3150 3553 3207 urbis
3585 3150 3798 3221 Episco-
3864 3184 3871 3191 ι

511 3244 537 3272 ο
555 3233 843 3305 suggillato
864 3241 1051 3287 ventre
1077 3232 1281 3287 tumido
1308 3231 1359 3286 in
1385 3232 1600 3287 modum
1620 3232 1821 3303 hydria:
1838 3247 1958 3287 cum
1978 3231 2102 3286 dor-

2211 3262 2333 3316 pum
2380 3247 2564 3300 mittit.
2602 3246 2751 3313 Quas
2777 3245 2868 3301 ille
2895 3254 3207 3313 susceptas,
3233 3244 3420 3315 paucis
3446 3244 3666 3299 arbitris
3697 3244 3799 3299 sub

509 3338 570 3379 so
616 3325 894 3395 aequaliter
941 3325 1093 3379 tereti
1153 3323 1434 3378 formatur.
1489 3324 1565 3377 Ex
1617 3322 1717 3377 hac
1748 3324 2101 3392 persuasione

509 3419 654 3473 velut
686 3418 824 3473 Deus
860 3417 1036 3472 vietor
1084 3416 1327 3472 omnium
1359 3417 1661 3471 colebatur.
1698 3417 1802 3472 Sed
1848 3416 2098 3487 profece-

509 3510 618 3565 rint
672 3509 786 3564 haec
827 3507 1058 3563 fortasse
1102 3509 1390 3577 aliquando
1421 3506 1711 3564 Chaldaeis.
1765 3510 1920 3563 Nunc
1970 3522 2101 3563 vero

514 3597 841 3652 adventante
886 3596 1168 3652 sacerdote
1202 3598 1292 3653 D'ei
1322 3597 1657 3668 Theophila,
1692 3599 1871 3653 nultns
1902 3598 2105 3668 profuit

510 3691 699 3756 sudor,
722 3706 820 3747 nec
849 3692 988 3747 ceris
1019 3690 1165 3745 fraus
1194 3691 1405 3746 obtecta
1431 3693 1703 3750 subvenit.
1732 3692 1947 3748 Vastata
1974 3701 2101 3748 sunt

514 3784 717 3851 omnia,
751 3793 912 3854 atque
934 3783 1001 3839 ad
1032 3783 1206 3840 solum
1240 3783 1489 3839 deducta.

1067 3896 1294 3953 CAPUT
1338 3895 1548 3952 XXVII.

584 3984 667 4042 De
700 3985 945 4044 Ecclesiis
983 3998 1034 4043 et
1075 3988 1341 4059 Martyriis
1372 4005 1484 4054 qua:
1523 3990 1575 4044 in
1622 3990 1876 4045 idolorum
1905 3990 2031 4045 locis

1079 4071 1372 4115 constructa
1398 4068 1540 4114 sunt.

582 4149 691 4207 Sed
716 4148 741 4189 τι
774 4151 907 4207 nihil
937 4162 1145 4223 gestum
1178 4162 1291 4220 est,
1321 4152 1461 4222 quod
1511 4152 1564 4205 in
1597 4153 1901 4221 squalorem
1928 4162 2103 4210 vcrtc-

512 4249 600 4297 ret
644 4241 843 4297 locum.
898 4242 1244 4314 Flagitiorum
1296 4258 1580 4310 cavernae,
1628 4256 1910 4301 veternosa
1950 4248 2103 4303 busta

510 4368 583 4410 ne
610 4364 815 4426 nostra,
842 4356 1040 4413 dudum
1066 4356 1237 4426 turpis
1262 4356 1390 4412 ldoli
1418 4358 1754 4425 cognominis
1775 4360 1918 4413 cultu
1945 4360 2070 4415 luxu
2088 4392 2102 4401 -

511 4440 618 4496 que
647 4424 1335 4495 infamem,sanctificatum
1369 4424 1645 4482 exstructo
1671 4429 1742 4484 ibi
1776 4433 2104 4486 monasterio

509 4507 796 4568 memorat.
828 4497 895 4552 In
926 4500 1260 4561 monasterio,
1293 4499 1498 4567 inquit,
1545 4498 1844 4562 Metanwaz.
1876 4502 2011 4568 quod
2043 4504 2107 4556 de

509 4564 719 4623 Canobo
749 4569 798 4622 in
830 4570 1175 4636 panitentinm
1207 4569 1345 4637 felici
1369 4564 1594 4622 nominis
1641 4564 1963 4626 conversione
1992 4589 2105 4625 mu-

512 4645 675 4713 tatum
690 4649 787 4713 est.
809 4639 1131 4713 Athanasius
1161 4639 1453 4713 Presbyter
1473 4639 1677 4713 Libello
1702 4658 1857 4708 quem
1884 4643 2103 4713 Synodo

511 4708 1139 4787 Cit-alcedonensitibtulit
1155 4710 1409 4787 adversus
1428 4710 1758 4787 Diosreornm,
1775 4708 2103 4787 προάᾱςειον,

511 4778 861 4833 suburbanum
894 4780 1234 4834 Alexandria:
1262 4790 1436 4831 vocat.
1462 4778 1555 4832 Est
1580 4792 1769 4844 autem,
1802 4778 1897 4846 ait,
1933 4778 2104 4837 Mela;

511 4863 626 4924 rima
647 4849 989 4924 suburbanum
1018 4851 1257 4924 aitagima}
1283 4849 1422 4924 urbis
1447 4849 1793 4924 Alemandriw,
1823 4855 1961 4924 quod
1982 4856 2104 4908 olim

512 4914 757 4996 Canopus
778 4920 1073 4996 vocabatur.
1093 4919 1243 4986 Quod
1265 4920 1468 4996 quidem
1489 4914 1845 4996 suburbanum.
1849 4928 1966 4996 jam
1989 4927 2106 4979 inde

511 5004 544 5041 α
576 4989 755 5053 priscis
785 4991 1113 5063 temporibus,
1140 4999 1190 5044 et
1213 5006 1278 5043 ex
1306 4991 1520 5063 antiqua
1540 4989 1901 5048 consuetudine
1927 5005 2103 5063 portus
2163 5003 2166 5007 ’

511 5068 623 5111 erat
645 5074 706 5111 ac
728 5061 1015 5129 perfugium
1046 5062 1365 5113 miserorum.
1398 5061 1584 5114 Totum
1617 5064 1749 5115 enim
1780 5061 1978 5118 videtur
2000 5081 2105 5119 esse

514 5129 610 5183 sub
649 5132 807 5184 tutela
834 5132 1149 5185 sanctissimi
1180 5132 1474 5184 monasterii
1516 5132 1957 5200 Tabennensium,
1999 5137 2102 5190 imo

508 5200 666 5274 etiam
694 5202 831 5255 intra
853 5202 1100 5274 ambitum
1119 5202 1475 5274 sacratissima:
1507 5201 1600 5257 Dei
1624 5201 1890 5274 Ecclesiae,
1922 5215 2028 5261 etc.

589 5280 614 5344 ξι
649 5271 721 5344 [ta
748 5288 815 5344 cx
844 5273 1250 5338 Guarneriano;
1278 5272 1393 5335 alii,
1418 5274 1740 5344 argentique.

549 5340 615 5414 σιξ
644 5342 902 5400 Fabulam
932 5344 999 5401 de
1014 5344 1243 5399 Canobo
1268 5344 1490 5414 Menelai
1519 5340 1729 5414 proreta
1755 5346 1937 5402 multis
1962 5348 2102 5403 edis-

513 5411 645 5487 serit
670 5416 1007 5487 _Eu5tathins
1038 5414 1090 5469 in
1134 5413 1372 5487 Dionysii
1399 5411 1609 5487 lferieg.
1643 5431 1784 5472 vers.
1821 5419 1905 5472 l3.
1941 5435 2100 5487 quem

512 5483 919 5560 videsisr‘Adde
943 5497 995 5544 et
1025 5483 1304 5560 Scylacem
1338 5484 1389 5560 in
1417 5483 1629 5555 i’erip'lo
1652 5488 1911 5560 pag.74'5.
1942 5483 2103 5560 atque

512 5554 678 5638 alios.
704 5556 824 5612 Mox
849 5554 1202 5638 (ἔκτοθι-ἵζω..
1235 5558 1336 5614 bis.
1372 5554 1558 5612 iterum
1589 5554 1769 5614 minus
1800 5559 1938 5617 bene
1976 5554 2103 5633 legit

512 5638 611 5693 pro
640 5629 765 5681 itur.
1182 5629 1194 5639 '

591 5694 777 5771 f_‘Cod.
798 5697 1125 5771 Bononiens.
1152 5702 1431 5771 legendum
1460 5700 1782 5769 compendio
1818 5701 2095 5759 literarum

512 5763 713 5851 indicat
732 5770 1002 5851 subligata.
1030 5772 1147 5851 ἕξοις
1173 5763 1531 5851 ςῗιιιιιζιιθτίᾳη.
1569 5763 1637 5830 Et
1670 5789 1735 5828 ea:
1757 5774 1853 5828 hac
1881 5790 2097 5851 persua-

516 5835 682 5909 δίοποι
709 5849 765 5898 ει
790 5835 986 5902 deinde
1034 5843 1142 5929 Sed
1164 5847 1363 5918 fecerit,
1392 5848 1604 5908 minore
1626 5860 1854 5906 numero
1880 5835 2097 5905 EBouo-

2206 3346 2395 3391 cavato
2432 3346 2455 3384 ε
2490 3336 2714 3392 sacrarii
2744 3338 2947 3405 pariete
2977 3335 3233 3409 inclusas,
3264 3335 3582 3406 prophetico
3607 3336 3798 3405 spiritu

2206 3445 2268 3499 pr
2293 3429 2516 3483 -fntnras
2546 3430 2883 3499 generationi
2930 3439 3158 3497 postera:
3200 3426 3799 3498 conservavitzquibus

2208 3535 2348 3575 nunc
2375 3520 2598 3589 deiectis
2643 3531 2698 3575 et
2745 3521 3030 3589 prostratis
3068 3520 3389 3575 idololatriae
3431 3519 3708 3590 veStigiis,
3742 3518 3799 3576 in

2205 3610 2410 3664 milibus
2435 3610 2699 3677 quondam
2725 3612 3012 3681 pronhanis
3035 3627 3194 3668 aurea
3223 3622 3361 3667 tecta
3383 3618 3791 3682 consurgerent.

2211 3701 2314 3756 Sed
2350 3714 2466 3770 post
2492 3717 2742 3757 occasum
2768 3704 2939 3775 302
2959 3703 3207 3775 Serapis,
3222 3705 3310 3775 qui
3333 3719 3621 3775 numquam
3650 3710 3798 3761 vixe-

2206 3806 2308 3855 rat,
2340 3811 2457 3860 qum
2488 3794 2594 3863 iam
2624 3796 2848 3851 alterius
2887 3798 3149 3852 daemonis
3177 3807 3325 3852 stare
3352 3796 3576 3852 delubra
3610 3806 3795 3867 potue-

2207 3888 2361 3941 run?
2406 3888 2599 3942 Parum
2646 3888 2915 3953 dixerim,
2949 3888 2994 3943 si
3025 3904 3215 3946 omnes
3236 3904 3355 3960 qua:
3383 3896 3539 3945 erant
3566 3888 3797 3945 Alexan-

2205 3976 2335 4032 dric
2403 3993 2497 4045 per
2547 3976 2785 4048 singulas
2855 3993 2992 4048 pene
3065 3980 3346 4035 columnas
3408 3978 3795 4050 cujuscumque

2205 4069 2465 4125 daemonis
2494 4071 2731 4127 aediculas
2766 4072 2971 4127 infnltaa
3015 4073 3352 4129 ceciderunt.
3383 4072 3489 4129 Sed
3521 4089 3616 4144 per
3657 4089 3794 4129 cun-

2205 4174 2320 4221 ctas
2350 4165 2563 4237 zligypti
2596 4167 2774 4234 urbes,
2806 4183 2899 4237 per
2927 4168 3170 4233 castella,
3199 4184 3294 4239 per
3316 4169 3484 4233 vicos,
3511 4184 3606 4238 per
3632 4176 3791 4224 Omne

2208 4276 2319 4321 rus,
2350 4275 2446 4330 per
2477 4261 2618 4330 ripas
2648 4260 2902 4324 fluminis,
2943 4275 3038 4330 per
3060 4275 3299 4317 eremum
3329 4276 3576 4331 quoque,
3609 4261 3653 4315 si
3684 4248 3788 4330 qua

2208 4370 2379 4424 niens.
2414 4371 2663 4439 fecerunt,
2693 4379 2748 4426 et
2778 4371 3010 4426 Chaldari
3037 4371 3089 4426 in
3115 4383 3261 4427 recto
3292 4388 3306 4425 :
3338 4370 3540 4439 Vulgati
3569 4374 3797 4440 profece-

2207 4442 2332 4500 rint,
2352 4442 2459 4494 alio
2491 4442 2786 4497 intellectu.
2813 4446 3079 4497 timterum
3111 4455 3160 4496 ct
3185 4442 3517 4507 Theophilus
3547 4442 3793 4509 ipsemet,

2211 4513 2259 4585 in
2292 4512 2489 4585 dudum
2516 4513 2724 4567 laudata
2743 4514 3008 4585 Synodica
3041 4528 3110 4568 ex
3139 4513 3454 4585 Hieronymi
3474 4513 3792 4585 interpreta-

2213 4583 2355 4637 ti-ntc
2385 4584 2589 4645 Latina,
2622 4583 2901 4651 qnaninos
2926 4585 3082 4640 primi
3109 4584 3398 4648 edidimus,
3422 4583 3787 4636 destructionis

2213 4653 2444 4725 Serapir,
2477 4665 2522 4706 et
2544 4656 2763 4725 aliorum
2790 4653 3082 4708 [doliorum
3113 4657 3132 4725 (
3156 4656 3231 4711 sic
3259 4655 3405 4709 enim
3443 4654 3796 4708 emendanti:

2214 4739 2311 4792 pro
2346 4724 2653 4792 Idolorum)‘
2669 4732 2992 4779 mentionem
3023 4724 3165 4780 facit.

2279 4790 2303 4828 ἀ
2335 4790 2663 4849 Caeciariuin
2687 4796 2819 4862 fugit
2843 4812 3097 4864 perquam
3123 4795 3327 4850 erudita
3350 4794 3553 4848 ltarraei
3576 4793 3641 4845 ad
3670 4791 3791 4847 libri
3862 4841 3868 4846 .

2209 4878 2355 4916 oram
2385 4864 2817 4934 adtltllaliﬂnf'UIa
2843 4863 2858 4929 ,
2886 4863 2989 4934 qua
3033 4866 3232 4922 rectius
3256 4863 3486 4920 fortasse
3514 4866 3794 4933 legendum

2210 4943 2413 4999 monet,
2447 4933 2670 5007 AEtinihil
2700 4933 3032 5007 nonrgestum
3077 4949 3170 4991 est.
3213 4935 3518 5005 Optande
3555 4944 3694 4991 utet
3729 4936 3795 4990 de

2208 5004 2640 5079 inss.__codicibus
2668 5004 2860 5079 aliquis
2886 5004 3300 5079 suffragaretur.

2283 5084 2306 5110 ι·
2340 5075 2541 5129 Tacent
2573 5078 2689 5132 libri
2729 5078 2818 5136 alii
2850 5093 3042 5134 omnes
3062 5075 3237 5133 relate.
3271 5077 3395 5133 Mox
3426 5075 3596 5130 habet
3625 5075 3793 5131 Guar-

2210 5146 2415 5199 ncrian.
2440 5162 2505 5201 ea:
2522 5149 2627 5201 alio
2652 5164 2746 5215 pro
2768 5150 2952 5204 altera.
2975 5148 3104 5203 Vide
3124 5150 3399 5207 Socratem
3426 5146 3523 5202 lib.
3551 5145 3613 5201 V.
3634 5160 3790 5213 capp.

2211 5218 2299 5270 16.
2344 5227 2399 5271 et
2429 5219 2515 5273 l7.
2550 5220 2600 5273 in
2633 5234 2863 5287 eumque
2897 5220 3090 5275 Valesii
3137 5220 3470 5287 aliorumque
3509 5216 3787 5273 doctorum

2208 5287 2486 5361 hominum
2519 5289 2705 5353 Notas,
2738 5286 2969 5360 Pagium
2986 5305 3198 5361 quoque
3227 5290 3411 5361 adran.
3437 5286 3566 5361 §89.

2283 5357 2302 5396 ί
2335 5359 2604 5427 Ρτίιιροηὶι
2653 5357 3017 5415 ϐυετιίετίαηζ
3062 5357 3216 5415 beati.
3266 5360 3387 5414 Mox
3439 5358 3788 5423 Borioniens.,

2207 5445 2321 5501 orsa
2355 5438 2669 5500 spargerent.
2699 5431 2772 5485 De
2800 5431 3060 5501 Reliqniis
3089 5432 3148 5487 S.
3172 5427 3789 5501 JoannisBa_ptista_a__vi-

2205 5500 2294 5565 de,
2328 5497 2388 5553 ut
2416 5497 2576 5571 υιμίηιι
2606 5503 2811 5571 laudem
2842 5497 2955 5571 ρταξ
2980 5505 3216 5569 caneris,
3241 5498 3628 5556 Theodoritum
3647 5497 3787 5553 Hist.
3842 5538 3843 5541 η

2206 5570 2415 5626 Eccles.
2445 5569 2536 5625 lib.
2570 5571 2654 5627 Ill.
2686 5569 2806 5639 c'ap.
2842 5569 2892 5627 7.

2279 5650 2305 5688 ε
2340 5641 2507 5705 Idem,
2539 5638 2801 5711 sacrificii.
2827 5644 3074 5699 Bai-ratus
3098 5643 3261 5713 paulo
3293 5650 3427 5713 post!
3445 5640 3533 5695 ubi
3564 5638 3784 5713 dicitur,

2204 5710 2403 5839 Ifadrum
2425 5709 2917 5794 dixeritmaduotat'
2941 5715 3009 5772 ad
3032 5709 3155 5771 libri
3179 5709 3351 5783 oram,
3383 5711 3562 5781 Forte,
3592 5709 3790 5772 Rarum

2204 5800 2244 5839 st
2313 5798 2516 5839 mrian

2202 5800 2244 5839 ιι
2275 5798 2516 5840 dixerim!
2540 5840 2545 5843 .
