4166 6348
256 356 356 434 5:7

1078 351 1396 411 HISTORIA
1442 347 1998 410 ECCIESIASTICA.
2031 349 2238 406 LIBER
2281 349 2665 408 SECUNDUS.

3449 352 3554 410 538

255 471 427 543 phana
461 470 547 527 vel
579 469 685 544 [.tt.
718 467 838 542 seu]
871 468 1044 539 potius
1072 467 1225 522 busta
1260 467 1482 536 reperiri
1517 473 1845 537 patuerunt,
1877 466 1926 526 Α
1953 474 2236 522 auctorem
2264 509 2280 532 ,
2309 467 2573 522 subverso
2617 466 2736 537 ejus
2767 464 3127 534 simulacbro,
3177 467 3395 539 ignique
3425 484 3557 526 con-

256 563 507 617 instantia
540 560 961 630 uniuscujusque
997 557 1246 626 Episcopi
1284 559 1506 610 subruta
1536 596 1552 620 ,
1585 567 1637 610 et
1664 556 1730 609 ad
1761 570 1850 609 so-

259 656 363 710 lum
393 653 624 710 deducta
656 661 798 717 sunt,
833 654 901 704 ita
928 659 984 704 ut
1011 650 1188 703 denuo
1217 665 1306 703 rus
1333 650 1554 702 culturae
1591 647 1849 701 reddere-

261 755 369 813 tur,
393 747 535 816 quod
569 745 770 816 injuste
802 745 972 798 fuerat
1001 741 1335 796 darmonibus
1364 741 1702 810 deputatum.

834 880 1060 938 CAPUT
1103 880 1296 936 XXIX.

261 1004 342 1060 De
369 1002 688 1058 Thoracibus
721 1000 936 1070 Serapis
964 997 1105 1070 apud
1133 995 1501 1049 Alexandriam
1539 992 1738 1046 abrasis
1758 1033 1773 1059 ,
1805 1000 1851 1045 et

542 1099 690 1166 signo
713 1094 906 1149 Christi
937 1095 988 1147 in
1011 1093 1125 1148 loco
1146 1107 1320 1147 eorum
1347 1088 1567 1141 reddito.

335 1233 442 1290 Sed
474 1242 528 1288 et
556 1232 682 1288 iilud
716 1230 855 1301 apud
898 1227 1273 1284 Alexandriam
1315 1233 1522 1296 gestum
1570 1230 1680 1284 est,
1715 1221 1856 1290 quod

264 1330 427 1386 etiam
455 1329 732 1384 'I‘horaces
760 1326 976 1393 Serapis
1003 1367 1016 1391 ,
1065 1323 1153 1393 qui
1203 1338 1298 1391 per
1343 1321 1582 1390 singulas
1613 1331 1856 1387 quasque

265 1421 457 1476 domos
510 1420 565 1474 in
618 1416 930 1488 parietibus,
983 1417 1034 1469 in
1087 1413 1458 1484 ingressibus,
1519 1410 1571 1464 in
1615 1410 1858 1477 postibus

272 1513 436 1568 etiam
480 1526 542 1565 ac
573 1511 680 1582 ιΑι.
727 1507 803 1580 in]
834 1507 1082 1562 fenestris
1112 1515 1263 1561 erant
1287 1544 1303 1570 ,
1336 1505 1404 1560 ita
1467 1501 1691 1558 abscissi
1732 1508 1860 1554 sunt

268 1612 295 1641 ⁸
320 1618 511 1659 omnes
538 1613 594 1658 et
634 1601 808 1657 abrasi
832 1641 848 1666 ,
877 1609 933 1654 ut
962 1615 1028 1654 ne
1057 1599 1338 1668 vestigium
1363 1597 1574 1666 quidem
1608 1609 1854 1663 usquam,

267 1698 353 1754 vel
390 1696 621 1752 numinis
651 1693 964 1763 appellatio,
991 1702 1084 1746 aut
1111 1692 1310 1760 ipsius,
1346 1699 1436 1743 aut
1460 1687 1748 1757 cujuslibet
1778 1685 1855 1739 al-

270 1792 444 1847 terius
475 1771 735 1844 daemonis
773 1797 1106 1846 remaneret;
1134 1784 1228 1838 sed
1280 1797 1378 1853 pro
1411 1782 1493 1836 his
1521 1780 1715 1835 Crucis
1747 1779 1859 1833 Do-

1951 570 2152 625 sumto,
2181 575 2372 616 omnes
2401 559 2560 615 simul
2588 561 2889 630 negabant,
2923 560 3150 630 Serapio
3184 559 3399 631 injuriae
3438 577 3554 618 me-

1953 665 2186 716 morem,
2217 667 2385 720 aquas
2407 653 2543 707 ultra
2574 667 2638 707 ac
2667 663 2690 692 ο
2724 653 2997 708 afﬂuentia
3027 652 3184 708 solita
3208 653 3554 724 largiturum.

1956 744 2062 798 Sed
2097 753 2158 798 ut
2184 746 2500 800 ostenderet
2527 746 2671 802 Deus
2695 762 2800 802 non
2831 747 3084 816 Serapio,
3118 747 3208 817 qui
3232 747 3402 802 multo
3432 756 3556 803 erat

1956 835 2075 890 Nilo
2099 838 2383 905 posterior,
2415 840 2506 893 sed
2539 854 2598 894 se
2625 856 2777 903 esse,
2810 841 2900 910 qui
2932 857 3100 911 aquas
3137 841 3373 897 ﬂuminis
3415 852 3552 898 tem-

1960 928 2180 989 poribus
2208 931 2320 982 suis
2345 930 2558 995 juberet
2583 947 2922 996 excrescere,
2956 944 3098 988 tanta
3131 950 3196 989 ex
3226 951 3292 990 eo
3321 946 3374 990 et
3397 936 3554 990 dein-

1958 1036 2083 1090 ceps
2113 1021 2212 1075 fuit
2242 1024 2550 1089 inundatio,
2578 1037 2833 1094 quantam
2871 1028 3033 1083 fuisse
3064 1029 3210 1097 prius
3239 1040 3367 1084 aetas
3399 1031 3570 1084 nulla'

1960 1114 2296 1168 meminerat.
2325 1114 2388 1168 Et
2427 1115 2545 1169 ideo
2576 1118 2700 1172 ulna
2725 1120 2865 1187 ipsa,
2893 1119 2944 1174 id
2969 1129 3071 1180 est.
3099 1135 3251 1191 aqua:
3275 1135 3553 1187 mensura,

1959 1221 2118 1276 quam
2143 1203 2167 1242 ά
2197 1211 2380 1277 πῆχυν
2409 1217 2619 1270 vocant,
2653 1208 2722 1263 ad
2751 1224 3010 1278 aquarum
3047 1212 3330 1267 Dominam
3361 1212 3412 1267 in
3441 1212 3543 1267 Ec-

1961 1298 2179 1351 clesiam
2223 1309 2399 1366 erepta
2423 1298 2645 1354 deferri.
2677 1301 2779 1355 Sed
2823 1301 2911 1355 ubi
2946 1303 3060 1356 hac
3102 1313 3253 1371 gesta
3297 1304 3556 1375 religioso

1965 1390 2199 1458 Prinripi
2233 1393 2474 1444 nuntiata
2520 1402 2675 1459 sunt,
2710 1394 2943 1448 extentis
2989 1396 3055 1449 ad
3098 1396 3287 1450 cmlum
3332 1399 3564 1467 palmis,

1962 1497 2083 1535 cum
2117 1483 2314 1552 ingenti
2343 1483 2550 1537 lertur°
2575 1485 2905 1538 exultatione
2929 1485 3172 1540 dixisse:
3196 1486 3410 1542 Gratias
3434 1488 3555 1553 tibi,

1961 1574 2201 1636 Chrisre,
2255 1575 2397 1642 quod
2449 1575 2656 1641 absiue
2702 1577 2854 1632 urbis
2900 1577 3044 1631 illius
3077 1593 3283 1648 magna:
3315 1579 3559 1649 pernicie

1965 1675 2072 1719 tam
2103 1675 2346 1720 vetustus
2373 1664 2482 1738 [ΑΙ.
2517 1665 2689 1738 vetus]
2723 1683 2877 1722 error
2903 1674 3176 1724 extinctus
3200 1679 3310 1724 est.

2539 1779 2766 1836 CAPUT
2809 1779 3001 1835 XXXI.

275 1886 492 1940 minica:
520 1886 728 1952 signum
757 1880 1122 1948 unusquisque
1156 1879 1207 1931 in
1236 1877 1493 1945 postibus,
1523 1875 1574 1928 in
1610 1875 1862 1944 ingressi-

2038 1889 2110 1943 De
2147 1890 2492 1944 Valentiniani
2514 1892 2744 1963 jtmioris
2774 1895 3005 1960 interitu,
3042 1903 3088 1947 et
3118 1906 3232 1949 ortu
3263 1896 3504 1968 Eugenii.

268 1977 390 2041 bus,
427 1977 478 2029 in
509 1973 794 2035 fenestris,
827 1971 878 2024 in
914 1969 1238 2039 parietibus,
1269 1966 1644 2034 columnisqne
1672 1964 1863 2031 depin-

269 2077 446 2139 geret.
481 2067 633 2134 Quod
681 2081 800 2120 cum
835 2063 1032 2118 factum
1065 2061 1090 2098 δ
1120 2077 1241 2116 esse
1274 2061 1323 2114 bi
1356 2062 1442 2130 qui
1484 2059 1865 2130 superfuerant

267 2177 333 2217 ex
368 2160 597 2229 Paganis
631 2159 918 2220 viderent,
973 2155 1025 2208 in
1077 2153 1502 2208 recordationem
1537 2153 1611 2206 rei
1657 2167 1863 2219 magna:

269 2269 336 2308 ex
366 2250 656 2306 traditione
679 2250 891 2304 sibimet
915 2247 1214 2316 antiquitus
1240 2244 1523 2300 commend
1544 2253 1612 2297 ita
1649 2245 1864 2298 venisse

269 2343 625 2413 perhibentur
654 2358 667 2393 :
705 2341 927 2409 Signum
959 2339 1056 2393 hoc
1082 2348 1322 2391 nostrum
1361 2337 1650 2390 Dorninicrc
1676 2335 1864 2391 Crucis

269 2437 411 2492 inter
441 2437 562 2491 illas
591 2449 724 2504 quas
756 2434 940 2486 dicunt
971 2435 1256 2504 ἱερατικὰς,
1290 2431 1338 2484 id
1370 2439 1472 2495 est,
1499 2429 1864 2484 sacerdotales

269 2531 475 2592 literas,
508 2527 707 2582 habere
739 2526 974 2596 {Egyptii
1005 2526 1261 2578 dicuntur
1288 2525 1429 2578 velut
1464 2540 1625 2576 untnn
1659 2538 1726 2578 ex
1761 2537 1865 2577 ca)-

271 2623 400 2676 tcris
431 2621 730 2682 literarum,
750 2636 867 2688 qua:
893 2618 1031 2687 apud
1065 2618 1182 2671 illos
1203 2626 1348 2678 sunt,
1371 2618 1676 2671 clementis.
1699 2615 1866 2685 Cujus

273 2717 443 2771 literae
475 2731 568 2770 seu
595 2714 842 2769 vocabuli
871 2713 1007 2766 hanc
1031 2727 1151 2767 esse
1181 2725 1431 2766 asserunt
1467 2712 1868 2780 interpretatio-

274 2825 437 2864 nem:
481 2807 593 2860 I’ila
629 2815 860 2860 ventura.
899 2805 1154 2859 Dicebant
1184 2820 1310 2872 ergo
1345 2803 1395 2856 hi
1425 2805 1510 2872 qui
1547 2804 1868 2860 tunuadini-

276 2901 484 2954 ratione
511 2914 686 2953 rerum
713 2905 984 2967 gestarum
1011 2897 1468 2950 comertebantur
1492 2898 1557 2948 ad
1585 2897 1765 2962 fidem,
1794 2898 1866 2950 ita

277 2993 374 3049 sibi
406 2994 475 3046 ab
504 2992 737 3060 antiquis
769 2991 1021 3045 traditum
1043 3030 1057 3055 ,
1108 2990 1250 3058 quod
1301 2990 1414 3044 haec
1452 3006 1571 3060 quae
1609 3006 1750 3044 mine
1775 3005 1867 3044 co-

279 3095 477 3152 luntur,
515 3089 712 3142 tamdiu
763 3096 1005 3149 starent,
1059 3086 1316 3156 quamdiu
1371 3085 1613 3139 viderent
1655 3086 1867 3153 signum

281 3183 418 3237 istud
451 3182 612 3251 303
640 3181 852 3235 venisse
874 3222 889 3244 ,
929 3183 981 3234 in
1014 3195 1119 3248 quo
1150 3187 1289 3233 esset
1324 3178 1449 3231 vita.
1481 3178 1631 3232 Unde
1675 3178 1868 3232 accidit

282 3286 336 3330 ut
365 3276 530 3337 magis
564 3276 612 3328 hi
649 3274 739 3344 qui
787 3283 938 3329 erant
989 3288 1054 3327 ex
1099 3273 1468 3326 sacerdotibus
1498 3273 1576 3326 vel
1608 3273 1870 3327 ministris

284 3368 634 3436 templorum,
668 3365 734 3419 ad
761 3366 918 3420 fidem
945 3373 1412 3433 converterentur,
1445 3379 1606 3433 quam
1638 3365 1716 3419 illi
1739 3380 1875 3432 quos

284 3473 526 3512 errorum
575 3453 862 3525 prmsligim
888 3463 940 3509 et
970 3453 1347 3523 deceptiontnn
1401 3454 1670 3533 machina:
1720 3453 1875 3510 dele~

287 3549 524 3604 cubant.

865 3639 1094 3696 CAPUT
1135 3641 1304 3694 XXX.

295 3757 359 3812 Ut
388 3773 622 3809 mensura
651 3771 798 3824 aqum
831 3755 943 3809 Nili
968 3758 1196 3825 [luminis
1218 3802 1230 3822 ,
1263 3774 1413 3824 quam
1442 3766 1623 3829 πῆχυν
1659 3767 1841 3812 vorant
1864 3798 1880 3824 ,

738 3851 804 3903 ad
836 3850 1120 3905 Ecclesium
1151 3853 1433 3920 deferatur.

359 3983 500 4036 Sane
530 3982 780 4052 quoniam
813 3982 978 4037 moris
999 3992 1114 4037 erat
1142 3983 1194 4037 in
1233 3983 1468 4054 [Egypto
1493 4026 1508 4051 ,
1539 3993 1598 4040 ut
1629 3999 1882 4040 mensura

294 4074 636 4129 ascendentis
664 4074 765 4128 Nili
795 4073 1032 4128 ﬂuminis
1061 4074 1126 4129 ad
1172 4077 1427 4144 templum
1459 4075 1678 4146 Serapis
1707 4076 1885 4131 defer-

295 4175 470 4234 retur,
505 4168 648 4223 velut
677 4167 748 4222 ad
774 4167 1092 4222 incrementi
1119 4182 1379 4237 aquarum
1420 4179 1476 4223 et
1519 4169 1884 4223 inundationis

365 4331 392 4359 "
423 4322 592 4378 Tacet
630 4321 987 4378 Guarnerian.
1041 4337 1247 4388 omnes,
1300 4337 1420 4376 mox
1463 4337 1561 4391 pro
1605 4324 1881 4390 Numinis,

297 4393 628 4454 Caeciarius,
659 4394 858 4463 aliique
885 4394 1046 4447 etiam
1080 4408 1209 4445 mss.
1239 4395 1456 4446 nominis
1486 4397 1682 4461 legunt.
1722 4395 1886 4449 Paulo

297 4464 424 4521 item
456 4476 575 4534 post
609 4465 934 4519 Bononiens.
966 4465 1159 4517 domini
1194 4463 1352 4518 habet
1384 4481 1479 4532 pro
1509 4464 1791 4520 Dtrmonis.

369 4536 396 4575 δ
428 4541 604 4604 Atque
636 4537 754 4590 heic
786 4551 890 4589 csse
923 4535 1280 4590 Guarnerian.
1309 4544 1483 4594 tacet.
1521 4537 1631 4590 fere
1662 4537 1884 4592 concin-

299 4608 418 4662 nitts
445 4626 457 4659 :
490 4616 599 4660 tum
628 4608 993 4660 commendata:
1016 4606 1196 4666 habet,
1217 4621 1337 4659 cum
1363 4607 1570 4660 duobus
1596 4607 1764 4661 Vatic.
1792 4624 1887 4674 pro

301 4679 652 4752 commendata
671 4679 929 4752 :denique
954 4694 1047 4745 pro
1067 4677 1255 4752 Cra-ro
1279 4678 1884 4752 Yt‘l‘_I)0ispaTtxd;(t‘|tllid

302 4764 476 4814 neque
507 4751 681 4816 ipsum
721 4749 917 4801 mendo
957 4749 1094 4815 apud
1137 4746 1467 4800 Caci-inriqu
1496 4746 1688 4810 'earet)
1726 4746 1889 4805 habet

301 4819 507 4874 Latinis
539 4821 709 4873 literis
725 4821 1024 4889 jeroclipas,
1064 4820 1311 4890 proprius
1336 4819 1400 4871 ad
1437 4835 1618 4872 verum
1643 4823 1884 4890 jerOgly-

304 4891 504 4957 phicas.
529 4892 979 4958 quemadmodum
1011 4902 1064 4944 et
1097 4889 1339 4944 Socrate-
1380 4891 1506 4957 legit
1549 4901 1603 4944 et
1632 4889 1884 4946 Somnic-

305 4977 426 5014 nus.
473 4963 801 5015 Bononiens.
845 4976 965 5014 cum
1013 4961 1130 5013 alii.-
1173 4963 1465 5030 jeraticas:
1509 4962 1761 5026 prmferte
1792 4965 1885 5018 al.i

307 5033 627 5104 ierogelislas
665 5041 718 5088 et
759 5032 1067 5104 jerofanitas
1105 5031 1392 5085 dicuntur:
1427 5033 1667 5086 Ilarrazus
1690 5036 1886 5100 aliique

303 5101 501 5169 vulgati
533 5101 784 5172 ἱερατικά.
819 5101 949 5157 Rem
984 5118 1144 5170 porro
1171 5115 1351 5160 narrat
1399 5104 1556 5170 paulo
1600 5105 1758 5159 aliter
1789 5107 1887 5161 So-

305 5185 480 5228 crates
505 5173 600 5228 lib.
627 5173 690 5228 V.
720 5189 838 5237 cap.
873 5174 959 5226 17.
988 5174 1075 5242 qui
1099 5184 1152 5226 et
1178 5174 1350 5226 lluliui
1376 5185 1606 5227 mentem
1631 5192 1733 5231 non
1759 5177 1888 5232 satis

305 5243 1136 5316 assecutusvidetnr.Cancrum
1172 5256 1226 5298 et
1275 5244 1366 5316 qui
1399 5244 1688 5316 {Egyptum
1736 5262 1891 5313 pera-

306 5325 528 5384 grarunt
570 5313 714 5369 docti
763 5315 894 5381 viri,
935 5331 1071 5382 quos
1121 5317 1260 5369 inter
1285 5313 1439 5368 .Ionn.
1475 5313 1631 5370 Gra-v
1658 5333 1718 5371 us
1746 5319 1892 5372 Ovo-

308 5385 509 5461 nieusis
533 5386 585 5461 in
606 5386 1152 5461 Pyramidograpiiia,
1180 5395 1460 5461 testantur,
1489 5388 1624 5441 inter
1651 5389 1894 5461 .lerogiy-

309 5457 464 5524 phica
512 5457 617 5510 sibi
669 5457 969 5510 occurrisse
1009 5457 1293 5510 videndam
1325 5459 1520 5526 sepius
1563 5463 1750 5513 Crucrs
1778 5457 1894 5513 for-

309 5542 473 5600 mam,
497 5542 734 5600 eamque
766 5541 830 5600 ex
861 5542 994 5580 saxo
1024 5529 1182 5580 etiam
1214 5538 1304 5581 aut
1338 5538 1472 5582 testa
1506 5545 1890 5600 nonnunquam

309 5597 541 5680 conditis
589 5596 965 5670 Egyptiorum
1026 5613 1177 5652 more
1227 5600 1578 5655 cadaveribus
1633 5596 1894 5671 superpo-

309 5678 489 5724 sitam.

385 5749 420 5821 ﬁ
441 5741 796 5798 Guarnerian.
829 5754 961 5809 ms.,
983 5749 1030 5794 et
1062 5739 1370 5810 oﬁluentiam
1399 5740 1636 5810 solitam,
1669 5745 1898 5799 fortasse

311 5823 517 5870 verius;

383 5876 410 5920 ⁸
443 5882 554 5940 Hoc
571 5898 784 5956 quoque
804 5880 1022 5940 verbum
1038 5880 1344 5940 Cacciarius
1365 5886 1638 5956 depravat,
1663 5893 1892 5957 ποῦχυν,

1916 4644 1966 4705 D

2042 2004 2250 2058 Interea
2284 2003 2692 2057 Valentinianus
2718 2005 2768 2057 in
2795 2004 3043 2062 Occiduis
3077 2009 3335 2075 partibus,
3363 2011 3564 2065 animis

1971 2093 2028 2165 (ί
2061 2105 2319 2164 quantum
2344 2105 2472 2148 mtas
2506 2096 2834 2163 patiebatur)
2861 2097 3174 2152 ardentibus
3197 2139 3212 2163 ,
3247 2099 3562 2168 Rempubli-

1968 2202 2086 2241 casn
2136 2203 2362 2256 gerens,
2409 2190 2614 2242 caussis
2642 2190 2804 2242 etiam
2839 2206 2979 2244 nunc
3015 2191 3315 2245 latentibus
3369 2192 3562 2261 laqueo

1969 2277 2129 2331 vizam
2166 2279 2359 2332 finivit.
2396 2278 2502 2334 Sed
2538 2282 2637 2334 hoc
2667 2278 2881 2348 quidam
2923 2281 3046 2334 dolo
3074 2281 3229 2336 ducis
3269 2282 3351 2336 sui
3387 2282 3560 2336 Arbo-

1969 2370 2103 2438 gasti
2161 2368 2360 2423 factum
2414 2370 2855 2424 confirmabant:
2913 2371 3071 2441 idque
3114 2388 3273 2440 quam
3332 2374 3566 2426 maxime

1970 2461 2176 2531 publira
2213 2461 2427 2515 tenebat
2458 2463 2660 2531 opinio.
2700 2461 2800 2515 Alii
2831 2463 3047 2531 quidem
3087 2479 3113 2516 a
3141 2463 3415 2518 commissi
3448 2462 3560 2535 [ΑΙ.

1969 2548 2279 2620 commisso]
2321 2552 2528 2606 scelere
2559 2551 2752 2606 ducem
2801 2551 3036 2607 alienum
3085 2553 3371 2620 dicebant,
3405 2552 3572 2625 30E.

1969 2645 2064 2699 sed
2112 2659 2330 2699 caussas
2384 2645 2703 2714 praestitisse
2727 2686 2742 2711 ,
2780 2645 2975 2715 quibus
3013 2645 3067 2700 in
3113 2646 3212 2702 hoc
3245 2645 3570 2703 adolescens

1969 2737 2134 2790 animi
2170 2735 2539 2804 indignatione
2569 2745 2874 2806 cogeretur,
2902 2736 3044 2806 quod
3095 2746 3119 2785 ε
3166 2737 3342 2792 minus
3370 2735 3420 2792 ei
3458 2746 3571 2792 tan-

1970 2843 2129 2896 quam
2162 2843 2255 2897 per
2285 2835 2497 2880 mtatcm
2530 2826 2767 2881 nondum
2798 2828 2992 2893 valido,
3023 2827 3186 2884 libera
3214 2829 3280 2884 de
3307 2828 3568 2884 omnibus

1972 2919 2274 2989 indulgeret
2304 2919 2548 2986 imperia.
2579 2918 2750 2973 Fuere
2794 2927 2973 2972 tamen
3019 2921 3264 2974 nonnulli
3315 2921 3573 2976 sacerdo-

1974 3017 2108 3072 tum,
2142 3007 2225 3075 qui
2257 3009 2403 3075 pacis
2434 3007 2499 3060 ab
2532 3021 2597 3061 eo
2624 3007 2715 3074 qui
2761 3016 2884 3077 post
2921 3019 3136 3062 creatus
3181 3018 3266 3063 est
3305 3009 3574 3079 legatione

1973 3109 2261 3166 suscepta,
2295 3098 2593 3151 immunem
2640 3113 2763 3152 esse
2809 3099 3000 3153 ducem
3052 3115 3083 3153 a
3134 3100 3324 3155 mortis
3367 3101 3574 3156 scelere

1975 3192 2116 3260 apud
2150 3189 2512 3245 Theodosium
2547 3198 2893 3245 testarentur.

2537 3303 2769 3360 CAPUT
2811 3302 3030 3358 XXXII.

2335 3413 2414 3468 De
2437 3414 2693 3485 responsis
2714 3413 2935 3469 Joannis
2964 3415 3220 3469 monachi.

2056 3505 2159 3560 Sed
2206 3504 2296 3560 ille
2339 3506 2509 3560 nihilo
2541 3509 2760 3577 segnius
2791 3508 3152 3561 inﬂammatus
3177 3507 3242 3560 ad
3271 3507 3560 3576 ultionem,

1985 3614 2132 3653 arma
2159 3607 2342 3654 contra
2371 3599 2664 3668 Eugenium
2690 3638 2705 3664 ,
2742 3602 2829 3670 qui
2871 3601 2922 3654 in
2956 3601 3130 3654 locum
3159 3602 3396 3658 defuncti
3427 3603 3558 3660 sub—

1985 3697 2206 3750 stitutus
2255 3704 2368 3760 est,
2422 3695 2681 3764 corripit,
2735 3695 2910 3764 primo
2963 3695 3057 3750 Dei
3101 3697 3430 3752 voluntatem
3481 3712 3578 3767 per

1984 3786 2246 3841 Joannem
2282 3783 2603 3839 monachum
2638 3783 2728 3853 (de
2757 3799 2864 3851 quo
2914 3799 3076 3854 supra
3127 3783 3284 3856 lCap.
3319 3787 3405 3842 19.
3450 3786 3575 3858 βω]

1987 3876 2430 3947 memoravimus)
2459 3876 2786 3932 sciscitatus.
2818 3876 2954 3931 Tum
2985 3876 3077 3932 ille
3115 3878 3204 3947 qui
3256 3877 3482 3946 primam
3510 3879 3578 3934 dc

1988 3970 2216 4027 Maximo
2244 3972 2293 4026 ei
2327 3970 2612 4026 victoriam
2644 3970 2971 4040 prtedixerat
2999 3969 3340 4026 incruentam
3361 4013 3376 4039 ,
3409 3972 3577 4026 etiam

1991 4068 2128 4120 hanc
2151 4107 2168 4133 ,
2200 4066 2328 4119 licet
2355 4080 2461 4120 non
2493 4063 2702 4130 absque
2734 4063 2963 4132 plurima
2994 4064 3274 4134 utriusque
3300 4064 3582 4134 sanguinis

1990 4158 2361 4222 inundatione,
2394 4157 2682 4227 promittit.

1991 4322 2131 4391 quod
2164 4321 2290 4376 nihil
2324 4328 2428 4385 est,
2461 4319 2703 4391 scribens
2733 4334 2829 4388 pro
2855 4328 3058 4391 πῆχυν,
3088 4319 3228 4386 quod
3254 4329 3398 4376 recte
3417 4321 3584 4379 habe-

1990 4389 2081 4449 bat
2111 4395 2162 4445 in
2193 4392 2421 4458 vulgatis
2447 4431 2463 4454 ,
2495 4401 2549 4444 et
2582 4390 2757 4442 ulnam
2802 4401 2893 4442 aut
2934 4389 3171 4444 cubitum
3207 4402 3386 4447 sonat.
3423 4393 3486 4447 Et
3519 4410 3587 4450 no

1993 4465 2244 4520 rnendmn
2275 4463 2571 4532 Operarum
2604 4461 2826 4513 incuria:
2857 4460 3061 4532 tribuas
3089 4459 3415 4531 [cujusmodi
3449 4465 3574 4518 nul-

1994 4537 2102 4589 lum
2131 4551 2193 4588 ex
2231 4531 2730 4604 ferme‘innumeris
2754 4571 2771 4604 _,
2819 4531 3016 4604 quibus
3057 4533 3224 4604 editio
3249 4534 3581 4604 illascatet,

1995 4601 2428 4674 perstrinximus]
2461 4603 2601 4657 idem
2651 4609 2706 4656 et
2752 4601 2805 4674 in
2835 4603 3067 4670 capitum
3120 4603 3392 4670 Elencho,
3434 4614 3488 4659 ct
3528 4601 3581 4661 in

1999 4678 2269 4745 hujusmet
2319 4677 2508 4745 capitis
2555 4673 2848 4745 epigraphe
2893 4681 3104 4745 ποῡχυν
3158 4675 3308 4744 (sic)
3361 4677 3577 4744 repetit.

1995 4744 2348 4805 Guar-nerian.
2385 4744 2485 4800 ins.
2517 4744 2723 4799 Latinis
2767 4744 2936 4814 liter-is
2981 4744 3193 4814 pec/tur,
3251 4748 3585 4805 Bononiens.

1993 4820 2206 4890 peochitt
2250 4818 2457 4872 scribit.
2505 4817 2624 4870 Mox
2675 4816 2866 4869 iterum
2907 4813 3217 4890 Caeciarius
3243 4831 3308 4871 ex
3342 4833 3448 4873 uno
3479 4835 3584 4875 ms.

1993 4887 2140 4958 erepit
2168 4890 2357 4956 deferri
2388 4906 2485 4957 pro
2516 4895 2677 4958 coepta
2700 4926 2714 4949 .
2747 4895 2852 4941 etc.
2884 4887 3024 4956 quod
3053 4896 3131 4942 est
3163 4887 3424 4945 librorum
3457 4890 3586 4945 reli-

1991 4977 2218 5032 quorum
2242 4961 2504 5014 omnium.

2071 5041 2094 5068 ε
2128 5032 2476 5094 Bononiens.,
2521 5029 2918 5102 vociferatione;
2953 5037 3067 5084 tum
3096 5029 3204 5086 duo
3237 5031 3413 5088 Vatic.
3442 5029 3586 5102 apud

1996 5102 2262 5162 Caeciar..
2297 5103 2487 5172 gratias
2511 5101 2599 5154 tibi
2629 5100 2747 5169 ago,
2773 5100 2995 5167 Christe,
3025 5111 3133 5156 etc.

2073 5173 2092 5211 ί
2126 5174 2180 5228 In
2211 5173 2601 5236 Guarneriano,
2636 5182 2830 5226 tantum
2860 5183 2912 5225 ut
2953 5182 3079 5226 retas
3118 5173 3428 5240 patiebatur,
3466 5182 3577 5226 tum

1996 5245 2289 5316 Arboqastis
2311 5261 2328 5308 ,'
2356 5254 2410 5299 et
2431 5245 2587 5314 paulo
2611 5255 2751 5316 post,
2773 5245 2877 5316 Alii
2896 5245 3223 5316 aeommisso
3251 5245 3455 5316 scelere,
3474 5252 3581 5296 etc.

1995 5317 2053 5371 S.
2091 5314 2420 5384 Epiphanius
2453 5316 2588 5369 libro
2616 5316 2683 5368 de
2711 5314 3042 5369 Ponderibus
3063 5323 3116 5368 et
3140 5315 3404 5369 Mensuris
3429 5327 3584 5384 num.

1995 5386 2090 5440 20.
2124 5382 2480 5440 Valentiniani
2505 5385 2745 5440 Junioris
2773 5385 2977 5439 obitum
3000 5386 3164 5438 certis
3184 5382 3591 5439 characteribus

1998 5458 2301 5526 consignat,
2327 5473 2520 5526 nempe
2552 5456 2780 5510 Arcadio
2809 5456 2876 5510 II.
2914 5454 3212 5526 etLRufino
3250 5455 3408 5508 (loss.
3441 5452 3546 5520 Qui
3569 5491 3586 5515 ,

2003 5531 2108 5587 ait,
2159 5523 2235 5580 illi
2282 5523 2486 5596 ferunt,
2519 5529 2828 5595 pra’focatus
2873 5527 2926 5578 in
2977 5523 3183 5596 Palatio
3223 5533 3454 5596 repertus
3516 5529 3592 5576 est

2003 5598 2186 5651 Idibus
2219 5593 2345 5652 Maii
2378 5600 2540 5666 pridie
2568 5593 2918 5662 Pentecostes,
2949 5596 3031 5647 die
3053 5593 3296 5666 Sabrbats',
3325 5595 3440 5666 ipso
3472 5607 3589 5666 vero

2005 5671 2084 5721 die
2116 5662 2440 5723 Pentecostes
2471 5671 2632 5721 elatus
2667 5677 2758 5719 est.
2782 5666 3005 5719 Occisus
3035 5671 3119 5716 est
3157 5665 3337 5732 itaque
3375 5663 3466 5718 die
3495 5662 3587 5718 I5.

2005 5741 2050 5794 M
2072 5740 2123 5793 aii
2152 5755 2240 5792 an.
2273 5740 2397 5793 392.
2433 5739 2550 5792 Vid.
2575 5739 2930 5791 Sozomenum
2958 5734 3048 5786 lib.
3087 5732 3196 5787 VII.
3227 5749 3278 5789 c.
3311 5735 3403 5788 27‘...

2080 5820 2104 5857 ε
2138 5809 2462 5864 Adnotatum
2514 5810 2727 5862 Barraeo
2773 5813 2829 5857 et
2883 5805 3140 5859 Rhenano
3172 5804 3238 5858 ad
3276 5805 3400 5859 libri
3435 5819 3587 5860 oram

2009 5880 2114 5952 legi
2145 5881 2298 5950 alias,
2323 5897 2488 5934 minus
2513 5881 2659 5961 etiam
2683 5917 2696 5945 ,
2722 5890 2876 5944 quam
2903 5891 2990 5948 per
3016 5884 3214 5930 a'tatem
3248 5876 3451 5947 valido,
3483 5885 3592 5932 etc.
