4166 6348
503 696 1065 803 ΙΠΠἺΝΙ
1183 699 1888 827 Αρυιιειιξ

1993 701 2268 810 lSIS
2396 706 3392 816 PRESBYTER!

745 1326 921 1448 IN
1010 1295 1833 1455 SANCTUM
1927 1325 3192 1463 HIERONYMUM

1463 1569 1971 1689 LIBRI
2043 1575 2466 1693 DUO-

1180 1801 2479 1855 W-

1334 1925 1827 2036 LIBER
1906 1928 2586 2052 PRIMUS.

1257 2141 1980 2168 ..ι-...ι-ι-Η-ι-ιω-ι--ιιὺυ

373 2278 530 2349 307
565 2277 617 2332 l.
657 2273 916 2345 Perlegib
939 2274 1138 2342 scripta
1183 2281 1293 2336 tua,
1345 2274 1656 2340 Aproniano
1693 2273 1766 2328 tili
1795 2289 1888 2328 ca-

1999 2284 2167 2328 tmum
2215 2275 2432 2347 (Μαιιὴ.
2474 2281 2562 2335 tt.
2617 2280 2732 2352 19.)
2763 2301 2776 2338 :
2803 2283 2914 2353 Ego
2961 2300 3059 2342 cur
3101 2288 3366 2362 indigner,
3413 2294 3460 2350 si
3499 2308 3595 2355 au-

309 2371 554 2434 tissime,
591 2383 710 2438 quae
740 2368 812 2422 ab
834 2366 1012 2422 amico
1050 2365 1422 2438 (Hieronymo)
1455 2375 1508 2420 et
1552 2365 1719 2420 fratre
1753 2365 1895 2420 bono

303 2464 369 2518 de
415 2463 636 2518 Oriente
687 2461 756 2516 ad
814 2461 998 2515 virum-
1040 2459 1435 2515 nobilissimum
1491 2458 1894 2515 Pammachium

305 2555 462 2608 missa
498 2565 546 2618 ε,
583 2552 925 2606 transmisiin
955 2551 1020 2605 ad
1049 2566 1138 2607 me
1167 2565 1179 2604 :
1204 2560 1265 2607 et-
1289 2550 1608 2606 recordatus
1630 2566 1752 2605 sum
1780 2563 1897 2606 ser-

303 2647 473 2702 monis
501 2646 828 2715 Propltetici,
862 2647 950 2715 qui
997 2645 1070 2699 ait
1099 2661 1115 2698 :
1141 2642 1272 2698 Filii
1307 2645 1571 2698 hominum
1605 2643 1780 2698 dentes
1808 2659 1895 2697 eo-

302 2757 434 2803 rum,
462 2757 610 2794 arma
634 2749 681 2793 et
709 2740 936 2807 sagittae,
959 2748 1007 2793 et
1029 2737 1214 2808 lingua
1243 2752 1425 2792 eorum
1450 2737 1706 2792 machaera
1735 2749 1894 2790 acuta

302 2834 472 2904 (Psai.
500 2834 642 2900 56.).
673 2831 874 2887 Verum
912 2831 978 2886 ad
1014 2831 1128 2886 haec
1158 2830 1404 2895 vulnera,
1430 2846 1550 2899 qua:
1579 2829 1894 2899 inﬁguntur

300 2944 362 2984 ex
395 2928 569 2997 lingua
621 2928 760 2981 inter
797 2925 904 2998 [Αι.
952 2923 1112 2994 ἱηιτεη
1160 2923 1427 2991 homines,
1464 2922 1713 2980 medicus
1752 2937 1892 2992 pene

300 3022 474 3076 nullus
642 3021 705 3075 Et
750 3020 878 3075 ideo
901 3019 1140 3073 converti
1174 3033 1258 3074 me
1301 3017 1372 3071 ad
1396 3016 1579 3072 .lesum
1616 3016 1893 3072 caelestem

302 3114 586 3178 medicum,
622 3113 713 3179 qui
758 3112 897 3166 mibi
936 3110 1250 3166 antidotum
1279 3109 1716 3179 potentissimam'
1742 3108 1890 3164 dedit

305 3209 372 3262 de
405 3207 685 3277 Evangelii
735 3206 818 3261 sui
848 3205 1028 3274 pinide
1073 3205 1360 3275 prolatam,
1390 3218 1510 3273 qtae
1539 3203 1650 3257 vim
1687 3201 1891 3257 doloris

308 3317 403 3371 spe
445 3299 610 3354 futuri
655 3298 794 3368 apud
836 3313 895 3353 se
919 3298 1049 3368 justi
1097 3296 1358 3352 examinis
1398 3295 1693 3350 solaretur.
1733 3293 1890 3350 Potio

304 3407 442 3461 ergo
467 3392 579 3459 ipsa
613 3405 774 3458 quam
801 3389 1119 3459 temperavit
1149 3388 1328 3453 Jesus,
1357 3387 1470 3442 haec
1498 3396 1656 3442 erant
1677 3385 1884 3442 verba:

299 3483 466 3549 Beati,
497 3483 689 3552 inquit,
717 3482 837 3538 es'is
865 3497 979 3534 cum
1017 3496 1102 3535 vos
1132 3479 1383 3552 persecuti
1414 3479 1629 3550 fuerint,
1671 3486 1717 3532 et
1747 3477 1887 3531 dixe-

297 3580 397 3631 rint
425 3581 700 3632 atlrersum
747 3593 831 3630 ros
859 3573 968 3648 [AL
999 3573 1119 3646 nos]
1170 3591 1319 3630 omne
1347 3574 1540 3628 malum
1566 3573 1887 3629 mentientes.

2001 2369 2144 2423 diam
2178 2369 2339 2424 homo
2360 2372 2622 2438 carnalis,
2641 2375 2996 2432 et-inzdeliciis
3025 2380 3249 2449 degens.

2067 2458 2122 2512 2.
2169 2459 2368 2515 Verum
2416 2462 2668 2532 quoniam
2729 2468 3096 2535 respondendi
3154 2473 3342 2540 mihi,
3384 2475 3471 2532 vel
3520 2492 3590 2534 ex

1997 2563 2151 2620 parte
2173 2551 2322 2621 justa
2347 2554 2593 2623 quasdam
2623 2558 2920 2613 necessitas
2951 2561 3164 2619 videtur
3191 2565 3429 2634 imponi;
3466 2579 3492 2608 ο
3523 2585 3592 2626 ex

1996 2659 2063 2699 eo
2094 2645 2238 2712 quod
2277 2647 2489 2703 dicatur
2515 2650 2716 2705 multos
2756 2652 2958 2708 otlcudi
3004 2654 3073 2710 de
3117 2655 3222 2723 his,
3263 2660 3483 2728 quas-all
3523 2676 3596 2720 eo

1995 2737 2194 2806 scripta
2224 2747 2380 2805 sunt,
2407 2741 2519 2795 nisi
2533 2741 2660 2809 quid
2697 2743 2766 2796 sit
2806 2743 2865 2798 in
2889 2758 3080 2800 caussa
3107 2747 3408 2816 paudatur:
3439 2764 3593 2807 com-

1997 2828 2168 2899 pellor
2210 2839 2404 2885 contra
2441 2840 2628 2887 votam
2657 2849 2832 2889 meum
2883 2845 2949 2891 et,
2989 2841 3322 2907 propositum
3363 2858 3593 2912 respon-

1996 2921 2150 2988 dere,
2193 2937 2262 2978 ne
2308 2923 2447 2978 forte
2484 2925 2768 2982 reticendo
2799 2927 2984 2983 videar
3021 2931 3228 2988 crimen
3272 2948 3590 3004 agnoscere.

1995 3013 2254 3078 Quamvis
2301 3013 2613 3072 Christiano
2659 3027 2856 3074 cetera
2893 3022 3130 3076 crimina
3165 3025 3378 3081 silendo
3417 3027 3592 3097 depel-

1993 3104 2130 3174 lere,
2158 3107 2413 3177 exemplo
2445 3108 2653 3165 Domini
2684 3110 2978 3180 gloriosum
3008 3114 3080 3168 sit
3105 3133 3120 3168 :
3145 3115 3240 3170 sed
3279 3129 3455 3174 tamen
3489 3121 3590 3176 hoc

1993 3199 2047 3253 in
2079 3199 2203 3268 lide,
2245 3200 2290 3253 si
2337 3201 2461 3267 liat,.
2489 3203 2779 3258 llas-imum
2813 3207 3130 3261 scandalum
3168 3221 3410 3276 petierat.
3450 3213 3586 3277 Quia

1991 3306 2121 3361 ergo
2148 3292 2202 3345 in
2241 3291 2413 3347 initiis
2457 3292 2616 3363 liuius
2647 3295 2970 3353 lnvectionia
3015 3309 3128 3352 sua:
3167 3299 3369 3368 (Epist.
3392 3301 3484 3357 85.
3514 3303 3590 3356 ad

1995 3385 2396 3442 Pammachius
2458 3396 2512 3442 et
2558 3388 2781 3460 Ocean.)
2832 3391 3096 3460 promittit
3145 3408 3205 3448 se
3254 3395 3591 3452 omissurum

1992 3496 2274 3551 personas,
2314 3491 2370 3538 et
2399 3483 2561 3539 rebus
2589 3491 2823 3551 tantum,
2852 3493 2907 3539 et
2945 3485 3262 3563 criminibus
3293 3501 3583 3556 responso-

1992 3589 2110 3629 rum
2142 3590 2156 3628 :
2191 3586 2482 3644 utrumque
2505 3585 2684 3630 autem
2719 3576 2914 3631 lalsum
2943 3586 3047 3641 est,
3080 3589 3205 3632 nam
3241 3579 3326 3633 cui
3360 3594 3586 3648 respon-

298 3670 528 3724 tiuudete
551 3679 597 3722 et
622 3669 867 3733 multata,
895 3667 1135 3737 quoniam
1160 3681 1350 3720 merces
1371 3675 1537 3720 vestra
1559 3659 1721 3719 multa
1739 3674 1814 3719 est
1840 3665 1901 3718 in
1925 3665 1969 3726 B
1999 3670 2124 3723 deat
2150 3667 2386 3733 crimini,
2405 3668 2554 3739 quod
2580 3669 2762 3724 nullus
2783 3670 3065 3725 obtendit?
3092 3671 3375 3739 Quomodo
3405 3684 3583 3728 autem

297 3762 454 3817 calis.
482 3763 573 3817 Sic
603 3764 741 3816 enim
778 3760 1029 3830 persecuti
1059 3769 1179 3814 sunt
1207 3769 1254 3813 et
1283 3758 1594 3828 Prophetas,
1623 3760 1712 3829 qui
1744 3767 1888 3814 erant

295 3866 410 3909 ante
455 3870 542 3907 vos
582 3851 800 3922 (Matth.
919 3851 1007 3906 li.
1052 3861 1100 3906 et
1149 3851 1338 3920 scqq.).
1389 3851 1453 3904 Et
1501 3865 1602 3920 ego
1642 3849 1887 3921 quidem,

295 3956 552 4014 quantum
585 3944 639 4000 in
669 3959 754 3998 me
781 3953 886 4009 est,
917 3943 1019 3996 hoc
1057 3942 1451 3997 medicamento
1476 3950 1789 4010 contentus,
1820 3941 1888 3996 de

296 4040 502 4106 reliquo
550 4036 712 4091 silere
749 4034 1120 4097 decreveram,
1166 4033 1356 4089 dicens
1391 4032 1535 4101 apud
1580 4034 1886 4102 meipsum:

298 4131 358 4188 Si
380 4129 801 4201 patremfamilias
841 4125 1117 4181 Beelzebub
1147 4134 1474 4192 vocaverunt,
1496 4135 1685 4194 quanto
1723 4123 1887 4193 magis

297 4223 418 4294 (nos
446 4223 570 4278 licet
602 4219 870 4289 indignos)
892 4219 1199 4273 domesticos
1227 4218 1339 4288 ejus
1368 4215 1582 4287 (Matth.
1615 4215 1703 4272 10.
1733 4215 1886 4283 25.)?

296 4317 320 4354 ά
351 4318 419 4373 Et
447 4318 492 4373 si
535 4317 611 4372 illi
647 4316 849 4372 dictum
880 4322 1000 4368 est:
1045 4314 1180 4378 Quia
1220 4313 1458 4367 seductor
1503 4319 1595 4376 est,
1620 4320 1666 4364 et
1695 4308 1889 4363 seducft

298 4410 471 4464 turbas
499 4406 681 4480 (Joan.
709 4407 762 4461 7.
798 4405 911 4475 l2.)
943 4419 1082 4476 :ego
1109 4403 1274 4475 308
1301 4417 1398 4457 cur
1430 4401 1696 4471 indigner,
1717 4400 1762 4456 si
1793 4415 1890 4454 au-

298 4502 438 4557 diam
462 4517 548 4557 me
571 4500 881 4554 limreticum
910 4497 1013 4551 dici
1041 4513 1056 4552 :
1084 4506 1138 4551 et
1157 4511 1250 4565 pro
1283 4494 1482 4566 ingenii
1507 4494 1778 4560 tarditate,
1805 4494 1888 4548 vel

298 4592 476 4663 potius
520 4593 760 4646 cmcilate
791 4591 988 4658 talpam
1033 4587 1342 4642 nominari?
1373 4586 1442 4640 Et
1478 4601 1599 4641 cum
1631 4586 1889 4640 Dominus

300 4699 474 4750 meus,
509 4684 674 4737 inuno
705 4683 945 4736 omnium
989 4682 1128 4735 Deus
1160 4679 1408 4736 Christus
1429 4677 1607 4733 dictus
1636 4678 1708 4734 sit
1737 4680 1888 4732 homo

299 4792 476 4845 vorax,
509 4785 555 4828 et
586 4775 690 4829 vini
719 4784 944 4842 potator,
975 4774 1167 4827 amicus
1204 4771 1600 4841 publicanorum
1635 4780 1683 4826 et
1713 4786 1890 4839 pecca-

368 4925 397 4952 ε-
417 4915 590 4968 Antea
611 4912 828 4967 odiosus
851 4910 1227 4966 lnvectivarum
1250 4908 1437 4964 titulus
1457 4908 1755 4975 obtinebat,
1778 4924 1886 4978 quo

299 5000 389 5040 eas
421 4987 642 5040 nomine
667 4983 805 5049 ipse,
842 4984 892 5036 in
919 4998 1078 5050 quem
1110 4979 1507 5048 scribebantur,
1542 4979 1598 5034 S.
1630 4979 1891 5050 llierony-

1995 3757 2199 3814 omitti-t
2227 3772 2508 3827 personas,
2544 3776 2666 3815 cum
2689 3761 3040 3831 interpretem
3068 3762 3326 3818 librorum
3357 3773 3469 3819 toto
3501 3765 3586 3819 In-

1991 3851 2266 3910 vectionis.
2287 3867 2399 3908 sua
2433 3861 2580 3909 textu
2626 3852 2994 3910 indesinenter
3022 3855 3230 3910 incusct
3261 3865 3317 3911 et
3347 3856 3582 3912 laceret?

1990 3942 2102 4000 Nos
2139 3944 2342 4000 omissa
2391 3947 2540 4001 muni
2596 3946 2792 4014 ironia,
2841 3955 2898 4003 et
2949 3949 3273 4022 ὑποκρίσεως
3327 3951 3583 4020 tergiver-

1991 4035 2223 4100 satione,
2275 4052 2396 4106 qum
2445 4036 2558 4094 Deo
2601 4039 2946 4094 exsecrabilis
2971 4039 3140 4110 305
3176 4049 3280 4106 est,
3335 4041 3459 4096 licet
3503 4043 3586 4095 in-

1991 4127 2224 4195 comptis
2253 4128 2435 4183 verbis
2463 4139 2523 4192 et
2546 4131 2792 4186 oratione
2831 4131 3191 4200 incomposita
3227 4134 3581 4200 respondebi-

1991 4231 2150 4270 mus:
2185 4219 2396 4273 veniam
2428 4217 2714 4289 imperitiae
2764 4230 2965 4275 nostra:
2995 4235 3024 4274 a
3057 4222 3358 4291 legentibus
3391 4239 3584 4278 conce-

1992 4307 2245 4373 dendam,
2279 4324 2384 4364 non
2409 4310 2680 4366 immerito
2704 4323 3094 4381 pra-sumentes
3118 4329 3133 4365 :
3158 4314 3284 4382 quis
3313 4329 3420 4368 non
3450 4316 3586 4369 alius

1992 4415 2330 4467 accusamus,
2377 4402 2472 4459 sed
2519 4402 2882 4470 nosmetipsos
2928 4418 2961 4458 a
3004 4404 3307 4460 maledictis
3355 4421 3584 4474 purgare

1992 4494 2392 4549 contendimus.
2429 4494 2495 4549 Et
2525 4495 2649 4550 ideo
2679 4494 2960 4551 studemus
2993 4495 3101 4568 [ΑΙ.
3142 4497 3501 4570 studeamns],
3529 4510 3584 4555 ut

1993 4601 2099 4640 non
2130 4595 2334 4639 tantum
2375 4586 2428 4640 in
2456 4587 2608 4640 nobis
2637 4599 2838 4651 sermo,
2864 4597 3122 4659 quantum
3149 4591 3349 4643 veritas
3380 4590 3581 4647 luceat.

2065 4679 2120 4733 3.
2161 4676 2265 4732 Sed
2300 4677 2607 4749 priusquam
2641 4677 2892 4749 incipiam
2927 4697 3154 4752 purgare
3187 4693 3402 4754 ca‘tera,
3451 4685 3579 4740 ilfud

1992 4785 2116 4826 eum
2147 4779 2273 4825 ante
2300 4771 2483 4826 omnia
2517 4787 2642 4827 vere
2669 4772 2871 4828 dixisse
2913 4775 3192 4842 conﬁteor,
3224 4777 3365 4846 quod
3396 4777 3489 4843 ait,
3523 4792 3582 4831 se

1995 4905 2494 4986 hlartianmu_s,__tum
2521 4923 2824 4986 pronomen
2846 4920 2938 4986 tua
2960 4919 3118 4965 tacet.
3143 4909 3215 4986 De
3250 4909 3558 4986 Aproniano

1995 4980 2219 5050 ejusque
2241 4980 2568 5050 nobilissima
2598 4989 2760 5050 gente
2782 4980 2976 5035 ancia
3003 4983 3214 5036 Asteria
3245 4985 3576 5050 Aproniann,

299 5072 416 5110 mus
445 5048 742 5120 denotavit,
766 5063 826 5108 ut
856 5048 1077 5106 Ruﬁnus
1104 5051 1342 5104 vicissim
1370 5065 1530 5120 quam
1565 5051 1656 5122 ille
1687 5048 1879 5104 adver-
1913 5050 1960 5114 C
1991 5048 2235 5122 quaedam
2267 5065 2365 5122 nos
2390 5049 2442 5104 in
2472 5048 2744 5122 liujustnet
2787 5052 3060 5122 Apologia:
3095 5048 3413 5108 recensione
3441 5055 3582 5108 inter

298 5142 414 5180 sum
445 5141 504 5181 se
533 5125 698 5191 cudit,
731 5124 1076 5178 luvectionem
1104 5122 1357 5176 continuo
1384 5119 1557 5176 vocat.
1592 5119 1761 5175 Verus
1789 5137 1886 5176 au-

300 5206 406 5252 tem
452 5197 732 5265 utriusque
770 5195 1077 5263 scriptionis
1106 5191 1291 5247 titulus
1314 5192 1565 5262 Apologia
1589 5201 1690 5254 est,
1724 5208 1880 5265 quem

301 5283 410 5322 suae
449 5264 860 5322 Noster’lecisse
892 5273 1117 5318 testatur
1139 5266 1328 5329 semel,
1359 5273 1521 5332 atque
1554 5265 1746 5316 iterum
1781 5264 1883 5316 boc

301 5340 415 5406 ipso
445 5339 582 5393 lihcu
609 5353 764 5396 nunt.
797 5336 879 5391 l6.
904 5333 1192 5388 lnvestivas
1215 5343 1478 5389 vocarunt
1505 5345 1551 5387 et
1580 5332 1885 5406 Controver-

299 5403 402 5464 sias
427 5413 588 5478 paulo
624 5407 676 5462 in
707 5423 829 5462 eum
875 5407 1163 5476 iniquiores
1211 5405 1513 5478 Antiquarii
1541 5422 1552 5456 :
1576 5420 1710 5478 quos
1741 5403 1881 5459 inter

299 5484 386 5550 qui
417 5475 657 5535 codicem
690 5475 1116 5550 Guarncrianum
1140 5476 1452 5550 descripsit,
1477 5491 1582 5530 non
1610 5475 1732 5550 sine
1754 5489 1885 5529 con-

300 5545 514 5607 tumelia
566 5550 776 5604 titulum
807 5547 1070 5617 ejusmodi
1123 5545 1369 5615 praeﬁxit,
1413 5545 1884 5601 Controuersiarum

301 5621 601 5680 detractoris
651 5620 828 5686 [lu/ini
879 5620 1155 5688 adversum
1203 5619 1485 5688 egregium,
1527 5627 1574 5670 et
1617 5617 1883 5688 sanctissi-

301 5709 441 5747 mum
489 5693 652 5746 virum
697 5683 1070 5758 Hieronymum
1125 5683 1486 5760 Preibyterunt
1539 5689 1667 5742 liber
1712 5683 1766 5740 1.
1801 5688 1885 5742 itt-

301 5766 443 5818 cinit.
1448 5804 1459 5815 .

347 5783 560 5894 ριξιξᾶοό.
618 5830 1003 5897 Guarneriam,
1051 5825 1227 5902 Relcgi
1255 5868 1271 5898 ,
1322 5804 1773 5900 quemadmodum
1830 5837 1885 5888 et

1994 5119 2409 5194 Qieronymiana
2459 5123 2633 5194 Opera
2674 5119 2845 5194 Tomo
2888 5119 3124 5194 Ilfquae
3171 5126 3509 5191 postmodum
3549 5139 3578 5178 a

1992 5187 2295 5262 Fontan'ino
2338 5187 2713 5258 cepiOSissime
2759 5187 3037 5262 disputata
3075 5187 3201 5248 sunt
3247 5194 3301 5248 in
3340 5193 3454 5246 Vita
3485 5195 3578 5247 lib.

1994 5261 2208 5343 ll.._cap.
2254 5263 2313 5318 4.
2359 5279 2519 5333 quem
2550 5263 2655 5319 huc
2693 5261 2918 5334 releras,
2957 5281 3024 5321 ne
3056 5276 3234 5319 actum
3281 5279 3380 5318 nos
3420 5279 3580 5332 agere

1992 5332 2351 5461 νιίὶεῖίιίιὲὲνέει
2380 5403 2688 5475 Hieronymi
2721 5404 2786 5459 ad
2821 5404 3218 5475 Pammachium
3258 5400 3500 5475 Epistula
3526 5401 3578 5456 in

1989 5475 2306 5544 recensione
2337 5486 2519 5530 nostra
2545 5471 2834 5530 LXXXIV.
2864 5482 2950 5529 cui
2979 5477 3106 5544 (non
3133 5474 3252 5544 ejus
3277 5471 3578 5544 Apologire,

1990 5553 2048 5597 ut
2076 5542 2212 5616 falso
2243 5546 2460 5616 quidam
2510 5547 2820 5601 existimant
2848 5541 2995 5600 docti
3025 5544 3148 5612 viri)
3195 5543 3334 5597 lianc
3380 5541 3577 5596 Noster

1989 5615 2302 5685 Δρωοείωῲ
2331 5631 2483 5670 suam
2521 5618 2758 5685 opponit.

2060 5683 2085 5722 ἀ
2109 5679 2466 5773 quarnerian.
2491 5679 2670 5743 πιέζει
2699 5693 2868 5749 tacet;
2896 5694 3006 5737 tum
3045 5679 3289 5773 indignor
3316 5698 3410 5754 pro
3436 5681 3576 5738 indi-

1987 5755 2305 5887 quirat-iiii»
2327 5825 2679 5885 Guarnerian.
2712 5840 2776 5880 es
2799 5821 3042 5878 vocatam
3074 5830 3235 5878 tacet.
