2083 3174
263 191 316 219 543

773 187 890 218 RUFINI
910 183 1147 221 AQUILEIENSIS
1164 182 1381 212 PRESBYTERI

1849 183 1900 214 5H

265 255 317 274 non
333 246 447 275 reddere
471 245 643 274 maledictum
659 247 707 281 pro
730 244 886 272 maledicto.
909 243 967 270 Hoc
989 241 1056 269 satis
1070 241 1093 271 Α
1108 238 1180 274 ελ).
1196 239 1229 266 Et
1244 229 1360 274 Spiritus
1375 239 1489 267 Sanctus
1508 243 1545 267 ut
1557 239 1603 274 qui
1615 244 1746 267 scrutatur
1758 241 1836 268 etiam
1850 243 1904 270 alta

267 301 360 321 verum
385 298 445 321 est:
461 300 514 321 non
534 294 606 320 enim
632 299 682 327 pro
699 290 849 318 maledictis
865 289 919 326 [ΑΙ.
945 288 1060 316 maledi-

265 339 331 374 cto],
348 340 394 367 sed
407 347 456 375 pro
471 338 618 366 benedictis
638 343 665 365 et
680 337 803 365 laudibus
817 336 940 365 convicia
953 340 982 364 et
1004 342 1060 362 ma-

267 387 361 414 ledicta
379 388 502 414 restituit.
517 386 618 420 Neque,
634 390 663 412 ut
684 385 730 417 ait,
747 384 898 412 verberanti
918 383 1057 411 dexteram

267 432 402 459 maxillam
427 432 506 459 oll'ert
530 431 641 458 alteram
655 439 662 457 :
676 430 722 458 sed
744 430 863 465 palpanti
884 435 912 457 et
935 428 1060 463 leviganti

269 477 415 510 maxillam,
449 485 567 504 morsunt
592 476 730 511 improvisi
753 475 843 504 dentis
872 476 969 511 inﬁgit.
992 474 1059 502 Cum

267 522 338 549 enim
353 530 402 549 nos
416 522 441 549 in
457 530 490 549 eo
504 527 531 550 et
546 522 729 558 eloquentiam
745 529 778 549 ac
796 522 914 550 studium
936 521 1061 549 laudave-

268 569 353 595 rimus
369 568 580 602 (interpretando
602 570 742 596 dumtaxat
760 576 792 596 ex
815 567 928 604 Graicis)
949 572 976 596 et
999 567 1060 595 ﬁdei

266 616 325 649 ejus
350 623 495 650 numquam
523 615 761 651 derogaverimus;
785 615 1008 649 illc-utrumque
1034 614 1062 642 in

267 660 346 688 nobis
358 661 467 688 damnat
481 670 487 687 :
501 666 528 688 et
545 661 607 688 ideo
616 661 722 689 veniam
737 661 820 689 etiam
838 660 896 695 ipse
911 659 987 688 nobis
998 667 1063 687 con-

266 707 356 740 Cedat,
371 707 394 735 si
410 707 479 735 forte
498 708 611 742 aliquid,
627 713 672 735 aut
686 707 820 742 asperius,
836 711 882 734 aut
898 705 1061 741 incomptius

266 752 474 788 dicimuszquia
500 753 654 787 imperitum
678 753 814 780 hontinem
839 753 871 779 ad
897 751 1063 786 responden-

268 799 332 825 dum
350 799 494 831 lacessivit,
511 805 589 833 quem
614 799 697 826 sciret
719 806 771 825 non
787 805 868 833 posse
888 805 934 832 per
949 797 1060 824 multam

269 845 376 873 dicendi
393 850 477 873 artem
493 850 521 873 et
539 845 700 880 eloquentize
723 844 827 879 copiam
844 844 869 871 id
885 851 977 878 agere,
995 847 1024 870 ut
1039 842 1064 870 is

268 899 348 926 quem
374 892 466 919 lassum
482 892 563 920 vellet
577 900 609 920 ao
629 893 809 923 vulneratum,
834 897 885 918 nec
906 890 1062 917 vulneratus

1112 286 1160 314 Dei
1173 287 1212 323 (l.
1229 287 1290 314 Cor.
1304 287 1332 314 2.
1353 286 1412 322 16.)
1426 295 1434 314 :
1450 291 1478 314 et
1497 286 1558 315 ideo
1572 293 1646 316 caret
1659 289 1732 316 omni
1748 289 1904 319 visibilitate

1111 340 1251 367 corporea,
1265 333 1311 360 sed
1327 333 1500 361 intel'ectuali
1514 333 1560 361 illo
1571 333 1679 362 deitatis
1693 335 1771 362 oculo
1784 340 1796 354 ⁸
1810 336 1849 364 sic
1864 337 1905 364 vi-

1110 380 1155 408 det
1172 381 1278 408 Patrem
1296 380 1381 408 Filius
1404 386 1431 408 et
1455 381 1572 415 Spiritus
1593 382 1718 415 Sanctus,
1740 383 1809 411 sicut
1826 383 1905 412 Pater

1111 427 1184 455 videt
1201 426 1297 454 Filium
1312 430 1339 454 et
1354 426 1484 461 Spiritum
1497 427 1625 454 Sanctum
1640 436 1647 461 ;
1664 434 1714 455 nec
1729 433 1768 456 est
1792 437 1906 464 prorsus

1111 473 1165 501 ulla
1181 473 1207 500 in
1220 472 1351 500 Trinitate
1365 472 1518 507 diversitas,
1530 473 1581 501 nisi
1597 474 1668 509 quod
1693 475 1738 502 ille
1758 475 1838 503 Pater
1852 480 1903 511 est,

1112 524 1140 547 et
1160 520 1204 547 hic
1219 519 1313 551 Filius,
1336 523 1365 546 et
1389 519 1435 547 ille
1455 519 1571 554 Spiritus
1594 520 1719 549 Sanetus.
1737 521 1856 550 Trinitas
1877 522 1904 550 in

1113 572 1288 601 personarum
1303 564 1486 598 distinctione,
1508 565 1597 593 unitas
1609 566 1635 594 in
1653 567 1767 594 veritate
1781 568 1906 594 substan-

1114 613 1156 639 tirc
1174 616 1218 638 :et
1233 611 1303 646 quod
1318 612 1471 645 unigenitus
1483 611 1566 639 Filius
1581 612 1640 645 Dei,
1654 620 1701 647 per
1712 620 1792 647 quem
1805 621 1820 640 a
1834 613 1907 649 prin-

1113 659 1184 692 cipio
1199 659 1288 685 omnia
1304 666 1363 693 quae
1375 662 1448 691 sunt,
1462 657 1532 686 facta
1546 662 1620 692 sunt,
1637 658 1696 686 sive
1710 658 1839 692 visibilia,
1849 660 1907 687 sive

1116 705 1270 737 invisibilia,
1287 706 1311 732 in
1336 705 1490 732 novissimis
1504 705 1601 733 diebus
1616 713 1697 733 carne
1712 710 1740 733 et
1760 706 1849 734 anima
1864 707 1908 734 ltu-

1114 758 1193 777 mana
1217 755 1352 784 suscepta,
1378 751 1457 778 homo
1481 750 1568 778 factus
1588 756 1630 778 est
1646 751 1698 787 [AL
1723 745 1775 779 tae.
1798 752 1861 788 est],
1881 758 1908 780 et

1115 803 1209 830 passus
1221 799 1263 823 est
1277 803 1325 829 pro
1343 795 1428 823 salute
1449 799 1552 824 nostra.
1569 795 1603 823 Et
1618 796 1694 824 tertia
1709 797 1762 832 die,
1779 798 1907 826 sascitata

1116 841 1159 868 illa
1176 841 1234 875 ipsa
1250 848 1342 873 carne,
1365 849 1424 875 quia:
1449 841 1536 876 posita
1553 840 1641 869 fuerat
1662 841 1688 869 in
1705 843 1841 877 sepulcro,
1862 851 1908 871 re-

1115 889 1236 916 surrexit
1251 896 1265 915 a
1288 888 1411 915 mortuis.
1430 888 1461 916 Et
1475 896 1535 916 cum
1550 889 1607 923 ipsa
1622 889 1715 917 eadem
1730 889 1740 908 ί
1752 897 1835 918 carne
1849 891 1907 924 glo-

269 937 395 965 videatur
408 945 467 966 esse
478 945 528 965 nec
541 938 629 966 Iesus.
645 937 702 965 Hoc
722 945 787 972 ergo
805 937 965 972 eI0quentitc
978 943 1061 971 genus
1078 933 1099 962 Β
1115 935 1215 961 rilicata
1231 934 1352 961 ascendit
1367 934 1399 960 ad
1413 934 1507 968 caelos,
1524 933 1594 961 unde
1609 939 1636 961 et
1649 939 1824 969 exspectatur
1842 943 1908 962 ven-

267 983 304 1009 ab
327 984 384 1018 ipso
404 984 566 1019 requiratur,
583 983 627 1018 qui
652 984 684 1010 ad
708 982 870 1018 culpandum
889 991 936 1010 seu
958 982 1061 1017 vitupe-

269 1028 383 1056 randum
399 1029 450 1057 levi
464 1029 618 1057 rumusculo
633 1035 794 1060 commotus,
809 1029 883 1057 velut
895 1028 955 1064 quis
965 1035 1063 1056 censor

269 1063 397 1103 accuxrrit.
412 1076 461 1109 Qui
473 1075 486 1095 δ
499 1083 563 1104 vero
577 1076 698 1110 objeclas
713 1075 849 1110 depellere
869 1082 884 1102 a
899 1082 929 1103 se
945 1084 959 1101 n
971 1075 1062 1102 acutas

269 1122 353 1155 copit,
379 1122 540 1150 necessitate
562 1122 613 1149 sibi
636 1121 820 1156 responsionis
846 1121 981 1156 imposita,
1008 1128 1061 1147 non

267 1175 348 1201 quam
365 1168 418 1204 [ΑΙ.
433 1167 579 1204 nunquam]
593 1168 731 1203 eleganter
748 1172 776 1195 et
792 1172 898 1201 ornate,
919 1167 967 1195 sed
982 1174 1062 1202 quam

269 1220 334 1241 vere
354 1213 524 1249 respondeat,
542 1213 681 1248 cogitavit.

304 1260 332 1287 4.
349 1260 383 1287 Et
394 1260 520 1296 quoniam
537 1260 607 1287 inter
621 1260 752 1294 principia
766 1260 823 1294 ipsa
839 1259 896 1287 ait:
909 1259 991 1293 Quasi
1004 1259 1063 1287 sine

271 1314 316 1334 me
337 1306 458 1334 ha‘retiei
477 1314 539 1334 esse
559 1314 612 1333 non
636 1307 739 1341 possint
754 1306 808 1342 [ΑΙ.
826 1305 958 1341 possunt],
976 1305 1063 1341 primo

271 1351 324 1380 hoc
338 1352 415 1379 nobis
428 1351 625 1380 ostendendum
637 1356 689 1385 est,
703 1351 774 1386 quod
792 1359 842 1379 nec
852 1358 913 1379 cum
928 1351 996 1385 ipso,
1013 1357 1064 1378 nec

269 1397 329 1425 sine
345 1398 403 1431 ipso
418 1396 536 1425 lueretici
550 1404 656 1430 sumus,
673 1400 702 1424 ut
717 1404 778 1424 cum
791 1396 825 1425 de
840 1396 917 1425 nobis
932 1396 1062 1425 constite-

269 1442 303 1470 rit
325 1443 388 1478 quid
403 1443 498 1476 simus,
519 1448 582 1471 tunc
601 1443 709 1471 demutn
737 1443 854 1481 nee[Al.
869 1442 914 1479 ne]
938 1444 973 1472 de
996 1444 1065 1472 alio-

270 1495 330 1515 rum
343 1488 450 1523 quidem
466 1488 545 1517 dictis
559 1489 592 1516 ad
610 1497 659 1516 nos
677 1488 827 1524 retorqueri
844 1490 929 1524 possit
940 1489 1062 1518 infamia.

270 1532 327 1568 Ego
341 1532 395 1569 [ΑΙ.
412 1533 498 1570 ergo],
514 1535 583 1562 sicut
596 1539 624 1563 et
639 1535 697 1570 ipse
711 1539 740 1562 et
760 1542 856 1563 omnes
875 1542 984 1569 nortmt,
1000 1541 1064 1565 ante

269 1586 355 1606 annos
376 1578 433 1607 fere
462 1585 473 1599 ε
498 1581 606 1615 triginta
633 1581 659 1608 in
688 1582 853 1610 monasterio
876 1582 932 1617 jam
948 1583 1063 1619 positus,

1116 987 1191 1009 turus
1206 981 1237 1008 ad
1249 981 1378 1016 judicium
1396 981 1517 1008 vivorum
1532 984 1560 1008 et
1573 985 1751 1008 mortuorum.
1766 980 1819 1009 Sed
1835 986 1863 1008 et
1874 982 1909 1008 si-

1114 1028 1259 1056 milimodo
1273 1028 1350 1056 nobis
1365 1034 1474 1063 quoque
1495 1034 1573 1063 spem
1596 1027 1802 1056 resurreCtionis
1823 1027 1907 1061 dedit,

1113 1081 1143 1103 ut
1160 1076 1256 1103 eodem
1273 1075 1377 1107 ordine,
1401 1075 1495 1103 eadem
1511 1076 1712 1111 consequentia,
1729 1076 1785 1110 pari
1802 1076 1910 1104 eadem-

1113 1129 1166 1156 que
1182 1121 1278 1155 lorma,
1294 1128 1346 1157 qua
1359 1121 1418 1156 ipse
1435 1121 1564 1149 Dominus
1585 1122 1734 1149 resurrexit
1747 1129 1762 1149 a
1787 1122 1909 1154 mortuis,

1114 1175 1164 1195 nos
1173 1175 1281 1203 quoque
1295 1171 1497 1195 resurrecturos
1510 1175 1570 1195 esse
1583 1168 1723 1196 credamus
1736 1176 1743 1195 :
1756 1176 1809 1196 non
1824 1169 1909 1197 nubes

1115 1219 1128 1238 ε
1141 1219 1187 1241 aut
1200 1221 1280 1241 auras
1299 1219 1403 1248 tenues,
1428 1218 1458 1241 ut
1472 1214 1668 1242 calumniantur
1682 1223 1688 1241 :
1700 1214 1748 1242 sed
1763 1214 1820 1243 hate
1835 1215 1904 1248 ipsa,

1115 1260 1141 1287 in
1156 1259 1252 1295 quibus
1275 1267 1356 1292 nunc,
1381 1259 1423 1287 vel
1447 1259 1572 1293 vivimus,
1594 1259 1636 1288 vel
1652 1260 1793 1295 morimur,
1813 1265 1905 1288 nostra

1115 1312 1227 1340 corpora
1245 1305 1391 1339 recepturi.
1413 1304 1479 1332 Nam
1502 1305 1638 1340 quomodo
1647 1313 1739 1333 verum
1759 1306 1820 1339 erit,
1835 1307 1907 1342 quod

1115 1352 1343 1380 resurrectionem
1366 1351 1456 1379 carnis
1471 1351 1618 1384 credimus,
1640 1351 1690 1379 nisi
1708 1352 1733 1379 in
1756 1359 1788 1380 ea
1804 1360 1868 1380 vere
1881 1358 1910 1381 et

1115 1399 1220 1435 integre
1230 1399 1311 1435 311
1325 1399 1416 1426 carnis
1438 1402 1533 1426 natura
1560 1398 1704 1426 servetur?
1717 1398 1825 1434 Absque
1851 1399 1912 1427 ullis

1116 1453 1181 1481 ergo
1201 1445 1356 1481 priestigiis,
1381 1452 1453 1472 verae
1467 1444 1480 1463 ιι
1492 1450 1519 1473 et
1532 1445 1643 1480 integrae
1657 1445 1746 1473 carnis
1767 1445 1846 1480 hujus
1861 1453 1911 1474 no-

1116 1498 1190 1526 strae,
1206 1493 1233 1520 in
1252 1500 1303 1528 qua
1328 1500 1399 1520 nunc
1417 1499 1521 1525 sumus,
1543 1492 1769 1520 resurrectionem
1784 1493 1910 1520 fatemur.

1152 1539 1179 1566 5.
1206 1539 1303 1567 Verum
1328 1539 1361 1567 ad
1381 1539 1510 1578 maiorem
1535 1539 1575 1566 rei
1602 1539 1680 1567 ﬁdem
1710 1539 1781 1567 addo
1811 1540 1912 1576 aliquid

1115 1585 1246 1621 amplius,
1268 1590 1296 1613 et
1311 1585 1539 1620 calumniosorum
1555 1586 1715 1613 necessitate
1736 1586 1911 1620 compulsus,

268 1625 352 1661 310
366 1633 413 1661 Per
426 1626 538 1662 gratiam
553 1627 682 1662 Baptismi
695 1633 879 1664 regeneraIHS,
896 1629 1063 1665 Signactﬂuul
1077 1624 1103 1656 ο
1118 1633 1253 1668 singulare
1268 1637 1295 1661 et
1316 1633 1481 1668 przecipuum
1498 1632 1626 1660 Ecclesia:
1642 1637 1741 1660 nostrae
1755 1632 1912 1669 mysterium

252 1705 254 1708 ι
269 1671 332 1699 ﬁdei
344 1677 505 1702 consecutus
516 1681 576 1701 sum
592 1681 641 1708 per
654 1679 762 1702 sanctos
780 1675 852 1703 viros
865 1675 1065 1711 Chromatium,

269 1717 407 1752 Iovinum,
420 1724 448 1746 et
465 1719 621 1753 Eusebium,
644 1721 847 1756 opinatissimos
861 1726 889 1749 et
908 1723 1066 1757 probatissi-

269 1772 330 1792 mos
344 1765 371 1793 in
392 1765 513 1794 Ecclesia
528 1767 583 1803 [Αι.
603 1767 743 1803 Eeclesiis]
761 1768 808 1796 Dei
823 1768 984 1804 Episcopos,
999 1776 1066 1804 quo-

269 1817 329 1837 rum
341 1811 410 1838 alter
422 1816 488 1839 tunc
501 1812 644 1849 Presbyter
659 1813 746 1841 beatae
763 1813 902 1841 memoria:
919 1813 1062 1847 Valeriani,

269 1857 338 1885 alter
350 1857 572 1893 Archidiaeonus,
589 1858 602 1878 ά
614 1860 683 1888 alius
697 1861 830 1888 Diaconus
843 1860 976 1894 simulque
987 1865 1066 1895 pater

272 1905 339 1933 mihi
359 1910 388 1933 et
401 1905 497 1934 doctor
515 1906 636 1942 Symboli
659 1914 690 1935 ac
713 1906 776 1934 ﬁdei
803 1907 863 1934 luit.
879 1906 919 1934 illi
941 1914 1006 1943 ergo
1025 1908 1066 1935 sic

271 1951 336 1979 mihi
352 1951 529 1985 tradiderunt,
541 1957 570 1980 et
590 1952 630 1980 sic
642 1957 732 1985 teneo,
756 1951 833 1986 Quod
848 1952 929 1979 Pater
942 1957 970 1980 et
982 1952 1066 1981 Filius

270 1997 426 2032 etSpiritus
447 1998 563 2027 Sanctus
587 1998 666 2025 unius
688 1997 795 2025 deitatis
813 1998 875 2030 sint,
900 1998 978 2026 unius
998 1999 1065 2027 sub-

270 2046 376 2073 stantis
389 2054 396 2073 :
408 2050 554 2079 coreterna,
572 2044 771 2080 inseparabilis,
785 2045 955 2080 incorporea,
973 2045 1066 2073 invisi-

272 2091 343 2125 bilis,
356 2091 638 2127 incomprehensibilis
648 2090 775 2123 Trinitas,
790 2095 818 2118 et
835 2091 887 2118 sibi
900 2091 963 2124 soli,
974 2096 1003 2118 ut
1013 2097 1065 2124 est,

272 2138 304 2164 al
321 2138 467 2173 perlectum
480 2143 543 2166 nota
556 2147 564 2165 :
578 2138 646 2171 Quia
657 2145 730 2165 nemo
745 2138 813 2164 nat-it
829 2137 927 2165 Filium
947 2138 998 2165 nisi
1014 2137 1068 2165 Pa-

272 2189 321 2218 ter,
337 2192 417 2220 neque
430 2184 535 2212 Patrem
555 2185 612 2220 quis
642 2184 710 2211 novit
727 2184 776 2211 nisi
792 2183 879 2211 Filius
898 2183 1005 2219 (Matth.
1022 2184 1066 2212 ll.

309 2264 414 2292 'Taeet
424 2264 604 2292 Guarnerian.
619 2271 671 2291 ms.
687 2267 831 2298 utrumque.

309 2300 324 2320 δ
335 2301 422 2334 Atque
436 2300 495 2327 heic
508 2304 578 2326 tacet
592 2299 662 2326 idem
676 2307 726 2326 ms.
742 2307 812 2326 vero.

311 2341 322 2355 ο
340 2336 404 2362 l'uta
421 2342 490 2362 anno
504 2335 567 2361 571.
583 2334 681 2361 Recole
693 2334 779 2360 Valain
795 2342 854 2368 cap.
871 2335 897 2361 l.

306 2370 322 2389 ά
336 2371 362 2396 in
385 2370 574 2401 Guarnerian.,
598 2371 663 2395 alter
683 2369 822 2401 Diaconus,
847 2373 874 2395 et
897 2368 974 2402 paulo
998 2367 1065 2395 infc-

274 2407 341 2437 rins,
356 2405 464 2431 Deitatis
475 2406 517 2437 aii,
533 2406 658 2439 uniusque
673 2405 832 2436 substantiae,
847 2409 974 2431 cowtcrna
989 2409 1011 2430 et
1025 2405 1065 2431 in-

273 2441 423 2474 ‘scpnrabilis
432 2460 439 2470 ,
455 2444 507 2466 etc.

311 2481 323 2495 ε
340 2476 500 2503 Sult'ecimus
523 2482 556 2502 ex
584 2474 769 2502 Gnarueriano
794 2482 844 2504 ms.
869 2476 906 2503 sic
930 2476 1061 2504 voculam.

274 2512 380 2544 Optime
404 2510 606 2547 Ruﬁnusbanc
619 2511 652 2536 ab
664 2517 702 2547 ise
714 2512 831 2547 primum
848 2511 914 2539 labis
934 2512 1064 2547 suspicio-

276 2555 336 2575 tzem
349 2546 467 2580 depellit.
483 2550 510 2572 et
524 2545 869 2580 blasphemia:Origcnistis,
886 2548 942 2574 sive
954 2545 1004 2579 his,
1016 2549 1062 2582 qui

275 2583 309 2610 dc
325 2581 633 2617 Origenistarumisee'a
659 2582 846 2617 statuebantur,
868 2584 952 2610 solitus
977 2581 1064 2617 impu-

276 2618 336 2649 tari,
358 2616 427 2650 quod
443 2625 528 2651 neque
543 2616 647 2643 Patrem
663 2616 744 2644 Filius
759 2623 785 2645 et
804 2618 920 2652 Spiritus
936 2616 1062 2652 Sanctus,

275 2661 362 2684 neque
383 2652 478 2679 Filium
503 2657 528 2679 et
554 2651 680 2685 Spiritnnt
705 2653 831 2680 Sanctum
855 2655 935 2681 Pater
950 2655 1010 2681 vide
1026 2660 1062 2681 et.

274 2689 371 2716 Cnulcr
395 2695 454 2720 qute
479 2688 548 2714 idem
565 2688 676 2714 inferius
702 2697 775 2716 num.
797 2689 840 2716 t7.
862 2698 917 2717 rem
940 2691 965 2717 iu
994 2689 1063 2717 hanc

275 2725 360 2755 ipsam
375 2724 477 2758 profert
489 2731 522 2760 es
540 2723 665 2758 Origene.
679 2724 730 2750 Sed
744 2729 770 2751 et
781 2726 892 2752 consule
908 2725 1063 2760 Hieronymi

274 2760 361 2793 EpiSl.
379 2760 439 2787 124.
453 2759 485 2786 ad
501 2758 571 2786 Avit.
586 2767 658 2785 num.
676 2760 719 2786 15.
735 2765 761 2786 et
776 2769 833 2793 qutc
850 2769 898 2788 nos
913 2761 959 2788 ibi.

313 2795 511 2823 ‘Guarnerian.
541 2799 611 2822 tacet
636 2803 726 2827 carne;
754 2801 809 2823 tum
840 2796 900 2823 inde
928 2796 990 2829 legit
1016 2802 1065 2829 pro

276 2834 356 2863 unde.
377 2836 403 2858 et
423 2838 485 2858 mox
514 2830 571 2863 plus
593 2830 673 2857 habet
694 2832 727 2856 ad
747 2831 873 2866 judicium
889 2831 973 2866 judea;
997 2831 1066 2857 riuo.

276 2875 345 2898 rum,
360 2871 412 2893 etc.
428 2866 463 2893 Ita
477 2871 503 2892 et
518 2873 542 2891 in
567 2866 739 2900 subsequi-nti
757 2866 883 2900 Apologia
899 2866 931 2892 ad
953 2867 1066 2891 Anasta-

275 2902 357 2932 sium,
374 2902 419 2929 ubi
434 2905 462 2929 et
483 2901 583 2935 vulgati
604 2900 663 2928 libri
687 2900 751 2928 illud
768 2901 847 2933 inde:
866 2909 965 2929 nomen
982 2901 1061 2929 inter-

275 2941 378 2966 serunt.

1117 1680 1215 1715 pando.
1224 1679 1330 1707 Etenim
1336 1686 1397 1707 cum
1406 1685 1501 1706 omnes
1508 1678 1635 1706 Ecclesia:
1646 1677 1654 1697 ί
1664 1679 1699 1706 ita
1707 1679 1913 1708 Sacratnentutn

1116 1726 1236 1762 Symboli
1253 1726 1373 1760 tradant,
1389 1732 1418 1754 nt
1440 1731 1583 1762 postquam
1602 1727 1721 1755 dixerint
1740 1733 1917 1763 peccatorum

1117 1773 1321 1807 remissionem,
1344 1774 1444 1801 addant
1460 1775 1548 1802 carnis
1564 1775 1803 1809 resurrectionem,
1819 1781 1912 1804 sancta

1118 1819 1299 1854 Aquileiensis
1314 1820 1436 1848 Ecclesia
1456 1820 1504 1848 Dei
1527 1821 1622 1856 spiritu
1646 1820 1748 1848 futuras
1768 1822 1910 1849 adversum

1118 1872 1168 1892 nos
1183 1865 1332 1892 calumnias
1351 1865 1531 1900 pran-idente,
1547 1867 1591 1894 ubi
1608 1866 1688 1894 tradit
1704 1867 1795 1895 carnis
1821 1875 1913 1895 resur-

1117 1911 1276 1945 rectionem,
1288 1911 1363 1939 addit
1377 1912 1457 1939 unius
1472 1912 1638 1947 pronominis
1651 1912 1781 1948 syllabam
1798 1921 1806 1940 :
1821 1919 1848 1941 et
1864 1922 1914 1948 pro

1117 1957 1235 1991 ecquod
1259 1958 1350 1985 eteteri
1373 1957 1481 1991 dicunt,
1504 1958 1590 1985 carnis
1608 1959 1839 1992 resurrectionem,
1863 1967 1913 1987 nos

1117 2002 1249 2035 dicimus,
1264 2002 1344 2039 hujus
1364 2003 1450 2030 carnis
1463 2004 1684 2032 resurrectionem.
1707 2005 1714 2029 l
1734 2004 1794 2038 Quo
1811 2006 1913 2033 scilicet

1118 2048 1232 2076 frontem
1250 2069 1258 2081 .
1288 2053 1317 2076 ut
1340 2056 1399 2076 mos
1422 2054 1482 2082 est,
1505 2050 1532 2076 in
1555 2051 1608 2077 ltue
1630 2050 1750 2085 Symboli
1773 2052 1912 2084 signaculo

1117 2094 1304 2129 contingentes
1329 2103 1336 2121 :
1360 2099 1388 2121 et
1402 2102 1449 2121 ore
1471 2095 1561 2122 carnis
1581 2094 1675 2130 hujus,
1693 2095 1817 2124 videlicet
1830 2105 1909 2132 quam

1118 2140 1288 2174 contigimus,
1296 2140 1522 2168 resurrecdonent
1530 2140 1765 2173 l'atentes,omnem
1773 2148 1911 2171 venenata:

1118 2185 1261 2213 adversum
1273 2193 1321 2213 nos
1334 2186 1431 2220 lingua:
1449 2186 1630 2214 calumniandi
1650 2187 1751 2215 aditum
1775 2193 1912 2222 perstrua-

1157 2265 1265 2299 Fldem,
1290 2270 1313 2292 et
1336 2273 1413 2293 auras
1437 2270 1540 2299 tenues,
1567 2270 1595 2293 ut
1619 2267 1723 2301 quidam
1751 2270 1914 2296 mlumm‘an-

1079 2319 1106 2348 υ
1120 2305 1171 2348 ἰιι
1188 2306 1240 2348 as:

1156 2335 1168 2355 ¹¹
1188 2336 1365 2364 Gnarnerian.
1393 2343 1455 2369 nts.,
1479 2344 1543 2364 certe
1571 2336 1677 2373 integra:
1703 2339 1789 2366 carnis
1819 2346 1913 2367 na'uru

1119 2375 1151 2399 Im
1151 2374 1165 2408 j
1167 2381 1195 2399 us
1211 2377 1312 2399 nostrae.

1158 2413 1164 2427 ι
1185 2408 1269 2446 Hath
1282 2413 1314 2446 Δει
1328 2407 1505 2446 Guarnerian.
1530 2415 1581 2434 ms.
1598 2408 1755 2446 adverbium
1770 2410 1823 2446 ita,
1839 2412 1910 2446 quod

1117 2451 1142 2472 et
1168 2452 1215 2471 nos
1230 2443 1332 2477 pridem
1353 2442 1507 2469 sull‘ecimus
1520 2450 1553 2470 ex
1578 2444 1686 2478 antiqua
1711 2442 1912 2473 editione.'Ub-

1118 2479 1250 2508 Scrvauda
1277 2482 1423 2515 porroncst
1444 2482 1520 2505 vetus
1536 2479 1724 2506 Ecclesiastica
1751 2479 1912 2515 disciplina,

1118 2524 1177 2550 quze
1200 2522 1233 2541 ne
1257 2513 1377 2549 Symboli
1393 2520 1520 2540 arcanum
1534 2514 1580 2550 ad
1606 2515 1807 2548 prophanorum
1823 2513 1913 2544 'aures

1119 2549 1281 2583 perveniret,
1295 2556 1466 2581 summopere
1481 2549 1589 2575 studuit.
1603 2551 1631 2577 ὃ.
1646 2549 1819 2584 Atnbrosius,
1834 2551 1910 2584 Care,

1115 2587 1211 2621 inquit,
1228 2593 1260 2611 ue
1278 2585 1382 2621 incaute
1395 2584 1514 2621 διηριὺοΙί
1527 2605 1534 2617 ,
1561 2585 1600 2611 uel
1625 2584 1769 2621 Dominicw
1788 2588 1911 2614 orationis

1115 2618 1230 2657 diuulges
1246 2620 1376 2657 mysteria.
1395 2618 1512 2657 Undeet
1529 2627 1560 2646 (ιι
1576 2621 1634 2657 ipso
1648 2620 1909 2657 Clllccillllllcllorltlll

1115 2654 1209 2683 ordine
1224 2654 1288 2682 solis
1301 2654 1711 2692 competentibustradebatur.
1728 2656 1825 2684 Noster
1837 2659 1908 2692 quod

1116 2693 1142 2719 in
1159 2692 1253 2725 vulgus
1274 2689 1390 2725 prodat,
1416 2689 1596 2724 respondendi
1610 2691 1771 2719 necessitate
1785 2689 1908 2722 excusat.

1115 2724 1247 2754 Creterum
1259 2724 1350 2761 recole
1361 2724 1526 2761 superiorem
1539 2726 1597 2760 ejus
1611 2727 1766 2761 Apologiam
1778 2728 1812 2754 ad
1824 2728 1907 2756 Anas-

1118 2763 1225 2795 tasium,
1242 2766 1269 2787 et
1294 2759 1497 2794 Expositionem
1524 2759 1748 2796 in’Symboluln.
1774 2763 1820 2791 ubi
1836 2765 1911 2791 vocis

1116 2798 1194 2833 Itujus
1207 2796 1417 2823 additamentum
1438 2796 1464 2823 in
1477 2803 1533 2823 sua:
1552 2796 1614 2824 ﬁdei
1631 2796 1800 2831 professione
1816 2799 1857 2827 bis
1879 2807 1911 2827 ac

1117 2834 1195 2859 tertio
1210 2836 1297 2865 urget.

1155 2873 1162 2892 ι
1183 2867 1244 2899 Ms.,
1255 2866 1335 2900 quod,
1348 2870 1374 2895 et
1389 2874 1449 2895 mox
1466 2867 1491 2894 in
1505 2867 1595 2902 liuent,
1609 2871 1664 2895 tum
1678 2867 1759 2904 inira,
1773 2873 1801 2897 ut
1811 2877 1913 2901 onlnem

1118 2907 1257 2936 venenata,
1272 2906 1324 2930 etc.
1885 2907 1887 2909 ·
