4166 6348
310 284 423 344 ΒΞό

1480 281 1846 344 APOLOGIIE
1889 277 2096 339 LIBER
2134 280 2414 344 PRIMUS.

3420 318 3427 319 ί
3498 300 3606 357 Siti

317 416 461 456 tuus.
520 397 617 453 Est
665 412 732 453 ne
762 397 963 469 aliqu'd
999 398 1097 452 hac
1124 397 1467 454 confessione
1492 396 1735 468 plenius?
1765 405 1791 433 ⁸
1831 402 1915 451 est
1940 394 1994 455 Α
2017 409 2081 448 ex
2107 394 2323 453 Mortuis
2355 414 2376 454 :
2403 408 2457 454 ut
2484 400 2552 455 sit
2591 400 2904 457 in'omnibus
2935 404 3045 474 ipse
3072 404 3097 442 ιι
3120 393 3397 478 primatum
3428 421 3607 474 tenens

278 516 281 523 ι
318 492 518 562 aliquid
548 492 650 546 ista
671 491 1006 560 expositione
1029 490 1361 558 perfectius?
1388 490 1492 546 Sed
1524 491 1656 545 nihil
1682 500 1738 546 ut
1758 489 1913 545 video

321 582 522 652 profuit
575 583 733 639 nobis
782 584 989 639 cautela
1048 582 1165 638 hate
1223 593 1367 637 tanta
1418 584 1651 653 Spiritus
1705 582 1910 638 Sancti.

322 676 604 731 luveniunt
647 677 820 731 adhuc
864 678 1001 731 male
1036 677 1286 747 loquaces
1319 677 1513 747 lingu'e
1553 676 1916 732 calumniandi

324 769 522 823 locum.
548 769 809 835 Membra,
838 771 1030 839 inqttit,
1061 770 1270 839 singula
1299 772 1612 825 nominatim
1642 771 1744 826 nisi
1767 770 1916 825 dixe-

324 863 419 925 ris,
461 870 517 917 et
547 873 708 929 caput
736 879 855 915 cum
886 864 1092 932 capillis
1120 865 1261 927 suis,
1310 881 1532 929 manus,
1560 865 1753 933 pedes,
1788 880 1915 920 ven-

325 966 482 1018 trem,
513 965 673 1023 atque
695 970 754 1007 ea
785 971 901 1023 quae
923 957 1024 1010 sub
1046 968 1236 1011 ventre
1257 968 1403 1021 sunt,
1427 957 1455 995 δ
1476 958 1577 1010 nisi
1605 958 1915 1027 expressius

325 1044 713 1111 designavcris,
746 1046 922 1099 carnis
953 1046 1405 1101 reatu-reetiunenr
1433 1047 1660 1115 negasti.

397 1135 450 1191 6.
482 1136 607 1192 Haec
646 1147 773 1192 sunt
806 1139 1000 1193 novelli
1024 1140 1280 1207 sapientis
1308 1140 1543 1204 inventa,
1578 1155 1697 1209 qua:
1730 1140 1917 1196 beatos

326 1230 614 1293 Apostolus
665 1232 934 1287 tradentes
964 1232 1123 1287 fidem
1158 1234 1415 1288 Ecclesia:
1459 1235 1770 1289 latuerunt:
1817 1250 1917 1291 nec

329 1324 420 1378 ulli
470 1326 790 1380 Sanctorum
836 1327 938 1381 nisi
992 1328 1115 1383 huic
1164 1328 1266 1383 soli
1296 1342 1396 1398 per
1442 1329 1619 1384 carnis
1664 1329 1915 1398 spiritum

329 1416 560 1471 revelata
579 1426 729 1472 sunt.
758 1418 824 1473 Et
846 1429 869 1458 ε
898 1435 1037 1473 nunc
1054 1417 1369 1475 indecenter
1390 1419 1608 1492 quidem
1630 1420 1912 1491 preponit:

329 1508 423 1563 sed
479 1508 661 1563 audiat
711 1518 766 1565 et
823 1512 1101 1567 honestius
1130 1519 1184 1567 et
1221 1511 1403 1568 verius
1439 1528 1596 1583 quam
1644 1514 1914 1583 proponit.

330 1598 594 1655 Primitiae
621 1600 1000 1657 dormientium
1028 1604 1274 1657 Christus
1304 1612 1407 1669 est,
1442 1604 1531 1673 qui
1563 1612 1619 1659 et
1644 1604 1913 1673 primoge-

330 1691 475 1745 nitus
502 1706 570 1746 es
606 1695 833 1748 mortuis
872 1695 1067 1750 dicitur
1097 1697 1272 1751 :s'cut
1310 1704 1365 1751 et
1396 1697 1682 1763 Aposmlus
1722 1696 1790 1751 de
1831 1713 1915 1752 re-

2019 485 2242 557 (Coloss.
2278 491 2330 547 1.
2363 492 2478 562 18.)
2510 494 2672 564 :qnid
2704 495 2937 553 inaniter
2963 499 3247 556 verborum
3281 519 3482 576 pugnas
3502 550 3519 577 ,
3550 521 3606 567 et

2017 580 2277 637 malarum
2310 585 2675 655 suspicionum
2707 591 3000 645 certamina
3026 605 3601 665 cummovemusmum

2019 674 2070 727 in
2094 689 2156 728 ea
2187 678 2529 734 confessione
2556 695 2714 749 quam
2745 697 2902 750 supra
2932 688 3186 753 exposui,
3224 687 3605 749 Ecelesiastica

2018 767 2154 824 fides
2185 782 2417 841 constet,
2453 784 2507 829 et
2529 776 2732 831 clarum
2757 779 2825 833 sit
2851 780 2991 849 quod
3023 781 3088 834 ad
3119 782 3469 840 incusandum
3499 803 3606 842 nou

2017 872 2229 917 moveat
2285 866 2517 934 aliquem
2570 868 2855 925 diversitas
2914 872 3075 936 ﬁdei,
3132 875 3227 929 sed
3284 879 3611 946 perversitas

2018 951 2200 1006 animi.
2241 954 2434 1009 Verum
2457 958 2708 1026 quoniam
2734 961 2784 1014 in
2811 962 2910 1017 hoc
2943 963 3061 1017 loco
3091 980 3211 1019 cum
3235 966 3301 1021 de
3333 984 3611 1026 resurrec-

2020 1044 2162 1097 tione
2212 1049 2389 1101 carnis
2417 1062 2687 1119 argueret,
2735 1053 2895 1125 313
2927 1065 2985 1110 ut
3011 1057 3058 1111 ei
3092 1073 3208 1113 mos
3237 1070 3352 1126 est,
3388 1064 3611 1121 miscuit

2018 1134 2176 1188 seriis
2198 1137 2418 1192 ridicula
2437 1150 2492 1194 et
2519 1141 2746 1207 ludicra,
2772 1146 2957 1202 dicens
2984 1165 2997 1203 :
3028 1168 3046 1201 ι
3077 1150 3326 1207 Mulieres
3349 1155 3607 1223 quasdam

2017 1226 2086 1280 de
2114 1228 2332 1293 nostris,
2367 1234 2690 1291 mammil'as
2720 1251 2853 1292 snas
2882 1248 3147 1308 tenentes,
3186 1246 3266 1300 vel
3301 1248 3463 1304 lazves
3492 1248 3604 1321 [ΑΙ.

2018 1316 2189 1389 lenes]
2234 1332 2632 1382 contrectantes
2670 1343 2835 1398 genas
2865 1346 2986 1387 cum
3030 1334 3219 1405 plausu
3285 1316 3510 1400 femoris
3554 1353 3608 1400 et

2016 1414 2220 1468 ventris
2239 1413 2419 1471 dicere
2446 1418 2643 1484 solere,
2673 1422 2799 1489 quid
2828 1424 2981 1479 nobis
3004 1428 3222 1493 prodest
3254 1437 3602 1503 resurrectio,

2016 1502 2063 1558 si
2093 1519 2288 1575 corpus
2311 1509 2503 1563 iterum
2529 1510 2718 1581 fragile
2740 1517 3017 1584 resurget?
3034 1516 3248 1576 Futura:
3277 1502 3602 1593 Angelorutn

2017 1594 2244 1660 similes,
2279 1595 2293 1635 ί
2322 1602 2647 1669 Angelurutn
2673 1604 2988 1662 habebimus
3018 1618 3073 1664 et
3101 1622 3369 1668 naturam.
3411 1636 3432 1670 s
3462 1618 3608 1686 Quas

2023 1686 2111 1741 hic
2143 1689 2490 1747 mulierculas
2514 1694 2744 1764 incuset,
2778 1699 2903 1754 etsi
2935 1700 3259 1760 laceratione
3280 1706 3454 1777 digna:
3478 1711 3607 1775 sint,

329 1787 673 1857 surgentibus
704 1788 833 1844 dicit
860 1807 872 1841 :
906 1790 1119 1846 Initium
1156 1790 1391 1846 Christus
1422 1802 1516 1858 est,
1546 1794 1730 1848 deinde
1754 1793 1809 1847 Ιιὶ
1830 1795 1915 1864 qui

2024 1780 2139 1848 ipse
2166 1781 2381 1837 viderit.
2410 1787 2509 1841 Aut
2536 1787 2580 1840 si
2612 1788 2627 1837 l
2662 1804 2785 1843 eum
2820 1805 2877 1844 se
2899 1802 3048 1862 putat
3072 1798 3161 1865 qui
3194 1764 3466 1866 pmdicat,
3501 1764 3610 1862 noti

326 1888 450 1933 sunt
466 1878 655 1934 Christi
673 1880 751 1952 (l.
778 1881 898 1937 Cor.
928 1883 1130 1954 1.15.).
1162 1884 1428 1941 llabentes
1449 1902 1578 1956 ergo
1596 1887 1917 1943 indubitatae

328 1976 743 2030 resurrectionis
764 1989 962 2033 nostra:
991 1979 1253 2048 primitias
1276 1976 1574 2047 Christum,
1604 1981 1765 2053 312
1791 1980 1916 2051 quid

330 2064 398 2121 de
425 2068 639 2123 caeteris
668 2069 999 2135 dubitamus.
1026 2085 1147 2127 cum
1168 2083 1374 2127 certum
1402 2074 1473 2127 sit
1497 2074 1638 2143 quod
1669 2074 1918 2144 qualibus

329 2157 625 2226 membris,
655 2169 711 2216 et
739 2161 994 2230 qualibus
1021 2162 1249 2230 capillis.
1281 2168 1382 2233 qua
1411 2178 1606 2229 carne,
1641 2171 1696 2220 et
1720 2164 1916 2235 quibus

329 2248 546 2303 ossibus
566 2248 813 2306 Christus
839 2254 1160 2319 resurrexit,
1193 2266 1246 2309 et
1277 2270 1375 2310 nos
1404 2252 1429 2291 ά
1452 2270 1640 2309 omnes
1671 2270 1918 2326 resurga-

327 2341 485 2395 musl
508 2342 643 2409 Quia
675 2353 729 2399 et
755 2344 873 2412 ipse
903 2355 1180 2413 propterea
1223 2360 1283 2401 se
1315 2357 1432 2415 post
1464 2349 1915 2403 resurrectionem

330 2432 653 2501 palpandutn
694 2435 975 2506 discipulis
1004 2436 1263 2506 praebuit,
1298 2452 1364 2492 ne
1396 2438 1499 2492 ulla
1532 2438 1599 2493 de
1645 2455 1919 2495 resurreca

328 2527 475 2583 tione
504 2527 623 2598 ejus
651 2532 923 2585 cunctatio
961 2542 1285 2588 remaneret.
1320 2532 1451 2587 Cum
1485 2532 1647 2603 igitur
1696 2535 1767 2587 ita
1806 2534 1918 2589 evi-

327 2616 484 2685 dens,
514 2625 571 2673 et
599 2618 681 2687 (ut
711 2618 786 2675 ita
818 2621 1019 2689 dicam)
1053 2623 1319 2692 palpabile
1353 2634 1409 2678 et
1436 2640 1594 2679 manu
1623 2634 1917 2682 attrectan-

326 2706 456 2762 dum
488 2710 642 2765 nobis
668 2712 912 2767 Christus
933 2714 1144 2768 dederit
1167 2730 1277 2769 suae
1305 2718 1717 2773 resurrectionis
1739 2732 1921 2774 exem-

326 2798 502 2867 plum,
530 2809 555 2839 ο
586 2802 658 2855 ita
676 2802 865 2872 aliquis
895 2803 1113 2871 insanit,
1141 2816 1198 2860 ut
1222 2806 1382 2861 aliter
1403 2823 1462 2863 se
1486 2819 1917 2867 resurrecturum

325 2901 516 2962 putet;
553 2909 711 2960 quam
745 2898 1101 2951 resurrexerit
1147 2898 1263 2963 ille,
1294 2899 1383 2968 qui
1415 2901 1619 2968 primus
1650 2917 1923 2957 resurrec-

330 2986 492 3040 tionis
517 2986 719 3042 aditum
748 2988 1037 3058 patefecit?
1074 2989 1223 3044 Unde
1254 2990 1417 3045 etiam
1466 2991 1594 3046 illud
1640 2993 1918 3048 veritatem

327 3076 490 3147 hujus
539 3079 900 3135 confessionis
947 3080 1220 3145 allirmat,
1272 3082 1413 3151 quod
1465 3090 1652 3136 natura
1704 3084 1918 3153 quidem

2020 1884 2142 1926 esse
2170 1887 2348 1941 suum,
2382 1875 2582 1931 talione
2602 1880 2873 1949 mordere,
2905 1899 3051 1940 nunc
3075 1888 3238 1942 etiam
3266 1890 3386 1945 sine
3410 1890 3612 1950 talione

2022 1963 2274 2019 mordere
2305 1981 2319 2019 :
2354 1969 2438 2023 Vel
2460 1980 2608 2024 certe
2624 1971 2668 2025 si
2691 1975 3069 2041 aequanimiter
3102 1978 3205 2033 fert
3234 1995 3358 2037 suas
3390 1984 3614 2041 mulier-

2019 2055 2171 2110 culas
2198 2058 2342 2113 veris
2382 2067 2438 2114 et
2463 2074 2573 2114 non
2617 2061 2757 2117 lictis
2794 2080 2968 2135 neque
2995 2073 3379 2127 conimentitiis
3406 2089 3613 2132 remor-

2020 2148 2170 2239 deri,
2203 2150 2350 2217 haec,
2394 2152 2612 2223 inquam
2633 2195 2650 2222 ,
2695 2156 2810 2226 ipse
2838 2159 3051 2217 viderit.
3087 2162 3195 2219 Nos
3226 2165 3437 2223 interim
3466 2171 3612 2239 quod

2020 2238 2111 2294 ille
2140 2242 2480 2309 promiserit,
2523 2244 2846 2314 implentus:
2884 2264 2992 2305 non
3025 2253 3301 2310 reddimus
3330 2258 3608 2316 talionem.

2021 2326 2127 2384 Sed
2151 2341 2207 2384 ut
2235 2331 2414 2398 video,
2449 2333 2534 2388 isti
2567 2336 2653 2390 cui
2692 2336 2939 2407 displicet
2970 2343 3188 2411 mulier,
3214 2362 3333 2415 quae
3364 2359 3525 2421 negat
3552 2366 3613 2407 se

2020 2433 2085 2475 es
2113 2423 2510 2479 resurrectione
2531 2424 2722 2497 fragile
2741 2443 2938 2499 corpus
2960 2431 3281 2503 habituram,
3306 2440 3422 2494 sine
3447 2440 3614 2497 dubio

2022 2513 2196 2583 placet
2223 2514 2297 2581 ei,
2328 2516 2670 2586 fragilitatem
2696 2525 2939 2592 corporis
2969 2539 3397 2594 permansuram.
3434 2532 3501 2587 Et
3521 2535 3614 2592 ubi

2022 2615 2107 2662 est
2143 2607 2285 2676 quod
2316 2607 2447 2664 dicit
2493 2611 2783 2680 Apostolus
2818 2631 2831 2669 :
2863 2613 3162 2670 Seminatur
3191 2620 3245 2672 in
3276 2620 3612 2698 inﬁrmitate,

2022 2706 2195 2770 surget
2221 2698 2277 2753 in
2327 2700 2515 2756 virtute
2541 2717 2559 2754 :
2600 2702 2885 2759 seminatur
2910 2721 3097 2777 corpus
3144 2711 3369 2764 animale
3391 2752 3407 2779 ,
3439 2722 3614 2782 surget

2023 2808 2210 2863 corpus
2239 2795 2473 2863 spiritale
2496 2796 2572 2867 (1.
2598 2796 2717 2851 Cor.
2745 2798 2832 2855 15.
2868 2797 2982 2868 ω.)
3014 2817 3026 2853 :
3076 2818 3234 2872 quam
3266 2802 3606 2875 fragilitatem

2024 2883 2104 2938 vis
2144 2899 2265 2940 esse
2308 2886 2365 2940 in
2391 2901 2624 2956 corpore
2663 2890 2930 2957 spiritali?
2961 2892 3026 2945 Et
3073 2894 3215 2962 quod
3264 2910 3505 2968 resurget
3559 2900 3612 2953 in

2024 2977 2221 3032 virtute
2251 2994 2266 3031 :
2299 2979 2571 3047 quomodo
2628 2982 2821 3035 iterum
2872 2982 3061 3054 fragile
3098 2987 3237 3041 erit?
3289 2989 3344 3042 lu
3379 2992 3608 3056 virtute,

2025 3065 2051 3105 ¹κ
2068 3068 2211 3138 quod
2232 3068 2420 3141 fragile
2440 3080 2543 3137 est,
2569 3075 2840 3140 quomodo
2854 3076 2988 3130 erit?
3003 3075 3190 3133 Nonne
3215 3083 3407 3136 melius
3430 3083 3617 3140 dicunt

326 3167 699 3245 carnis'hujus
742 3186 824 3231 est
877 3178 991 3245 ipsa
1014 3217 1029 3242 ,
1067 3193 1162 3231 nec
1203 3179 1305 3231 ulla
1338 3178 1439 3230 alia
1471 3192 1591 3247 quae
1632 3189 1911 3248 resurget,
1949 3148 1994 3211 ε
2028 3164 2385 3231 "iuuenali".
2412 3181 2573 3235 (ιιιειιιι
2600 3176 2687 3231 lu,
2719 3184 2838 3237 (11³³³
2868 3182 3062 3238 ηοεδηι
3100 3172 3237 3226 “"m
3272 3174 3614 3243 τττιεῑιίιεηθιιι

329 3276 551 3336 purgata
584 3275 757 3323 tamen
788 3284 815 3323 a
838 3271 982 3324 vitiis
1003 3282 1264 3338 resurget,
1285 3271 1632 3339 corruptione
1649 3270 1914 3339 deposita,

331 3366 389 3411 nt
418 3373 603 3413 verum
650 3360 724 3413 sit
766 3361 889 3415 illud
919 3363 1058 3431 quod
1104 3364 1229 3417 dicit
1259 3363 1584 3433 Apostolus,
1639 3363 1774 3430 Quia
1807 3362 1914 3435 [ΑΙ.

332 3450 512 3523 Quod]
540 3457 825 3508 seminatur
852 3458 904 3509 in
932 3459 1286 3527 corruptione,
1326 3467 1501 3528 surget
1548 3458 1602 3511 in
1646 3459 1917 3530 incorrup-

335 3548 472 3597 tione
501 3561 522 3599 :
552 3548 832 3600 seminatur
860 3551 910 3601 in
938 3550 1238 3620 ignominia,
1264 3561 1431 3619 surget
1454 3551 1564 3622 ΙΑΙ.
1596 3548 1917 3621 resurrexit]

327 3638 382 3691 in
431 3638 601 3708 gloria
644 3652 665 3692 :
713 3641 992 3695 seminatur
1040 3659 1226 3710 corpus
1280 3643 1536 3709 animale,
1582 3654 1754 3715 surget
1801 3659 1917 3697 eor-

328 3747 424 3800 pus
469 3732 697 3799 spiritale
729 3735 807 3801 (l.
841 3733 961 3788 Cor.
1013 3736 1099 3789 15.
1132 3734 1221 3790 42.
1255 3735 1441 3806 seqq.).
1487 3737 1762 3806 Tanquam
1790 3751 1918 3806 ergo

328 3824 605 3891 spiritale,
651 3835 706 3880 et
744 3827 1068 3897 gloriosum,
1122 3839 1176 3881 et
1230 3826 1635 3896 incorruptibile
1680 3843 1913 3899 corpus,

328 3916 441 3969 suis
473 3915 703 3982 propriis
747 3925 800 3971 et
830 3932 935 3971 non
992 3918 1209 3973 aliunde
1264 3920 1517 3973 assumtis
1565 3918 1914 3974 exornabitur

327 4016 383 4060 et
412 4007 772 4061 illustrabitur
816 4008 1072 4063 mrtnbris
1103 4055 1117 4078 ,
1166 4011 1463 4065 secundum
1513 4026 1630 4066 eam
1689 4011 1914 4081 gloriam

327 4113 486 4167 quam
539 4102 870 4169 propositum
917 4103 1071 4157 nobis
1115 4103 1311 4158 Christi
1355 4114 1533 4159 servat
1573 4105 1914 4174 exemplum,

330 4192 470 4246 sicut
507 4202 561 4248 et
608 4194 901 4261 Apostolus
936 4195 1063 4248 dicit
1104 4212 1117 4248 :
1162 4195 1263 4262 Qui
1303 4196 1690 4267 transformabit
1730 4212 1917 4267 corpus

327 4282 635 4339 humilitatis
675 4297 893 4354 nostra,
934 4286 1239 4357 'conforme
1278 4288 1483 4358 corpori
1504 4287 1757 4343 claritatis
1788 4287 1919 4342 Filii

327 4374 409 4429 sui
441 4374 608 4447 (Phil.
643 4377 696 4431 δ.
730 4375 869 4446 5L).

398 4469 452 4523 7.
488 4478 513 4516 Β
543 4467 679 4524 Cum
713 4470 874 4539 igitur
918 4485 1014 4539 per
1051 4472 1228 4525 omnia
1262 4471 1315 4525 in
1358 4472 1772 4527 resurrectionis
1819 4486 1915 4539 spe

327 4558 574 4615 Christus
603 4571 932 4630 proponatur
949 4562 1013 4613 ad
1040 4560 1287 4627 formam,
1312 4570 1369 4614 et
1391 4564 1779 4631 primogenitus
1804 4565 1916 4631 ipse

328 4656 395 4708 sit
421 4656 841 4723 resurgentium,
860 4666 1019 4724 atque
1041 4656 1214 4709 omnis
1236 4667 1499 4711 ereaturte
1520 4656 1636 4725 ipse
1653 4658 1719 4711 sit
1737 4665 1916 4726 caput,

327 4748 465 4802 sicut
487 4748 745 4817 scriptum
776 4758 876 4814 est,
911 4749 1010 4814 Qui
1035 4761 1109 4802 est
1130 4757 1282 4819 caput
1307 4750 1536 4802 omnium
1550 4750 1918 4818 primogenitus

406 4915 433 4945 ι
461 4905 675 4974 Repetit
698 4906 837 4961 idem
867 4921 992 4970 ms,
1019 4916 1093 4960 est
1115 4922 1178 4960 ne
1198 4906 1419 4975 aliquid,
1450 4916 1560 4962 etc.

401 4977 429 5018 δ
460 4976 774 5032 Ecootrario
807 4978 925 5030 heic
948 4980 1176 5031 alterum
1206 4979 1305 5031 nisi
1337 4987 1498 5032 tacet.

402 5060 424 5089 ε
461 5050 602 5103 Idem
631 5049 685 5100 in
714 5064 793 5101 me
822 5064 915 5114 pro
946 5064 1105 5114 nunc,
1141 5051 1370 5103 tortas~e
1394 5050 1588 5104 verius.

404 5118 431 5155 ά
454 5121 595 5174 idem
624 5120 761 5182 heic,
792 5135 983 5182 omnes,
1010 5129 1060 5174 et
1083 5119 1307 5174 inferius
1328 5120 1515 5189 quinto
1542 5125 1609 5175 ab
1632 5121 1733 5175 hoc
1758 5135 1915 5174 versu

326 5202 380 5245 ut
416 5194 657 5246 voculant
682 5206 755 5245 re:
770 5191 895 5243 icet.

401 5272 423 5299 ο
458 5262 585 5331 lleie
615 5264 731 5330 plus
755 5262 935 5323 habet,
963 5278 1056 5314 cur
1081 5263 1152 5313 ita
1176 5263 1383 5331 aliquis,
1411 5273 1517 5317 etc.

402 5333 422 5371 ί
458 5336 511 5386 In
543 5330 899 5388 Guarnerian.
926 5348 1053 5400 ms.,
1092 5330 1500 5402 conﬁguratum,
1540 5332 1727 5389 Graeco
1774 5336 1913 5404 σύμ·

324 5427 516 5483 μσρφρν
556 5405 810 5470 pressius.

399 5473 670 5529 {Lectum
701 5484 853 5528 antea
886 5474 1075 5527 vitiose
1111 5473 1235 5529 Cur.

398 5544 426 5584 δ
454 5544 589 5602 Cod.
619 5543 976 5601 Guarnerian.
1008 5553 1185 5600 minus
1214 5556 1361 5601 certe
1392 5557 1556 5613 recte,
1601 5548 1916 5618 primogeni-

326 5629 433 5672 tum
462 5631 656 5672 tenens.

402 5689 418 5728 ι
453 5689 695 5743 Alterum
719 5686 822 5742 hoc
853 5700 1048 5758 nomen
1075 5685 1407 5758 Augelorum,
1440 5702 1612 5753 neque
1658 5688 1711 5742 in
1737 5688 1914 5745 Gutr-

327 5763 554 5817 neriano
576 5772 677 5815 ins.
707 5772 884 5829 neque
905 5756 959 5813 in
992 5756 1292 5815 vetustiore
1322 5759 1451 5815 edit.
1485 5760 1720 5815 additur.

1946 4525 1996 4585 ῐ)

2022 3258 2239 3327 corpori
2268 3259 2700 3315 dominaturam?
2727 3263 2867 3329 Quid
2922 3263 3040 3318 illas
3093 3266 3322 3334 irr‘des,
3369 3286 3488 3339 quae
3532 3288 3617 3327 sc-

2021 3361 2255 3417 quuntur
2281 3350 2597 3420 Apostolum
2628 3353 2895 3409 dicentem
2929 3370 2943 3408 :
2982 3356 3117 3421 Quia
3146 3362 3477 3429 eorruptibile
3515 3361 3617 3417 liae

2020 3442 2197 3496 induet
2226 3443 2667 3513 incorruptionem
2700 3462 2718 3499 :
2776 3444 2788 3484 ι
2832 3459 2880 3500 et
2923 3453 3134 3502 morta.’e
3171 3451 3265 3503 hoc
3302 3452 3478 3506 induet
3518 3453 3619 3508 im-

2021 3536 2384 3589 mortalitatem
2417 3537 2493 3604 (l.
2523 3535 2647 3594 Cor.
2690 3540 2743 3592 1.
2776 3537 2930 3608 54.)ἳ
2984 3542 3226 3610 Apostoli
3274 3559 3379 3598 non
3411 3544 3618 3603 docue-

2021 3638 2146 3682 runt
2174 3628 2359 3698 fragile
2383 3644 2580 3699 corpus
2619 3630 2857 3686 futurum
2906 3646 3062 3699 esse,
3119 3635 3261 3706 quod
3310 3648 3612 3709 resurgeta

2021 3722 2269 3788 mortuis,
2301 3723 2399 3777 sed
2422 3737 2452 3779 e
2478 3725 2750 3779 contrario
2774 3726 2828 3780 in
2856 3726 3057 3783 virtute
3085 3740 3134 3784 et
3161 3731 3408 3801 ingloria
3436 3747 3617 3789 resur»

2020 3829 2291 3873 recturum
2323 3818 2528 3874 dicunt.
2562 3819 2641 3874 Tu
2689 3820 2789 3875 hoc
2821 3820 2928 3893 [AL
2962 3823 3096 3894 have]
3141 3825 3281 3880 unde
3317 3842 3458 3881 nunc
3480 3818 3612 3896 pro-

2020 3907 2161 3965 fers?
2212 3909 2324 3964 Nisi
2368 3912 2504 3965 lorte
2532 3926 2559 3962 a
2590 3910 2791 3965 Judmis
2822 3912 3089 3982 aliquibus
3141 3929 3279 3967 niiVa
3327 3932 3464 3969 nunc
3494 3916 3617 3984 lege

2021 4001 2394 4070 promulgatur
2447 4001 2737 4069 Eet-lesizc,
2772 4014 2828 4056 ut
2857 4005 3017 4058 etiam
3065 4005 3165 4058 ista
3194 4005 3486 4060 discamus.
3522 4008 3615 4061 Est

2019 4095 2162 4149 enim
2191 4094 2502 4149 Judzeorum
2546 4110 2670 4147 vere
2723 4094 2789 4147 de
2824 4096 3221 4148 resurrectione
3269 4095 3391 4148 talis
3421 4105 3459 4131 πη
3488 4098 3612 4164 opi—

2021 4186 2131 4255 nio,
2157 4186 2298 4256 quod
2322 4192 2607 4255 resnrgent
2624 4184 2861 4254 quidem,
2884 4184 2977 4238 sed
2998 4194 3053 4238 ut
3075 4184 3385 4240 carnalibus
3406 4185 3617 4242 deliciis

2019 4289 2072 4333 et
2126 4278 2398 4343 lusuriis,
2425 4279 2745 4346 ueterisque
2790 4277 3153 4346 voluptatibus
3203 4280 3444 4348 corporis
3489 4295 3615 4349 per-

2022 4374 2291 4427 fruantur.
2319 4374 2448 4438 Qua:
2470 4382 2648 4426 autem
2684 4370 2789 4424 alia
2812 4379 2897 4424 est
2929 4371 3184 4440 fragilitas
3211 4374 3477 4442 corporis,
3511 4376 3616 4431 nisi

2022 4465 2323 4532 corruptela
2376 4465 2778 4528 membrorum,
2832 4462 3059 4517 irritatio
3105 4463 3269 4531 gulae,
3327 4476 3381 4521 et
3425 4466 3628 4523 incita-

2029 4567 2207 4615 menta
2242 4557 2510 4613 libidinis?

2097 4653 2261 4726 314
2277 4653 2328 4708 8.
2347 4652 2452 4707 Sed
2479 4650 2716 4717 patimini
2738 4664 2921 4720 qumso
2939 4667 3049 4706 vos.
3078 4649 3123 4705 si
3146 4660 3324 4708 tamen
3340 4653 3613 4713 Christum

2026 4761 2242 4816 amatis,
2268 4748 2317 4802 itt
2335 4745 2733 4817 incorruptione
2748 4745 2950 4815 abeqtte
2974 4744 3054 4799 his
3083 4757 3206 4800 esse
3225 4758 3443 4817 tOrpus,
3471 4747 3615 4818 quad

2102 4909 2117 4961 i
2158 4911 2353 4966 Ferme
2382 4907 2581 4964 reetius
2613 4907 2665 4961 in
2689 4906 3043 4961 Guarnerian.
3069 4906 3115 4959 si
3140 4921 3255 4960 cum
3280 4917 3447 4975 putat,
3479 4916 3622 4977 etc.,

2026 4994 2077 5037 et
2103 4982 2259 5053 paulo
2289 4989 2404 5050 post
2435 4980 2570 5053 ﬁctis
2592 4978 2992 5053 commentariis,
3021 4978 3222 5053 absque
3254 4979 3575 5053 intermedio
3600 5021 3615 5046 ,

2023 5049 2206 5118 neque;
2229 5049 2459 5122 denique
2490 5049 2623 5104 infra
2657 5052 2891 5122 promisit
2918 5065 3011 5122 pro
3034 5049 3349 5119 promiserit,
3377 5062 3482 5105 etc.

2096 5124 2121 5162 ιι
2155 5125 2208 5178 In
2232 5120 2624 5186 Guarneriano,
2660 5124 2782 5189 quid
2807 5120 3008 5192 {rag:le,
3046 5131 3152 5175 etc.
3430 5190 3439 5192 _
3484 5172 3485 5175 η

2101 5193 2118 5234 ι
2157 5196 2297 5250 ldetn
2329 5196 2632 5265 perieopaut
2663 5190 3123 5260 lianc'reliqnam,
3172 5202 3216 5244 et
3250 5190 3470 5244 mortale
3517 5191 3614 5244 hoc

2022 5269 2194 5321 induet
2227 5265 2659 5319 inmortalitatem
2686 5303 2702 5329 ,
2732 5272 2905 5326 tacet;
2932 5271 3072 5316 tacet
3092 5271 3147 5315 et
3179 5265 3338 5331 paulo
3364 5268 3485 5328 post
3515 5277 3613 5315 no-

2021 5338 2473 5409 IttiettEcclesitza
2523 5405 2535 5409 Α
2722 5403 2736 5409 _
2825 5404 2835 5409 _
2965 5403 2997 5409 __
3047 5403 3078 5409 _
3311 5407 3318 5409 Α
3390 5398 3401 5409 .
3557 5398 3568 5409 .

2096 5419 2133 5445 ω
2173 5410 2323 5469 Vide,
2360 5409 2412 5480 si
2466 5403 3001 5480 lubetLAbarbaneli
3039 5403 3501 5480 (Σοριηηιειειςὶμιη
3555 5403 3608 5453 in

2020 5467 2321 5535 sententias
2360 5478 2576 5533 Patrum
2607 5474 2764 5529 Ptrlte
2788 5476 2984 5546 Abboj_,
3022 5481 3076 5528 et
3091 5470 3312 5546 Portam
3337 5542 3340 5546 Δ
3363 5467 3606 5546 Mosisa

2023 5551 2256 5605 l‘ocnkin
2285 5550 2606 5611 explieitum
2656 5562 2776 5612 cap.
2812 5546 2866 5599 6.
2915 5542 3031 5595 Mox
3081 5540 3437 5609 Guarnerian.
3492 5538 3612 5607 plus

2021 5624 2180 5677 habet
2198 5632 2251 5675 ut
2277 5618 2569 5674 carnalibus
2587 5617 2801 5681 divitiis,
2825 5614 3041 5674 deliciis,
3065 5618 3181 5682 etc.
3214 5612 3378 5662 l'aulo
3396 5625 3611 5682 quoque

2021 5705 2141 5767 post
2167 5691 2456 5761 corruptela
2478 5689 2769 5741 morborum
2802 5698 2898 5753 pro
2923 5680 3264 5735 membrorum
3296 5683 3477 5736 habet.
