2083 3174
167 131 223 162 εις)

739 126 1051 160 noceat-tentasti
1069 126 1215 171 mnus.
1265 150 1267 152 .

166 197 247 219 usum
269 187 455 225 hujuscemodi
469 186 703 224 oporis‘ltabtdsse
712 207 721 221 ,
735 191 772 215 et
786 186 820 214 ad
830 186 962 213 Latinum
977 183 1002 215 Δ
1015 195 1074 226 pter
1084 190 1154 227 quod
1160 184 1637 224 nitimect’ioulnpem'htmﬂm
1649 189 1743 226 generi
1757 191 1806 220 tri—

165 242 321 264 sermonem
349 234 491 262 tricennali
513 233 569 268 jam
595 240 662 268 pene
686 234 788 260 incuria
817 233 960 265 torpnisse.

171 281 291 309 Perstltit
320 285 435 307 ntamen
456 279 603 314 deprecans
625 279 812 314 qualicumque
837 284 963 305 sermone

170 328 290 356 notitiam
311 327 363 354 sibi
386 330 489 353 tantum
504 333 597 353 eorum
609 348 616 359 ,
632 333 692 360 qua:
705 324 830 359 cupiebat
845 323 961 351 ostendi.

170 374 289 408 Cumque
307 372 333 400 id
349 379 403 407 quo
417 371 471 407 [ΑΙ.
485 371 568 407 quod]
584 371 655 405 potui
673 378 799 398 sermone
821 369 962 402 fecissem,

169 418 264 453 majori
277 417 411 445 desiderio
421 423 550 444 accensus
562 422 602 444 est
616 416 648 443 ad
661 416 705 443 illa
718 417 772 450 ipsa
785 415 889 451 plenius
901 422 964 449 cog-

170 464 318 497 noscenda,
343 471 358 491 e
377 463 474 498 quibus
491 471 573 498 pauca
599 462 663 495 illa,
687 469 747 497 quae
773 462 964 489 transtuleram

170 512 330 540 videbantur
342 514 470 538 assumta.
496 510 675 537 Excusantetn
703 516 746 537 me
761 516 856 544 urgere
877 508 963 536 velte—

169 558 285 586 mentius
300 556 384 592 cepit,
405 561 433 583 et
448 556 497 583 sub
513 555 559 583 Dei
575 555 728 583 testimonio
750 555 911 587 convenire,
929 561 963 581 ne

170 605 219 632 sihi
239 604 272 631 ad
289 611 357 638 opus
375 604 486 637 bonum,
503 610 563 637 qute
577 609 607 629 se
620 601 716 629 auxilia
730 601 825 635 juvare
841 606 960 635 possent.

171 651 342 685 denegarem.
368 648 490 683 Cumque
506 648 586 684 317
611 647 786 675 vehementer
810 647 962 680 insisteret,

170 701 196 723 ct
206 696 369 724 desiderium
380 695 439 730 ejus
446 694 591 723 secundum
604 694 757 721 Deumesse
768 695 962 729 perspicerem,

169 743 290 777 aequievi
307 742 424 774 tandem,
439 747 465 769 et
480 742 672 775 interpretatus
685 747 743 768 sum
758 740 878 775 quidem.

204 789 249 816 η.
270 789 298 816 In
320 787 536 815 Prasfatiunculis
559 792 649 814 tamen
675 786 815 821 utriusque
830 785 922 820 operis
934 790 963 813 et

167 835 284 863 maxime
297 833 324 862 in
337 833 468 867 Pamphili
482 832 600 859 libellum
616 830 642 864 δ,
655 831 861 865 quem-primum
873 834 963 858 trans-

1014 237 1081 264 buit.
1099 237 1188 272 3'18
1213 236 1308 264 Carnis
1328 243 1392 264 vero
1408 237 1655 270 resurrectionem,
1681 245 1733 265 non
1759 245 1807 273 per

1014 283 1117 318 aliquas
1127 283 1298 318 'pra'stigias,
1314 283 1383 311 sicut
1400 283 1527 311 'nonuuili
1547 283 1752 317 calumniantur,
1766 283 1807 311 dl-

1012 328 1099 355 cimus
1113 326 1180 355 :sed
1191 329 1259 356 hanc
1270 329 1483 363 ipsnm’curnem,
1496 330 1588 364 in‘qua
1601 337 1669 357 nunc
1680 328 1805 362 vivimus.

1013 380 1222 402 resurrecturum
1246 375 1299 411 [ΑΙ.
1315 376 1358 402 ad.
1373 373 1444 411 esse]
1469 375 1619 408 credimus,
1646 383 1698 403 non
1723 375 1803 402 aliam

1014 427 1063 454 pro
1077 419 1140 452 alia,
1157 427 1243 455 neque
1259 428 1358 454 corpus
1374 421 1457 454 aliud,
1484 428 1564 456 quam
1576 421 1654 456 hujus
1666 422 1755 448 carnis
1765 419 1808 448 di-

1014 465 1110 492 cimus.
1134 465 1196 492 Sive
1221 474 1284 500 ergo
1307 474 1405 501 corpus
1423 472 1636 495 resurrecturum
1653 467 1805 502 8dicimus,

1014 512 1162 539 secundum
1187 512 1344 546 Apostolnm
1371 514 1484 541 dicimus
1500 523 1507 541 :
1525 514 1576 541 hoc
1599 514 1671 542 enim
1696 514 1804 542 nomine

1015 566 1080 586 usus
1087 563 1127 585 est
1136 559 1189 586 ille.
1201 559 1375 587 Sivecarnem
1388 560 1510 593 dicimus,
1521 561 1668 588 secundum
1681 560 1805 588 traditio-

1015 612 1076 631 nem
1097 603 1216 639 Syml-oli
1237 606 1410 632 conﬁtemur.»
1419 606 1503 633 Stulta
1516 607 1586 633 enim
1598 606 1751 641 adiuventio
1762 613 1807 634 ca-

1015 650 1124 677 lumnia!
1138 655 1190 682 est,
1201 657 1300 685 corpus
1316 651 1459 679 humanum
1471 652 1541 679 aliud
1554 657 1646 687 putare
1657 660 1717 681 esse
1727 660 1805 688 quam

1013 697 1222 724 carnem.Sive
1244 704 1309 732 ergo
1332 705 1440 725 carnem
1464 699 1612 726 secundum
1633 707 1804 727 communem

1013 742 1111 775 ﬁdem.
1137 743 1196 770 sive
1218 749 1316 777 corpus
1331 743 1479 770 secundum
1503 743 1659 778 Apostolum
1675 744 1805 777 dicimus,

1013 789 1086 823 quod
1109 794 1251 823 resurget:
1265 790 1298 816 ita
1322 789 1486 816 credendum
1502 794 1558 822 est,
1579 790 1650 817 sicut
1664 790 1807 824 Apostolus

1014 833 1148 866 deﬁnivit,
1169 835 1230 869 qttia
1253 835 1322 869 quod
1338 833 1351 853 ³³
1364 839 1500 869 reSurget,
1518 835 1544 862 in
1566 835 1664 863 virtute
1676 841 1806 871 resurget,

169 880 300 914 tuleram,
314 879 425 914 exposui
445 878 560 914 primum
576 877 696 905 omnium
718 877 801 905 ﬁdam
815 882 962 909 meamet
976 878 1041 908 B—et
1063 880 1089 907 in
1113 879 1209 915 gloria,
1233 885 1260 907 et
1282 880 1484 914 ineorruplibile
1508 888 1539 908 ac
1562 881 1680 914 spiritale
1696 888 1805 916 corpus.

172 930 339 961 proteStatus
346 932 423 955 sum.
439 932 482 952 me
495 924 602 958 quidem
621 924 656 952 ita
668 923 791 957 credere,
807 922 878 950 sicut
894 922 960 950 ﬁdes

160 972 301 1000 catholica
314 976 368 1000 est.
385 971 413 999 Si
429 971 492 1006 quid
503 974 591 997 autem
603 970 645 997 vel
661 969 807 1004 legeretur,
822 969 865 996 vel
877 969 961 997 inter-

170 1023 320 1054 pretaretur
329 1026 343 1045 a
357 1025 409 1050 me,
422 1017 448 1044 id
461 1025 505 1044 me
513 1017 585 1044 salva
598 1016 657 1043 ﬁdei
671 1024 736 1043 mea:
746 1015 837 1044 facere
847 1015 961 1043 ratione.

170 1064 196 1092 ltt
218 1064 276 1091 istis
291 1071 356 1091 vero
370 1065 430 1102 περὶ
441 1062 541 1101 Λ“ρχῶν
567 1063 665 1090 libellis
685 1062 738 1098 [ΑΙ.
755 1062 858 1098 libris],
881 1063 962 1090 etiam

171 1111 234 1139 illud
248 1110 387 1143 admonui,
403 1111 484 1145 quod,
501 1118 561 1137 enm
575 1110 600 1137 in
617 1110 682 1144 ipsis
693 1109 768 1137 libris
779 1109 963 1137 invenirentur

171 1157 289 1191 quadam
301 1157 334 1184 de
346 1157 398 1184 ﬁde
411 1157 447 1184 ita
457 1156 590 1184 catltoiice
601 1157 710 1191 scripta,
724 1156 884 1183 utvEcelesia
895 1164 965 1191 prte-

171 1202 250 1236 dicat,
266 1202 389 1238 quasdam
403 1208 491 1229 autent
508 1202 549 1229 his
564 1202 709 1234 contraria,
724 1210 786 1229 cum
798 1202 897 1229 detuna
911 1210 962 1229 ea-

171 1248 285 1283 demque
298 1256 327 1275 re
341 1247 561 1275 dicantnrzmihi
584 1247 732 1275 visum-sit
752 1247 813 1275 haec
837 1247 897 1283 [ΑΙ.
922 1246 960 1283 et]

171 1297 316 1325 secundum
333 1298 404 1325 illam
426 1305 532 1332 semper
548 1298 666 1332 regulam
681 1298 861 1332 proferenda,
877 1306 959 1333 quam

171 1343 228 1379 ipse
242 1344 382 1371 catholicae
403 1346 543 1372 sententia:
567 1341 735 1378 expositione
759 1345 922 1379 protulerat,
938 1349 965 1372 et

171 1398 201 1418 ea
217 1396 276 1425 qua!
290 1399 305 1418 a
320 1391 465 1425 semetipso
482 1391 666 1418 invenirentur
678 1399 738 1418 esse
752 1392 887 1419 contraria
899 1413 906 1425 ,
922 1391 965 1419 vel

171 1437 271 1464 inserta
292 1437 326 1463 ab
346 1436 406 1464 aliis
431 1437 474 1471 (id
498 1437 569 1464 enim
594 1437 714 1471 epistola:
728 1445 784 1465 sum
800 1438 966 1465 caerimonia

179 1488 190 1502 ε
203 1482 381 1516 contestatur)
395 1482 538 1517 abjicerctn
548 1502 558 1515 ,
574 1483 614 1510 vel
627 1488 710 1515 certe,
726 1487 756 1510 ut
770 1481 834 1511 nihil
851 1483 967 1511 mdiﬁca-

171 1528 252 1556 tionis
265 1529 290 1555 in
305 1528 357 1555 ﬁde
369 1528 490 1555 habentia
504 1528 681 1562 praeterirem.
692 1527 750 1555 Non
766 1533 857 1555 atttem
872 1535 967 1563 snper-

996 943 998 946 -
1014 925 1103 954 Salvis
1114 933 1178 960 ergo
1192 927 1377 961 prterogativis
1394 927 1475 954 futuri
1490 927 1627 961 c0rp0ris,
1640 928 1684 954 vel
1700 927 1804 959 carnis,

1012 971 1283 999 resurrectiocamis
1305 972 1438 999 credenda
1454 976 1495 999 est
1518 973 1628 1004 integrat
1652 976 1731 1007 atque
1745 979 1807 1006 pcr-

1013 1016 1103 1049 fectm,
1117 1021 1147 1044 ut
1162 1022 1192 1044 et
1203 1022 1298 1044 natura
1312 1017 1400 1044 cautis
1415 1017 1509 1044 eadem
1524 1022 1659 1050 servetur,
1675 1021 1702 1043 et
1716 1017 1806 1043 incor-

1014 1063 1084 1098 rupti
1096 1070 1127 1090 ac
1137 1063 1266 1098 spiritalis
1276 1063 1397 1097 corporis
1409 1068 1504 1097 status,
1514 1068 1540 1091 et
1552 1063 1634 1099 gloria
1648 1071 1700 1090 tton
1712 1063 1808 1091 infrin-

999 1113 1101 1144 gatur.
1117 1109 1162 1136 Sir.
1178 1109 1232 1145 [ΑΙ.
1246 1108 1326 1144 siem]
1350 1109 1421 1136 enim
1435 1110 1564 1143 scriptttm
1585 1114 1626 1137 est
1642 1118 1648 1136 :
1665 1109 1732 1142 Quia
1750 1117 1807 1136 cor-

1014 1155 1100 1190 ruptio
1111 1155 1328 1191 incorruptionem
1340 1162 1391 1182 non
1407 1155 1545 1188 possidebit
1556 1156 1594 1191 (1.
1607 1156 1667 1183 Cor.
1681 1156 1722 1183 15.
1736 1156 1806 1191 50.).

1015 1200 1078 1228 llaec
1099 1205 1171 1233 sunt,
1186 1209 1247 1236 qua:
1271 1201 1297 1228 in
1313 1201 1487 1237 Jerosolymis
1511 1202 1537 1229 in
1563 1202 1682 1230 Ecclesia
1708 1202 1771 1236 Dei,
1792 1211 1807 1230 a

1014 1252 1109 1275 sancto
1123 1247 1269 1275 Sacerdoti:
1281 1248 1339 1282 ejus
1355 1248 1462 1276 Joanne
1472 1249 1653 1283 przed‘cantnr
1666 1258 1673 1276 :
1687 1250 1745 1277 have
1759 1258 1809 1278 nos

1014 1302 1076 1322 eum
1091 1294 1151 1328 ipso
1165 1299 1194 1322 et
1205 1294 1322 1322 dicimus
1336 1299 1363 1322 ct
1377 1300 1509 1323 tenemus.
1523 1295 1552 1323 Si
1567 1296 1628 1327 quis
1639 1301 1738 1330 praeter
1750 1296 1810 1324 haec

1015 1340 1057 1369 vel
1073 1341 1175 1373 credit,
1192 1340 1234 1368 vel
1249 1341 1336 1373 ducet,
1361 1341 1403 1368 vel
1419 1348 1434 1367 a
1449 1340 1527 1369 nobis
1548 1341 1626 1368 aliter
1640 1342 1713 1369 credi
1729 1349 1809 1375 quam

1015 1387 1189 1420 exposuimus
1201 1391 1288 1421 putat,
1299 1387 1443 1414 anathema
1458 1387 1503 1414 sit.
1521 1396 1530 1413 ι
1553 1387 1655 1414 Nostrae
1668 1395 1734 1421 ergo
1746 1388 1810 1416 ﬁdei

1016 1432 1209 1460 documentum
1223 1433 1245 1460 si
1259 1433 1321 1468 quis
1336 1433 1436 1461 habere
1456 1434 1526 1466 vult,
1541 1433 1638 1461 habeat
1652 1442 1684 1462 ex
1704 1434 1745 1462 Itis
1757 1434 1810 1470 [ΑΙ.

1018 1476 1094 1513 illis].
1121 1478 1150 1505 Si
1172 1478 1236 1513 qttid
1252 1483 1342 1506 autem
1358 1479 1490 1513 legimus,
1514 1484 1561 1506 aut
1585 1481 1741 1514 asscrimns,
1765 1485 1811 1508 aut

1019 1524 1239 1559 interpretamur,
1255 1525 1330 1552 salva
1348 1525 1426 1559 hujus
1442 1525 1504 1552 ﬁdei
1520 1530 1618 1553 nostrae
1633 1526 1745 1554 facimus
1766 1535 1811 1554 ra-

158 1572 254 1601 ‘ﬁunm
272 1578 336 1608 puto
351 1573 451 1606 videri,
468 1574 586 1600 inserere
599 1573 681 1600 etiam
701 1574 758 1608 ipsa
774 1573 831 1601 loca
847 1574 880 1600 de
894 1573 966 1600 Prae-
981 1564 1004 1596 (ἶ
1020 1569 1103 1601 ῑὶοηθ.
1119 1570 1268 1597 secludunt
1279 1570 1452 1604 Aponolum,
1471 1570 1564 1597 omnia
1579 1571 1713 1605 probantes
1723 1592 1730 1603 ,
1744 1572 1812 1605 quod

173 1618 326 1646 futinnculis
342 1619 425 1650 meis,
442 1623 471 1644 ut
486 1618 552 1645 nihil
565 1623 657 1646 careat
673 1622 742 1646 teste
756 1618 827 1653 quod
842 1618 965 1646 dicimus.

160 1665 245 1692 'Same
260 1672 293 1691 ne
308 1664 333 1690 in
349 1663 461 1699 legendo
476 1670 552 1690 error
576 1664 612 1690 sit
628 1671 660 1691 ex
677 1663 718 1691 his
729 1683 737 1695 ,
752 1671 812 1696 quae
828 1664 890 1691 huic
901 1665 969 1691 scri-

174 1717 260 1745 ptura:
276 1718 346 1737 ttunc
361 1709 468 1736 aliunde
480 1709 643 1742 inserimus.
659 1710 681 1735 si
696 1709 803 1743 quidem
820 1717 879 1737 mea
894 1714 968 1743 sunt,

174 1757 310 1791 simplices
324 1756 467 1783 adversum
482 1755 570 1790 capita
585 1755 684 1782 habent
698 1754 711 1774 ἀ
725 1760 812 1788 notas,
828 1755 850 1782 si
861 1763 971 1783 accusa-

175 1802 242 1831 toris
256 1805 308 1829 mei
320 1823 327 1834 ,
343 1802 474 1836 duplices.

211 1849 255 1876 15.
279 1848 316 1875 Ex
340 1847 543 1875 Prtefatiuncula
567 1847 601 1874 de
624 1847 800 1882 Apologetieo
820 1847 968 1883 Pamphili,

165 1899 236 1930 'post
259 1895 393 1929 aliquanta
405 1915 412 1926 ,
429 1896 465 1921 ita
491 1894 608 1921 diximus
626 1903 633 1920 ε
649 1894 769 1927 Qualiter
784 1901 849 1929 ergo
873 1895 971 1922 sentiat

176 1943 316 1977 Origenes,
333 1947 410 1968 tenor
422 1941 503 1967 lihelli
516 1941 594 1975 hujus
606 1941 718 1967 edoceat
731 1950 737 1967 :
752 1950 761 1966 t
778 1941 815 1968 De
828 1941 869 1968 his
882 1946 970 1968 autem

177 1995 236 2023 quae
259 1987 328 2022 apud
352 1995 412 2014 eum
438 1988 574 2014 contraria
597 1987 646 2014 sibi
673 1991 685 2005 °
700 1987 882 2020 inveniuntur,
907 1987 970 2022 quid

177 2041 280 2061 caussa:
293 2034 338 2065 sit,
355 2034 380 2060 in
397 2033 488 2060 ultimo
505 2033 578 2059 brevi
596 2033 704 2065 adjecta
720 2033 868 2060 assertione
890 2033 971 2060 doce-

178 2078 273 2107 hitnus.
291 2078 346 2107 Nos
360 2083 450 2106 autem
466 2079 533 2105 sicut
550 2078 675 2105 traditum
690 2083 732 2105 est
749 2079 826 2106 nobis
841 2087 855 2105 a
871 2080 971 2107 sanctis

171 2127 319 2162 'l‘rophetis
330 2127 364 2155 ita
378 2131 502 2153 tenemus
514 2134 519 2152 :
533 2125 604 2160 quod
613 2130 702 2152 sancta
715 2125 830 2152 Trinitas
838 2130 971 2153 coazterna

178 2173 230 2206 sit,
245 2177 314 2200 etut
338 2171 416 2198 tutius
438 2172 543 2198 virtutis
567 2175 647 2205 atque
671 2171 886 2198 substantitezet
900 2171 971 2206 quod

181 2218 264 2245 Filius
280 2217 326 2244 Dei
351 2218 377 2244 in
393 2216 539 2244 novissimo
556 2221 677 2250 tempore
701 2216 782 2243 ltomo
807 2217 891 2244 factus
912 2222 969 2250 est,

1022 1616 1114 1643 bonum
1128 1622 1164 1643 est
1179 1621 1302 1650 tenentes,
1319 1618 1350 1643 ab
1365 1617 1435 1644 omni
1447 1618 1531 1653 specie
1545 1618 1613 1644 mala
1625 1626 1671 1644 nos
1683 1618 1813 1645 abstinen-

1021 1663 1098 1698 tes“.
1115 1662 1192 1690 Thes.
1209 1663 1235 1690 5.
1250 1663 1300 1699 2.).
1317 1663 1348 1690 Ει
1364 1665 1387 1691 si
1401 1665 1444 1698 qui
1455 1664 1523 1690 Itane
1534 1665 1648 1698 regulam
1661 1669 1813 1701 sequuntur,

1021 1718 1073 1743 paa:
1088 1718 1164 1745 super
1177 1710 1236 1736 illos
1247 1731 1253 1741 ,
1272 1715 1294 1736 ct
1309 1718 1386 1743 super
1402 1710 1483 1737 Israel
1500 1709 1549 1737 Dei
1563 1710 1635 1746 (Gal.
1653 1711 1703 1745 6.).

1059 1756 1100 1783 H.
1121 1756 1188 1784 Cum
1201 1756 1280 1791 igitur
1294 1757 1352 1783 hzce
1366 1762 1416 1791 ego
1428 1761 1573 1790 antequam
1588 1756 1812 1784 calumniatot'um

1025 1802 1033 1822 ¹
1047 1803 1142 1839 aliquis
1149 1807 1315 1838 exsurgeret,
1327 1802 1360 1830 de
1372 1809 1429 1830 mea
1443 1802 1494 1830 ﬁde
1502 1802 1627 1837 prazfatus
1637 1802 1699 1834 sim,
1711 1810 1744 1830 ne
1754 1803 1815 1836 quis

1023 1849 1091 1877 forte
1106 1850 1217 1883 diceret,
1233 1849 1303 1885 quod
1319 1850 1353 1876 ab
1375 1850 1440 1884 ipsis
1453 1849 1618 1882 admonitus,
1643 1850 1684 1877 vol
1706 1854 1816 1877 coactus

1023 1896 1080 1924 haec
1095 1897 1175 1923 tnodo
1196 1896 1326 1928 dicerent,
1341 1903 1400 1930 qua:
1416 1900 1479 1923 ante
1492 1902 1546 1922 non
1568 1902 1705 1922 senseram
1720 1903 1816 1922 :cum—

1023 1950 1075 1977 que
1099 1950 1142 1968 mc
1157 1941 1180 1968 si
1196 1942 1258 1975 quid
1285 1942 1328 1969 illa
1345 1941 1537 1975 interpretandi
1563 1942 1710 1968 necessitas
1734 1948 1817 1975 popo-

1023 1989 1135 2021 Scisset,
1151 1988 1233 2024 319
1244 1988 1347 2023 integro
1362 1987 1423 2014 ﬁdei
1440 1995 1506 2015 mea
1519 1991 1590 2014 statu
1606 1987 1737 2018 luctu-aut
1754 1994 1815 2014 csso

1024 2035 1209 2070 promiserim,
1226 2034 1361 2069 quomodo
1383 2034 1470 2060 adhuc
1494 2033 1568 2060 locus
1592 2031 1816 2059 calumniantibus

1024 2082 1112 2114 datur,
1129 2088 1189 2107 eum
1206 2080 1297 2114 utique
1321 2079 1407 2114 pritna
1429 2078 1605 2106 confessionis
1619 2085 1686 2104 mea:
1709 2085 1758 2105 vox
1783 2077 1817 2105 ab

1024 2128 1096 2155 omni
1112 2127 1266 2160 sttSpicioue
1285 2126 1415 2154 contrarii
1435 2125 1566 2159 dogmatis
1579 2129 1664 2151 ttttutn
1680 2131 1723 2151 me
1737 2124 1816 2151 faciat

1024 2178 1052 2201 et
1065 2172 1214 2201 munitum?
1238 2171 1373 2200 Prteterea
1388 2171 1471 2203 enim,
1490 2171 1497 2195 l
1514 2175 1583 2197 utet
1602 2169 1728 2204 superius
1749 2177 1817 2204 pras-

1025 2221 1090 2254 dixi,
1107 2220 1211 2247 Domini
1226 2225 1350 2247 sermone
1363 2217 1444 2245 didici
1458 2237 1465 2250 ,
1480 2217 1542 2252 quia
1556 2224 1588 2244 ex
1606 2217 1662 2244 suis
1675 2216 1817 2251 unusquis-

174 2268 207 2291 πει
231 2270 279 2298 pro
304 2263 421 2299 peccatis
444 2262 544 2289 no-ttis
567 2270 660 2297 passus
686 2267 726 2289 est
736 2284 743 2296 ,
764 2261 773 2280 ι
788 2267 815 2289 ct
830 2263 855 2288 in
870 2270 901 2290 ea
916 2263 972 2297 ipsa
987 2254 1013 2285 ι)
1025 2274 1077 2302 que
1089 2265 1194 2297 verbis.
1215 2268 1244 2292 et
1257 2271 1310 2292 non
1325 2270 1357 2290 ex
1369 2262 1465 2290 alienis
1475 2283 1482 2296 ,
1506 2262 1547 2289 vel
1560 2261 1760 2297 justiﬁcnbitur.
1775 2262 1816 2289 vel

180 2316 271 2342 carne,
288 2307 315 2336 in
328 2316 379 2343 qua
393 2315 484 2343 passus
499 2314 551 2340 est,
568 2309 714 2334 resurrexit
737 2314 750 2333 a
768 2307 897 2335 mortuis:
911 2316 973 2342 pro-

217 2380 230 2395 ι
245 2376 334 2410 Atque
359 2375 410 2403 hoc
433 2375 524 2402 minus
546 2374 614 2401 bene
635 2374 662 2401 itt
677 2373 874 2406 Guarnerian.,
898 2374 973 2402 Prte-

181 2412 243 2439 stitit
257 2412 324 2439 enim
337 2411 489 2445 deprecans,
503 2414 556 2437 etc.

217 2447 230 2466 δ
244 2446 272 2474 In
284 2444 397 2480 vulgatis
408 2451 497 2477 antea,
508 2444 604 2472 libello.
619 2444 702 2480 Perge
713 2452 772 2479 qua:
784 2444 810 2471 in
821 2444 880 2472 Vita
893 2444 972 2474 latius

181 2479 366 2510 edissetontur
382 2482 440 2508 loco
456 2481 573 2514 laudato,
591 2480 643 2507 ltue
656 2479 768 2507 referre.

219 2524 231 2536 ι·
242 2517 332 2545 Codex
347 2516 542 2546 Guarner.an..
558 2520 722 2548 proterimur.
745 2514 807 2542 llmc
822 2523 904 2549 porro
927 2516 971 2543 illa

182 2557 224 2580 est
239 2553 358 2587 Epistola
373 2552 507 2587 Urigenis,
518 2559 578 2585 quae
589 2551 652 2577 olim
666 2556 761 2584 quarto
774 2550 893 2587 ejusdem
909 2552 973 2584 Epi-

182 2588 312 2615 stolarum
338 2588 406 2615 libro
425 2586 629 2620 reperiebatur,
660 2587 693 2612 ad
717 2586 847 2620 quosdam
872 2587 973 2614 amicos

184 2623 398 2655 Alexandrinos,
414 2627 506 2649 contra
527 2628 574 2649 eos
588 2622 631 2654 qui
651 2621 735 2648 libros
749 2622 824 2655 ejus,
838 2622 926 2649 adhuc
940 2630 973 2651 eo

184 2659 298 2692 vivente,
316 2659 543 2685 adulteraverunt.
560 2656 679 2684 Priorem
693 2656 752 2691 ejus
763 2663 864 2692 partem
879 2658 973 2685 Latine

183 2695 294 2728 protttlit
307 2694 486 2729 Hieronymus
500 2697 591 2729 contra
608 2692 732 2729 Ruﬁnum
747 2692 794 2719 lib.
806 2692 826 2729 ll
839 2701 914 2720 num.
928 2693 972 2721 18.

184 2727 296 2792 aberam
312 2727 422 2757 exhibet
436 2728 548 2755 Ruﬁnus
571 2727 629 2762 ipse
652 2727 679 2754 in
700 2727 830 2763 Apologia
854 2735 903 2756 sua
926 2735 975 2763 pro

208 2772 307 2792 mene.

208 2772 307 2797 mene.

221 2800 234 2818 α
248 2800 275 2827 Id
289 2807 339 2827 nos
359 2799 440 2827 etiam
454 2797 487 2825 ad
505 2798 594 2826 Ruﬁni
609 2801 726 2825 mentem
747 2799 933 2833 pra-stitimus,
948 2802 976 2827 et

184 2834 247 2870 ejus
257 2835 365 2870 quidem
379 2834 527 2869 fragmenta
552 2833 725 2870 desigttamus
743 2834 821 2870 unica
844 2835 878 2863 ad
904 2841 976 2863 tuar-

185 2869 274 2906 gittem
289 2870 401 2906 virgula,
418 2870 571 2905 Hieronymi
584 2874 673 2897 autem
685 2869 796 2904 duplici.

1026 2310 1256 2340 condemnabitur.
1274 2309 1327 2339 Sed
1350 2314 1377 2337 et
1391 2308 1404 2327 ¹ί
1423 2308 1449 2335 in
1465 2316 1497 2336 ea
1520 2307 1696 2335 nihilominus
1719 2307 1818 2334 Prata-

1063 2383 1075 2398 ⁸
1086 2377 1264 2406 Gnaruerian.
1277 2399 1284 2409 ,
1301 2376 1432 2405 contraria
1444 2376 1493 2403 sibi
1504 2376 1617 2403 veniunt.

1064 2412 1196 2441 ‘Codieis
1210 2412 1330 2446 ejusdem
1351 2412 1468 2444 scriptor
1490 2411 1634 2438 verborum
1654 2411 1811 2439 eurumdem

1025 2457 1135 2477 recursu
1160 2448 1288 2481 deceptus
1304 2448 1371 2474 hanc
1396 2446 1548 2482 pericopam
1570 2446 1679 2481 omisit,
1701 2447 1767 2474 etin
1787 2455 1817 2474 ea

1024 2486 1083 2521 ipsa
1095 2483 1223 2515 muniit
1234 2490 1284 2517 qua
1295 2485 1448 2518 paeniteat.

1061 2519 1224 2547 salu-codem
1244 2526 1295 2545 ms.
1306 2538 1313 2547 .
1329 2518 1455 2545 credimus

1061 2538 1074 2573 τι
1087 2538 1313 2589 “materiatae;
1481 2557 1597 2587 resurgat
1609 2552 1636 2579 in
1652 2552 1746 2588 gloria,
1756 2556 1816 2580 'etc.

1070 2589 1077 2609 ι
1094 2590 1186 2617 Denuo
1201 2588 1268 2620 me,
1282 2588 1455 2616 calumniator
1473 2589 1584 2622 aliquis;
1598 2592 1626 2615 et
1647 2588 1729 2622 paulo
1741 2591 1816 2619 post,

1025 2630 1127 2653 coactus
1141 2625 1278 2652 Irac'mado
1293 2624 1415 2657 dicerem,
1430 2624 1498 2659 quod
1509 2621 1583 2656 ante;
1597 2628 1652 2649 tum
1664 2621 1730 2649 illud
1739 2621 1818 2648 inter-

1025 2661 1142 2697 pretandi
1158 2668 1207 2695 pro
1220 2659 1277 2693 illa,
1294 2665 1347 2687 etc.

1064 2706 1072 2733 Ι
1087 2704 1171 2734 Tacet
1187 2706 1321 2734 Guarner.
1338 2713 1389 2733 ms.
1415 2708 1443 2731 nt
1458 2703 1597 2736 voculam,
1621 2708 1676 2731 tum
1703 2701 1815 2730 veabum

1026 2742 1117 2776 didici,
1131 2742 1246 2776 denique
1260 2740 1478 2776 praepositionem
1495 2747 1526 2766 ea:
1536 2739 1661 2765 alteram.

1063 2789 1076 2807 κ
1087 2788 1169 2816 Vetus
1182 2788 1247 2816 edit.
1256 2807 1265 2819 ,
1290 2787 1317 2814 iu
1342 2793 1398 2813 mea
1413 2779 1580 2811 nitiilomt'nu
1591 2805 1600 2816 ,
1621 2788 1686 2819 etc",
1699 2787 1725 2809 et
1738 2783 1818 2817 paulo

1027 2828 1089 2860 post
1099 2832 1158 2860 quas
1174 2824 1214 2860 ad
1232 2818 1285 2849 rent
1303 2825 1372 2848 nunc
1396 2820 1539 2860 pertinent,
1561 2824 1615 2859 etc.
1638 2818 1816 2860 guarnerian.

1028 2854 1079 2888 ius.
1091 2854 1158 2893 {uti
1168 2863 1196 2886 ut
1205 2858 1231 2885 in
1246 2865 1288 2891 ea,
1301 2861 1371 2889 etc.;
1382 2859 1410 2883 et
1420 2854 1543 2887 inferius,
1554 2861 1587 2880 ex
1597 2854 1660 2888 ipsis
1668 2854 1815 2886 sententiis,
