4166 6348
522 294 679 353 -551

1587 291 1824 352 RUFINI
1864 287 2348 358 AQUlLEIENSlS
2387 287 2827 345 PRESBYTER!

3765 289 3869 345 532

576 407 835 474 tiuncula,
867 425 1026 481 quam
1072 409 1126 467 in
1166 410 1298 481 ipsis
1328 412 1448 489 περὶ
1474 410 1680 487 Α’ρχῶν
1707 410 1861 466 libris
1910 409 2171 479 prmtnisi-
2201 414 2247 469 Α
2273 404 2341 459 ad
2369 406 2623 475 pietatem
2652 406 2753 461 istc
2778 415 3142 463 converteret.
3176 428 3194 461 ι
3232 407 3406 464 Etiam
3441 410 3530 465 hic
3559 409 3869 481 diligentius

578 516 721 570 mus,
744 502 978 572 qualiter
996 503 1465 573 interpretationis
1487 513 1684 558 nostrae
1709 502 1866 559 fidem
1882 502 2171 559 observan-

574 591 699 647 dam
748 592 1065 661 dixerimus,
1090 609 1158 650 ex
1206 594 1336 665 ipsis
1365 608 1519 663 reque
1548 593 1891 648 sermonibus
1920 607 2171 661 compro-

577 685 750 740 betur.
788 684 1024 756 .Equum
1069 702 1299 757 namque
1341 694 1445 748 est,
1479 687 1644 741 etiam
1672 701 1739 741 ex
1770 684 1908 754 ipsa,
1942 699 2063 755 quae
2101 684 2168 738 ad

578 791 690 831 rem
741 777 1052 845 pertinent,
1104 776 1291 831 inseri.
1358 775 1492 831 Nam
1544 791 1666 831 cum
1717 775 1939 830 honoris
2001 777 2167 846 gratia

579 871 909 926 mentionem
936 870 1252 926 fecissemus
1274 870 1434 940 huius
1464 871 1588 936 viri,
1621 871 1710 941 qui
1745 871 1859 926 haec
1898 886 2039 925 nunc
2077 871 2171 925 ad-

577 958 729 1013 ducit
754 960 821 1014 ad
852 961 1077 1025 crimen,
1128 974 1225 1028 pro
1251 975 1317 1015 eo
1361 960 1503 1030 quod
1551 970 1676 1014 ante
1712 976 1811 1015 nos
1858 960 1978 1029 ipse
2024 960 2171 1030 prior

575 1051 822 1121 Origenis
851 1052 1244 1121 quamplurima
1279 1052 1475 1109 luisset
1532 1053 1947 1123 interpretatus,
1975 1061 2028 1108 et
2053 1053 2171 1122 ejus

575 1144 657 1196 vel
689 1145 1051 1213 eloquentiam
1084 1146 1138 1200 in
1163 1145 1509 1216 explicando,
1561 1147 1646 1202 vel
1678 1148 1731 1201 in
1763 1148 2171 1217 interpretando

571 1236 900 1307 diligentiam
931 1238 1331 1305 laudassemus,
1376 1253 1607 1309 eumque
1638 1238 1792 1294 nobis
1825 1240 2167 1309 sequendum

532 1386 535 1389 .
570 1330 627 1386 in
658 1345 822 1402 opere
849 1333 1018 1387 simili
1053 1332 1360 1389 diceremus
1381 1372 1397 1399 ,
1435 1342 1555 1401 post
1577 1332 1848 1403 aliquanta
1876 1332 2039 1387 etiam
2071 1336 2171 1389 hoc

573 1421 686 1494 [AL
719 1421 858 1495 haec]
887 1424 1188 1495 adjeeimus
1213 1443 1225 1478 :
1259 1443 1278 1478 ‹
1310 1424 1461 1479 llune
1488 1439 1621 1495 ergo
1647 1424 1811 1480 etiam
1847 1433 1873 1462 ιι
1896 1438 2017 1491 nos,
2045 1423 2171 1480 licet

570 1531 678 1571 nou
726 1517 1049 1587 eloquentiae
1097 1518 1335 1583 viribus,
1367 1519 1671 1586 disciplina:
1717 1527 1893 1573 tamen
1926 1518 2165 1588 regulis,

567 1607 886 1681 inquantum
931 1626 1238 1679 possumus,
1286 1611 1568 1681 sequimur
1600 1629 1616 1667 :
1648 1611 2001 1667 observantes
2043 1613 2166 1676 hoc,

570 1717 639 1757 ne
670 1717 756 1765 ea,
780 1718 901 1772 qum
927 1702 980 1757 in
1013 1703 1169 1759 libris
1196 1703 1442 1772 Origenis
1465 1718 1493 1755 a
1525 1703 1821 1772 semetipso
1851 1701 2166 1772 discrepan-

2234 520 2239 525 ο
2276 499 2504 569 inspice,
2535 512 2587 552 ut
2622 499 2732 572 [ΑΙ.
2759 500 2846 572 et]
2878 516 2982 555 non
3016 514 3067 555 te
3090 513 3395 571 prmtereat,
3424 505 3565 575 qucd
3591 506 3868 563 Creatoris

2275 591 2491 659 quidem
2526 591 2686 647 fidem
2716 591 2969 657 diximus,
3000 604 3368 649 creaturarum
3399 612 3528 651 Vero
3558 598 3867 656 rationem:

2272 684 2507 739 scientes
2533 685 2676 756 quod
2709 701 2769 739 ea
2815 701 2936 756 qua:
2969 687 3037 743 de
3076 686 3231 742 τι)ρο
3275 686 3543 753 dicuntur,
3598 689 3665 744 ad
3708 689 3866 744 fidem

2274 772 2543 845 pertinent
2569 792 2585 829 :
2613 792 2734 846 quae
2763 792 2892 832 vero
2920 777 2988 832 de
3012 780 3275 833 creaturis
3305 780 3662 848 di~putamus,
3687 782 3753 835 ad
3786 798 3870 836 ra-

2276 869 2500 921 tionem.
2550 868 2657 924 Sed
2688 868 2829 937 quod
2865 870 3110 939 sequitur
3160 871 3334 925 adhuc
3376 872 3676 926 addamus:
3708 891 3728 924 ε
3758 873 3869 927 Sic-

2275 957 2364 1011 ubi
2394 972 2523 1027 crgo
2567 974 2665 1012 nos
2694 960 2745 1012 in
2778 959 2930 1014 libris
2958 960 3076 1030 ejus
3119 961 3320 1029 aliquid
3351 961 3606 1016 contrarii
3660 963 3868 1017 inveni-

2273 1062 2413 1110 mus,
2445 1048 2589 1116 quod
2619 1048 2688 1101 ab
2719 1049 2835 1117 ipso
2863 1049 2915 1102 in
2948 1050 3165 1104 cmteris
3193 1052 3324 1104 locis
3357 1051 3443 1120 pie
3474 1050 3584 1124 [ΑΙ.
3616 1049 3868 1125 fideliter]

2270 1140 2342 1197 de
2366 1141 2628 1195 Trinitate
2651 1141 2824 1196 fuerat
2853 1142 3159 1209 definitum,
3194 1144 3343 1199 velut
3369 1143 3733 1201 adulteratum
3765 1148 3869 1203 hoc

2270 1244 2327 1290 et
2355 1234 2463 1307 [ΑΙ.
2493 1232 2603 1306 est]
2635 1235 2896 1302 alienum,
2924 1246 3020 1291 aut
3051 1239 3520 1307 prmtermisimus,
3552 1252 3640 1295 aut
3673 1257 3867 1298 secun-

2271 1326 2397 1381 dum
2418 1341 2538 1381 eam
2569 1327 2806 1397 regulam
2828 1329 3166 1395 protulimus,
3193 1347 3355 1401 quam
3384 1332 3453 1387 ab
3476 1333 3595 1403 ipso
3617 1332 3869 1404 frequen-

2273 1425 2356 1472 ter
2397 1418 2708 1475 invenimus
2757 1419 3113 1477 affrrmatam.
3163 1423 3414 1495 Nunquid
3446 1435 3501 1480 et
3534 1426 3622 1481 hic
3652 1428 3868 1484 incaute

2270 1510 2470 1581 aliquid
2495 1511 2768 1567 diximus?
2791 1531 2810 1565 ι
2846 1513 3094 1583 Nunquid
3117 1516 3251 1581 dixi,
3275 1519 3399 1587 quia
3422 1520 3721 1575 secundum
3747 1521 3867 1576 fidei

2270 1612 2469 1657 nostra:
2492 1604 2729 1673 regulare
2756 1604 2978 1673 protuli,
3007 1606 3150 1676 quod
3173 1616 3289 1662 erat
3313 1609 3497 1679 utique
3518 1609 3628 1679 jam
3654 1612 3867 1679 penitus

2270 1697 2486 1749 modum
2519 1695 2850 1766 interpretis,
2874 1706 2929 1751 et
2949 1711 3013 1752 ex
3046 1696 3235 1754 Grmco
3254 1699 3306 1755 in
3335 1698 3583 1756 Latinum
3610 1703 3869 1758 vertentis

573 1795 644 1848 tia
713 1795 1060 1852 inveniuntur
1131 1806 1294 1866 atque
1362 1795 1633 1851 contraria
1656 1834 1674 1860 ,
1738 1794 2097 1865 proferamus.
2133 1812 2152 1846 ι
2190 1783 2233 1843 Β
2262 1787 2684 1844 excedere‘lSed
2704 1788 3002 1845 secundum
3025 1805 3142 1845 eam
3163 1790 3270 1863 [ΑΙ.
3298 1791 3456 1865 hanc]
3478 1794 3717 1864 regulam
3745 1811 3870 1865 pro-

571 1885 873 1953 Meittento,
905 1888 996 1959 qui
1026 1886 1156 1957 legis
1178 1928 1191 1950 ,
1228 1901 1298 1942 ne
1328 1886 1414 1941 hic
1442 1895 1494 1942 te
1523 1885 1759 1942 breviter
1782 1886 1958 1942 dictus
1984 1900 2165 1941 sermo

572 1988 892 2047 praetereat,
920 1995 1079 2050 quem
1108 1979 1248 2044 dixi,
1282 1980 1407 2049 quia
1441 1994 1545 2034 non
1575 1979 1851 2048 proferam
1871 1993 1935 2034 ea
1962 1994 2082 2049 quae
2110 1980 2162 2033 in

574 2070 725 2126 libris
754 2072 999 2142 Origenis
1038 2088 1069 2125 a
1099 2070 1390 2139 semetipso
1420 2070 1788 2140 discrepantia
1820 2069 2165 2125 inveniuntur

566 2174 727 2235 atque
756 2166 1046 2220 contraria.
1086 2164 1205 2219 Non
1252 2164 1395 2219 enim
1441 2164 1764 2234 generaliter
1807 2164 2026 2233 promisi
2076 2178 2163 2219 me

567 2272 674 2311 non
700 2257 1054 2324 prolaturum,
1085 2269 1205 2326 quae
1233 2264 1419 2311 essent
1443 2255 1565 2309 ﬁdei
1593 2254 1886 2319 contraria,
1918 2252 2012 2308 sed
2043 2267 2163 2323 qua:

567 2346 598 2389 δ
619 2348 722 2417 ipsi
748 2348 851 2403 sibi
892 2357 1076 2404 essent
1099 2350 1391 2415 contraria,
1417 2348 1504 2402 vel
1531 2362 1651 2418 qua:
1676 2362 1707 2402 a
1733 2348 2024 2417 semetipso
2051 2347 2163 2402 dis-

562 2450 810 2510 crepant,
849 2457 955 2496 non
999 2456 1119 2511 qua:
1149 2455 1178 2493 a
1211 2454 1320 2506 me,
1350 2439 1438 2495 vel
1469 2451 1536 2495 ab
1562 2439 1667 2495 alio
1690 2440 1871 2510 aliquo
1894 2440 2161 2510 discrepao

563 2545 710 2590 rent.
766 2534 882 2589 Non
929 2549 1058 2604 ergo
1088 2533 1189 2589 hoc
1234 2532 1340 2605 [ΑΙ.
1373 2532 1461 2604 ex]
1508 2547 1760 2590 sermone
1802 2533 2163 2601 subripientes

565 2626 773 2683 inimici
796 2628 1093 2684 calumnias
1115 2638 1395 2698 generant,
1430 2637 1487 2684 ut
1507 2630 1685 2685 dicant
1712 2645 1799 2686 me
1828 2631 2158 2700 promisisse,

568 2731 594 2758 α
623 2721 748 2791 quia
798 2719 840 2774 si
870 2719 995 2790 quid
1024 2722 1351 2777 contrarium
1400 2730 1523 2787 est,
1554 2722 1636 2778 vel
1679 2722 1947 2792 discrepat
1992 2738 2021 2777 a
2055 2724 2162 2781 fide

570 2821 757 2869 nostra
777 2857 791 2880 ,
822 2813 1112 2882 proferam.
1146 2812 1256 2869 Hoc
1282 2816 1443 2870 etiam
1476 2815 1519 2870 si
1547 2814 1724 2871 facere
1769 2818 1948 2885 potui,
1983 2825 2159 2873 tamen

567 2906 883 2975 promittere
911 2922 1014 2960 non
1046 2907 1319 2961 auderem.
1353 2907 1516 2978 320
1548 2908 1606 2961 Et
1639 2908 1685 2962 si
1718 2908 1933 2977 quidem
1963 2904 2159 2965 factum

567 2996 670 3051 hoc
699 2996 749 3051 in
784 3011 948 3066 opere
976 3013 1096 3052 meo
1128 2999 1396 3067 invenies,
1430 3000 1678 3069 amplecti
1704 3002 1925 3070 poteris.
1956 3001 2011 3057 Si
2033 3018 2160 3058 vero

572 3088 625 3144 in
649 3090 828 3161 aliquo
853 3091 944 3145 tibi
971 3092 1144 3146 minus
1168 3093 1440 3162 impletum
1463 3094 1672 3149 videtur
1693 3094 1796 3167 [ΑΙ.
1828 3096 2155 3171 videbitur],

2269 1878 2453 1934 tulisse
2469 1894 2557 1935 me
2574 1880 2707 1947 dixi,
2724 1896 2885 1951 quam
2908 1883 2977 1936 ab
2998 1881 3114 1951 ipso
3135 1882 3445 1954 frequenter
3467 1886 3627 1957 321
3654 1887 3865 1941 inveni-

2267 1987 2387 2028 mus
2416 1971 2768 2029 afftrmatam.
2814 1972 2945 2029 Item
2990 1973 3074 2028 his
3119 1974 3429 2031 addidimus
3474 1978 3582 2051 [ΑΙ.
3614 1977 3746 2033 illud
3776 1960 3869 2035 ad;

2266 2067 2476 2140 damus]
2510 2085 2524 2122 :
2564 2087 2584 2121 ι
2614 2068 2671 2125 Si
2711 2083 2817 2138 qua
2845 2084 2977 2125 sane
3007 2069 3159 2124 velut
3200 2070 3385 2138 peritis
3409 2069 3520 2141 jam
3549 2081 3607 2128 et
3651 2074 3869 2129 scienti-

2267 2158 2366 2213 bus
2394 2158 2654 2229 loquens,
2684 2158 2813 2215 dum
2848 2159 3086 2215 breviter
3116 2161 3346 2217 transite
3394 2163 3540 2229 vult,
3574 2164 3867 2221 obscurius

2267 2249 2491 2321 protulit
2524 2267 2538 2305 :
2569 2266 2669 2307 nos
2716 2262 2773 2305 ut
2816 2251 3151 2306 manifestior
3183 2252 3336 2308 fieret
3365 2253 3536 2320 locus,
3570 2264 3623 2309 et
3650 2270 3714 2309 ea
3746 2272 3865 2326 qua:

2264 2342 2332 2397 de
2358 2342 2474 2412 ipsa
2504 2358 2564 2398 re
2593 2342 2646 2397 in
2688 2343 2809 2398 aliis
2840 2343 2991 2399 libris
3021 2343 3259 2413 apertius
3292 2344 3614 2416 leget-ambs,
3660 2348 3867 2418 adjeci-

2263 2450 2405 2505 rnus,
2438 2436 2810 2508 explanationi
2857 2436 3160 2493 studentes.
3192 2437 3335 2493 Nihil
3389 2447 3569 2495 tamen
3618 2452 3866 2500 nostrum

2264 2528 2497 2586 diximus
2519 2572 2534 2595 ,
2566 2531 2661 2587 sed
2707 2530 2833 2588 licet
2863 2532 2916 2588 in
2946 2531 3069 2588 aliis
3100 2531 3235 2588 locis
3279 2532 3451 2603 dicta,
3485 2550 3582 2591 sua
3626 2544 3652 2585 ε
3682 2543 3862 2595 tanien

2263 2621 2367 2678 sibi
2394 2621 2748 2680 reddidimus.
2782 2644 2804 2680 υ

2338 2734 2427 2790 lii.
2472 2734 2608 2791 Puto
2650 2736 2792 2809 quod
2842 2736 3004 2794 etiam
3056 2738 3197 2809 apud
3246 2738 3614 2811 iniquissimos
3652 2741 3865 2812 judices

2264 2828 2519 2885 sufficere
2548 2831 2679 2885 mihi
2715 2842 2899 2896 posset
2949 2833 3063 2888 sola
3105 2834 3202 2887 ista
3236 2834 3510 2890 confessio
3536 2878 3552 2902 ,
3599 2851 3703 2906 qua
3752 2836 3862 2910 [ΑΙ.

2263 2918 2446 2993 quam]
2477 2921 2607 2989 dixi,
2644 2922 2774 2977 nihil
2815 2933 3059 2978 nostrum
3089 2924 3344 2992 diximus,
3374 2925 3468 2982 sed
3502 2926 3626 2982 licet
3656 2927 3710 2983 in
3740 2927 3862 2984 aliis

2263 3012 2397 3069 locis
2427 3014 2587 3081 dicta,
2616 3030 2710 3069 sua
2744 3026 2922 3071 tamen
2953 3018 3055 3073 sibi
3084 3017 3436 3074 reddidimus.
3481 3020 3731 3092 Nunquid
3760 3038 3848 3079 me

2265 3108 2317 3161 in
2344 3107 2523 3178 aliquo
2552 3109 2842 3164 obnoxium
2870 3111 3013 3165 feci?
3044 3113 3284 3183 nunquid
3310 3114 3529 3183 promisi
3556 3129 3644 3172 me
3674 3130 3858 3171 meum

569 3183 785 3252 culpare
813 3199 918 3239 non
948 3187 1172 3254 poteris,
1203 3186 1325 3256 quia
1357 3164 1712 3257 professionis
1734 3204 1868 3245 mea:
1900 3191 2007 3247 tale
2039 3164 2154 3247 vin-
2187 3164 2231 3227 Ο
2262 3164 2462 3267 aliquid
2518 3200 2825 3256 dicturum?
3036 3164 3860 3279 estQuodraccusa-n'tv,uqtio-d

568 3275 742 3330 culum
758 3300 759 3303 η
775 3292 881 3332 non
907 3286 1074 3333 tenes.

635 3390 723 3446 15.
766 3392 872 3447 Sed
922 3396 1317 3464 confungamus
1356 3396 1517 3450 etiam
1563 3406 1778 3453 caetera.
1816 3417 1835 3450 ι
1866 3398 2033 3471 Cujus
2077 3400 2161 3455 di-

567 3484 857 3550 versitatis,
901 3485 1137 3556 inquam,
1175 3503 1393 3543 caussas
1425 3490 1636 3558 plenius
1664 3492 1757 3546 tibi
1804 3493 1855 3546 in
1890 3494 2159 3562 Apologe-

567 3577 708 3641 tico,
761 3593 917 3647 quem
973 3580 1284 3647 Pamphilus
1336 3598 1433 3651 pro
1484 3584 1633 3638 libris
1686 3584 1855 3654 ipsius
1909 3587 2156 3656 Origenis

575 3669 829 3739 scripsit,
860 3670 1163 3738 edidimus,
1204 3673 1520 3731 brevissimo
1565 3676 1745 3731 libello
1775 3679 2154 3745 superaddite,

570 3760 625 3813 in
654 3774 763 3827 quo
791 3760 1157 3826 evidentibus,
1196 3772 1256 3818 ut
1292 3765 1547 3831 arbitror,
1582 3768 1989 3835 probamentis,
2038 3784 2159 3823 cor-

540 3850 541 3853 “
571 3862 760 3921 ruptos
789 3866 911 3906 csso
960 3854 1012 3907 in
1044 3857 1454 3925 quaniplurimis
1482 3859 1549 3913 ab
1594 3858 1860 3912 httretiris
1908 3868 1962 3913 et
1990 3861 2156 3915 male-

570 3943 707 3997 volis
735 3942 901 3997 libros
927 3943 1068 4014 ejus,
1093 3948 1449 4013 ostendimus,
1477 3956 1533 4002 et
1563 3949 1831 4020 praecipue
1864 3952 1993 4003 istos
2022 3968 2155 4021 quos

518 4104 519 4107 η
569 4049 710 4089 nunc
739 4031 979 4105 dexigis,
1032 4047 1084 4091 ut
1132 4038 1480 4108 interpreter,
1532 4040 1582 4093 id
1615 4050 1731 4105 cst,
1763 4045 1883 4116 περὶ
1927 4043 2153 4117 Α’ρχῶν,

567 4127 708 4197 quod
764 4129 846 4184 vel
903 4131 967 4183 de
1024 4129 1335 4202 Principiis,
1389 4132 1471 4186 vel
1501 4132 1565 4184 de
1620 4131 2003 4203 Principatibus
2049 4135 2152 4189 dici

569 4228 771 4289 potest,
804 4221 890 4289 qui
924 4232 1044 4274 sunt
1080 4237 1263 4277 revera
1300 4232 1324 4260 ο
1349 4230 1403 4277 et
1450 4222 1819 4278 obscurissimi
1854 4234 1908 4279 et
1935 4224 2154 4279 difficil-

567 4312 696 4366 limi.
732 4312 807 4366 De
837 4313 999 4367 rebus
1032 4315 1181 4366 enim
1217 4314 1412 4367 talibus
1448 4312 1517 4367 ibi
1556 4313 1827 4383 disputat,
1864 4316 1913 4368 in
1959 4316 2155 4382 quibus

569 4399 877 4470 Philosophi
912 4402 1057 4456 omni
1090 4417 1185 4456 sua
1217 4412 1375 4457 artato
1404 4414 1709 4469 consumto,
1747 4405 1875 4459 nihil
1910 4406 2153 4461 invenire

573 4503 879 4559 potuerunt.
914 4492 1008 4548 llic
1042 4508 1171 4548 vero
1202 4506 1386 4548 noster
1415 4505 1669 4559 quantum
1702 4498 1872 4566 potuit
1917 4497 1966 4551 id
2011 4501 2149 4568 egit,

562 4592 628 4639 ut
663 4586 937 4639 Creatoris
979 4585 1166 4648 fidem,
1219 4594 1275 4639 et
1319 4594 1686 4639 creaturarum
1735 4588 1993 4641 rationem
2048 4588 2155 4659 [AL

572 4686 871 4733 creatarum
895 4676 1121 4748 rerum],
1140 4693 1301 4747 quam
1319 4677 1394 4731 illi
1414 4678 1480 4731 ad
1504 4677 1833 4746 impietatem
1853 4687 2155 4746 traxerant,

570 4857 722 4917 atque
748 4847 1086 4914 sermonibus;
1115 4845 1345 4917 denique
1379 4863 1524 4911 mox,
1555 4864 1672 4919 qua!
1694 4848 1764 4902 ad
1785 4865 1893 4903 rem
1917 4867 2017 4906 non
2042 4870 2159 4924 pcr-

571 4921 751 4981 tinent,
785 4928 889 4971 etc.

651 4997 675 5025 ·
700 4985 971 5042 lnterserit
994 4986 1257 5041 Guarner.
1282 5002 1384 5043 ms.
1402 5030 1417 5053 ,
1447 4989 1640 5043 animo.
1675 4990 1845 5045 Porro
1866 4992 1998 5046 alias
2021 4994 2153 5049 editi

574 5057 793 5134 habent,
824 5058 880 5109 tit
908 5072 968 5134 ea
995 5073 1108 5125 qua:
1128 5059 1178 5111 in
1205 5057 1441 5134 Origenis
1484 5059 1628 5115 libris
1657 5080 1690 5117 ιι
1726 5078 1779 5116 se
1810 5064 1921 5134 ipso
1954 5064 2151 5119 discre-

571 5127 1120 5201 pantiapinveniuntur,
1151 5130 1497 5200 proferantur.

574 5197 582 5213 ⁷
645 5197 672 5238 ιι
698 5197 1286 5270 ιξάηἱοίιιηιίίιυθίᾳαέε
1311 5202 1425 5255 libri
1448 5203 1545 5270 ipsi
1571 5204 1668 5258 sibi
1695 5206 1923 5260 dicerent
1945 5216 2155 5263 contra-

571 5270 671 5357 ria.
695 5269 827 5325 Cod.
854 5269 1203 5357 Guarne'rian.
1224 5313 1239 5335 ,
1265 5288 1389 5357 quin.
1414 5269 1509 5357 sibi
1550 5277 1667 5346 ipsi,
1709 5288 1781 5357 e_t_
1804 5294 1836 5330 a
1875 5281 2151 5357 semetipso

575 5345 962 5418 discreparent,
996 5342 1215 5418 reliquis
1246 5349 1309 5396 ad
1342 5342 1581 5413 ejusdem
1634 5348 1783 5403 verbi
1830 5342 2109 5405 recursuin
2131 5394 2145 5418 ,

574 5413 775 5467 librarii
804 5412 1107 5480 oseitantia,
1144 5412 1544 5482 praetermissis.

649 5494 671 5522 ο
696 5483 1084 5560 Gnarnerian.,
1118 5487 1446 5554 prantisisse,
1480 5490 1557 5542 rel
1600 5490 1675 5555 si;
1707 5499 1760 5546 et
1790 5491 1944 5560 paulo
1991 5502 2144 5560 post,

574 5571 688 5631 cum
717 5555 1052 5631 promittere,
1072 5569 1168 5622 pro
1210 5567 1377 5611 tamen
1400 5598 1412 5620 ,
1442 5570 1564 5631 etc.
1589 5576 1603 5623 ;
1634 5555 1861 5631 denique
1891 5555 2030 5618 infer
2053 5555 2145 5626 ns,

703 5642 892 5707 manus
928 5626 1213 5711 impletum,
1247 5630 1715 5711 ritate.__Ejttsrrioi_li_
1737 5626 1837 5686 alia
1867 5635 2145 5688 manifesta

574 5698 775 5751 librarii
800 5697 990 5749 tuenda
1014 5699 1361 5764 impastcruin
1387 5697 1863 5756 dissiniulahitnus.

642 5764 669 5804 ἀ
694 5766 1027 5821 Martiittzeus
1056 5782 1178 5823 cum
1212 5769 1581 5826 Gnarneriann
1614 5790 1712 5826 tua.
1766 5773 1994 5843 plurium
2046 5789 2144 5827 nu-

2258 3291 2678 3360 calumniantur,
2732 3294 2873 3362 quod
2941 3295 3253 3366 confingunt
3300 3312 3386 3351 me
3437 3297 3678 3366 dixisse,
3729 3300 3859 3371 quia

2261 3382 2402 3437 mala
2449 3384 2565 3451 tuli,
2597 3395 2651 3440 et
2697 3386 2835 3441 bona
2882 3386 3015 3453 dixi,
3064 3398 3118 3443 et
3162 3404 3494 3462 qumcunque
3545 3390 3687 3448 bona
3732 3400 3861 3448 sunt

2261 3478 2546 3533 transtuli?
2585 3478 2924 3536 Erubescant
2964 3481 3278 3551 aliquando,
3325 3494 3381 3539 et
3421 3484 3675 3540 desinant
3721 3486 3852 3541 falsa

2260 3569 2521 3635 proferre,
2547 3570 2824 3627 ctdiaholi
2850 3572 2961 3644 ῘΑΙ.
2998 3574 3345 3647 diabolicumj
3372 3576 3425 3631 in
3465 3592 3523 3633 se
3546 3593 3703 3649 opus,
3744 3580 3857 3635 fra-

2260 3667 2371 3713 tres
2420 3662 2802 3729 criminando,
2860 3665 3159 3736 suscipere.
3236 3668 3469 3724 Audiant
3537 3672 3661 3739 quia
3721 3670 3857 3727 nihil

2260 3757 2505 3805 nostrum
2564 3752 2846 3820 diximus,
2903 3764 2959 3810 et
3002 3757 3193 3813 iterum
3244 3774 3306 3813 ac
3349 3760 3545 3830 smpius
3599 3762 3855 3831 audiant,

2258 3846 2381 3916 quia
2414 3844 2546 3899 nihil
2576 3857 2817 3903 nostrqu
2858 3847 3119 3916 diximus,
3171 3851 3264 3905 sed
3299 3850 3425 3906 licet
3474 3854 3525 3908 in
3556 3853 3675 3909 aliis
3723 3854 3857 3911 locis

2257 3939 2431 4005 dicta,
2465 3954 2560 3993 sua
2594 3948 2772 3995 tamen
2816 3940 2916 3995 sibi
2947 3941 3294 3998 reddidimus.
3329 3944 3394 3998 Et
3424 3959 3493 4001 ne
3531 3961 3631 4001 nos
3653 3947 3858 4019 absque

2259 4026 2286 4066 ιι
2315 4030 2524 4084 Domini
2558 4032 2931 4088 misericordia
2979 4033 3103 4089 huic
3138 4037 3287 4106 operi
3320 4053 3511 4094 manus
3538 4040 3856 4098 existiment

2257 4124 2657 4192 commodasse,
2697 4126 2909 4181 videant
2940 4142 3040 4183 nos
3068 4128 3183 4184 htec
3213 4128 3327 4200 ipsa
3359 4140 3487 4187 ante
3518 4133 3853 4202 praedixisse,

2257 4230 2375 4283 qua:
2426 4214 2646 4270 faciunt.
2698 4216 2824 4271 Post
2868 4215 2969 4272 hoc
3006 4218 3149 4274 enim
3180 4220 3479 4275 addidimus
3508 4221 3670 4278 etiam
3704 4225 3805 4281 ista
3836 4241 3853 4283 :

2263 4306 2281 4357 ὰ
2311 4306 2435 4362 lltee
2452 4318 2626 4362 autem
2653 4309 2849 4365 idcirco
2872 4309 2923 4364 in
2948 4311 3267 4370 Prmfatione
3288 4317 3616 4384 commonui,
3637 4334 3704 4374 ne
3721 4318 3857 4375 forte

2257 4399 2673 4456 calumniatores
2728 4398 2743 4439 ί
2792 4402 2984 4457 iterum
3016 4418 3076 4458 se
3120 4407 3438 4463 criminandi
3488 4419 3675 4478 putent
3706 4412 3854 4468 inve-

2259 4490 2401 4546 nisse
2431 4492 2728 4548 materiam.
2764 4511 2782 4546 ι
2839 4496 2993 4562 Quod
3025 4496 3156 4565 dixi,
3192 4498 3405 4566 iterant,
3443 4501 3529 4555 illa
3578 4502 3688 4575 [ΑΙ.
3721 4503 3849 4577 alia]

2263 4594 2345 4639 est
2370 4600 2588 4655 caussa,
2639 4591 2763 4659 quia
2795 4589 2902 4661 jam
2952 4593 3122 4647 sancti
3168 4593 3415 4665 Episcopi
3458 4596 3684 4654 Joannis
3728 4598 3855 4667 Epi-

2262 4677 2455 4735 stolam
2482 4680 2549 4738 de
2577 4681 2682 4739 fide
2704 4682 2772 4739 ad
2800 4691 3046 4740 sanetum
3077 4684 3434 4757 Theophilum
3462 4689 3719 4759 scriptam
3751 4693 3856 4747 cri-

2262 4879 2432 4931 mero,
2465 4868 2779 4943 exigitis,_ut
2823 4868 3228 4943 interpretemur.
3278 4870 3377 4926 Ms.
3430 4884 3690 4943 prmterea
3724 4875 3855 4932 idest

2262 4944 2423 4999 tacet,
2457 4947 2511 4991 et
2538 4939 2613 4992 rel
2643 4939 2821 5005 priore
2850 4939 2990 4992 loco.
3090 5000 3093 5001 ν

2335 5016 2359 5044 θ
2389 5009 2448 5083 In
2474 5009 2583 5083 ipsa
2626 5009 2782 5083 llrmf.
2806 5049 2822 5073 ,
2852 5020 2977 5083 sunt
3012 5028 3183 5065 revera
3227 5012 3357 5067 alios
3387 5021 3434 5067 et
3472 5013 3843 5083 obscurissimi,

2258 5088 2364 5133 etc.
2400 5080 2519 5133 Mox
2549 5080 2884 5134 desideratur
2915 5080 3135 5136 adverb.
3165 5084 3255 5137 ibi.

2335 5149 2735 5205 {Guarneriam
2768 5166 2895 5215 ms.,
2947 5154 3009 5206 de
3044 5154 3168 5206 cmlo
3198 5157 3457 5223 dicuntur,
3503 5165 3555 5210 et
3600 5172 3726 5213 mox
3772 5160 3851 5212 di-

2261 5232 2536 5296 spatiantur
2547 5238 2661 5296 ‘pro
2686 5223 3030 5296 disputamus.
3063 5224 3227 5296 Paulo
3248 5242 3460 5296 quoque
3484 5237 3625 5295 post,
3654 5230 3848 5295 aliquid

2256 5305 2441 5347 contra
2468 5293 2846 5355 adinvenimus,
2874 5293 3011 5363 alias
3039 5295 3167 5361 editi
3199 5293 3378 5350 contra
3407 5293 3714 5363 invenimus,
3738 5293 3841 5353 etc.

2341 5374 2364 5409 ε
2393 5364 2558 5428 Alias,
2593 5372 2808 5417 tantum.
2852 5362 3210 5421 Guarncrian.
3247 5383 3371 5431 ms.,
3402 5384 3498 5422 sua
3541 5362 3712 5423 tamen
3755 5372 3848 5425 sibi

2253 5434 2533 5487 reddimus.

2327 5500 2515 5557 IIMale
2544 5502 2691 5581 idem
2741 5518 2870 5571 ms.,
2917 5505 3108 5581 absque
3147 5508 3495 5562 misericordia
3538 5509 3658 5563 huic
3706 5526 3847 5581 apert

2253 5575 2421 5627 minus
2442 5574 2695 5627 a'stiment
2716 5578 3085 5630 commodasse.

2330 5663 2344 5701 ί
2394 5664 2588 5719 Recole
2619 5666 2780 5719 etiam
2827 5666 3089 5722 Libellum
3120 5680 3301 5723 contra
3331 5671 3593 5729 Joannem
3621 5672 3844 5731 Jeroso-

2252 5736 2421 5805 lymit.
2454 5736 2721 5809 pracipes
2752 5738 2989 5794 numeris
3020 5738 3088 5794 2.3
3114 5752 3165 5797 et
3190 5760 3339 5812 seqq.
