4166 6348
339 394 437 449 557

1489 356 1858 443 eorum
1903 381 2102 439 unua
2144 367 2416 439 ranas.

3510 348 3632 433 553’

342 527 517 577 mam,
572 507 723 578 quasi
755 503 1116 565 calumniandi
1163 500 1517 586 peritissimus
1568 501 1765 555 missus
1808 507 1924 564 est,
1958 529 2003 586 Α
2033 495 2122 550 ille
2144 495 2371 562 falsmit,
2409 494 2607 550 iudico.
2635 494 2827 565 Siquis
2853 476 3033 565 negat,
3056 482 3198 563 qtiod
3231 511 3333 548 non
3370 496 3437 549 ita
3469 496 3637 551 \‘idet'

348 614 541 661 norunt
565 618 777 668 omnes,
810 600 935 670 quid
968 604 1387 665 consequeretur
1426 609 1490 648 ex
1520 592 1725 663 legibus
1757 592 1926 662 publi-

345 703 423 756 cis
449 697 714 769 eiusmodi
759 692 1003 750 criminis
1058 704 1201 746 reus.
1252 689 1403 743 Nunc
1452 701 1578 740 vero
1608 686 1728 755 quia
1759 699 1930 739 sa-cu-

347 795 512 849 hrem
544 790 704 844 vitam
738 798 762 824 ⁸
795 785 1044 855 reliquit,
1085 794 1140 836 et
1162 796 1193 834 a
1226 779 1675 851 tergiversatiOne
1707 777 1793 831 illa
1840 780 1929 830 a'c-

348 893 497 937 tuum
528 880 857 949 publicorum
887 878 950 930 ad
978 872 1359 929 monasterium
1391 884 1687 925 conversus
1713 874 1828 933 est,
1875 876 1931 921 et

348 975 504 1046 327
530 972 761 1026 adimet:
778 971 1031 1041 magistro
1060 962 1436 1036 (Hieronymo)
1468 963 1631 1018 nobili
1660 1007 1673 1029 ,
1709 963 1776 1016 ab
1806 962 1926 1031 ipso

346 1068 606 1122 educetur
641 1066 832 1117 iterum
865 1078 965 1129 pro
991 1057 1258 1115 modestia
1291 1056 1488 1125 furere,
1520 1055 1757 1109 insanire
1784 1072 1796 1106 :
1832 1051 1929 1122 pr'o

345 1158 550 1228 quiete,
566 1155 858 1209 seditiones
879 1158 1127 1207 movere:
1158 1154 1254 1218 pro
1279 1150 1429 1219 pac‘e,
1457 1148 1672 1201 ‘mo'vere
1693 1145 1925 1200 bellum:

347 1266 444 1320 pro
494 1247 786 1303 concordia
821 1248 1038 1300 movere
1068 1243 1331 1298 dissida:
1364 1240 1599 1311 periidns
1648 1254 1799 1305 esse,
1832 1253 1928 1308 pro

346 1341 489 1397 fide:
525 1355 623 1410 pro
651 1338 875 1393 veritate
905 1336 1167 1390 falsarios.
1192 1332 1368 1387 Crede
1402 1326 1571 1397 mihi,
1604 1334 1744 1399 quod
1771 1331 1928 1399 hujus

343 1432 566 1489 sceleris
597 1430 831 1500 nequitia
860 1428 1021 1483 etiam
1051 1441 1234 1481 verum
1268 1425 1793 1491 fuisset‘exempiar,
1826 1421 1928 1477 nisi

344 1525 554 1584 Jezab‘el
589 1524 681 1579 tibi
714 1524 804 1577 illa
834 1521 861 1560 δ
888 1524 1229 1576 orcurriSset.
1258 1520 1347 1573 Illa
1378 1526 1462 1573 est
1487 1520 1653 1583 enim,
1681 1534 1798 1587 qum
1826 1516 1931 1572 hoc

341 1618 547 1672 crimen
578 1618 836 1670 adversus
858 1613 1190 1668 Nabuthenm
1221 1611 1541 1667 Jesraeiiten
1566 1613 1738 1664 vinea:
1767 1622 1929 1664 caus-

342 1723 403 1763 sa
431 1707 728 1778 composoit
749 1747 764 1772 ,
812 1711 869 1761 et
899 1705 1173 1759 mandavit
1222 1703 1557 1774 presbyteris
1584 1702 1880 1773 iniquitatis
1907 1743 1922 1768 ,

341 1800 495 1855 falsis
523 1813 647 1855 eum
672 1796 1159 1866 'conscriptiouibus
1190 1808 1477 1864 ierurgete
1498 1835 1510 1856 ,
1541 1797 1691 1864 quasi
1717 1793 1804 1864 qui
1832 1793 1925 1848 be-

2035 584 2200 640 Filius
2234 586 2443 641 Patrem
2463 626 2478 652 ,
2510 587 2645 640 :iCUl
2697 587 2853 641 Pater
2883 586 3070 640 Filium
3097 603 3111 640 :
3144 595 3200 641 et
3229 602 3333 640 non
3364 586 3431 639 ita
3464 586 3610 641 videt

2032 672 2265 762 Spiritus
2294 679 2521 734 Sanctus
2545 679 2753 735 Patrezn
2780 690 2834 735 et
2866 680 3080 745 Filium,
3110 681 3251 736 sicut
3281 681 3425 736 videt
3453 681 3611 737 Pater
3638 662 3641 669 ἱ

2034 760 2225 825 Filium
2262 782 2316 827 et
2359 760 2615 839 Spiritum
2671 776 2960 842 Sanctum,
3016 774 3299 831 anathema
3331 778 3416 831 sit.
3454 777 3610 834 Videt

2032 864 2197 930 enim,
2230 874 2285 921 et
2313 868 2593 923 verissime
2616 869 2792 935 videt,
2825 872 2920 925 sed
2948 881 3003 925 ut
3038 872 3177 927 Deus
3204 872 3399 941 Deum,
3440 887 3492 928 et
3521 878 3611 930 lux

2038 955 2237 1021 lucem,
2260 966 2315 1012 et
2342 954 2447 1012 non
2478 968 2531 1011 ut
2554 954 2679 1014 baro
2707 976 2948 1031 eat-nem,
2982 963 3073 1017 sed
3120 972 3175 1017 nt
3202 964 3436 1035 Spiritus
3472 966 3612 1021 Sau-

2032 1059 2171 1114 ctus,
2197 1065 2300 1103 non
2325 1053 2601 1119 corporeis
2624 1054 2893 1117 sunsibbs,
2928 1056 3021 1110 sed
3054 1054 3342 1113 Virtttt‘bus
3369 1058 3609 1114 Deitatis.

2034 1139 2089 1195 Si
2122 1141 2242 1210 quis
2275 1140 2389 1194 hz‘ee
2428 1150 2586 1212 negat
2611 1183 2627 1207 ,
2667 1144 2737 1197 sit
2785 1146 3066 1202 anathema
3102 1150 3151 1201 in
3183 1160 3465 1204 mteruutu.
3513 1150 3616 1214 Qui

2034 1233 2204 1283 anteiit
2234 1241 2320 1284 ros
2351 1234 2649 1299 conturbat,
2684 1236 2823 1288 seut
2847 1234 2983 1291 dicit
3030 1240 3315 1306 Apeslolrs
3337 1281 3351 1305 ,
3393 1243 3618 1310 portabit

2025 1324 2307 1394 judicium,
2341 1325 2629 1393 quicunque
2657 1338 2728 1380 est
2752 1327 2837 1381 ille
2859 1326 3111 1399 (Gal.5.).

2102 1417 2193 1470 9.0.
2240 1417 2457 1472 Memini
2487 1424 2640 1483 sane,
2666 1419 2809 1489 quod
2841 1420 3036 1492 aliquis
3065 1439 3249 1477 eorum
3274 1429 3396 1482 'enm
3426 1442 3619 1498 argue-

2031 1517 2182 1567 retur
2228 1514 2450 1568 laisasse
2498 1508 2645 1578 bare,
2677 1514 2964 1585 respondit
3018 1517 3183 1587 mihi,
3246 1520 3294 1573 iu
3326 1518 3515 1575 Gratco
3545 1521 3618 1576 ita

2034 1604 2253 1673 haberi,
2296 1620 2384 1661 me
2412 1615 2589 1661 autem
2619 1607 2670 1660 in
2718 1606 2911 1661 Latino
2943 1607 3224 1663 imnimate
3251 1610 3352 1682 [ΑΙ.
3388 1609 3620 1684 mutare]

2033 1699 2297 1756 Voluisse.
2344 1699 2399 1754 in
2452 1716 2559 1769 quo
2606 1700 2798 1755 omitto
2851 1700 2979 1755 illud
3034 1704 3291 1771 exsequi,
3352 1705 3475 1775 quia
3523 1721 3622 1761 nec

2032 1791 2248 1876 quidem
2295 1808 2477 1849 verum
2526 1793 2744 1857 dicunt,
2793 1792 2887 1850 sed
2944 1788 3122 1851 tamen
3157 1808 3436 1865 ponamus,
3492 1800 3618 1868 quia

343 1890 662 1955 nedixissu,
700 1889 900 1953 idest,
932 1888 1361 1957 blasphemasset
1388 1887 1554 1939 zeum
1576 1925 1590 1951 ,
1640 1896 1691 1940 et
1721 1900 1922 1954 regem.
1961 1912 2006 1971 Β
2036 1884 2142 1958 [ΑΙ.
2198 1880 2365 1957 quod]
2397 1887 2475 1942 sic
2517 1896 2598 1970 est
2631 1887 2681 1941 in
2719 1888 2907 1943 ϐιωςο
2929 1932 2943 1955 ,
2978 1894 3033 1945 et
3077 1906 3176 1961 ego
3199 1890 3250 1945 in
3281 1886 3471 1947 Latino
3519 1891 3624 1949 hoc

338 1979 445 2042 seu
472 1986 592 2056 quis
620 1986 671 2039 io
702 1994 727 2024 ε
758 1985 857 2039 hoc
878 1982 1101 2043 felicior,
1133 1982 1219 2035 illa
1244 1997 1363 2050 quae
1391 1980 1628 2044 mandat,
1656 1990 1743 2033 aut
1767 1979 1927 2049 hiqui

340 2079 593 2134 mandato
616 2076 911 2146 iniquitatis
950 2074 1358 2143 obtemperant?
1388 2072 1581 2127 Gravia
1612 2073 1755 2137 haec,
1787 2082 1840 2126 et
1872 2079 1928 2126 ut

339 2172 570 2242 opinor,
606 2172 658 2225 in
704 2171 939 2225 Etclesia
968 2179 1103 2238 peae
1151 2167 1454 2237 hnjusmodi
1480 2166 1686 2221 facinus
1716 2165 1927 2220 inaudi-

340 2264 451 2322 ti‘rm
480 2276 580 2323 est.
613 2266 718 2321 Sed
763 2265 975 2320 additur
1002 2264 1179 2319 adhuc
1220 2262 1446 2333 aliquid.
1499 2262 1749 2332 Requiris
1794 2259 1922 2330 quid

341 2361 496 2427 iilud,
533 2359 601 2416 Ut
629 2361 705 2415 rei
726 2358 934 2429 judit-es
984 2357 1143 2422 fiant,
1175 2364 1229 2410 et
1268 2352 1603 2409 insidiatores
1633 2354 1928 2409 scatentiis

340 2453 537 2508 ferant.
568 2451 700 2506 Nam
751 2463 963 2505 errasse
1012 2450 1377 2513 scribentem,
1428 2454 1523 2500 aut
1564 2445 1772 2515 lapsum
1804 2454 1929 2499 esse

340 2544 395 2599 in
424 2542 535 2615 [AL
585 2551 687 2597 tac.
728 2538 803 2613 in]
830 2552 1116 2604 sermone,
1149 2552 1343 2592 novum
1376 2551 1481 2592 non
1512 2544 1616 2604 est,
1644 2547 1700 2591 et
1729 2545 1784 2589 ιιι
1813 2535 1929 2605 opi-

342 2650 444 2689 nor
473 2633 627 2688 venia
668 2632 887 2702 dignum
930 2640 1051 2697 est,
1084 2631 1204 2700 quia
1237 2640 1292 2684 et
1338 2629 1618 2698 Scriptura
1651 2628 1814 2696 dicit,
1862 2625 1927 2679 In

342 2730 523 2781 brutiis
562 2726 696 2780 enim
735 2724 1038 2792 oﬂ’eadimtts
1069 2726 1287 2776 omnes:
1338 2722 1428 2793 qui
1479 2728 1650 2773 autem
1679 2720 1731 2773 in
1779 2718 1927 2773 verbo

343 2828 446 2874 bon
477 2814 723 2887 oﬂ'mdii,
771 2809 851 2870 hic
884 2808 1133 2887 perfectus
1153 2825 1226 2867 est
1279 2812 1308 2850 ἀ
1364 2815 1441 2867 uir
1492 2810 1699 2885 (Iacob.
1736 2813 1789 2866 5.
1820 2808 1927 2882 2.).

344 2912 594 2968 Erratum
629 2920 845 2980 putatur
875 2909 928 2963 in
968 2908 1169 2963 verbo?
1196 2906 1510 2976 Cerrigatur
1531 2945 1547 2971 ,
1572 2902 1890 2959 emendetur
1910 2946 1926 2969 ,

344 3007 392 3060 si
418 3005 472 3059 id
499 3004 698 3059 utilitas
730 3004 985 3071 postulat,
1012 3014 1063 3055 et
1095 2999 1395 3055 auferatur.
1432 2996 1599 3051 inseri
1638 3012 1769 3052 vero
1810 3010 1931 3066 qua:

346 3104 455 3150 non
485 3104 610 3149 sunt
644 3095 839 3164 scripta
886 3093 1056 3146 literis
1085 3091 1298 3156 alienis,
1330 3100 1385 3145 et
1426 3089 1556 3143 falsa
1588 3088 1831 3143 interseri
1864 3086 1930 3141 ad

347 3186 449 3242 hoc
476 3187 649 3241 solum
680 3196 739 3241 ut
770 3188 930 3239 vitam
962 3188 1141 3239 fratris
1172 3182 1399 3237 infames
1419 3224 1433 3248 ,
1464 3191 1726 3237 temerare
1755 3180 1929 3235 aliena

2036 1993 2139 2031 non
2171 1976 2510 2047 scripserant.
2566 1978 2924 2034 PromiSeram
2956 1997 3042 2036 me
3064 1982 3206 2036 enim
3233 1980 3284 2036 ib
3304 1976 3623 2039 Praelatiun-

2033 2070 2167 2125 culis
2210 2069 2315 2127 tale
2361 2072 2559 2143 aliquid
2591 2072 2873 2130 iactat-uiti.
2907 2070 3059 2143 Quod
3092 2078 3137 2131 Si
3173 2077 3437 2142 fecemm.
3486 2086 3512 2125 ε
3564 2088 3625 2133 ut

2033 2163 2173 2230 quod
2204 2162 2271 2217 ibi
2295 2142 2619 2229 oii‘endebat,
2651 2163 2702 2217 itt
2724 2161 2914 2220 Latino
2936 2142 3268 2221 commodius
3289 2168 3582 2226 seriberem
3605 2188 3617 2223 :

2033 2255 2160 2324 quid
2184 2256 2386 2325 absque
2409 2256 2674 2325 promisso
2693 2297 2711 2323 ,
2736 2256 2817 2312 vel
2840 2259 2964 2328 quid
2983 2258 3184 2327 absque
3210 2256 3418 2316 ratione
3442 2274 3623 2316 nostra

2033 2334 2312 2402 lbcerami
2342 2348 2420 2401 Tu
2450 2350 2600 2402 “certe
2632 2350 2719 2418 qui
2776 2346 2877 2403 hoc
2926 2348 2980 2403 in
3031 2346 3234 2406 Latinis
3276 2352 3410 2407 meis
3440 2369 3624 2408 ext-tn-

2036 2434 2274 2508 pl'aribus
2306 2454 2411 2494 non
2444 2439 2731 2494 inVeneras
2753 2484 2767 2505 ,
2802 2441 2855 2494 iu
2898 2442 3005 2497 luis
3036 2438 3318 2511 chartulis,
3350 2443 3452 2497 hoc
3483 2445 3626 2499 unde

2035 2529 2143 2599 [ΑΙ.
2180 2529 2368 2603 unum]
2400 2532 2657 2601 scriptum
2684 2525 2935 2604 legebas?
2970 2533 3080 2603 Ego
3111 2536 3199 2605 qui
3232 2534 3622 2606 interpretatus

2034 2636 2174 2686 sum,
2208 2637 2313 2677 non
2342 2624 2558 2693 scripsi.
2590 2624 2668 2679 Tu
2693 2625 2780 2693 qui
2804 2621 2831 2661 ιι
2857 2640 2941 2679 me
2962 2641 3204 2691 accusas,
3230 2628 3283 2683 'et
3314 2642 3460 2683 meas
3492 2629 3626 2684 tales

2034 2708 2220 2771 literas
2273 2716 2377 2771 non
2428 2726 2617 2783 tenes,
2666 2712 2872 2773 crimen
2925 2718 3055 2773 mihi
3111 2718 3251 2776 unde
3304 2702 3655 2791 componis?

2041 2805 2059 2844 ί
2094 2811 2201 2864 Ant
2229 2810 2353 2864 inde
2401 2826 2504 2880 ego
2533 2811 2776 2867 accusari
2824 2811 3019 2879 debeo,
3057 2814 3195 2868 unde
3226 2824 3281 2869 tu
3313 2816 3503 2871 falsum
3533 2815 3623 2870 di-

2035 2903 2202 2957 xisti?
2255 2903 2387 2959 Rem
2442 2904 2806 2971 planissimam
2853 2906 2995 2959 dico.
3047 2905 3285 2971 Quatuor
3339 2907 3459 2963 libri
3500 2917 3628 2962 sunt

2034 2994 2160 3061 isti,
2192 3010 2327 3065 quos
2370 2996 2755 3065 interpretatus
2781 2984 2921 3064 sum,
2958 2990 3008 3050 in
3047 2992 3238 3065 quibus
3268 2999 3335 3054 de
3366 2999 3627 3058 Ttioitat'e

2034 3088 2262 3155 sparsim
2289 3101 2383 3157 per
2404 3088 2647 3159 singulas
2676 3103 2810 3158 pene
2842 3088 3062 3158 paginas
3103 3080 3429 3162 disputatur.
3466 3092 3622 3149 Reie-

2036 3190 2230 3249 gantur
2259 3181 2533 3245 universa,
2566 3181 2611 3235 si
2642 3176 2866 3251 usquam
2896 3180 3015 3233 talis
3042 3182 3232 3253 aliquis
3264 3185 3330 3237 de
3358 3183 3626 3241 Trinitale

345 3278 574 3345 scripta,
625 3286 681 3330 ut
730 3275 978 3345 scriptoii
1008 3274 1212 3329 inferas
1244 3282 1429 3329 notam
1459 3314 1475 3340 ,
1530 3281 1635 3327 ut°
1666 3272 1930 3340 subrepas
1960 3288 2005 3351 ρ
2038 3273 2287 3328 inventos
2337 3268 2498 3355 fuerit
2549 3273 2601 3327 in
2660 3262 3100 3343 interpretatione
3154 3271 3336 3330 nostra
3392 3283 3624 3347 settsus,

346 3371 571 3425 auribus
602 3370 951 3439 populorum,
986 3379 1042 3421 ut
1064 3368 1356 3422 conturbes
1388 3365 1550 3420 corda
1582 3363 1927 3434 simplicium,

346 3472 407 3514 ut
434 3460 565 3515 nihii
598 3459 741 3515 aliud
773 3476 837 3514 ex
868 3474 933 3514 eo
965 3459 1063 3513 nisi
1096 3459 1236 3527 apud
1266 3458 1512 3512 homines
1540 3456 1782 3525 opinioni
1813 3470 1928 3509 ma-

346 3555 522 3609 culam
545 3554 821 3608 conferas:
850 3552 1025 3607 videte
1045 3554 1089 3605 si
1115 3552 1340 3605 alterius
1363 3552 1447 3605 est
1469 3566 1634 3619 opus;
1659 3548 1760 3604 uisi
1787 3548 1931 3604 illius

345 3646 438 3713 qui
470 3645 534 3698 ab
582 3644 733 3699 initio
764 3646 990 3698 manias
1043 3642 1160 3708 fuit,
1206 3652 1261 3698 et
1308 3641 1505 3699 fratres
1559 3640 1928 3707 criminando,

346 3734 591 3789 diabolus
611 3774 626 3798 ,
659 3732 710 3786 id
740 3742 854 3799 est,
886 3733 1187 3786 criminator
1213 3774 1227 3797 ,
1281 3742 1475 3786 nomen
1522 3732 1752 3803 accepit.
1796 3729 1929 3785 Nam

347 3838 465 3879 cum
505 3823 692 3878 falsam
748 3823 1051 3892 hnjusmodi
1107 3822 1428 3878 sententiam
1482 3822 1621 3891 apud
1672 3823 1931 3878 Medicla-

347 3930 473 3969 nutu
504 3916 750 3970 recitaret
784 3914 1097 3985 (Eusebius)
1125 3954 1141 3980 ,
1178 3924 1231 3968 et
1256 3928 1285 3967 a
1317 3926 1403 3968 me
1424 3930 1544 3984 qua:
1570 3916 1778 3984 legebat
1801 3914 1932 3968 falsa

350 4023 469 4064 eSse
492 4010 824 4071 dicerentur,
851 4009 1213 4078 interrogatus
1236 4024 1265 4061 a
1297 4024 1402 4075 quo
1432 4008 1727 4076 accepisset
1753 4012 1936 4062 DXCIIF

349 4102 551 4172 pluria,
584 4100 861 4170 respondit
914 4109 1211 4153 matronam
1259 4096 1931 4167 (Marcellam)'quandam

348 4196 451 4249 sibi
480 4197 714 4261 dudisse,
747 4194 812 4247 de
842 4208 941 4262 qua
968 4200 1090 4261 ego,
1115 4206 1450 4261 quaecunque
1501 4192 1587 4245 illa
1645 4199 1768 4257 est,
1802 4188 1933 4244 nihil

351 4287 507 4354 dico;
540 4286 638 4343 sed
686 4288 766 4340 sui
819 4301 936 4340 eam
969 4295 1023 4339 et
1072 4285 1164 4338 Dei
1197 4286 1541 4339 conscientia:
1596 4285 1931 4354 derelinquo.

352 4379 519 4452 328
550 4379 675 4433 Mihi
725 4387 902 4431 tamEn
937 4378 988 4431 in
1022 4375 1121 4429 hoc
1155 4374 1245 4428 Dei
1277 4382 1330 4430 et
1363 4374 1525 4429 vestri
1556 4373 1752 4428 Sufficit
1784 4374 1932 4429 teSIi-

353 4472 590 4528 monium
613 4513 629 4535 ,
671 4470 721 4524 id
752 4480 858 4529 est,
894 4474 1039 4521 litum
1068 4477 1122 4523 et
1151 4470 1319 4522 sancti
1355 4468 1451 4521 viri
1485 4469 1679 4537 ipsius,
1716 4468 1802 4521 cui
1835 4467 1935 4521 hoc

353 4568 489 4632 opus
530 4564 817 4633 gerebam,
877 4560 1089 4615 Macarii
1120 4598 1135 4623 ,
1167 4560 1255 4628 qui
1288 4559 1576 4612 schedulas
1608 4561 1751 4628 ipsas
1787 4568 1935 4613 meas

2037 3367 2248 3435 qualem
2273 3348 2440 3437 329
2470 3366 2520 3418 in
2552 3364 2653 3419 isto
2694 3365 2868 3436 capite
2901 3366 3326 3422 calumniantur:
3364 3378 3488 3425 tunc
3528 3369 3625 3423 de"-

2036 3475 2180 3514 toum
2212 3462 2462 3513 credatur
2491 3460 2651 3515 etiam
2698 3462 2799 3514 hoc
2824 3470 2890 3514 eo
2919 3458 3027 3533 [ΑΙ.
3077 3448 3129 3515 in
3157 3437 3246 3534 eo)
3294 3456 3487 3529 sensit,
3521 3471 3629 3532 quo

2036 3551 2122 3607 isti
2153 3552 2496 3623 contingunt,
2548 3550 2671 3606 esse
2718 3550 3007 3619 prolatum.
3064 3550 3120 3607 Si
3170 3552 3297 3607 vero
3349 3567 3442 3622 per
3469 3560 3630 3607 omne

2035 3645 2295 3700 libroruttt
2348 3651 2545 3713 corpus
2578 3644 2839 3713 nusquam
2870 3642 2939 3698 sit
2982 3643 3070 3698 illa
3118 3637 3423 3698 diil'erentia
3454 3643 3630 3699 Trini-

2037 3733 2183 3799 tatis,
2217 3748 2393 3787 nonne
2425 3748 2680 3788 vesanum
2713 3733 3045 3805 stultamque
3097 3734 3302 3805 pariter
3350 3750 3629 3790 commeo:-

2038 3838 2150 3881 tum
2179 3835 2263 3881 est
2310 3826 2525 3892 dicere,
2574 3826 2712 3895 quod
2745 3842 2855 3880 uno
2885 3828 3002 3881 solo
3031 3826 3209 3894 capite
3241 3827 3464 3882 haeresis
3491 3834 3627 3882 cotis

2038 3920 2245 3973 ﬁrmata
2275 3928 2358 3973 est
2388 3918 2456 3973 ab
2486 3932 2573 3982 eo,
2604 3917 2691 3988 qui
2723 3933 2841 3973 eam
2873 3915 3020 3973 mill'e
3062 3918 3325 3986 capitibus
3354 3922 3628 3987 eipbgma

2038 4009 2211 4063 verit?
2253 4008 2359 4064 Sed
2408 4018 2462 4063 et
2514 4008 2591 4062 rei
2650 4008 2818 4076 ipsius
2873 4005 3252 4077 cotichuentla
3312 4008 3628 4077 prudentem

2036 4099 2305 4172 quemque
2334 4099 2466 4155 satis
2508 4101 2719 4155 edocet.
2769 4100 2922 4167 Quod
2957 4102 3000 4156 si
3044 4103 3145 4156 hoc
3196 4102 3247 4155 in
3296 4102 3430 4155 meis
3461 4102 3630 4155 literis

2038 4194 2351 4258 invenisset,
2379 4199 2433 4246 et
2475 4207 2600 4247 vere
2634 4193 2948 4260 scrupulum
2988 4191 3221 4261 aliquem
3259 4199 3328 4246 ex
3376 4192 3488 4259 ipsa
3522 4194 3630 4246 lec-

2040 4287 2183 4341 tione
2212 4287 2465 4356 cepisset,
2497 4295 2618 4340 eum
2653 4301 2770 4351 me,
2806 4285 2943 4339 sicut
2970 4284 3085 4354 ipse
3116 4281 3289 4350 nosli,
3327 4285 3512 4339 [totum
3536 4301 3631 4355 p04

2038 4381 2196 4434 situm
2230 4379 2450 4433 haberet
2480 4378 2825 4447 praesentem,
2873 4374 3131 4431 continuo
3183 4378 3364 4448 utique
3414 4378 3630 4447 perqui—

2037 4472 2220 4537 sisset,
2254 4479 2309 4523 et
2354 4467 2467 4537 ipsa
2503 4469 2568 4522 ad
2601 4484 2685 4521 me
2715 4466 2913 4535 scripta
2952 4466 3269 4521 detulisset:
3300 4467 3497 4537 quippe
3538 4467 3632 4532 qui

2042 4576 2209 4630 usque
2238 4558 2307 4615 ad
2335 4560 2507 4628 ipsum
2540 4557 2646 4631 [ΑΙ.
2681 4556 2832 4630 illud]
2867 4565 3078 4627 tempus
3103 4558 3264 4613 etiam
3297 4560 3482 4615 videre
3522 4565 3631 4627 me,

356 4656 439 4710 vel
465 4656 532 4710 ab
564 4655 716 4709 initio
742 4653 943 4723 legistis
965 4692 980 4716 ,
1026 4653 1109 4707 vel
1154 4652 1315 4706 etiam
1348 4651 1476 4705 licet
1525 4651 1761 4705 nondum
1794 4667 1940 4705 cotu-
1970 4665 2023 4726 ι)
2046 4665 2100 4709 ει
2121 4654 2380 4721 salutare,
2411 4653 2538 4707 etin
2562 4648 2803 4707 oratione
2845 4654 3245 4708 connuunicare
3278 4653 3469 4707 solitus
3490 4658 3628 4718 erat,

358 4749 498 4817 picta
516 4788 531 4812 ,
552 4755 606 4801 et
632 4746 698 4799 ad
729 4746 992 4813 integrum
1018 4742 1300 4798 emendata
1328 4743 1654 4810 exemplaria
1670 4743 1936 4810 retinetis,

362 4840 413 4894 id
446 4850 527 4893 est
552 4884 565 4906 ,
597 4838 718 4908 quia
750 4839 889 4893 sit-ut
934 4838 1098 4891 Filius
1127 4850 1231 4889 non
1266 4835 1407 4890 videt
1442 4835 1691 4900 Patrem,
1723 4836 1792 4890 ita
1842 4844 1941 4892 nec

356 4933 588 5000 Spiritus
618 4931 850 4985 Sanctus
875 4929 1070 4983 Filium
1095 4928 1262 4994 videt,
1288 4925 1305 4965 τ
1338 4926 1387 4982 id
1418 4936 1520 4991 est,
1550 4928 1689 4995 quod
1714 4942 1813 4996 ego
1834 4944 1940 4982 non

356 5025 529 5077 Solum
562 5034 795 5091 unquam
838 5035 941 5073 non
995 5018 1228 5086 scripsi,
1278 5018 1371 5073 sed
1405 5032 1436 5072 e
1462 5018 1772 5085 contrario,
1818 5022 1940 5088 quia

432 5166 459 5194 ⁸
491 5156 656 5212 Addit
688 5155 828 5208 idem
884 5166 985 5208 ms.
1007 5154 1144 5221 jam,
1196 5161 1248 5206 et
1277 5151 1433 5219 paulo
1462 5161 1583 5220 post
1614 5150 1781 5206 ferme
1829 5167 1947 5206 rec-

358 5229 488 5292 tius,
532 5238 585 5280 ut
616 5230 679 5279 ab
706 5226 818 5292 ipso
858 5228 1149 5277 edoceretur
1174 5225 1353 5276 iterum
1380 5225 1441 5275 ob
1473 5223 1772 5275 modestiam
1805 5224 1945 5276 insa-

360 5301 487 5354 rtt're.
507 5299 638 5350 'l'uut
655 5296 798 5364 quod
814 5298 1050 5351 seettndo
1071 5296 1297 5348 occurrit
1316 5308 1512 5364 rubuere
1527 5295 1750 5347 verbum
1779 5304 1939 5347 tacet.

434 5368 461 5407 δ
502 5369 599 5421 Bis.
632 5362 1015 5430 Guarnerian.,
1044 5375 1347 5417 occurreret.
1374 5362 1477 5416 ιιια
1508 5364 1663 5427 enim,
1692 5370 1799 5418 etc.

436 5444 459 5477 δ
505 5439 650 5492 idem
682 5452 812 5505 ms.,-
866 5440 919 5491 in
949 5436 1084 5489 breri
1114 5436 1335 5504 felicior.
1391 5435 1455 5488 Et
1500 5440 1685 5504 quinto
1728 5435 1796 5490 ab
1844 5436 1946 5488 hoc

361 5525 521 5564 versu
545 5509 756 5563 auditur
789 5523 885 5574 pro
910 5509 1140 5561 additur.

432 5584 461 5617 α
501 5580 665 5635 Tacet
708 5579 848 5633 idem
894 5594 993 5633 ms.
1025 5579 1134 5640 vir,
1166 5576 1307 5646 quod
1355 5576 1547 5630 habent
1597 5591 1791 5631 nomen
1824 5576 1945 5630 libri

363 5652 451 5706 alii
494 5664 705 5705 omnes.

438 5732 462 5758 ο
506 5722 683 5784 Idem,
731 5728 788 5773 ut
826 5720 1091 5788 striptoris
1121 5718 1323 5787 auferas
1352 5728 1529 5771 uolam
1553 5758 1568 5778 ,
1615 5728 1672 5770 ut
1695 5719 1949 5780 surripias

366 5797 603 5855 auribus,
633 5800 764 5854 etc.;
798 5806 914 5859 qua:
960 5790 1059 5843 etsi
1105 5789 1287 5841 vitiosa
1320 5789 1603 5859 manifesto
1634 5788 1949 5854 videantur,

368 5866 630 5919 adnotare
674 5858 845 5916 satius
884 5859 1171 5927 duximus,
1202 5867 1262 5913 ιιι
1287 5867 1336 5913 et
1368 5858 1495 5914 illud
1524 5860 1667 5927 quod
1699 5860 1855 5916 tertio
1884 5861 1952 5915 ab

2043 4746 2364 4801 contulisset
2393 4746 2508 4799 sine
2538 4744 2702 4799 dubio
2746 4752 2953 4801 mecum
2983 4745 3052 4802 de
3100 4745 3210 4810 his,
3263 4746 3458 4817 quibus
3488 4747 3634 4801 vide-

2046 4840 2204 4893 batur
2232 4838 2430 4895 oiTendi
2455 4855 2469 4894 :
2500 4837 2809 4908 inquisisset
2836 4839 3108 4909 quomodo
3131 4856 3157 4892 a
3186 4854 3273 4896 me
3301 4840 3487 4895 fuisset
3513 4853 3635 4909 pros

2046 4931 2209 4985 latum
2229 4971 2244 4996 ,
2274 4930 2545 5001 quomodo
2576 4929 2864 4986 haberetur
2889 4933 2939 4984 in
2968 4928 3179 4986 Gratco.

2115 5020 2209 5075 2i;
2251 5020 2410 5075 Certe
2433 5021 2595 5076 etiam
2622 5019 2722 5075 hoc
2744 5021 2927 5092 gloria:
2951 5014 3206 5077 sufllcere
3232 5021 3333 5078 sibi
3364 5028 3633 5093 putasset,

2052 5157 2154 5229 hoc
2178 5173 2333 5213 versu
2358 5157 2575 5221 dicitur,
2612 5159 2857 5227 conﬁcias
2904 5162 2999 5223 pro
3020 5160 3281 5229 conferas.

2126 5228 2146 5268 τ
2190 5231 2398 5285 Retieet
2428 5246 2527 5283 ms.
2562 5231 2616 5282 id
2643 5242 2735 5295 est,
2770 5232 3005 5295 voculas,
3039 5227 3206 5285 ferme
3232 5227 3463 5289 reetius,
3499 5235 3550 5279 ut
3583 5231 3637 5281 et
3674 5236 3680 5243 '

2056 5310 2177 5355 mox
2222 5302 2377 5370 legit,
2410 5302 2547 5370 quod
2578 5302 2666 5356 ille
2697 5300 2935 5372 falsam,
2968 5301 3105 5368 diro,
3138 5317 3233 5371 pro
3263 5300 3384 5369 quia
3414 5299 3500 5350 ille
3529 5297 3636 5366 [αι-

2052 5373 2201 5436 δαινίι,
2233 5373 2426 5425 indico.
2952 5394 2955 5397 ·
3082 5396 3083 5399 η

2133 5446 2159 5489 α
2201 5444 2297 5497 Ms.
2341 5446 2562 5514 facerem
2610 5441 2763 5508 hcic,
2802 5448 2857 5496 et
2886 5441 2937 5495 in
2971 5439 3177 5510 periodi
3212 5436 3355 5503 line;
3388 5444 3496 5491 tutu
3541 5437 3640 5491 hoc

2053 5516 2261 5569 reticet.
3010 5524 3013 5525 '
3326 5536 3333 5539 π

2128 5584 2156 5621 ⁸³
2200 5584 2423 5639 Brevius
2454 5582 2618 5641 idem,
2644 5585 2728 5649 qui
2750 5594 3132 5643 accusas,meas
3152 5580 3275 5632 tales
3306 5578 3503 5641 literas,
3530 5590 3639 5635 etc.

2134 5654 2149 5692 ι
2199 5654 2364 5709 Vetus
2401 5654 2532 5707 edit.
2564 5656 2665 5707 sub
2705 5652 3005 5705 aliirmaudi
3039 5659 3181 5713 nota,
3219 5649 3517 5721 Haud_inde
3546 5664 3640 5721 rgo

2057 5728 2292 5781 a‘ccasari
2336 5726 2514 5788 debeo,
2570 5723 2703 5775 unde
2734 5732 2786 5774 tu
2814 5737 2896 5774 me
2924 5724 3113 5789 falsum
3150 5721 3334 5789 fecisti.
3368 5718 3493 5774 Rem
3522 5718 3639 5790 pla-

2056 5798 2329 5853 uissimam
2352 5838 2367 5865 ,
2398 5804 2504 5849 etc.
2540 5792 2673 5847 Cod.
2704 5792 3085 5860 ϐυιιιιιυιὶςιιι.,
3120 5802 3171 5844 ιιι
3214 5790 3405 5862 falsum
3452 5793 3637 5863 {cristis
