4166 6348
494 336 600 391 539

1538 334 1767 391 RUFINI
1807 332 2290 403 AQlllLElENSlS
2328 333 2756 391 PRESBYTER!

3672 342 3793 401 560.

493 449 538 505 si
568 449 715 504 vinis
756 448 946 505 fuisset
990 448 1041 505 in
1069 449 1229 505 dictis
1258 447 1458 503 nostris
1505 447 1590 502 vel
1638 445 1854 516 scriptis
1898 444 2088 502 fecisse
2117 448 2163 506 Α
2193 446 2409 501 cemodi
2447 447 2756 518 dogmatutn
2790 462 3003 521 semper
3054 450 3406 508 exsecrabilis
3430 452 3590 512 fuerit
3613 498 3628 523 ,
3661 458 3784 530 lege

491 544 690 614 aliquid
725 561 817 614 per
865 560 925 599 se
970 542 1271 599 emendari.
1319 544 1425 597 Aut
1477 542 1523 595 si
1576 540 1725 595 furor
1763 539 1929 594 animi
1980 555 2085 593 non

494 647 602 692 tam
634 637 925 693 emendare
954 652 1195 692 errorem
1225 650 1382 706 quam
1413 634 1660 704 proferre
1690 632 1799 705 [ΑΙ.
1839 630 2086 706 proferri]

494 730 548 783 in
578 730 849 799 publicum
881 729 1262 797 compulisset,
1303 727 1421 781 sine
1464 725 1628 780 dubio
1679 704 2091 794 nunquam-elc-

494 818 663 889 gisset
687 822 961 877 absentem
993 822 1253 885 lacerare,
1283 834 1440 888 quem
1466 816 1727 886 potuisset
1756 817 1867 890 [ΑΙ.
1895 813 2089 886 potuit]

491 916 707 984 gravius
736 912 1013 968 Confutare
1044 920 1389 981 przescnlem.
1429 910 1533 965 Sed
1581 913 1741 964 istum
1788 907 1910 977 quia
1962 906 2087 962 falsi

500 1006 827 1061 conscientia
850 1003 1179 1069 deterrebat,
1225 1002 1290 1056 ad
1323 1015 1409 1056 me
1439 1000 1655 1070 quidem
1689 1000 1796 1071 [ΑΙ.
1831 1008 1933 1052 tac.
1966 998 2088 1067 qui-

492 1098 637 1171 dem]
665 1097 818 1168 cnjus
841 1106 995 1152 erant
1024 1098 1245 1164 scripta,
1271 1111 1390 1165 qua:
1414 1093 1627 1149 volebat
1651 1093 1952 1160 criminari,
1981 1105 2090 1146 non

492 1192 719 1257 detulit,
746 1190 838 1245 sed
870 1206 966 1259 per
1003 1190 1215 1252 domos,
1244 1203 1338 1257 per
1365 1197 1662 1251 matronas,
1690 1201 1787 1255 per
1815 1193 2091 1240 monaste-

491 1284 603 1350 ria,
635 1299 729 1352 per
758 1282 1000 1351 singulos
1044 1294 1291 1350 quosque
1326 1280 1554 1333 fratrum
1598 1278 1952 1339 circumfert,
1983 1291 2089 1344 quo

495 1376 615 1431 solo
666 1375 836 1444 possit
882 1373 992 1446 [ΑΙ.
1044 1370 1241 1444 possis]
1271 1372 1598 1425 conturbare
1647 1371 1855 1424 auditu.
1893 1370 1955 1421 Et
1987 1369 2088 1423 hcc

490 1467 620 1523 fecit
648 1466 755 1541 [AL
804 1464 954 1536 facit]
997 1466 1097 1519 sub
1131 1464 1247 1533 ipso
1277 1472 1520 1529 tempore
1549 1476 1656 1531 quo
1687 1459 1973 1514 confestim
2019 1473 2088 1512 ex

492 1558 641 1617 Urbe
669 1559 971 1615 discederet
1000 1558 1108 1631 [ΑΙ.
1138 1555 1481 1627 decederes],
1525 1570 1592 1609 ne
1623 1556 1703 1609 vel
1734 1555 2089 1617 comprehen-

491 1668 585 1708 sus
614 1652 736 1707 facti
778 1650 863 1707 sui
899 1650 1154 1705 redderet
1175 1663 1420 1704 caussas.
1465 1646 1636 1700 Etiam
1669 1644 1811 1710 inde,
1846 1651 1901 1697 ut
1933 1642 2089 1696 intel-

492 1744 588 1815 ligi
621 1744 813 1811 datur,
843 1740 1137 1797 secundum
1170 1747 1491 1809 przeceptutn
1524 1736 1767 1807 magistri
1802 1751 1895 1804 per
1919 1742 2084 1787 totam

2192 536 2625 596 Commentarios
2673 557 2822 597 meos
2873 543 2925 596 in
2978 542 3208 612 Epistula
3238 542 3263 581 ά
3298 544 3444 601 Pauli
3495 548 3560 602 ad
3606 549 3782 619 Epire-

2190 631 2320 695 sios,
2351 641 2405 687 et
2446 647 2515 687 ex
2571 632 2654 687 bis
2704 648 2824 701 quae
2874 634 3097 704 scripsi,
3131 636 3255 706 quid
3302 638 3370 694 de
3395 654 3460 694 eo
3489 655 3528 694 se
3554 646 3782 711 nserim,

2193 723 2379 791 legens
2407 740 2529 779 eum
2549 769 2563 793 ,
2590 725 2670 779 vel
2703 724 3065 795 interpretans
3092 768 3106 793 ,
3140 744 3351 785 nosces.
3394 751 3411 783 ι
3452 732 3518 787 Et
3559 734 3671 788 lucc
3700 746 3784 791 est

2192 812 2297 885 [ΑΙ.
2349 825 2447 869 tae.
2506 814 2609 888 est]
2666 828 2753 871 tua
2801 819 2933 873 tanti
2981 820 3219 890 magistri
3259 824 3524 892 gravitas,
3572 837 3628 879 ut
3657 842 3782 882 eum

2191 922 2349 978 quem
2376 909 2426 963 in
2465 909 2586 964 aiiis
2617 911 2824 976 laudas,
2862 922 2885 950 θ
2913 916 3244 974 condemnes
3274 920 3325 974 in
3358 922 3505 987 aliis,
3536 932 3591 979 et
3621 940 3785 995 quem

2192 998 2246 1052 in
2272 1000 2677 1056 Prwfationibus
2708 1003 2811 1058 tuis
2831 1004 3061 1061 alterum
3090 1019 3213 1078 post
3250 1013 3549 1078 Apostolos
3591 1014 3783 1071 Eccle-

2193 1091 2393 1145 siarutn
2445 1094 2759 1163 magistrum
2810 1095 3026 1168 dixisti,
3062 1116 3204 1157 nunc
3253 1102 3568 1161 hmreticum
3588 1106 3782 1162 dicas?

2191 1184 2324 1251 Quis
2374 1185 2699 1252 haereticus,
2752 1188 3118 1248 Ecclesiarum
3190 1197 3449 1266 magister
3495 1199 3784 1268 aliquando

2190 1277 2294 1333 dici
2322 1280 2533 1348 pctnit?
2568 1278 2781 1347 Erravi,
2807 1282 2998 1352 inquit,
3032 1285 3083 1339 in
3109 1285 3230 1340 hoc.
3253 1289 3356 1344 Sed
3381 1290 3618 1360 quandiu
3642 1290 3786 1346 Prte-

2194 1370 2544 1425 fatiunculam
2591 1372 2851 1441 subjicis?
2883 1374 3315 1433 Commentarios
3343 1379 3461 1451 lege
3484 1423 3500 1449 ,
3541 1380 3637 1438 sed
3666 1383 3787 1439 illos

2190 1478 2327 1533 quos
2358 1464 2653 1533 designavi.
2689 1466 2751 1519 Et
2780 1465 2866 1519 cui
2892 1464 3221 1537 ltoc'jnstum
3241 1471 3482 1539 videtur,
3513 1484 3571 1529 ut
3610 1474 3658 1531 is
3692 1478 3787 1545 qui

2194 1562 2273 1607 tot
2304 1553 2472 1607 libros
2501 1555 2864 1625 conscripsit,
2903 1558 2955 1610 in
2988 1559 3182 1626 quibus
3214 1562 3467 1619 omnibus
3490 1580 3626 1635 pene
3650 1584 3788 1636 pra:-

2198 1643 2353 1697 conia
2395 1642 2514 1713 ejus
2562 1660 2731 1714 usque
2762 1646 2826 1699 ad
2860 1648 3051 1702 ett-lum
3084 1648 3223 1705 fert:
3257 1652 3348 1723 qui
3380 1664 3458 1709 tot
3493 1658 3604 1725 jam
3632 1659 3790 1713 annis

2192 1744 2249 1789 et
2277 1734 2401 1790 lecri
2449 1745 2575 1790 situt
2627 1738 2695 1792 ab
2748 1740 2999 1794 omnibus
3031 1750 3087 1795 et
3134 1741 3421 1814 leguntur:
3468 1762 3534 1801 ex
3591 1749 3789 1816 quibus

493 1853 581 1892 me
606 1836 809 1891 Italiam
847 1833 1159 1901 criminari,
1203 1833 1461 1903 inStigare
1506 1829 1725 1893 turbas,
1756 1825 2082 1882 conturbare
2114 1839 2163 1899 Β
2192 1826 2571 1897 quamplurimi
2627 1828 2699 1883 ita
2746 1830 2919 1885 edocti
2963 1831 3070 1901 jam
3102 1832 3170 1888 de
3217 1839 3317 1890 hoc
3371 1834 3391 1874 ί
3440 1839 3640 1893 mundo
3693 1841 3788 1895 de-

494 1931 791 1997 Ecclcsias,
830 1944 992 1985 aures
1025 1942 1239 1999 quoque
1280 1925 1519 1996 polluere
1549 1922 1917 1987 sacerdotum,
1947 1930 2001 1976 et
2030 1921 2081 1975 in

495 2023 584 2078 bis
627 2021 876 2078 omnibus
907 2019 1167 2074 modestia
1217 2028 1399 2071 nostra
1453 2025 1706 2086 tanquam
1755 2011 2087 2069 conscientia

495 2113 665 2169 abuti.
714 2113 840 2167 llaec
868 2109 1141 2181 discipui.
1174 2110 1289 2178 Ipse
1321 2123 1448 2163 vero
1486 2108 1764 2161 orientatis
1799 2105 2087 2176 magister,

495 2207 586 2276 qui
617 2204 684 2259 ad
719 2202 1066 2273 Vigilantium
1115 2202 1359 2257 scribens
1387 2200 1603 2255 dixerat
1653 2198 1847 2269 (Epist.
1891 2196 1979 2253 61.
2032 2214 2088 2252 n.

498 2297 649 2367 9.2.),
692 2316 710 2347 ι
754 2294 853 2350 Per
893 2311 979 2350 me
1030 2294 1205 2349 Latini
1254 2301 1589 2363 cognoscunt
1632 2305 1820 2346 omnes
1846 2289 2092 2361 Origenis

495 2393 661 2456 bona,
690 2398 746 2444 et
775 2390 1025 2459 ignorant
1048 2388 1223 2452 mala;
1266 2406 1287 2440 ι
1330 2388 1460 2441 istos
1490 2388 1638 2456 ipsos
1663 2402 1798 2456 quos
1822 2402 1922 2455 ego
1948 2401 2091 2441 nunc

507 2484 919 2547 transtuleram,
952 2491 976 2518 ⁸
1018 2480 1469 2549 reinterpretatus
1496 2489 1600 2546 est,
1630 2489 1683 2534 et
1711 2479 1889 2533 Omnia
1917 2494 2036 2548 qu.e
2062 2494 2091 2533 a

510 2589 599 2627 me
627 2572 712 2626 vel
740 2570 1110 2642 improbabilia
1154 2565 1517 2641 prtetermissa
1547 2568 1793 2638 fuerant,
1823 2568 1985 2640 33o
2013 2568 2094 2623 in-

500 2665 709 2730 seruit,
754 2678 862 2735 quo
908 2663 1119 2717 scilicet
1166 2675 1308 2717 nunc
1353 2670 1541 2717 contra
1570 2663 1888 2716 sententiam
1940 2676 2090 2715 suam

504 2757 735 2812 ttotnani
769 2772 863 2827 per
912 2756 1085 2826 ipsum
1136 2753 1382 2825 Origenis
1423 2764 1751 2826 cognoscant
1808 2755 1986 2821 mala,
2039 2762 2094 2809 et

516 2861 746 2923 gnorent
789 2852 947 2907 bona.
981 2849 1116 2905 llinc
1142 2849 1253 2919 jam
1288 2866 1396 2904 non
1443 2850 1613 2905 solum
1642 2849 1926 2919 Origenem
1949 2890 1970 2915 ,
1997 2848 2090 2904 sed

497 2961 585 3000 me
610 2945 785 3014 ipsum
815 2943 868 2997 in
891 2943 1251 3011 suspicionem
1288 2943 1353 2995 lia
1374 2941 1511 2997 resis
1540 2950 1767 2996 conatur
1796 2940 2087 2997 adducere.

500 3036 635 3090 Hinc
665 3035 859 3090 emittit
895 3032 1003 3107 [ΑΙ.
1037 3031 1225 3104 etiam]
1270 3032 1671 3089 incessabiliter
1716 3048 1881 3088 canes
1921 3048 2047 3089 suos
2072 3075 2090 3102 ,

499 3129 591 3197 qni
616 3143 704 3184 me
730 3142 826 3197 per
851 3127 1034 3195 urbes,
1068 3141 1165 3197 per
1186 3128 1353 3190 vicos,
1372 3123 1398 3164 δ
1422 3140 1516 3196 per
1546 3128 1645 3180 iter
1665 3141 1877 3197 quoque
1908 3135 2087 3182 trans-

2198 1931 2502 1984 cesscrnnt,
2563 1930 2617 1975 et
2672 1932 3023 1990 perrexerunt
3070 1924 3138 1978 ad
3185 1925 3491 1997 Dominum,
3539 1929 3677 1986 hanc
3720 1932 3790 1987 de

2196 2012 2426 2082 Origene
2480 2015 2802 2069 sententiam
2863 2026 3134 2084 tenentes,
3191 2035 3349 2089 quam
3393 2036 3463 2076 ex
3522 2022 3788 2078 librorum

2198 2107 2359 2162 istius
2398 2108 2698 2163 assertione
2745 2108 3075 2175 didicerant,
3108 2120 3163 2166 et
3209 2112 3453 2168 abierunt
3507 2126 3793 2184 sperantes

2195 2199 2349 2271 juxta
2406 2199 2566 2272 bnjus
2619 2202 2983 2257 testimonium
3037 2204 3346 2260 inventuros
3406 2220 3465 2261 sc
3519 2221 3641 2261 eum
3700 2222 3789 2261 st-

2204 2294 2438 2348 cundum
2491 2303 2611 2361 post
2675 2294 2965 2363 Apostolus
3015 2294 3377 2353 Ecclesiarum
3437 2298 3793 2368 magistrum,

2197 2386 2356 2456 331
2408 2395 2462 2440 et
2491 2395 2514 2432 Β
2544 2392 2603 2439 ut
2632 2400 2773 2440 nunc
2814 2387 3007 2442 iterum
3050 2389 3255 2455 scribit,
3296 2387 3616 2444 invenerunt
3657 2405 3784 2445 eum

2196 2493 2319 2532 cum
2373 2477 2551 2546 impiis
2600 2477 2868 2533 haereticis
2912 2487 2967 2534 et
3010 2477 3293 2549 gentilibus
3345 2479 3786 2537 condemnatum.

2197 2571 2476 2641 Quomodo
2522 2588 2581 2628 se
2628 2588 2694 2626 ex
2744 2573 3095 2628 contentione
3150 2582 3439 2626 commutet
3497 2582 3553 2627 et
3603 2572 3788 2640 dicat,

2197 2664 2319 2734 quia
2364 2664 2509 2719 illum
2563 2679 2720 2735 quem
2778 2664 2992 2735 triginta
3039 2662 3152 2720 fere
3196 2663 3349 2718 annis
3390 2664 3658 2719 continuis
3709 2666 3789 2721 le-

2198 2771 2330 2828 gens
2360 2768 2414 2813 et
2445 2757 2714 2823 scribens,
2746 2758 3019 2825 Apostolis
3049 2757 3349 2824 emtjuavi,
3392 2771 3533 2812 nunc
3573 2757 3789 2812 haereti-

2195 2866 2315 2931 cnm
2365 2852 2686 2922 pronuntio?
2732 2850 3001 2922 Numquid
3024 2852 3231 2922 aliquos
3274 2865 3443 2905 novos
3478 2850 3597 2921 ejus
3624 2851 3792 2905 libros

2206 2943 2367 2999 modo
2413 2945 2560 3016 legit,
2606 2958 2741 3015 quos
2787 2955 2912 2999 ante
2938 2959 3043 2998 non
3073 2943 3310 3013 legerat?
3337 2943 3442 2999 Sed
3473 2958 3541 2998 ex
3572 2943 3657 2998 his
3684 2946 3789 2998 eis-

2199 3036 2321 3092 dem
2347 3036 2530 3104 dietis,
2563 3052 2686 3091 eum
2718 3047 2771 3091 et
2802 3044 2927 3090 tunc
2957 3036 3295 3105 Apostolum.
3326 3045 3382 3091 et
3408 3051 3547 3089 nunc
3575 3036 3789 3090 lucreti-

2197 3143 2317 3184 cum
2351 3128 2498 3195 dicit,
2534 3138 2587 3184 et
2612 3129 2759 3183 nullo
2810 3128 2970 3182 modo
3016 3128 3118 3182 ltoe
3163 3128 3235 3182 ita
3285 3128 3396 3183 lieri
3445 3129 3634 3197 potuit.
3685 3130 3791 3182 Ant

496 3230 716 3277 euntem
737 3220 1127 3274 calumniarum
1160 3219 1449 3274 latratibus
1480 3220 1830 3285 insecteutur,
1857 3229 1912 3275 et
1934 3218 2088 3275 fanda
2122 3232 2168 3295 α
2199 3222 2341 3277 enim
2386 3231 2509 3278 tunc
2558 3231 2704 3276 recte
2751 3220 2905 3288 dixit,
2938 3230 2996 3276 et
3039 3221 3197 3275 modo
3244 3221 3414 3275 livore
3461 3222 3692 3291 quodam
3733 3227 3790 3273 et

508 3314 793 3369 adversum
849 3327 936 3368 me
965 3312 1165 3375 omnia,
1222 3318 1383 3381 atque
1434 3311 1647 3365 infanda
1682 3321 1955 3366 tentantur
1985 3310 2123 3384 [Ala

505 3402 757 3477 tentant].
790 3403 928 3471 Quid
955 3444 970 3471 ,
1025 3417 1211 3473 quaeso
1261 3409 1336 3470 te,
1370 3404 1591 3458 sceleris
1640 3403 1995 3470 admisimus,
2048 3404 2095 3459 si

500 3488 728 3553 fecimus
777 3496 921 3566 quod
976 3495 1190 3551 fecisti?
1242 3494 1298 3551 Si
1344 3504 1521 3550 tamen
1573 3494 1837 3551 nefarium
1887 3507 1971 3553 est
2018 3498 2095 3552 uti

502 3589 767 3657 cxemp'is
796 3588 902 3641 tuis
923 3629 938 3653 ,
970 3587 1119 3641 dcte
1146 3586 1287 3655 ipse,
1319 3585 1447 3656 quid
1475 3585 1730 3657 iudicas?

540 3682 668 3734 οὲἓ.
720 3679 1082 3735 Veruntamen
1118 3679 1206 3734 dic
1250 3678 1410 3743 mihi,
1442 3695 1473 3731 ο
1502 3680 1784 3750 magister,
1812 3679 1922 3749 jam
1951 3681 2093 3736 enim

507 3771 575 3827 ad
602 3780 655 3826 te
675 3769 1039 3825 convertenda
1064 3770 1345 3839 responsio
1366 3779 1471 3831 est,
1494 3769 1559 3823 ad
1589 3772 1887 3839 legentem,
1917 3781 2008 3826 aut
2028 3772 2090 3826 ad

510 3866 985 3933 interpretantem,
1015 3863 1059 3917 si
1093 3876 1197 3932 qua
1231 3862 1320 3916 illa
1349 3872 1430 3917 est
1450 3863 1725 3933 scriptoris
1746 3864 1920 3935 culpa,
1952 3874 2097 3920 recte

504 3957 821 4012 revocatur?
850 3957 1022 4021 Absit,
1050 3956 1250 4026 inquit:
1278 3971 1632 4027 nequaquam.
1656 3957 1790 4026 Quid
1819 3974 1902 4014 ne
1930 3970 1950 3997 ε
1975 3959 2098 4014 sub-

506 4044 670 4100 tiliter
695 4046 1104 4101 circumvenis?
1151 4045 1398 4118 Nunquid
1428 4063 1531 4102 non
1562 4057 1618 4102 et
1646 4064 1746 4119 ego
1778 4049 1917 4118 legi?
1957 4065 2095 4105 nun-

506 4138 630 4207 quid
658 4155 760 4193 non
792 4149 847 4193 et
869 4154 968 4208 ego
996 4139 1383 4207 interpretatus
1414 4139 1575 4193 sum?
1603 4138 1706 4194 Sed
1735 4140 1853 4208 lege
1883 4154 1943 4193 ea
1975 4156 2094 4209 qua:

510 4235 897 4302 interpretatus
927 4247 1043 4286 sum
1068 4274 1082 4297 ,
1117 4231 1235 4287 vide
1274 4234 1317 4286 si
1368 4232 1492 4302 quid
1525 4231 1576 4286 in
1621 4232 1706 4287 his
1736 4233 2093 4301 dogmaticum

508 4328 753 4385 invenies
780 4347 792 4381 :
826 4341 973 4383 certe
1002 4325 1044 4380 si
1069 4326 1265 4398 aliquid
1300 4327 1514 4390 borum,
1544 4342 1659 4396 quze
1687 4342 1827 4381 nunc
1851 4327 1915 4378 ad
1943 4330 2095 4379 dam-

420 4402 436 4415 .
511 4423 784 4478 nationem
812 4436 948 4475 vcco
984 4422 1238 4489 reperies.
1274 4419 1551 4474 Postremo
1582 4419 1693 4473 ait:
1732 4439 1751 4469 ‹
1790 4417 1845 4472 Si
1873 4418 1951 4471 vis
1983 4417 2093 4486 plc-

502 4516 627 4570 nius
654 4529 815 4570 nosse
843 4514 1111 4585 quomodo
1152 4512 1290 4584 apud
1344 4527 1427 4568 me
1455 4512 1614 4568 etiam
1638 4510 1872 4580 suspicio
1903 4508 2090 4579 hujus-

2119 4619 2171 4679 D

573 4705 599 4733 ι
642 4695 776 4752 Cod.
808 4695 1161 4751 Guarncrian.
1187 4697 1360 4759 ἁπλῶς
1383 4698 1743 4764 interpretatus
1768 4702 1861 4758 est,
1890 4700 1999 4747 tum
2029 4710 2087 4748 ea

501 4768 674 4821 omnia
700 4783 796 4834 pro
819 4778 866 4821 ιι
895 4769 1089 4833 omnia,
1119 4778 1176 4823 et
1203 4778 1321 4825 sunt
1358 4784 1451 4835 pro
1480 4771 1704 4835 fuerant.

569 4838 598 4877 δ
644 4839 786 4893 Idem
811 4838 1193 4901 Guarnerian.,
1223 4856 1311 4908 per
1333 4841 1469 4892 vicos
1490 4838 1685 4907 pariter
1706 4843 2049 4908 transeuntem
2069 4851 2089 4889 :

501 4921 612 4962 tum
654 4923 701 4962 et
729 4910 889 4979 fanda
917 4911 1087 4964 omnia
1117 4920 1161 4963 et
1194 4906 1421 4979 nefanda
1450 4909 1722 4979 adversam
1751 4906 2084 4979 nte_[ateant,

503 4996 600 5047 pro
626 4975 738 5050 quo
754 4982 937 5064 utique
961 4991 1234 5064 postremo
1260 4975 1429 5064 verbo
1454 4978 1635 5059 malim
1670 4975 1891 5029 rescribi
1923 4975 2085 5043 blate-

498 5049 652 5116 rant,
673 5049 904 5120 autqnid
929 5051 1126 5106 simile.
1153 5051 1299 5103 Alias
1334 5049 1527 5119 Vulgati
1547 5057 1830 5120 sectentur.

579 5132 602 5161 ο
647 5117 900 5193 Pericopa
944 5125 1092 5177 ist-.nc
1141 5117 1462 5193 verborum,
1526 5118 1663 5193 Quid
1710 5133 1789 5171 me
1834 5117 2091 5173 subtiliter

502 5188 860 5258 circumvenis,
893 5194 943 5248 in
971 5190 1336 5247 Guarnerinn.
1380 5206 1481 5243 ius.
1514 5188 1873 5242 desideratur.

550 5263 578 5327 (ί
622 5266 785 5319 Tacet
809 5264 950 5320 idem
985 5279 1086 5317 ms.
1114 5259 1307 5331 Pauli,
1341 5269 1448 5313 tum
1482 5259 1660 5321 habet,
1705 5269 1749 5310 et
1773 5258 1834 5310 de
1856 5260 1937 5313 his
1980 5278 2092 5329 quae

496 5336 709 5408 scripsi,
743 5352 944 5408 nosces,
968 5335 1113 5404 quid,
1139 5343 1275 5388 ctc..
1311 5331 1477 5408 legens
1499 5346 1615 5408 eum
1648 5340 1693 5382 et
1722 5330 2087 5408 interpretans,

495 5400 615 5463 em;
656 5400 1063 5461 ltormvidetur
1108 5416 1363 5471 perquam
1404 5401 1453 5451 id
1501 5403 1691 5453 mirum
1725 5400 2085 5470 Ttllrmontio,

495 5479 881 5549 Hieronymum
912 5478 976 5527 ad
1008 5490 1144 5549 eum
1170 5471 1631 5549 Commentarium
1667 5487 1958 5549 provocare
1982 5516 1995 5536 ,
2030 5478 2084 5530 in

493 5566 601 5615 quo
626 5542 771 5604 nulla
796 5560 1029 5615 unquam
1058 5542 1645 5615 UrigcnisAopiniontun
1681 5544 2071 5615 perstringitur,

492 5613 557 5675 ex
586 5613 1128 5690 quibusOrigettium)
1149 5613 1373 5690 prpprie
1400 5613 1619 5690 ltzrresis
1640 5623 1851 5690 constat
1875 5630 1891 5671 :
1920 5613 2081 5671 econ;

491 5681 660 5745 trario
689 5689 876 5756 multa,
903 5681 1023 5756 qua:
1054 5683 1121 5756 ad
1144 5681 1525 5756 Ut'igenianum
1567 5684 1757 5753 dogma
1794 5685 2082 5752 plurimum

490 5753 951 5885 faciutitwplacita
1000 5755 1360 5826 proferuntur.
1396 5753 1531 5811 Eum
1565 5756 1765 5813 videsis
1799 5768 1928 5814 tom.
1965 5760 2077 5817 Xll.

490 5847 610 5885 nae.
756 5869 769 5883 .

489 5847 610 5904 pag.
648 5832 769 5887 115.

2201 3318 2547 3373 contentione
2601 3316 2948 3384 pervertitur,
2982 3325 3033 3370 et
3067 3315 3363 3369 audiendus
3410 3329 3515 3370 non
3546 3322 3651 3369 est.
3686 3317 3791 3367 Aut

2200 3410 2246 3466 si
2301 3422 2429 3465 tunc
2479 3407 2776 3483 maledixit,
2827 3417 2881 3463 et
2928 3407 3088 3463 modo
3137 3404 3792 3476 seipsumhcondemnat,

2200 3504 2356 3579 quale
2380 3517 2509 3572 ergo
2536 3502 2601 3556 de
2630 3516 2688 3556 se
2713 3498 3395 3567 cmterorumexspectabit
3420 3497 3707 3567 judicium,
3744 3498 3789 3552 is

2206 3596 2296 3667 qui
2322 3595 2616 3651 secundum
2645 3593 2887 3664 Apostoli
2910 3594 3231 3649 sententiam
3260 3607 3291 3646 a
3319 3592 3610 3661 semetipso
3639 3590 3789 3644 dam-

2204 3687 2397 3743 natur?

2270 3777 2362 3834 22.
2397 3777 2464 3832 Et
2494 3775 2644 3846 quid,
2679 3774 2869 3845 inquit,
2900 3774 3234 3830 abscinditur
3263 3772 3606 3841 pmnitentia?
3637 3772 3752 3827 Non
3773 3791 3791 3826 :

2200 3880 2435 3937 erratur,
2465 3879 2517 3923 et
2549 3869 2600 3922 in
2631 3868 2797 3923 verbo
2826 3866 3055 3923 maxime
3081 3884 3093 3920 :
3123 3867 3250 3921 licet
3271 3865 3483 3934 quidem
3513 3865 3583 3921 de
3605 3880 3794 3920 errore

2201 3962 2485 4032 paenitere.
2521 3960 2626 4014 Sed
2656 3959 2817 4013 simul
2846 3958 3039 4029 aliquis
3071 3955 3439 4029 pmnitentiam
3471 3958 3600 4025 agit,
3630 3955 3788 4011 simul

2199 4063 2447 4120 accusat,
2492 4053 2653 4108 simul
2689 4053 2915 4122 judicat,
2947 4053 3212 4120 simulque
3241 4050 3593 4106 condemnat?
3627 4050 3792 4117 Quasi

2198 4162 2326 4203 vero
2353 4147 2396 4201 si
2429 4160 2531 4215 qua
2585 4144 2843 4199 meretrix
2872 4159 2976 4198 una
3023 4158 3082 4198 se
3127 4153 3305 4205 nocte,
3354 4149 3448 4195 aut
3498 4140 3706 4195 duabus
3757 4156 3790 4195 a

2199 4239 2489 4296 scortando
2522 4238 2815 4303 contineat,
2849 4236 3043 4292 debeat
3072 4235 3327 4291 continuo
3358 4233 3502 4303 leges
3531 4232 3598 4288 de
3635 4233 3791 4303 pudi-

2198 4331 2322 4387 citia
2368 4331 2628 4396 scribere,
2680 4341 2734 4385 et
2779 4345 2884 4383 non
2932 4328 3105 4383 solum
3144 4329 3287 4397 leges
3316 4324 3569 4392 condere,
3601 4342 3789 4380 verum

2198 4434 2254 4480 et
2307 4424 2552 4492 sepulcra
2589 4422 2602 4461 ί
2638 4424 2871 4478 obruere
2916 4422 3179 4489 omnium,
3229 4435 3346 4487 quae
3371 4418 3481 4489 jam
3518 4417 3787 4473 defuncta:

2199 4530 2321 4573 sunt
2339 4516 2685 4583 feminarum,
2699 4516 2952 4587 quod_cas
2968 4516 3268 4585 suspicetur
3279 4511 3358 4568 sui
3372 4512 3600 4568 similem
3620 4513 3788 4567 vitam

2275 4709 2298 4737 ε
2336 4699 2390 4754 1η
2419 4697 2792 4752 Guarneriano
2821 4709 2950 4758 ms.,
2977 4704 3293 4749 contemnas.

2273 4768 2292 4807 ί
2337 4771 2390 4823 1η
2422 4770 2633 4831 eodem,
2665 4772 2728 4821 de
2747 4767 2843 4819 hoc
2865 4768 3051 4818 mundo
3079 4768 3148 4818 ita
3176 4767 3511 4818 discesserunt
3540 4771 3587 4816 et
3610 4778 3787 4825 perre-

2196 4850 2379 4896 xerunt
2425 4841 2493 4892 ad
2551 4841 2741 4899 (leum,
2772 4838 2904 4891 hanc
2937 4837 3169 4906 Urigenis
3201 4836 3494 4888 sentmtiam
3531 4840 3782 4906 terrentes,

2196 4929 2353 4983 quant
2403 4927 2464 4965 ea;
2512 4910 2759 4983 librorum
2808 4903 3089 4983 assertione
3134 4907 3217 4960 isti
3260 4906 3564 4983 didicerant.
3621 4903 3785 4958 Vetus

2196 4977 2407 5053 quoque
2429 4982 2617 5046 editio,
2644 4980 3046 5053 liancOrigenis
3072 4978 3372 5032 sententiam
3399 4977 3633 5053 praefert:

2270 5063 2295 5100 ε
2324 5044 2496 5118 llujus
2541 5044 2612 5105 ut
2648 5052 2851 5105 voculae
2888 5044 3211 5112 accessione,
3258 5064 3357 5114 Ope
3388 5044 3585 5101 codicis
3608 5045 3781 5100 Guar-

2198 5125 2426 5181 neriani.
2445 5125 2617 5177 locum
2635 5122 2987 5183 restituimus,
3003 5119 3157 5189 cujus
3180 5120 3357 5174 eratin
3372 5126 3526 5189 attica
3552 5118 3781 5189 vulgatis

2197 5196 2348 5250 libris
2382 5194 2589 5249 hiulcus
2620 5208 2814 5247 sensus
2841 5201 3000 5260 atque
3026 5187 3389 5258 imperl'ectus.
3427 5187 3553 5241 Eam
3577 5197 3631 5242 et
3652 5188 3780 5260 olim

2196 5283 2294 5321 nos
2326 5265 2591 5319 excidisse
2621 5264 2876 5331 suspicati
2907 5277 3115 5316 Sumus.
3146 5261 3411 5314 Caeterum
3442 5270 3506 5331 et
3525 5259 3779 5331 invenient

2197 5339 2316 5407 legit
2351 5338 2488 5391 idem
2518 5351 2617 5389 ms.
2653 5328 2748 5407 pro
2778 5336 3097 5407 invenerunt,
3128 5331 3349 5407 etquod
3380 5329 3578 5407 rectius
3606 5328 3779 5381 adhuc

2199 5401 2399 5463 habere
2425 5408 2637 5461 videtur
2658 5401 3011 5470 subsequenti
3043 5404 3284 5470 periodo,
3315 5401 3464 5455 modo
3489 5416 3542 5452 se
3563 5416 3627 5451 ea:
3653 5414 3778 5450 con-

2192 5481 2336 5533 cione
2357 5487 2629 5531 commutet
2662 5492 2759 5545 pro
2784 5476 3053 5539 Quomodo
3094 5490 3148 5527 se
3186 5488 3250 5525 ea:
3282 5472 3624 5545 contentione,
3666 5481 3769 5523 etc.

2263 5548 2289 5586 ιι
2353 5549 2499 5605 Idem
2559 5542 2763 5613 ms.',se
2805 5548 2913 5617 ipse
2963 5546 3290 5608 condemnat,
3338 5542 3490 5611 quale
3540 5556 3659 5609 (rgo
3710 5556 3776 5594 et:

2187 5638 2258 5682 δι’,
2288 5632 2392 5675 etc.
3554 5652 3557 5655 ,

2273 5692 2284 5728 ί
2326 5695 2499 5760 Atque
2524 5690 2629 5744 hoc
2654 5688 2849 5760 rectius
2868 5689 2918 5740 in
2945 5688 3065 5741 cod.
3101 5684 3471 5740 Guarneriano
3498 5681 3661 5739 scribi
3695 5681 3765 5737 vi-

2187 5764 2344 5820 detur
2372 5759 2611 5817 subruere
2639 5765 2735 5831 pro
2761 5759 2991 5813 obruere.
