4166 6348
365 405 454 463 5’3!

1522 411 1888 471 APOLOGIAS
1928 416 2128 474 LIBER
2171 423 2440 483 PRIMUS.

3531 438 3636 495 562

364 524 602 583 duxisse?
627 526 997 582 Paenitentiam
1013 544 1176 599 agens
1199 530 1335 599 quod
1358 531 1641 588 hazreticus
1666 533 1831 589 fueris
1849 536 1943 591 be-
1972 537 2021 595 Α
2048 557 2166 609 quc
2213 548 2396 617 arguis
2441 548 2777 608 confutanda.
2798 557 3049 621 pronouis
3077 573 3091 612 :
3121 559 3390 628 quomodo
3422 561 3488 619 de
3531 568 3635 622 tuis

363 621 584 676 nelaets.
611 619 747 686 Quid
769 621 868 676 hoc
888 622 953 675 ad
973 639 1077 684 me,
1108 623 1196 691 qui
1218 640 1484 694 nunquam
1519 626 1806 681 hazreticns
1840 628 1944 681 l'ui?

362 713 738 769 Pmnitetitiam
769 715 881 784 agis
912 731 1007 783 pro
1035 731 1258 790 errore,
1279 728 1425 771 recte
1475 716 1632 782 iacis;
1682 719 1725 772 si
1768 731 1942 774 tamen

360 805 528 875 ipsam
570 806 936 875 pmnitentiam
977 806 1215 877 legitime
1259 823 1433 877 geras,
1477 806 1583 879 [Αἰ.
1628 810 1751 862 add.
1787 807 1942 881 idest]

358 913 464 952 non
495 897 819 964 accusando,
843 896 935 953 sed
966 897 1326 966 deprecandi,
1368 914 1471 953 non
1511 899 1939 968 condemnanda,

358 990 450 1044 sed
484 989 683 1044 ﬂendo.
713 989 842 1044 Nam
874 1006 991 1058 qua:
1023 990 1346 1057 paenitentia
1377 992 1575 1045 veritas
1603 1003 1707 1060 c5t,
1745 993 1830 1046 nhi
1864 996 1944 1048 in-

356 1080 651 1147 dulgentia:
693 1080 965 1135 decretum
1006 1083 1120 1151 ipse
1162 1081 1264 1136 sibi
1314 1083 1580 1151 pmnilens
1609 1086 1811 1140 dictat?
1842 1087 1943 1155 Qui

359 1172 583 1240 pmnitet
612 1187 708 1242 pro
738 1172 821 1226 his
849 1188 967 1240 quae
999 1172 1136 1227 male
1165 1174 1374 1228 loeutus
1411 1185 1514 1238 est,
1556 1176 1749 1229 vulnus
1779 1192 1938 1231 suum

357 1280 461 1319 nun
495 1264 684 1318 iterum
729 1266 864 1317 male
902 1264 1167 1333 loquendo
1204 1273 1376 1328 curat,
1426 1265 1518 1320 sed
1569 1266 1797 1321 silendo.
1853 1267 1944 1323 Sic

356 1355 767 1424 euimseriptutn
787 1365 868 1409 est
891 1374 902 1407 :
924 1364 949 1391 ιι
977 1355 1224 1421 Peccasti,
1239 1358 1458 1427 quiesce.
1479 1357 1583 1413 Sed
1604 1375 1740 1413 nunc
1760 1361 1872 1431 ipse
1891 1370 1942 1416 te

355 1463 505 1501 reum
538 1447 751 1511 statuis,
784 1457 840 1503 et
870 1448 1059 1502 iterum
1092 1459 1242 1503 reatu
1272 1452 1386 1521 ipse
1419 1465 1469 1506 te
1498 1453 1751 1519 absolvis,
1787 1464 1842 1508 et
1870 1472 1934 1510 ex

356 1556 450 1595 reo
482 1541 595 1608 ipse
623 1550 675 1595 te
704 1540 933 1610 iudicem
961 1541 1105 1596 lacis.
1136 1542 1388 1612 ilmcjam
1419 1560 1522 1600 non
1555 1554 1666 1612 tua,
1699 1548 1786 1616 qui
1820 1548 1941 1602 irri-

354 1633 451 1690 des
496 1650 617 1704 nos,
663 1636 757 1691 sed
786 1650 968 1691 neStra
990 1639 1080 1705 qui
1112 1639 1181 1693 ita
1215 1655 1313 1695 nos
1334 1638 1546 1696 irrideri
1578 1641 1825 1712 patimur,
1858 1652 1941 1698 est

354 1718 597 1782 miseria.

422 1820 582 1892 332
609 1820 700 1875 9.3.
728 1821 1090 1877 Veruntamen
1116 1824 1395 1880 veniamus
1413 1827 1477 1881 ad
1504 1829 1601 1882 bos
1624 1829 1758 1883 duos
1779 1830 1937 1886 Com-

2054 634 2229 691 verhis
2280 640 2535 696 mulieres
2585 645 2804 712 arguis?
2834 646 3034 703 Deinde
3092 668 3211 718 qum
3259 653 3454 710 mulier
3498 657 3631 714 dixit

2048 728 2358 798 aliquando,
2411 737 2554 805 quod
2610 754 2804 794 uxores
2853 743 2903 795 iu
2951 745 3091 799 viros
3137 758 3629 816 eonvertantur,.et

2048 835 2277 887 corpora
2332 826 2645 894 redigantur
2693 830 2745 885 in
2796 837 3024 900 animas,
3072 839 3214 909 quod
3248 847 3302 895 tu
3333 843 3631 903 scribis-Si

2047 928 2272 979 corpora
2304 917 2352 970 in
2382 920 2588 975 animas
2617 927 2948 993 redigentur,
2976 945 3105 1001 ergo
3130 935 3425 992 secundum
3451 948 3501 993 te
3526 955 3631 999 non

2046 1005 2220 1059 solum
2252 1005 2271 1044 τ
2305 1011 2482 1065 carnis
2526 1020 2849 1072 resurrectio
2893 1036 2999 1076 non
3027 1024 3148 1085 erit.
3185 1027 3283 1083 sed
3316 1045 3415 1085 nec
3443 1047 3637 1103 corpo-

2048 1111 2184 1160 rum,
2231 1102 2371 1167 quod
2418 1105 2661 1161 confiteri
2695 1109 2824 1164 istos
2866 1128 3000 1178 quos
3032 1126 3083 1171 tu
3115 1118 3285 1176 fecisti
3331 1102 3629 1188 bmrcticos.

2046 1187 2201 1244 dicis.
2239 1190 2334 1244 Ubi
2356 1191 2467 1262 jam
2503 1197 2639 1252 ultra
2671 1216 2864 1271 corpus
2891 1209 3198 1278 qumrimus,
3231 1214 3277 1268 si
3311 1214 3362 1270 in
3394 1218 3625 1273 animam

2048 1282 2344 1352 redigitur?
2380 1290 2490 1343 Erit
2522 1294 2662 1347 enim
2690 1294 2799 1364 jam
2835 1309 3001 1354 totum
3030 1304 3228 1372 anima,
3276 1319 3325 1363 et
3368 1325 3626 1381 nusquam

2045 1388 2261 1443 corpus.
2299 1378 2366 1433 Et
2396 1380 2586 1438 iterum
2618 1386 2777 1458 333
2821 1390 2865 1444 si
2904 1407 3097 1449 uxores
3137 1395 3188 1449 in
3221 1397 3364 1453 viros
3390 1378 3631 1457 con-imu-

2050 1466 2335 1532 tahuntur,
2392 1487 2489 1540 pro
2516 1491 2582 1529 eo
2608 1479 2748 1541 quod
2793 1481 3144 1552 subjunxisti,
3191 1499 3247 1543 ut
3278 1477 3625 1562 ‘nequaquam

2042 1556 2110 1611 sit
2139 1572 2362 1614 sexuum
2393 1564 2496 1618 ulla
2524 1565 2830 1637 diversitas,
2874 1577 3026 1644 quasi
3080 1587 3138 1632 ut
3167 1580 3266 1635 hoc
3292 1556 3628 1647 ostenderes.

2042 1647 2165 1715 quia
2216 1663 2378 1705 sexus
2427 1653 2642 1722 quidem
2699 1658 2963 1718 femineus
3014 1665 3251 1725 interibit
3293 1687 3360 1725 ex
3393 1689 3458 1728 eo
3488 1676 3627 1744 quod

2043 1740 2315 1810 redigetur
2354 1747 2402 1797 iu
2447 1747 2639 1815 virum,
2697 1752 2841 1807 solus
2893 1766 3070 1811 autem
3123 1762 3366 1819 manebit
3411 1740 3620 1824 virilis:

2043 1837 2224 1889 nescio
2271 1839 2484 1906 quidem
2528 1840 2571 1897 si
2624 1841 2739 1899 hcce
2779 1846 2871 1900 tibi
2903 1847 2970 1903 de
2996 1863 3054 1904 se
3082 1849 3261 1907 dicere
3311 1852 3627 1914 feminarum

338 1908 669 1979 'mentarios,
729 1930 889 1984 quos,
933 1919 1146 1971 caeteris
1195 1919 1448 1973 omnibus
1501 1922 1775 1987 opusculis
1820 1925 1937 1979 suis
1978 1913 2019 1972 Β
2048 1938 2210 1979 sexus
2257 1925 2366 1999 [ΑΙ.
2413 1944 2576 1986 sexus
2609 1931 2745 2006 ipse]
2795 1939 3088 2007 permittat.
3130 1940 3333 1998 Tamen
3379 1956 3435 2000 et
3471 1947 3515 2001 si
3563 1949 3629 2000 ah

350 2004 720 2060 condemnatis
744 2021 806 2059 ac
836 2008 1179 2075 renuntiatis,
1209 2010 1354 2064 solos
1400 2012 1631 2081 excepit,
1685 2022 1742 2068 et
1777 2030 1936 2083 quam

350 2095 379 2136 δ
405 2110 553 2153 caste
584 2114 642 2155 se
669 2099 720 2153 in
754 2101 835 2154 bis
862 2112 915 2156 et
942 2102 1281 2159 continenter
1307 2105 1498 2176 egerit,
1526 2106 1821 2163 videamus.
1857 2109 1934 2163 Ex

352 2190 441 2244 his
467 2192 609 2245 enim
641 2193 768 2248 solis
790 2206 839 2247 et
870 2180 1027 2254 [idem
1058 2211 1209 2251 suam
1238 2197 1448 2266 probari
1479 2198 1610 2264 vult,
1643 2208 1693 2254 et
1727 2198 1832 2272 [ΑΙ.
1860 2213 1938 2256 ta-

349 2295 492 2339 cetur
520 2284 596 2357 et]
627 2287 768 2357 quod
800 2288 1018 2359 Origeni
1063 2291 1114 2344 in
1155 2291 1400 2347 ontnihus
1430 2292 1765 2350 adversetur.
1805 2295 1936 2351 Pro-

348 2379 590 2436 ferantur
627 2397 758 2451 ergo
790 2383 874 2437 isti
906 2385 994 2454 qui
1029 2383 1136 2456 [ιιι.
1170 2396 1228 2440 et
1249 2384 1357 2456 isti]
1388 2386 1439 2441 ei
1469 2387 1568 2444 soli
1595 2403 1660 2442 ex
1690 2390 1936 2447 omnibus

340 2462 568 2543 scriptis
588 2476 705 2530 suis
733 2476 970 2545 placent,
1006 2478 1056 2533 id
1088 2488 1190 2547 est,
1236 2479 1287 2534 in
1335 2480 1630 2550 Epistulam
1673 2482 1821 2540 Pauli
1868 2485 1937 2543 ad

347 2566 610 2636 Epliesirs
654 2568 772 2624 libri
815 2579 1039 2625 treszet
1091 2572 1141 2627 in
1176 2572 1561 2641 Ecclesiasten,
1616 2583 1673 2630 ut
1713 2586 1862 2646 puto,
1908 2589 1931 2618 ο

346 2674 505 2716 unus.
537 2660 641 2713 Sed
669 2677 809 2717 nunc
839 2662 1051 2718 interim
1075 2665 1166 2732 qui
1194 2666 1394 2733 primus
1420 2669 1675 2732 occurrit,
1711 2669 1763 2722 iu
1797 2669 1927 2736 Epi-

345 2752 540 2805 stolam
570 2752 636 2806 ad
668 2753 933 2822 Ephesios
972 2755 1405 2813 Commentarios
1434 2758 1723 2831 relegatur.
1759 2761 1931 2817 Etiam

344 2841 415 2896 ibi
462 2844 770 2900 consocium
812 2857 867 2899 et
907 2848 1228 2902 concordem
1277 2859 1331 2903 et
1380 2854 1716 2924 συμμύστην,
1739 2862 1795 2908 ιιι
1820 2854 1933 2922 ipse

345 2933 441 3001 ait,
477 2933 530 2993 in
558 2934 641 2989 his
665 2952 783 3002 qua:
814 2938 987 3007 arguit
1011 2940 1267 3009 approbo.
1304 2941 1370 2996 Et
1392 2942 1565 3009 primo
1591 2944 1829 3002 omnium
1862 2946 1933 3003 de

342 3027 536 3093 quibus
578 3027 769 3088 irridet
814 3031 1181 3098 mulierculas,
1230 3048 1347 3101 qua:
1382 3048 1441 3089 se
1478 3034 1664 3089 dicunt
1693 3047 1814 3105 post
1842 3055 1930 3094 re-

341 3118 733 3177 surrectionem
768 3136 872 3174 non
908 3121 1182 3179 habituras
1227 3123 1419 3194 fragile
1469 3140 1685 3197 corpus,
1734 3129 1931 3199 quippe

341 3226 460 3277 qua:
508 3211 833 3281 Angelorum
882 3212 1075 3270 latura:
1117 3215 1227 3270 sint
1255 3216 1479 3287 similes,
1509 3218 1634 3289 quid
1665 3219 1780 3290 ipse
1805 3236 1930 3276 sen-

341 3303 456 3369 tiat,
494 3302 790 3358 videamus.
837 3303 892 3357 In
941 3306 1098 3359 tertio
1145 3306 1668 3367 Commentariorum
1710 3309 1848 3365 libro
1876 3310 1928 3364 in

344 3394 582 3462 Epistola
628 3394 776 3455 Pauli
826 3396 891 3454 ad
941 3395 1235 3468 Ephesios,
1277 3400 1375 3456 sub
1424 3415 1490 3456 eo
1545 3402 1780 3470 capitulo
1834 3403 1927 3459 ubi

336 3488 595 3563 scripturn
625 3497 744 3545 est:
779 3491 879 3558 Qui
911 3508 1125 3550 uxorem
1149 3510 1293 3550 suam
1325 3496 1515 3567 diligit,
1556 3497 1782 3563 seipsum
1803 3498 1929 3552 dili-

340 3582 410 3650 git
439 3597 627 3637 :nemo
667 3586 804 3640 enim
857 3602 1080 3655 unquam
1132 3604 1337 3641 carnem
1390 3606 1536 3644 suam
1586 3591 1709 3645 odio
1754 3592 1927 3646 habuit

339 3674 558 3742 (Epltes.
590 3676 642 3729 5.
676 3674 814 3748 28.),
858 3686 977 3747 post
999 3679 1269 3747 aliquanta
1314 3682 1383 3735 ita
1426 3682 1520 3748 ait,
1577 3701 1595 3734 ι
1630 3682 1928 3739 Faveamus

338 3768 499 3838 igitur
527 3778 583 3826 et
614 3767 710 3822 viri
747 3784 964 3834 uxores,
1010 3783 1063 3826 et
1100 3772 1206 3844 [AL
1237 3771 1317 3844 ut]
1351 3775 1544 3827 anima!
1573 3788 1772 3832 nostra:
1802 3793 1926 3833 ror-

337 3874 489 3927 pnra,
521 3870 575 3915 ut
604 3870 660 3916 et
694 3877 890 3917 uxores
922 3864 974 3918 in
1007 3865 1170 3930 viros,
1212 3876 1266 3920 et
1306 3882 1531 3937 corpora
1556 3865 1583 3906 ά
1616 3872 1927 3939 redigantur

337 3950 389 4011 in
416 3952 645 4021 animas,
677 3964 732 4008 et
763 3970 1097 4026 nequaquam
1127 3960 1197 4011 sit
1225 3972 1448 4012 sexuum
1480 3961 1585 4015 ulla
1616 3959 1921 4029 diversitas,

338 4042 432 4098 sed
478 4046 751 4115 quomodo
793 4048 931 4116 apud
981 4049 1216 4117 Angelos
1249 4065 1352 4103 non
1398 4060 1482 4106 est
1515 4052 1593 4108 vir
1622 4063 1677 4108 et
1707 4055 1920 4124 mulier,

339 4132 409 4188 ita
458 4146 513 4190 et
558 4153 655 4190 nos
694 4134 1034 4206 quisimilcs
1084 4140 1304 4213 Angelis
1355 4141 1520 4204 futuri
1571 4158 1777 4213 smnus,
1813 4146 1922 4216 jam

337 4242 478 4281 nunc
526 4227 845 4298 incipiamus
892 4244 1011 4285 esse
1051 4234 1191 4300 quod
1237 4231 1391 4289 nobis
1422 4232 1473 4287 in
1504 4233 1809 4291 caelestibus
1834 4250 1922 4293 re-

336 4319 656 4387 promissum
688 4330 791 4374 est.
820 4340 837 4373 ι

334 4468 339 4471 ι
414 4412 505 4465 ει.
563 4423 586 4451 °
638 4413 761 4467 llarc
819 4425 869 4467 te
920 4414 970 4471 in
1003 4416 1108 4477 tuis
1162 4415 1577 4475 Commentariis
1630 4420 1922 4491 scripsisse

336 4504 535 4573 sciens,
593 4506 867 4576 quomodo
916 4523 1010 4562 eos
1039 4509 1103 4562 ad
1135 4512 1437 4578 exemplum
1472 4511 1594 4567 lidei
1625 4523 1748 4577 tum,
1778 4520 1833 4567 et
1860 4527 1921 4569 ea

404 4648 430 4677 ει
482 4639 585 4695 Ubi
634 4649 813 4694 autem
865 4642 1124 4711 scriptum
1174 4643 1265 4709 sit,
1316 4647 1401 4700 vix
1441 4646 1703 4711 invenias,
1733 4656 1916 4703 autne

333 4710 422 4764 vix
468 4692 962 4779 qitidetuishintiles
977 4692 1281 4781 rutcumque
1312 4720 1597 4773 Sententiae
1624 4692 1915 4774 occurrunt
1946 4692 1998 4751 Β

336 4781 712 4859 Ecclesiastici
733 4782 879 4859 XX].
910 4783 1095 4859 Limn
1125 4786 1275 4859 lsaia:
1300 4787 1464 4843 XXX.
1499 4789 1550 4843 7.
1582 4801 1739 4859 atque
1760 4790 1908 4857 alibi,

333 4853 424 4905 sed
458 4869 560 4907 non
592 4854 800 4908 duobus
828 4854 910 4909 bis
942 4856 1095 4923 plane
1140 4858 1349 4923 verbis,
1383 4868 1438 4913 ut
1467 4860 1512 4914 is
1561 4853 1711 4914 lecus
1741 4853 1911 4916 videri

335 4924 524 4999 possit.
548 4926 625 4979 Ad
652 4926 769 4999 haec
792 4941 897 4999 non
926 4925 1053 4999 alibi
1070 4929 1474 4999 requirendum,
1499 4946 1656 4999 quam
1691 4932 1741 4983 in
1777 4932 1914 4985 Pen-

333 4996 604 5062 tateucho,
632 4996 796 5049 docet
818 4995 1412 5065 TheOpbilusEpistola
1442 4995 1686 5057 t’asehali
1711 5000 1799 5066 ΙΙΙ,
1826 5005 1910 5055 ιη,-

334 5076 410 5119 ter
439 5067 885 5136 HierOuymianas
911 5083 976 5122 ex
1002 5070 1318 5125 recensione
1346 5082 1525 5125 nostra
1565 5070 1627 5128 C.
1670 5089 1816 5130 nutu.
1854 5071 1906 5127 5.

330 5138 553 5211 Audiam
579 5137 928 5211 hujuscemodi
954 5138 1202 5193 dicentem
1235 5139 1449 5211 Moysen
1480 5158 1499 5197 :
1533 5143 1789 5208 Peccasti,
1820 5142 1911 5197 de-

329 5209 467 5281 sine,
490 5212 597 5281 ﬁne
614 5209 815 5281 peccati
842 5211 1020 5281 priora
1049 5209 1358 5276 subvertant},
1381 5221 1489 5271 etc.
1534 5214 1645 5268 lmo
1692 5229 1757 5268 ex
1796 5214 1912 5281 ipso

330 5277 555 5352 Genesis
587 5277 726 5352 libro
757 5277 939 5333 laudat
967 5278 1025 5334 S.
1055 5281 1417 5352 tlierunymus
1450 5284 1619 5352 Epist.
1654 5277 1906 5340 CXLVII.

327 5350 391 5425 ad
414 5349 777 5425 Sabinianum
796 5366 942 5404 num.
970 5351 1188 5425 9.Quod
1213 5349 1283 5405 ad
1308 5352 1435 5411 Ca'n
1466 5349 1662 5409 dictum
1690 5366 1787 5425 est,
1820 5356 1911 5409 tibi

329 5418 713 5498 dictunuputa,
749 5420 1017 5498 l’eccnsti,
1057 5424 1483 5498 quiesce,_Quid
1527 5418 1907 5498 longius,'elc.

331 5488 515 5544 Fuerit
542 5488 718 5563 itaque
741 5491 868 5548 olim
901 5488 1086 5561 capite
1103 5493 1190 5548 IV.
1218 5495 1268 5548 in
1283 5488 1483 5552 'Graico
1506 5488 1821 5563 exemplari,
1845 5512 1910 5553 ac

331 5571 513 5615 vetere
564 5561 774 5626 Latino,
826 5563 968 5630 quod
1007 5578 1320 5630 expressum
1372 5570 1442 5622 ab
1487 5569 1578 5623 illo
1617 5561 1736 5623 est:
1769 5561 1911 5624 nunc

330 5646 502 5705 neque
542 5632 597 5687 in
624 5633 812 5686 Graeco
835 5632 955 5701 ipso
985 5634 1268 5705 vestigium
1300 5637 1417 5705 ejus
1449 5638 1798 5695 additautenti
1828 5640 1912 5694 in-

330 5715 532 5757 vt-mas.

338 5800 341 5803 -
397 5769 425 5817 δ
450 5773 623 5826 Malim
652 5788 717 5829 ex
748 5772 1116 5830 Guarneriano
1146 5792 1249 5832 ms.
1279 5790 1425 5837 caute
1475 5779 1716 5840 rescribi.
1765 5780 1908 5840 Idem

330 5856 449 5898 mox
476 5845 611 5896 enim
642 5844 956 5899 adverbium
990 5854 1150 5901 tacet.

405 5924 424 5951 ε
453 5912 831 5984 Guarncrian.,
864 5925 919 5971 ut
950 5925 1094 5985 puto,
1121 5918 1242 5975 liber
1270 5933 1421 5976 unus.

2046 2016 2148 2071 illis
2177 2020 2525 2093 concedatur,
2560 2040 2661 2093 qua
2692 2032 3078 2099 consequentia
3118 2036 3317 2103 poteris
3345 2039 3629 2095 ostendere

2046 2108 2116 2162 ibi
2164 2111 2369 2166 virilem
2414 2129 2597 2171 sexum
2627 2132 2748 2175 esse
2778 2124 3162 2194 necessarium,
3212 2129 3300 2183 ubi
3355 2129 3617 2187 femineus

2045 2206 2382 2260 necessarius
2434 2223 2538 2262 non
2590 2210 2870 2279 probatur,
2928 2217 3053 2286 quia
3114 2221 3342 2276 naturali
3394 2224 3626 2293 quodam

2041 2291 2257 2348 vinculo
2289 2294 2340 2350 in
2372 2306 2578 2353 tantum
2629 2314 2792 2357 sexus
2837 2304 2973 2360 alter
3021 2314 3144 2378 eget
3192 2291 3437 2381 alterius,
3491 2314 3622 2370 utsi

2038 2383 2176 2441 alter
2198 2401 2306 2441 non
2330 2389 2421 2456 sit,
2450 2390 2673 2447 alterius
2700 2408 2836 2464 opus
2864 2413 2969 2452 non
2998 2399 3084 2453 sit.
3116 2399 3323 2457 Etenim
3355 2402 3400 2458 si
3428 2406 3623 2461 luteam

2039 2476 2263 2533 formant
2291 2495 2355 2535 ex
2386 2485 2803 2549 resurrectione,
2838 2489 2996 2544 homo
3024 2499 3050 2538 ε
3078 2500 3280 2547 tantum
3311 2505 3625 2565 recopturus

2041 2577 2290 2639 putatur,
2344 2588 2504 2644 quam
2557 2576 2607 2631 in
2650 2578 2897 2646 paradiso
2945 2581 3151 2651 habuit,
3208 2585 3298 2641 ubi
3346 2596 3432 2642 est
3479 2591 3621 2659 quod

2038 2661 2295 2731 scriptum
2327 2675 2431 2734 est,
2463 2669 2586 2736 quia
2619 2668 2915 2726 Masculum
2941 2684 2988 2728 et
3020 2675 3263 2745 feminam
3298 2678 3417 2749 fecit
3445 2696 3551 2747 eos,
3576 2692 3624 2735 et

2036 2753 2298 2809 benedixit
2324 2762 2395 2812 eis
2426 2758 2575 2831 (Gen.
2612 2768 2663 2817 l.
2695 2763 2859 2836 27.)?
2901 2765 2960 2822 Si
2996 2782 3123 2823 vero
3148 2778 3203 2823 ut
3231 2778 3283 2825 tu
3312 2779 3367 2826 et
3396 2772 3615 2827 mulier-

2033 2847 2165 2899 cula:
2188 2863 2320 2918 quas
2355 2849 2593 2918 incusas,
2625 2853 2826 2922 dicitis,
2879 2873 3054 2928 neque
3084 2860 3165 2916 vir
3213 2877 3385 2934 neque
3429 2865 3620 2921 mulier

2034 2946 2134 3002 est,
2185 2941 2453 3008 quomodo
2504 2958 2632 3015 ergo
2674 2956 2766 3002 aut
2812 2964 3037 3018 corpora
3080 2952 3387 3028 redigentur
3417 2958 3468 3011 in
3497 2958 3618 3015 ani-

2033 3041 2184 3097 mas,
2236 3040 2329 3084 aut
2391 3034 2646 3091 mulieres
2705 3051 3084 3097 convertentur
3133 3044 3186 3098 in
3255 3044 3440 3115 viros,
3494 3063 3616 3103 cum

2031 3120 2112 3173 vel
2149 3122 2429 3190 paradisus
2471 3138 2755 3200 utrumque
2793 3146 2978 3187 sexum
3008 3130 3036 3170 ιι
3069 3150 3173 3190 ιιοη
3226 3138 3477 3206 patiatur,
3528 3143 3617 3201 vel

2031 3212 2323 3270 similitudo
2354 3218 2701 3287 Angelorum,
2737 3233 2793 3278 ut
2820 3232 2872 3278 tu
2905 3242 3119 3296 quoque
3164 3230 3368 3297 faleris,
3410 3233 3613 3288 nullum

1961 3289 2006 3353 C
2038 3304 2257 3359 omnino
2301 3309 2558 3379 recipiat!
2587 3313 2654 3368 Et
2692 3314 2859 3371 miror
2897 3289 3167 3388 quomodo
3196 3321 3261 3378 ab
3288 3324 3411 3380 aliis
3438 3326 3619 3395 exigas

2033 3392 2142 3467 [ΑΙ.
2164 3396 2352 3469 exigis]
2383 3398 2450 3455 de
2473 3414 2698 3457 sexuum
2722 3405 3037 3463 diversitate
3058 3415 3402 3481 sententiam,
3426 3414 3493 3469 de
3514 3392 3619 3485 qua

2032 3502 2089 3548 tu
2118 3494 2302 3550 volens
2330 3497 2619 3568 disserere,
2652 3502 2815 3557 tantis
2840 3511 2892 3561 te
2917 3503 3144 3561 involvis
3176 3507 3352 3576 nodis,
3384 3518 3441 3564 ut
3460 3513 3613 3566 evol-

2033 3598 2164 3639 vere
2194 3595 2245 3641 te
2287 3587 2589 3645 nullatenus
2620 3592 2817 3661 possis.
2850 3593 3063 3663 Quanto
3092 3598 3289 3654 rectius
3315 3598 3543 3669 faceres,
3572 3602 3619 3659 si

2030 3689 2128 3730 nos
2180 3692 2316 3749 quos
2358 3679 2567 3752 culpas,
2620 3683 2909 3757 imitareris
2940 3689 2994 3744 in
3032 3689 3247 3757 talibus,
3279 3701 3333 3748 et
3363 3692 3478 3751 hmc
3509 3694 3618 3767 [ΑΙ.

2031 3765 2154 3847 hoc]
2181 3769 2282 3824 soli
2306 3771 2436 3839 Deo,
2468 3782 2523 3828 ut
2544 3789 2603 3829 se
2627 3778 2828 3834 veritas
2859 3778 3040 3847 habet,
3066 3798 3225 3840 nosse
3247 3765 3616 3856 permitteres:

2027 3868 2084 3917 et
2105 3869 2157 3919 te
2191 3862 2207 3899 ¹
2243 3865 2418 3936 potius
2460 3866 2707 3936 ignorare
2746 3870 3016 3942 fatereris,
3045 3889 3204 3944 quam
3244 3891 3309 3932 ea
3351 3879 3617 3936 scriberes

2027 3971 2148 4026 quae
2180 3958 2338 4024 paulo
2371 3970 2490 4033 post
2523 3970 2578 4018 tu
2606 3963 2722 4034 ipse
2749 3965 3069 4023 damnares?
3100 3968 3267 4025 Velim
3300 3972 3455 4038 mihi,
3482 3988 3618 4029 con-

2028 4049 2252 4107 scientia
2275 4067 2365 4107 sua
2395 4061 2555 4121 teste,
2576 4071 2719 4112 nunc
2740 4057 2971 4125 diceret,
3001 4074 3109 4114 non
3136 4060 3258 4115 dico
3286 4064 3330 4117 si
3360 4064 3409 4116 in
3437 4066 3624 4135 aliquo.

2026 4141 2299 4211 Opusculo
2343 4162 2487 4214 meo,
2542 4147 2638 4202 sed
2680 4149 2732 4203 in
2766 4150 3005 4218 Epistola
3053 4151 3245 4207 saltem
3287 4169 3426 4219 mea,
3456 4171 3615 4225 quant

2027 4233 2187 4289 alicui
2223 4235 2471 4292 l'aniiliari
2519 4253 2641 4294 meo
2678 4240 3033 4309 negligentius
3063 4244 3427 4312 scripsissem,
3458 4245 3613 4302 iuve-

2028 4328 2199 4382 nisset
2248 4328 2533 4400 scriptum,
2563 4329 2684 4399 quia
2716 4345 2941 4402 corpora
2974 4333 3026 4387 in
3056 4326 3275 4393 animas.
3307 4334 3614 4409 redigantur

2027 4420 2135 4494 [ΑΙ.
2171 4419 2525 4494 redigentur],
2563 4431 2618 4477 et
2641 4436 2839 4478 uxores
2868 4422 2922 4477 in
2951 4423 3120 4493 viros,
3146 4424 3191 4480 si
3218 4440 3323 4480 non
3357 4426 3470 4482 haec
3501 4426 3612 4501 [ΑΙ.

2026 4524 2126 4574 tac.
2152 4512 2287 4586 haec]
2314 4514 2477 4569 etiam
2510 4515 2667 4571 aereis
2695 4514 2867 4571 literis
2898 4515 3059 4571 scribi
3092 4531 3187 4585 per
3214 4532 3396 4587 portas
3421 4519 3611 4574 civita-

2096 4651 2120 4689 εί
2148 4651 2315 4719 Idem,
2340 4651 2674 4719 reducantur,
2694 4652 2783 4723 qui
2805 4663 2860 4708 et
2877 4653 2978 4708 sub
2999 4651 3266 4724 periochae
3288 4655 3446 4711 linem
3468 4657 3611 4713 nobis

2023 4718 2317 4793 pronomen
2341 4718 2722 4793 praetermittit;

2098 4803 2121 4830 ο
2154 4795 2275 4848 l’ltts
2308 4793 2697 4865 habethinus
2731 4804 2909 4850 autem
2953 4794 3111 4862 bene,
3148 4797 3289 4851 idem
3319 4811 3447 4865 ms.,
3482 4809 3527 4852 te
3555 4800 3611 4853 in

2021 4862 2268 4918 Ecclesiis
2317 4866 2415 4919 tuis
2465 4864 2877 4929 Commentariis,
2935 4876 3069 4936 etc.,
3116 4878 3171 4924 et
3216 4868 3375 4925 tertio
3404 4862 3473 4925 ab
3503 4876 3604 4925 huc

2020 4950 2202 4998 versu,
2232 4940 2554 5003 et'quomodo
2583 4937 2647 4990 de
2667 4937 2789 5002 tuis,
2817 4948 2925 4992 etc.

2096 5004 2115 5043 ¹
2145 5006 2308 5061 Tacet
2339 5008 2476 5062 idem
2505 5022 2605 5062 ms.
2630 5009 2798 5062 carnis
2819 5024 2839 5062 :
2869 5010 2984 5078 plus
3013 5020 3191 5067 autem
3221 5009 3391 5065 altero
3410 5010 3477 5064 ab
3499 5010 3603 5066 hoc

2022 5092 2204 5154 versu,
2253 5079 2499 5154 conﬁteri,
2525 5080 2677 5154 etiarn
2720 5080 2867 5154 istos,
2894 5091 2949 5154 et
2975 5082 3192 5150 deinde,
3224 5080 3321 5136 Ubi
3343 5085 3476 5135 enim
3491 5085 3607 5154 jam

2021 5151 2180 5224 ultra,
2219 5158 2349 5208 etc.;
2379 5150 2609 5219 denique
2652 5150 2814 5205 habet
2854 5151 3012 5219 infra,
3040 5155 3138 5209 erit
3180 5170 3323 5224 ergo,
3367 5167 3465 5223 pro
3491 5150 3602 5206 'erit

2016 5221 2170 5281 enim,
2195 5228 2301 5275 etc.

2088 5299 2114 5337 8
2148 5291 2367 5346 Brevius
2417 5291 2585 5346 multo
2617 5290 2734 5345 heic
2765 5306 2889 5353 ms..
2942 5295 3095 5349 homo
3141 5293 3327 5346 habere
3366 5298 3597 5360 putatur,

2014 5376 2164 5435 quam
2193 5363 2245 5416 in
2278 5360 2534 5420 Paradiso
2562 5364 2757 5429 habuit,
2780 5366 3050 5435 scriptum,
3103 5364 3393 5419 Messalam
3434 5370 3483 5414 et
3521 5361 3594 5430 fe-

2015 5434 2227 5495 minam,
2252 5442 2358 5487 etc.

2088 5499 2118 5539 ¹³
2145 5503 2357 5572 Absque
2385 5514 2613 5574 negandi
2650 5511 2775 5558 nota
2801 5503 2943 5559 idem
2968 5520 3100 5568 ms..
3123 5512 3391 5561 utrumque
3416 5516 3597 5555 sexum

2055 5576 2267 5627 otiatur.

2019 5590 2683 5700 pa‘i’a'i‘lti'cetGuarnerian.
2715 5658 2816 5697 ms.
2846 5642 3040 5711 potius,
3074 5652 3273 5711 tumea
3302 5654 3595 5710 pronomen

2017 5714 2174 5793 quod
2208 5714 2463 5793 sequitur.
2517 5712 2739 5767 Inferius
2957 5727 3129 5793 pauca
3157 5710 3274 5793 eius
3305 5711 3591 5793 manifesta

2016 5781 2230 5851 menda,
2270 5781 2390 5855 qua:
2424 5785 2699 5840 Lectoretu
2730 5782 2863 5838 nihil
2893 5781 3112 5843 interest
3138 5781 3295 5850 scire,
3329 5781 3589 5841 dissimu-

2013 5857 2211 5915 lamus.
