4166 6348
594 351 698 435 5:5

1627 354 1713 411 RL‘
1726 354 1854 409 FtNl
1894 354 2368 425 AQUILEIENSIS
2406 357 2833 416 PRESBYTERI

3746 365 3853 420 50L

592 477 706 536 tum
737 468 1100 541 puerep'sset,
1126 469 1170 524 si
1195 484 1299 525 non
1326 469 1379 524 in
1409 469 1545 530 loro,
1583 468 1635 526 in
1662 469 1833 533 curia,
1861 484 1961 539 pro
1982 469 2170 523 rostris
2199 470 2247 531 Α
2274 470 2326 525 di
2359 481 2576 526 testatus
2601 480 2703 539 est,
2746 473 2811 527 ad
2853 471 3244 544 praescieutiam
3283 473 3442 548 335
3480 477 3570 533 Dei
3597 478 3852 548 pertinet,

590 562 751 616 etiam
784 563 1014 617 retiari.
1039 564 1275 629 Quantos
1307 579 1368 619 ex
1409 562 1508 617 hoc
1535 563 1937 616 accusationum
1966 562 2165 627 titulos,

588 670 709 723 qum
733 655 998 709 volumina
1031 655 1463 723 conscripsisset,
1497 669 1655 723 quam
1699 668 1785 710 me
1832 655 1957 726 tntis
2004 655 2170 709 armis

586 761 652 802 ac
674 747 793 818 telis
821 746 1204 815 [ωςωιιιίς-ἰιιιῖ
1228 744 1310 801 sui
1338 744 1565 808 pectoris
1596 754 1927 813 perurgeret.
1959 742 2167 808 dicens,

585 838 710 909 quia
737 839 782 909 si
816 838 945 892 mihi
997 852 1101 891 non
1152 834 1374 891 creditis
1423 835 1647 900 dicenti,
1698 836 1818 904 quia
1868 833 2002 889 fallit
2044 849 2166 892 cum

587 945 785 1000 corpus
829 929 960 984 dicit
1004 942 1307 997 resurgere,
1358 936 1411 981 et
1457 941 1674 981 carnem
1722 934 1898 994 negat,
1931 924 2016 979 vel
2044 940 2164 979 cum

582 1026 776 1083 [aletur
824 1024 1034 1097 quidem
1084 1037 1323 1089 carnem,
1373 1021 1611 1075 membra
1660 1031 1838 1072 autem
1893 1027 2051 1087 negat
2105 1025 2165 1073 et

580 1134 767 1175 sexum
796 1134 811 1171 :
842 1131 971 1172 ecce
1020 1116 1218 1181 videte,
1265 1114 1536 1184 quomodo
1567 1113 1679 1178 ipse
1713 1111 1931 1177 scripsit
1956 1112 2006 1164 in
2040 1111 2160 1180 Epi-

579 1214 717 1268 stola
768 1227 884 1278 sua,
935 1210 1058 1279 quia
1090 1208 1253 1283 334
1288 1225 1516 1279 corpora
1546 1219 1829 1263 vertantur
1850 1206 1903 1260 in
1934 1205 2158 1273 animas,

576 1316 632 1363 et
660 1321 856 1362 uxores
888 1307 939 1359 in
970 1308 1138 1359 viros.
1176 1305 1283 1360 Sed
1315 1320 1412 1361 uos
1442 1313 1493 1359 te
1524 1303 1738 1375 quidem
1770 1304 1884 1357 h:ec
1913 1301 2157 1357 scriben-

578 1410 707 1463 tem,
744 1414 849 1453 non
880 1399 1051 1461 solum
1084 1414 1188 1451 non
1216 1396 1489 1466 arguimus
1522 1395 1833 1454 ha‘retieum
1862 1410 1877 1449 :
1909 1392 2003 1455 sed
2028 1393 2159 1461 satis

573 1492 799 1548 facimus
821 1501 890 1547 tat
913 1508 1071 1563 quam
1097 1491 1369 1561 magistro.
1396 1488 1650 1547 Mulieres
1673 1498 1848 1541 tamen
1875 1486 2000 1551 illm,
2025 1501 2158 1555 quas

573 1597 681 1639 tam
716 1585 950 1657 indignis
977 1594 1031 1640 et
1061 1583 1360 1651 inhonestis
1391 1581 1734 1637 contumeliis
1766 1577 2016 1634 lacerasti
2063 1593 2157 1632 ex-

573 1678 834 1735 hibebunt
859 1687 989 1745 ante
1016 1677 1249 1734 tribunal
1276 1676 1471 1743 Christi
1504 1683 1558 1731 et
1587 1675 1702 1730 hzec
1732 1691 1850 1744 quae
1878 1674 1961 1728 his
1993 1673 2155 1730 Com-

573 1771 849 1826 mentariis
876 1770 1055 1833 doces,
1087 1779 1139 1825 et
1167 1768 1255 1823 illa
1284 1784 1403 1839 qua:
1435 1767 1633 1821 oblitus
1663 1767 1761 1834 tui,
1791 1782 1999 1820 rursum
2027 1781 2149 1821 cum

2271 565 2355 619 cui
2385 566 2562 620 omnia
2606 566 2781 620 futura
2825 566 2933 635 jam
2982 566 3116 620 facta
3148 576 3291 633 sunt,
3332 578 3387 623 et
3412 578 3697 641 antequam
3725 571 3856 628 (iant

2272 660 2517 719 universa
2550 667 2674 713 sunt
2701 667 2822 711 nota
2858 674 2872 730 ξ
2907 667 2930 695 ο
2959 657 3097 712 sicut
3124 666 3177 713 et
3207 657 3403 715 Paulus
3434 661 3545 728 ipse
3572 662 3853 731 praedesti-

2270 759 2427 809 natur
2479 749 2533 804 in
2588 758 2741 809 utero
2792 748 2978 807 matris
3028 764 3161 817 suae,
3211 758 3267 804 et
3308 749 3572 807 Jeremias
3604 752 3655 807 in
3698 754 3849 809 vulva

2268 841 2654 907 sanctiﬁcatur,
2700 843 2939 911 eligitur,
2988 842 3294 909 roboratur,
3323 852 3379 898 et
3407 842 3459 898 in
3494 852 3621 916 typo
3650 843 3849 902 Christi

2269 932 2531 1002 PrOplieta
2559 932 2807 1002 gentibus
2835 933 3085 987 mittitur.
3111 952 3129 985 ι

2336 1023 2428 1076 9.6.
2474 1024 2762 1091 llucusque
2792 1040 2950 1078 unam
2983 1025 3149 1080 edidit
3185 1026 3598 1096 expositionem,
3628 1028 3721 1084 sed
3749 1030 3852 1085 sub

2266 1113 2419 1183 enjus
2468 1130 2697 1184 persona
2749 1114 3119 1185 hujuscemodi
3164 1120 3510 1188 intelligentia
3538 1121 3851 1191 accipienda

2266 1211 2357 1269 sit,
2393 1225 2497 1262 non
2530 1211 2819 1279 expressit.
2852 1210 2963 1265 lloc
2992 1221 3193 1265 tantum
3225 1214 3356 1281 egit,
3394 1213 3533 1283 quod
3560 1230 3627 1269 ex
3656 1230 3854 1269 consc-

2265 1300 2552 1368 quentihus
2597 1300 2845 1368 reprobat
2881 1302 3087 1370 priora;
3117 1303 3190 1357 ait
3212 1304 3356 1357 enim
3390 1304 3441 1356 in
3471 1306 3852 1373 consequenti-

2265 1391 2362 1445 INIS
2400 1408 2414 1445 :
2457 1410 2476 1449 ‹
2505 1390 2523 1429 ί
2551 1393 2699 1455 Alius
2744 1409 2872 1453 vero
2911 1404 3013 1467 est,
3063 1398 3149 1465 qui
3178 1396 3345 1455 Deum
3388 1397 3589 1466 justum
3626 1408 3852 1453 conatur

2261 1483 2568 1547 ostendere.
2643 1485 2799 1542 Unde
2861 1485 3144 1544 manifeste
3195 1490 3470 1555 ostendit,
3539 1492 3685 1561 quod
3751 1507 3849 1561 per

2263 1574 2406 1628 illam
2440 1568 2671 1644 priorem
2705 1579 3100 1649 expositionem
3142 1596 3248 1635 nun
3297 1582 3615 1641 osumdatur
3639 1582 3846 1653 iustitia

2264 1664 2354 1719 Dei
2381 1682 2393 1718 :
2428 1668 2569 1735 quod
2604 1668 2787 1738 utique
2826 1671 3047 1740 impium
3080 1680 3201 1727 est:
3234 1673 3331 1737 sed
3364 1690 3460 1743 per
3490 1675 3653 1730 istttm
3684 1691 3845 1745 quem

2257 1758 2386 1813 dicit
2436 1760 2623 1827 alium,
2674 1765 2827 1830 cujus
2876 1766 3233 1827 assertionem
3282 1768 3401 1823 sine
3447 1768 3612 1824 dubio
3656 1770 3846 1825 volens

572 1862 914 1920 contumeliis
943 1862 1135 1920 scribis
1162 1877 1177 1917 :
1208 1868 1264 1917 et
1293 1860 1362 1915 ibi
1396 1868 1619 1928 utraque
1648 1857 2032 1922 recitabuntur,
2062 1857 2151 1912 ubi
2185 1868 2232 1927 Β
2259 1853 2397 1919 apud
2422 1870 2608 1911 omnes
2636 1856 2984 1917 indubitatam
3013 1869 3065 1914 et
3095 1860 3419 1915 catholicam
3443 1862 3844 1931 demonstrare,

574 1954 810 2009 cessabit
843 1953 951 2023 jam
1002 1952 1151 2012 favor
1182 1952 1481 2016 hominum,
1514 1960 1569 2009 et
1622 1950 1853 2015 redi-mli
1902 1950 2156 2019 laudibus

573 2054 599 2081 ⁸
623 2045 840 2114 plausus
877 2044 1136 2111 silebunt:
1158 2053 1208 2099 et
1232 2053 1403 2105 tecum
1421 2058 1517 2114 pro
1541 2042 1622 2098 his
1638 2043 1721 2097 vel
1740 2043 1920 2109 dictis,
1938 2044 2017 2098 vel
2032 2059 2156 2114 ges-

577 2139 645 2192 t's
674 2138 776 2191 tuis
794 2136 1174 2205 iudicabuntur
1196 2134 1333 2202 apud
1363 2134 1567 2203 justum
1601 2133 1831 2201 iudicem
1856 2134 2151 2189 Christum.

640 2229 730 2283 25.
785 2228 977 2283 Verum
1033 2242 1313 2299 pergimus
1366 2226 1637 2281 discutere
1686 2226 1795 2297 [AL
1826 2225 2153 2297 discurrere]

566 2321 693 2391 quid
743 2320 905 2375 etiam
948 2302 1439 2389 dequaestimiibus
1485 2318 1709 2382 scribat,
1758 2318 1858 2372 hoc
1896 2318 2042 2374 enim
2083 2319 2151 2385 ad

567 2415 727 2469 fidem
782 2415 1049 2484 pertinet,
1095 2414 1147 2467 in
1200 2412 1390 2483 quibus
1449 2412 1516 2467 de
1571 2412 1749 2466 earnis
1800 2414 2155 2467 τεςυΓι-οοιίορ

566 2522 635 2559 ne
686 2507 764 2560 sic
822 2506 995 2559 variat
1048 2516 1277 2568 caetera,
1348 2512 1406 2557 ut
1459 2503 1580 2577 [AL
1628 2501 1725 2576 ad]
1800 2506 2144 2574 qurestiOues.

564 2597 694 2652 Item
763 2612 827 2650 et
883 2596 1407 2650 Commentariorum
1460 2596 1596 2651 libro
1662 2596 1835 2665 primo
1889 2598 1957 2653 de
2025 2598 2151 2668 Epi-

569 2688 705 2755 stula
748 2686 896 2759 i’auli
942 2686 1005 2745 ad
1058 2686 1317 2755 Ephesim
1367 2686 1433 2741 de
1484 2703 1548 2741 eo
1598 2688 1851 2754 capitulo,
1883 2689 1970 2741 ubi
2018 2688 2150 2746 dicit

563 2782 891 2848 Apostolus:
922 2779 1069 2835 Sicut
1109 2781 1255 2850 elegit
1288 2796 1375 2833 nos
1406 2782 1460 2833 in
1498 2780 1607 2852 ipso
1646 2790 1762 2833 ante
1800 2782 1978 2834 mundi
2024 2798 2147 2836 con-

563 2875 900 2947 stitutionem,
953 2887 1008 2928 ut
1051 2891 1274 2933 essemus
1309 2877 1472 2930 sancti
1518 2884 1563 2928 et
1606 2876 1924 2937 imruaculati
1974 2894 2148 2937 coram

557 2951 668 3036 ipso
692 2968 908 3039 (Ephes.
945 2969 993 3023 ‘l.
1023 2968 1127 3038 4.).
1155 2969 1221 3023 ita
1255 2969 1329 3023 ait
1357 2987 1368 3020 :
1401 2987 1417 3019 ι
1442 2969 1545 3023 Pro
1575 2966 1960 3025 constitutione
1992 2987 2145 3024 mun-

557 3044 607 3117 tili
635 3065 684 3117 in
716 3064 903 3120 Graeco
931 3063 1185 3133 scriptum
1218 3063 1378 3118 habet
1405 3060 1434 3101 δ
1462 3064 1746 3124 καταϐολής
1769 3066 1985 3135 κόσμου.
2029 3065 2143 3120 Non

557 3157 785 3229 idipsum
852 3166 1030 3215 autem
1083 3159 1367 3237 καταβολὴ,
1422 3158 1561 3227 quod
1610 3159 1907 3213 constitutio
1963 3168 2137 3213 sonat.

2256 1947 2405 2003 dedit
2452 1950 2561 2007 ta'e
2610 1952 2998 2014 testiinonium,
3044 1953 3183 2023 quod
3236 1952 3335 2008 hac
3380 1970 3474 2011 sua
3516 1957 3843 2023 assertione,

2252 2040 2456 2108 justum
2488 2054 2609 2097 t‘SSe
2642 2043 2806 2099 Deum
2835 2056 3057 2098 conetur
3087 2044 3392 2100 ostendere.
3425 2044 3534 2100 Sed
3564 2027 3844 2104 videamus

2256 2134 2381 2202 quid
2422 2135 2566 2191 dicat
2606 2136 2710 2191 iste
2745 2137 2904 2203 alius,
2936 2139 3024 2207 qui
3071 2138 3233 2191 Deum
3266 2137 3464 2206 justum
3492 2152 3614 2193 esse
3641 2138 3839 2206 praedi-

2255 2234 2361 2279 cat.
2399 2244 2419 2278 ι
2448 2224 2599 2281 Alius
2626 2242 2775 2293 vero,
2804 2228 2997 2296 inquit,
3032 2232 3120 2299 qui
3154 2229 3319 2283 Deum
3348 2245 3470 2284 esse
3506 2229 3711 2300 justum
3752 2246 3845 2285 co-

2257 2326 2413 2371 natur
2457 2321 2917 2390 ostendcre,quod
2964 2337 3071 2375 non
3121 2337 3189 2377 es
3247 2321 3559 2391 prtejudicio
3598 2323 3843 2380 scienti-.e

2254 2422 2389 2473 sure,
2424 2409 2519 2466 St'd
2548 2426 2613 2465 ex
2647 2412 2839 2471 merito
2869 2412 3165 2477 electorum
3199 2428 3634 2484 unumquemque
3658 2415 3839 2481 eligat,

2252 2499 2382 2554 dicit
2418 2510 2543 2555 ante
2574 2502 2815 2558 visibiles
2854 2513 3150 2570 creaturas,
3200 2506 3413 2571 ctelum,
3455 2515 3677 2569 terram,
3731 2522 3841 2569 ma-

2254 2592 2353 2657 ria,
2387 2600 2443 2645 et
2483 2593 2661 2647 omnia
2705 2609 2823 2663 que
2863 2595 3001 2649 intra
3032 2610 3096 2650 ea
3126 2605 3272 2659 sunt,
3307 2596 3470 2655 fuisse
3496 2598 3628 2657 alias
3656 2596 3843 2651 invisi-

2254 2680 2389 2735 loiles
2416 2694 2717 2749 creaturas,
2761 2684 2811 2739 in
2842 2685 3038 2755 quibus
3083 2696 3136 2741 et
3166 2688 3392 2750 animas,
3436 2703 3556 2757 qua:
3584 2688 3652 2741 ob
3678 2703 3839 2757 quas-3

2253 2773 2374 2828 dam
2414 2789 2633 2829 caussas
2660 2775 2759 2831 stili
2792 2777 2899 2831 Deo
2928 2790 3105 2841 notas,
3130 2778 3354 2848 dejectm
3375 2779 3484 2833 sint
3514 2788 3538 2825 ες
3561 2779 3837 2846 deorsum,

2252 2866 2305 2920 in
2338 2867 2532 2935 vallem
2582 2868 2735 2925 istam
2785 2868 3176 2941 lacrymsrum,
3220 2856 3274 2926 in
3307 2870 3411 2944 [AL
3450 2881 3502 2927 et
3545 2871 3619 2945 in]
3661 2873 3835 2927 locum

2252 2960 2412 3015 istum
2458 2958 2764 3016 afﬂzctionis
2805 2971 2859 3016 et
2903 2963 3349 3033 peregrinationis
3381 2973 3599 3031 nostra,
3647 2963 3699 3018 in
3729 2978 3841 3034 quo,

2251 3062 2475 3107 sanctus
2503 3055 2829 3108 constitutus
2855 3055 3062 3117 orabat,
3114 3062 3173 3107 ut
3213 3053 3277 3107 ad
3327 3053 3509 3111 sedem
3557 3054 3840 3124 pristinam

2250 3152 2633 3210 reverteretur,
2680 3145 2887 3209 dicens,
2942 3144 3059 3199 Ileu
3102 3145 3249 3211 mihi,
3279 3146 3395 3213 quia
3424 3146 3677 3200 incolatus
3699 3164 3839 3213 meus

557 3252 710 3307 Unde
754 3260 807 3305 ct
854 3267 951 3313 nos
1000 3262 1217 3321 propter
1264 3260 1627 3320 paupertatem
1659 3251 1851 3323 lingrm
1879 3260 1934 3306 ει
1960 3266 2139 3307 rerum
2170 3247 2217 3316 ο
2252 3237 2583 3306 prolongata:
2633 3247 2728 3302 est,
2788 3236 3013 3299 habitari
3064 3254 3178 3291 cum
3222 3238 3570 3292 habitantibus
3616 3237 3836 3294 dear:

554 3345 867 3409 novitati-iu,
900 3354 951 3397 et
985 3344 1125 3398 siCut
1168 3342 1379 3413 quidam
1412 3346 1503 3405 ait,
1534 3342 1680 3413 quod
1727 3341 2037 3398 Grazcnrum
2062 3332 2137 3398 ἐι

552 3450 731 3503 sermo
789 3434 949 3488 latior
989 3445 1041 3490 ct
1092 3434 1271 3503 lingua
1326 3434 1537 3489 felicior
1567 3434 1655 3497 sit,
1689 3426 2003 3487 conabimur
2030 3450 2135 3488 non

552 3539 660 3580 tam
704 3527 926 3593 Verbum
955 3544 1016 3579 ex
1050 3527 1210 3580 verba
1260 3524 1569 3591 transferre,
1623 3527 1763 3597 quod
1807 3526 2139 3596 impossibile

552 3631 654 3687 est,
703 3635 864 3689 quam
925 3619 1029 3695 tim
1080 3618 1228 3680 ve:bi
1285 3619 1516 3688 quodam
1568 3618 1838 3687 explicare
1883 3620 2133 3673 circuitu.

553 3712 813 3781 καταϐολή
836 3722 858 3748 σε
884 3711 1099 3781 proprie
1121 3710 1335 3773 dicitur,
1359 3725 1477 3767 cum
1502 3711 1626 3781 quid
1652 3710 1901 3781 deorsum
1919 3712 2134 3784 jacitur,

554 3817 607 3860 et
638 3806 687 3858 in
711 3804 819 3877 [AL
850 3803 940 3873 ad}
971 3803 1277 3857 infcriorettt
1331 3803 1506 3858 locum
1555 3802 1783 3862 mittitur
1824 3820 1852 3858 a
1893 3784 2139 3872 sublimi,

552 3895 632 3950 vel
662 3911 780 3969 cum
813 3894 991 3964 aliqua
1024 3910 1110 3957 res
1157 3895 1319 3961 sumit
1347 3894 1652 3959 exordium.
1696 3894 1848 3955 Unde
1879 3904 1932 3951 et
1964 3898 2013 3950 lti
2046 3897 2134 3966 qui

552 3994 742 4065 πράξειε.)
767 3991 1065 4048 futurarum
1098 3992 1267 4057 prima
1291 3988 1487 4057 jacinnt
1522 3972 1887 4052 iuttdatttenla,
1915 3994 2136 4055 κνταϐε-

552 4087 801 4151 εληκένας,
833 4084 883 4139 id
908 4096 1007 4147 est,
1038 4084 1276 4139 deorsum
1302 4084 1450 4147 initia
1480 4084 1933 4153 fundamentorum
1948 4084 2136 4156 jecisse

551 4178 825 4246 dicuptur.
860 4175 1060 4237 Volens
1085 4176 1263 4245 itaque
1288 4174 1484 4229 Paulus
1509 4176 1817 4241 o-tendere,
1843 4164 1975 4246 quia
1995 4175 2137 4235 Deus,

553 4271 801 4326 universa
850 4269 917 4323 sit
958 4268 1295 4331 machinatus
1331 4283 1395 4322 ex
1436 4267 1625 4332 nihilo,
1668 4283 1773 4321 non
1806 4276 2129 4334 creaturam,

551 4345 657 4437 non
688 4361 1072 4429 conditionem,
1108 4374 1215 4431 non
1243 4358 1523 4425 facturam,
1572 4358 1667 4413 sed
1708 4382 1737 4412 κ
1771 4359 1990 4433 ταβο).ήν
2021 4357 2044 4392 ά
2079 4357 2130 4412 id

551 4467 652 4521 est,
682 4456 889 4521 initium
918 4452 1247 4510 {trudameuti
1272 4452 1336 4506 ad
1365 4468 1489 4506 eum
1521 4450 1728 4513 retulit.
1762 4459 1819 4504 ut
1848 4466 1951 4503 non
1980 4450 2130 4517 juxta

551 4553 927 4614 Maniilncnm,
981 4559 1035 4607 et
1083 4559 1307 4603 cmteras
1350 4547 1609 4609 b'rreses,
1644 4560 1763 4612 qua:
1797 4528 2051 4603 factorem
2077 4546 2131 4597 et

2243 3334 2457 3391 multum
2478 3332 2503 3370 ¹³
2528 3334 2848 3405 peregrinata
2877 3343 2948 3387 est
2971 3336 3142 3388 anima
3168 3349 3276 3392 mea
3303 3333 3417 3403 (Ps.
3438 3333 3677 3404 |i9.5.).
3699 3335 3764 3389 Et
3782 3335 3835 3395 in

2239 3425 2350 3480 alio
2382 3428 2499 3480 loco
2526 3444 2539 3479 :
2570 3424 2730 3485 Miser
2752 3443 2845 3496 ego
2874 3426 3044 3491 homo,
3088 3427 3201 3495 quis
3245 3442 3323 3479 me
3365 3426 3591 3481 liberabit
3621 3431 3684 3479 tte
3712 3443 3831 3489 cor-

2241 3536 2366 3589 pore
2417 3519 2598 3574 mortis
2628 3521 2781 3591 hujus
2810 3519 2989 3587 (Rom.
3020 3520 3069 3573 7.
3101 3518 3256 3589 29.)?
3288 3519 3349 3574 Et
3372 3521 3420 3573 al
3448 3520 3521 3584 bi,
3550 3519 3734 3574 Melius
3759 3530 3835 3574 est

2240 3613 2441 3680 reverti,
2494 3623 2542 3666 et
2585 3629 2692 3666 esse
2740 3628 2855 3665 eum
2906 3612 3109 3667 Christo
3146 3612 3371 3681 (Philip.
3418 3594 3520 3682 ἰ).
3570 3613 3637 3667 Et
3669 3613 3829 3681 alibi,

2240 3707 2519 3775 Anfcqnam
2567 3706 2885 3765 humiliarer.
2940 3724 3031 3777 ego
3062 3708 3261 3775 peccavi
3292 3706 3399 3779 [A'.
3442 3706 3661 3777 deliqui]
3712 3706 3831 3780 (Ps.

2242 3797 2362 3851 116.
2391 3798 2533 3865 67.),
2564 3808 2617 3851 et
2645 3809 2837 3853 cratera
2872 3798 2955 3853 his
3003 3800 3218 3853 similia.
3248 3818 3265 3851 ι
3304 3799 3483 3868 Itaque
3526 3800 3831 3870 prTusquam

2237 3892 2461 3952 annuat,
2502 3890 2764 3959 inquiunt,
2800 3891 3260 3959 przccipitarentur
3303 3892 3354 3945 in
3401 3890 3678 3947 mundum.
3725 3891 3831 3945 Ma-

2242 3981 2412 4047 gister
2440 3980 2594 4042 dicis,
2626 3982 2892 4050 inquiunt,
2926 3997 2975 4036 et
3012 4000 3115 4036 non
3140 3984 3293 4044 dicis.
3320 3983 3413 4054 qui
3437 3994 3563 4038 sunt
3604 3983 3689 4038 isti
3738 3984 3831 4054 qui

2245 4071 2263 4129 in
2293 4072 2407 4133 luce
2430 4074 2695 4143 inquiunt,
2715 4074 2855 4144 quod
2876 4074 3071 4129 animze
3100 4076 3243 4142 prius
3268 4084 3468 4139 essent,
3499 4092 3658 4146 quam
3693 4092 3831 4144 ιιι-ωε

2238 4162 2596 4230 cipitarentur
2628 4166 2677 4218 iu
2712 4166 2991 4221 mundum.
3022 4164 3209 4221 Nonne
3239 4182 3365 4235 ergo
3400 4176 3546 4221 recte
3577 4166 3705 4229 disi,
3742 4167 3824 4220 ῑιιο

2243 4258 2380 4324 quit,
2413 4256 2533 4324 quia
2566 4258 2703 4323 talpa
2731 4273 2809 4320 es,
2834 4266 3022 4312 etnon
3056 4259 3241 4313 vides?
3274 4260 3383 4313 Dixi
3410 4258 3527 4327 jam.
3552 4258 3823 4328 superius,

2235 4352 2357 4419 quia
2393 4351 2467 4403 illi
2499 4352 2610 4404 hare
2637 4351 2743 4424 [AL
2781 4350 2903 4422 hoc]
2935 4354 3133 4421 dicunt,
3165 4355 3253 4422 qui
3286 4348 3449 4407 Deum
3477 4353 3679 4421 justum
3704 4365 3831 4407 e~se

2235 4451 2506 4507 asserunt,
2539 4459 2696 4512 quem
2724 4445 2906 4511 utique
2928 4447 2971 4498 si
3003 4462 3098 4499 cor
3123 4448 3366 4508 haberes,
3398 4460 3482 4499 me
3506 4445 3679 4513 ipsum
3706 4458 3827 4500 esse

2234 4534 2748 4623 intelligeres.336
2762 4537 2939 4604 Neque
2958 4536 3206 4609 [ALNonJ
3221 4538 3359 4590 enim
3381 4537 3452 4590 ita
3470 4536 3664 4604 impius
3686 4550 3828 4613 sum,

551 4646 833 4700 materiam
890 4650 1135 4710 ponunt,
1190 4638 1333 4704 aliud
1384 4636 1510 4705 quid
1561 4634 1670 4707 [AL
1720 4632 1944 4705 aliquid]
1991 4635 2132 4688 unde
2162 4634 2210 4694 υ
2238 4635 2296 4679 ιιι
2335 4627 2499 4681 alium
2549 4643 2634 4682 me
2679 4636 2734 4685 et
2773 4627 3049 4683 diversum
3093 4643 3216 4687 esse
3262 4638 3491 4685 statuam
3522 4627 3591 4681 ab
3623 4626 3707 4680 Itis
3737 4626 3829 4695 qui

550 4745 810 4791 creaturi-
849 4734 1003 4787 facta:
1046 4731 1155 4784 sint
1194 4728 1305 4801 [AL
1335 4724 1504 4795 sunt],
1534 4723 1884 4780 antecesserit
1914 4735 2132 4785 creatu—

553 4845 662 4892 ras,
686 4826 781 4883 sed
805 4826 982 4880 omnia
1012 4839 1075 4876 ex
1102 4822 1269 4875 nihi'o
1291 4818 1598 4872 exstiterint
1623 4814 1728 4887 [AL
1754 4818 2130 4892 Substitcrint].

550 4920 703 4989 Quod
740 4929 915 4971 autem
944 4918 1145 4969 e'ectos
1176 4926 1273 4965 nos
1303 4920 1361 4965 ut
1389 4924 1633 4965 essemus
1656 4911 1826 4967 sancti
1855 4922 1909 4967 et
1939 4912 2133 4966 imma-

549 5010 710 5085 eu'ati
734 5021 914 5081 coram
945 5005 1084 5075 ipso,
1118 5003 1219 5057 hoc
1239 5010 1341 5067 est,
1379 4999 1509 5066 Deo,
1542 5008 1664 5054 ante
1693 5000 1949 5063 fabricam
1980 5018 2132 5067 mun-

623 5165 681 5225 sl
706 5166 806 5218 lem
831 5178 955 5223 ms.,
984 5160 1189 5229 plausus
1197 5160 1312 5231 jam
1332 5155 1551 5231 silebant
1570 5164 1768 5231 :tecum
1790 5173 1883 5224 pro
1906 5158 2003 5223 his,
2022 5168 2127 5216 etc.

621 5228 1085 5313 1t[gescripsimtts,
1132 5228 1287 5287 ut'in
1342 5228 1761 5313 llieronytuiano
1807 5240 1887 5313 est
1935 5240 2129 5313 textu:

546 5297 879 5371 antea'enitti
914 5297 1087 5375 minus
1127 5312 1270 5355 recte
1297 5309 1431 5375 erat,
1464 5297 1755 5375 κτιιξῃςολιὸν⁸
1792 5300 2129 5375 ῖοῤ-κόσμου.

549 5366 744 5433 ἀμηταιι·
767 5377 938 5443 ipsum
964 5374 1023 5430 S.
1052 5374 1331 5438 Ductorem
1350 5366 1647 5443 'l'om._V|l,
1673 5369 1778 5422 col.
1798 5366 2129 5440 5~47.et'seq.

626 5463 646 5489 ε
692 5434 862 5505 Antea
890 5434 1524 5521 (nimatiiJCEIlalllfgtlllPtl
1560 5450 1659 5521 ms.
1693 5449 1974 5521 lautusque
2020 5434 2134 5521 ipse

550 5522 592 5575 ll
617 5510 1001 5589 eronytuiatms
1039 5515 1306 5581 nesciunt.
1341 5510 1565 5568 Leviora
1595 5510 1694 5569 alia
1726 5510 1947 5568 inferius
1976 5510 2122 5572 taciti

547 5586 899 5663 Castiganttts.
975 5660 1004 5663 ν
1106 5658 1156 5663 __
1301 5656 1313 5663 _

618 5663 642 5702 ιι
670 5652 721 5716 lii
740 5662 904 5716 veteri
926 5660 1075 5722 edit.,
1100 5658 1156 5710 id
1177 5663 1271 5717 est,
1285 5652 1636 5725 jactiinitium
1658 5652 1998 5723 fundamenti,
2016 5665 2123 5713 etc.

623 5746 645 5773 ⁶
674 5735 905 5788 Guaruei
923 5732 1028 5783 ian.
1064 5745 1189 5787 ms.,
1218 5722 1305 5781 su:
1328 5735 1372 5778 et
1404 5722 1621 5787 Paulus,
1656 5734 1762 5778 etc.

626 5804 644 5843 ί
679 5805 820 5859 ldctn
852 5818 918 5855 ex
946 5799 1095 5853 scioli
1127 5797 1437 5873 glossatoris
1460 5809 1638 5861 manu,
1675 5795 1830 5853 Aliud
1862 5814 2001 5871 vero,
2034 5800 2125 5873 qui

551 5874 887 5948 Deutnjustis
914 5880 1119 5931 conetur
1136 5866 1435 5933 ostendere.
1463 5873 1570 5945 etc.
1944 5886 1945 5889 η
1986 5866 1997 5871 ⁷
2044 5866 2065 5891 ’ν

2243 4719 2408 4777 Deum
2431 4719 2633 4787 justum
2673 4720 2988 4785 defendunt,
3034 4722 3173 4791 quod
3224 4721 3410 4789 utique
3455 4730 3691 4774 ontnest
3751 4718 3826 4772 fa-

2240 4811 2410 4878 ciunt,
2441 4810 2527 4880 qui
2560 4827 2745 4865 sanum
2777 4813 3013 4882 sapiunt.
3064 4831 3080 4863 ι
3109 4811 3203 4869 Dic
3229 4826 3376 4879 ergo,
3411 4809 3515 4873 die,
3551 4810 3825 4880 magister,

2242 4902 2367 4972 quid
2397 4884 2479 4957 isti
2510 4903 2601 4974 qui
2631 4913 2688 4961 tu
2709 4920 2786 4970 es,
2823 4905 3105 4975 inquiunt?
3136 4906 3318 4979 Itaque
3346 4903 3494 4973 prius
3522 4916 3682 4971 quam
3712 4903 3825 4955 ani-

2243 5010 2365 5060 mre,
2399 4996 2669 5065 inquiunt,
2706 4998 3171 5067 prmcipitarentur
3193 4997 3244 5050 in
3273 4995 3554 5059 mundum,
3584 5003 3640 5048 et
3667 5009 3823 5051 mun—

2242 5088 2341 5153 dus
2384 5104 2446 5157 ex
2496 5089 2777 5153 animabus
2826 5090 3003 5161 ﬁeret,
3042 5104 3162 5144 cum
3196 5085 3602 5142 babitatrieibus
3630 5085 3741 5140 suis
3770 5087 3825 5140 in

2310 5227 2334 5265 8
2369 5218 2688 5274 Addidimus
2738 5224 2975 5281 deorsum
3020 5218 3329 5274 adverbium
3361 5234 3423 5271 ex
3453 5216 3824 5278 Guarneriano

2237 5306 2361 5351 ms.,
2410 5301 2589 5344 vetere
2633 5292 2742 5344 edit
2765 5306 2889 5353 nne,
2914 5301 3071 5357 atque
3096 5292 3209 5356 ipso
3239 5287 3622 5343 Commentarii
3650 5296 3821 5353 textu.

2310 5359 2335 5395 ιι
2367 5362 2537 5414 Antea
2574 5361 2771 5417 Icelum
2794 5360 2965 5429 incola
2989 5360 3104 5430 fuit.
3134 5359 3487 5430 Gnaruel'ian.
3513 5373 3639 5417 ms.,
3672 5373 3819 5430 pere:

2238 5431 2389 5502 grina
2429 5442 2525 5497 est,
2572 5433 2711 5499 quod
2748 5432 2814 5485 ab
2851 5426 3107 5502 impressa
3141 5430 3387 5502 lectione
3429 5426 3820 5502 Commentarii

2240 5498 2456 5571 propius
2501 5498 2722 5557 recedit.
2758 5502 2899 5557 Idem
2926 5502 3041 5572 plus
3067 5500 3261 5558 deinde
3310 5500 3494 5566 habet,
3533 5507 3583 5553 et
3612 5500 3664 5551 in
3699 5498 3823 5571 alia

2238 5573 2347 5629 loco
2375 5573 2531 5636 alius,
2564 5572 2741 5637 Miser,
2770 5582 2877 5627 etc.

2313 5641 2327 5680 ί
2379 5643 2543 5699 Tacet
2590 5643 2944 5699 Guarnerian.
2992 5655 3121 5705 ms.,
3163 5641 3303 5706 here,
3350 5649 3463 5695 tum
3509 5638 3813 5709 insequenti

2246 5714 2465 5785 periodo
2494 5730 2613 5785 ergo
2642 5714 2978 5768 adverbium.

2237 5780 2257 5863 θ’
2307 5782 2322 5833 i
2365 5784 2504 5865 idem
2533 5780 2659 5855 ms.,
2687 5786 2903 5855 facimus
2932 5782 3021 5854 qui
3051 5797 3230 5837 sanum
3248 5784 3499 5853 sapimus.
3527 5780 3651 5857 Mox
3678 5788 3817 5847 tacet

2232 5865 2492 5927 tttqutunt.
