4166 6348
329 357 433 415 3ιί5

1494 355 1863 415 APOLOGIAE
1905 353 2114 410 LlBER
2155 353 2428 414 PRIMUS.

3489 348 3596 411 νει

330 475 572 532 infimum
601 477 716 548 ipse
745 476 1007 546 deiectus,
1038 477 1197 546 elegit
1236 475 1454 530 Paulum
1490 475 1649 537 Deus,
1674 482 1730 527 et
1756 472 1806 526 ei
1837 471 1911 526 si-
1940 471 1985 531 Α
2014 488 2337 543 damnanda,
2368 486 2473 542 sed
2506 500 2619 541 ηοη
2638 502 2781 552 sum.
2837 485 3026 556 διηπειο
3076 501 3189 556 εει»,
3230 485 3329 555 φή.
3369 485 3593 556 “qui...

331 570 486 623 miles
505 584 690 624 coram
704 578 792 635 Se,
810 570 899 636 qtti
921 579 1075 623 erant
1103 567 1273 622 sancti
1299 578 1351 621 et
1376 567 1720 621 immaculati.
1743 564 1913 619 Nemo

331 667 508 715 autem
559 660 778 730 eligitur
806 661 902 715 nisi
933 661 1000 716 de
1032 658 1288 727 pluribus,
1339 668 1394 712 et
1437 658 1525 711 ubi
1573 667 1700 712 sunt
1747 657 1909 727 aliqui

332 753 568 819 viliores,
617 751 687 807 ibi
732 753 924 807 electio
963 762 1317 820 perpetretur.
1345 749 1626 817 Quomodo
1649 760 1825 803 autem
1857 749 1911 803 in

337 842 625 912 Babylonia
658 853 684 880 ⁸
713 844 1044 910 captivitate,
1092 842 1308 911 quando
1345 856 1372 892 a
1412 838 1912 893 Nabuchodonosor

335 933 385 985 iu
407 932 711 986 Chaldaeum
728 934 918 987 ductus
938 945 1015 986 est
1035 919 1280 1001 populus,
1296 932 1442 985 missi
1461 940 1583 985 sunt
1602 930 1908 998 PrOpltette,

336 1024 607 1093 Ezechiel,
637 1024 845 1091 Daniel,
895 1034 1001 1079 tres
1046 1024 1225 1085 Pueri,
1268 1025 1494 1092 Aggzcus
1523 1031 1577 1076 et
1601 1021 1909 1082 Zacharias.

330 1130 437 1173 non
466 1114 608 1183 quod
640 1115 737 1183 ipsi
770 1116 1059 1171 meruerint
1087 1115 1468 1184 captivitatem,
1516 1114 1607 1169 sed
1636 1123 1697 1168 ut
1728 1123 1914 1169 essent

334 1207 388 1261 in
412 1208 605 1260 solatio
623 1209 952 1275 captivorum
981 1225 993 1259 :
1019 1208 1090 1260 ita
1112 1216 1164 1258 ct
1189 1208 1240 1261 in
1265 1208 1354 1260 illa
1377 1206 1679 1272 dejectione
1701 1206 1909 1271 mundi,

328 1312 428 1355 eos
460 1299 548 1365 qui
576 1308 862 1366 antequam
891 1299 1115 1351 mundus
1141 1298 1311 1362 tirrct,
1343 1297 1502 1352 electi
1533 1306 1687 1352 erant
1713 1313 1743 1350 a
1778 1297 1911 1362 Deo,

336 1386 531 1441 missos
570 1402 691 1440 esse
739 1388 792 1439 in
836 1386 1187 1441 eruditionem
1219 1398 1271 1441 et
1303 1388 1663 1454 magisterium
1709 1387 1912 1442 anima-

332 1493 449 1533 rum
498 1478 900 1546 peccatricium,
947 1489 1003 1532 ut
1045 1479 1428 1548 pmdicatione
1458 1495 1644 1536 eorum
1674 1492 1908 1535 reverte-

335 1580 522 1629 rentur
552 1570 618 1623 ad
651 1585 772 1623 eum
822 1570 993 1623 locum
1027 1570 1169 1625 unde
1196 1583 1512 1630 corruerant
1538 1588 1553 1626 :
1578 1580 1633 1626 et
1663 1572 1761 1627 hoc
1792 1587 1912 1629 esse

333 1659 473 1726 quod
522 1674 553 1712 a
597 1660 780 1730 Moyse
810 1660 859 1712 iu
884 1664 1209 1730 octogesimo
1241 1678 1383 1716 nono
1411 1662 1623 1718 dicatur
1656 1663 1907 1721 Psalmo:

335 1750 575 1814 Domine,
616 1754 875 1822 refugium
915 1758 1081 1822 {actus
1126 1770 1178 1812 es
1225 1756 1451 1809 nobisin
1497 1759 1822 1828 generatione
1864 1766 1911 1811 et

2014 584 2177 636 alium
2225 582 2347 636 dico
2391 593 2514 634 esse
2560 581 2649 649 qui
2700 580 2817 634 hinc
2860 578 2931 635 ita
2978 578 3122 635 dicat
3148 594 3162 633 :
3192 576 3243 630 id
3281 584 3387 641 est,
3418 576 3594 644 ipsum

2017 675 2176 729 istum
2209 690 2367 744 quem
2400 672 2560 727 modo
2589 672 2710 727 dieo
2747 671 2947 728 debere
2973 670 3238 728 damnari.
3270 669 3604 738 Repetam”

2013 780 2143 836 ergo
2190 767 2231 819 si
2280 765 2451 833 placet
2482 764 2626 817 illaut
2671 763 2844 831 ipsum
2875 761 3230 826 versiculum,
3283 760 3372 816 ubi
3402 760 3597 816 intum.-

2016 866 2097 910 tas
2120 855 2440 923 exponentis
2470 870 2774 923 personant,
2808 864 2864 907 ut
2896 854 3193 920 videamus,
3226 852 3346 921 quis
3370 860 3453 906 est
3479 852 3592 921 ille,

2014 963 2175 1017 quem
2204 948 2325 1000 talia
2378 946 2512 1001 dicis
2550 956 2809 1001 astruere.
2858 945 2954 1002 Ais
2989 960 3141 1013 ergo,
3176 945 3326 1001 Alius
3350 959 3480 999 vero
3502 943 3605 1013 qui;

2020 1039 2181 1092 Deum
2228 1036 2430 1106 justum
2468 1046 2696 1092 conatur
2721 1038 3011 1095 ostendere
3039 1036 3174 1093 dicit
3209 1036 3324 1091 lucc
3350 1035 3461 1107 [ΔΙ.
3493 1046 3596 1095 tae.

2019 1128 2153 1203 ba-c]
2205 1145 2324 1198 qua:
2366 1129 2476 1197 jam
2525 1143 2689 1197 supra
2738 1129 2990 1185 diximus.
3039 1128 3097 1183 Si
3142 1129 3246 1186 iste
3272 1142 3430 1195 quem
3461 1127 3598 1183 dicis

2015 1221 2212 1286 Alium,
2248 1219 2412 1273 Deum
2444 1219 2645 1287 justum
2672 1220 2968 1274 assertione
2998 1219 3099 1275 hae
3121 1234 3239 1283 sua,
3280 1227 3339 1275 ut.
3374 1221 3473 1286 ais,
3502 1232 3595 1277 05-

2022 1311 2214 1375 tcndit,
2236 1322 2317 1383 ﬁet
2345 1328 2374 1365 a
2406 1322 2459 1365 te
2486 1311 2623 1365 alios
2651 1320 2706 1364 et
2742 1310 2985 1367 diversus
3004 1322 3111 1379 est,
3155 1311 3225 1366 de
3250 1321 3301 1367 te
3329 1312 3443 1381 ipso
3470 1312 3598 1382 quid

2019 1403 2228 1457 sentis?
2260 1404 2340 1457 Tu
2373 1418 2536 1473 negas
2558 1402 2761 1473 justum
2792 1417 2914 1458 esse
2949 1404 3148 1460 licam?
3173 1405 3442 1475 Magister,
3469 1407 3596 1464 dum
3679 1446 3682 1449 λ

2015 1506 2071 1549 ιιι
2101 1494 2212 1566 [ΑΙ.
2244 1504 2344 1551 lac.
2375 1493 2455 1565 tu]
2481 1494 2706 1551 tnultum
2746 1494 2921 1563 vides,
2944 1503 3001 1551 et
3029 1496 3162 1553 satis
3191 1496 3371 1568 arguis
3410 1506 3599 1567 captos

2012 1590 2189 1642 oculis
2238 1590 2442 1659 talpas:
2472 1599 2599 1657 puto
2624 1598 2675 1644 te
2707 1588 2994 1646 incurrisse
3039 1590 3394 1658 ἁδννώτατον,
3439 1604 3498 1649 et
3531 1609 3599 1652 es

2014 1695 2243 1753 utraque
2277 1694 2427 1753 parte
2454 1685 2726 1740 concludi.
2760 1689 2864 1739 Aut
2890 1686 3030 1741 enim
3059 1688 3259 1756 justum
3302 1690 3466 1746 Deutn
3506 1706 3605 1745 ne.

2013 1774 2187 1844 gallis,
2224 1786 2277 1829 ut
2304 1776 2444 1830 alius
2473 1776 2548 1830 sis
2578 1788 2629 1832 ct
2660 1777 2964 1832 contrarius
3012 1779 3086 1834 illi
3134 1780 3222 1848 qui
3275 1779 3389 1835 haec
3425 1781 3552 1836 dicit
3582 1798 3600 1838 ε

334 1844 595 1913 progenie,
620 1855 890 1913 anu-quam
917 1854 1107 1897 montes
1137 1844 1488 1913 ﬁrmarentur,
1513 1857 1558 1901 et
1581 1848 1720 1915 [ieret
1752 1857 1912 1911 terra,

2025 1874 2113 1921 aut
2142 1866 2207 1929 si,
2255 1876 2309 1920 nt
2339 1867 2513 1921 omnis
2547 1869 2832 1923 conlitetur
2862 1869 3121 1933 Ecclesia.
3153 1844 3325 1928 etiam
3350 1881 3406 1926 tu
3438 1873 3601 1930 Deum

334 1940 381 1989 et
409 1933 547 1987 orbis
571 1942 825 1988 terrarum
852 1936 967 2007 (Ps.
986 1936 1072 1992 89.
1100 1936 1201 2005 1.).
1224 1937 1375 2004 Quod
1405 1938 1608 1993 scilicet
1626 1948 1911 2007 antequam

335 2026 570 2085 mundus
616 2028 787 2091 licrct,
820 2038 872 2082 ct
903 2030 1147 2085 universa
1178 2032 1450 2100 generatio
1481 2032 1795 2101 principium
1827 2050 1915 2086 su—

337 2128 529 2183 meret,
560 2119 769 2174 Sattctis
797 2119 907 2174 suis
941 2121 1078 2176 Deus
1105 2122 1361 2191 refugium
1397 2122 1575 2179 fuerit.
1606 2141 1626 2176 ι

407 2209 497 2264 27.
542 2210 665 2265 llmc
696 2223 816 2266 sunt
846 2229 964 2283 qua!
992 2214 1043 2267 in
1077 2213 1205 2280 illis,
1253 2229 1388 2285 quos
1422 2215 1567 2269 solos
1593 2213 1618 2253 δ
1643 2229 1708 2271 ex
1739 2216 1914 2271 omni-

338 2300 437 2380 bus
460 2303 732 2380 opusculis
761 2305 864 2359 tuis
894 2304 1066 2374 eligis,
1098 2316 1153 2361 et
1181 2304 1247 2358 ad
1288 2304 1725 2360 condemnandos
1755 2316 1915 2360 uete-

341 2376 431 2447 riis
477 2394 637 2465 relegi
682 2394 867 2463 iubes,
923 2394 1332 2451 Commentariis
1374 2398 1585 2453 scribis.
1632 2398 1912 2465 Mundam,

339 2488 439 2551 ais,
474 2489 634 2542 fuisse
664 2489 987 2545 invisibilem
1026 2501 1309 2562 antequam
1343 2493 1429 2547 hic
1468 2492 1692 2546 visibilis
1724 2494 1913 2548 fieret:

341 2580 531 2651 inquo
558 2582 759 2635 mutulo
803 2598 924 2637 cum
976 2585 1197 2656 reliquis
1242 2584 1654 2656 habitatoribus,
1705 2587 1916 2657 Angelis

340 2672 449 2752 ίᾼι.
483 2674 693 2743 Angelil
742 2676 965 2746 scilicet,
1014 2686 1067 2732 et
1097 2677 1290 2733 animm
1319 2690 1493 2735 erat.
1528 2679 1657 2734 ls'as
1685 2681 1913 2747 animas,

340 2769 442 2831 ais.
476 2768 543 2823 ob
573 2771 823 2835 quasdam
851 2787 1071 2827 caussas
1119 2774 1223 2828 soli
1272 2775 1379 2829 Deo
1426 2778 1690 2845 cognitas,
1732 2775 1785 2830 in
1818 2775 1918 2830 hoc

342 2857 538 2912 visibili
572 2863 767 2915 mundo
803 2865 946 2918 nasci
992 2866 1041 2918 itt
1072 2868 1404 2934 corporibus,
1448 2878 1499 2921 ct
1526 2884 1646 2936 quae
1676 2877 1801 2923 ante
1824 2869 1917 2923 ba-

342 2949 641 3006 bitaverant
667 2957 857 3009 czclum
890 2958 1028 3026 apud
1062 2958 1205 3027 prius
1230 2974 1334 3014 szcc
1376 2961 1509 3031 lum,
1539 2977 1677 3018 nunc
1709 2962 1793 3016 hic
1823 2962 1917 3017 ba.

342 3043 533 3109 bilant,
569 3056 763 3101 terram
814 3051 1018 3106 scilicet
1074 3068 1177 3105 non
1230 3064 1384 3109 extra
1425 3070 1643 3110 caussas
1685 3056 1913 3126 aliquas,

342 3152 479 3205 quas
524 3139 650 3207 ipszc
686 3142 810 3194 inibi
846 3144 1075 3197 vivendo
1102 3146 1297 3199 Commi
1330 3147 1492 3203 crint.
1539 3147 1604 3201 Et
1644 3148 1744 3213 ais,
1774 3146 1914 3216 quod

2015 1954 2218 2025 justum
2248 1971 2369 2013 esse
2396 1957 2722 2020 conliteatis,
2757 1967 2813 2011 tu
2838 1975 2897 2013 es
2924 1961 3011 2029 qui
3044 1960 3158 2016 ba'e
3186 1961 3344 2026 dicis,
3375 1970 3433 2017 et
3464 1974 3518 2016 tu
3545 1977 3605 2020 rs

2019 2049 2111 2119 qui
2137 2049 2338 2115 primus
2359 2050 2563 2120 excipis
2586 2051 2932 2117 sententiam,
2956 2068 3114 2122 quam
3137 2054 3191 2110 in
3216 2053 3377 2110 alium
3396 2054 3528 2111 fers.
3548 2066 3605 2113 ut

2022 2149 2076 2195 tu
2107 2140 2213 2211 |Al.
2245 2154 2344 2198 (ac.
2377 2139 2561 2212 tn]qui
2587 2144 2958 2213 tuometipsius
2995 2160 3249 2200 mucrone
3270 2146 3599 2205 confodi-ris.

2018 2230 2281 2287 Suflicere
2306 2233 2500 2301 Opinor
2528 2233 2641 2287 haec
2660 2234 2800 2304 apud
2828 2234 3161 2303 iustissimos
3192 2235 3403 2308 judich
3430 2247 3484 2292 et
3514 2238 3600 2293 (ιιι

2019 2329 2196 2375 turum
2230 2322 2320 2376 Dei
2346 2320 2606 2393 judicium
2638 2325 3034 2393 praestolantes,
3060 2342 3163 2380 non
3190 2326 3315 2396 quia
3345 2328 3603 2385 condem-

2023 2430 2154 2469 nare
2184 2414 2420 2470 debeant
2446 2428 2594 2485 eum,
2628 2417 2718 2484 qui
2750 2415 3009 2472 festucam
3042 2417 3188 2475 videt
3217 2419 3269 2475 in
3299 2419 3469 2475 oculis
3496 2419 3603 2476 fra.

2023 2503 2122 2559 tris
2146 2504 2251 2573 sui,
2283 2513 2339 2560 et
2371 2504 2425 2558 in
2455 2520 2552 2558 suo
2579 2506 2785 2560 trabem
2826 2523 2931 2561 non
2966 2507 3142 2573 videt;
3185 2509 3281 2566 sed
3313 2511 3604 2569 emendare

2020 2605 2075 2651 et
2103 2598 2170 2651 ad
2202 2612 2379 2652 veram
2410 2598 2780 2667 paenitentiam
2806 2613 3084 2654 revocare.

2089 2688 2182 2745 28.
2232 2690 2423 2745 Verum
2467 2705 2536 2745 ne
2577 2690 2715 2745 forte
2759 2692 2980 2749 latuerit
3002 2708 3126 2749 eum
3159 2693 3308 2750 locus
3334 2695 3435 2752 iste
3465 2712 3601 2754 unus

2019 2796 2083 2836 ex
2111 2780 2221 2853 [ΑΙ.
2255 2780 2329 2853 in]
2363 2781 2445 2837 bis
2469 2781 2617 2840 tibiis
2640 2796 2778 2852 quos
2802 2783 2869 2836 ad
2892 2783 3147 2853 liquidum
3179 2798 3239 2841 se
3268 2787 3604 2844 recensuisse

2022 2885 2372 2945 putaverat,et
2386 2892 2609 2947 quorum
2622 2877 2787 2949 338
2796 2878 3121 2946 exemplum,
3136 2880 3347 2935 cancris
3358 2881 3603 2937 omnibus

2022 2968 2424 3035 condemnatis,
2471 2969 2536 3023 ad
2582 2970 2978 3025 confessionem
3008 2967 3034 3007 ά
3066 2969 3186 3027 fidei
3230 2981 3603 3041 proposuerat,

2020 3062 2360 3131 requiramus
2401 3062 2671 3131 quomodo
2713 3062 2874 3117 etiam
2906 3062 2959 3116 in
2984 3064 3192 3116 ca-tcris
3221 3064 3435 3119 sentiat.
3470 3064 3599 3119 lli-nt

2023 3154 2075 3206 in
2117 3153 2305 3208 eodem
2356 3153 2513 3219 libro,
2565 3154 2632 3207 de
2676 3167 2740 3204 eo
2767 3152 3003 3219 capitulo
3055 3153 3141 3206 ubi
3191 3154 3448 3221 scriptum
3480 3161 3599 3206 est:

342 3228 524 3284 Sancti
568 3232 786 3301 quique,
820 3245 869 3286 nt
898 3245 980 3289 est
1010 3234 1206 3291 Paulus
1232 3244 1287 3291 et
1309 3238 1488 3294 ceteri
1517 3240 1719 3296 similes
1745 3241 1791 3295 ei
1824 3257 1917 3309 per
1944 3231 1989 3293 C
2023 3243 2195 3299 Seram
2217 3250 2321 3298 funt
2350 3244 2593 3315 placitum
2624 3245 2897 3301 voluntatis
2934 3261 3043 3299 stne
3088 3244 3140 3297 in
3189 3244 3390 3298 laudent
3421 3242 3601 3313 gloria

342 3323 715 3389 generationes
764 3326 998 3395 singulas
1028 3328 1091 3379 ad
1121 3328 1475 3383 crmLtionem
1509 3346 1692 3385 carum
1742 3346 1770 3384 a
1810 3331 1919 3387 Deo

344 3409 596 3467 destinati
654 3412 762 3491 [AL
816 3416 1202 3483 prmdcstinatil
1255 3430 1398 3481 sunt.
1450 3432 1507 3477 ut
1538 3437 1631 3477 eas
1661 3422 1917 3489 praedica-

348 3501 494 3560 tione
514 3519 606 3556 sua
632 3506 692 3555 ad
716 3505 859 3559 illaut
888 3507 1266 3565 habitationem
1290 3527 1437 3565 suam
1462 3514 1569 3584 Idl.
1593 3523 1691 3569 lac.
1721 3513 1917 3586 suam],

347 3590 489 3644 unde
533 3592 779 3658 collapsus
811 3597 1037 3662 fuerant,
1075 3612 1411 3663 revocarent,
1446 3612 1500 3658 et
1535 3604 1633 3659 boc
1661 3605 1921 3674 copiosis-

342 3684 497 3741 ,sitnis
522 3685 911 3756 Scriptorarutn
1131 3696 1449 3750 testimoniis
1477 3696 1674 3751 lirtnas.
1710 3699 1775 3752 Et
1802 3714 1919 3767 qua:

346 3788 467 3830 sunt
507 3779 607 3832 alia
655 3797 838 3849 qumso
883 3784 1027 3838 dirta
1081 3803 1176 3856 pro
1225 3788 1417 3858 quibus
1444 3789 1724 3858 Origenctn
1759 3792 1809 3846 iu
1834 3792 1923 3862 jus

349 3870 544 3924 vocas?
568 3888 687 3941 qua:
718 3875 819 3927 alia
848 3886 973 3930 sunt
1007 3879 1054 3931 iu
1087 3880 1278 3947 quibus
1309 3897 1428 3936 eum
1462 3884 1701 3938 damnati
1724 3883 1923 3953 jnhrs't

348 3963 595 4019 Altumne
624 3978 645 4004 ε
678 3967 903 4023 damnas
936 3973 985 4024 in
1032 3974 1180 4027 tuis?
1228 3976 1288 4029 Et
1316 3977 1385 4041 si,
1415 3988 1471 4030 ut
1496 3989 1548 4032 tu
1574 3979 1789 4045 suades,
1823 3980 1923 4032 hu-

351 4055 579 4125 iusmodi
614 4058 748 4112 dicta
778 4063 1077 4117 damnanda
1105 4076 1248 4131 sunt,
1281 4067 1420 4122 lcres
1453 4080 1504 4123 tu
1538 4072 1682 4139 prius
1711 4082 1925 4125 sentcn-

353 4148 503 4216 tiam,
535 4164 589 4205 ct
622 4168 717 4220 pro
741 4154 899 4208 dictis
925 4158 1115 4213 adibus
1147 4160 1289 4226 prior
1312 4169 1361 4212 te
1387 4161 1498 4229 ipse
1520 4161 1924 4216 condemnabis.

353 4240 534 4311 Neque
564 4247 706 4299 cttittt
734 4248 843 4314 jam
875 4250 966 4303 tibi
999 4250 1136 4303 ultra
1170 4252 1335 4305 ullum
1372 4254 1626 4307 remansit
1652 4254 1925 4323 effugiunt.

355 4337 522 4393 Nulla:
554 4339 636 4395 hic
664 4344 921 4411 stropha),
953 4361 1047 4414 pro
1070 4347 1260 4412 quibus
1283 4355 1512 4402 coituros
1537 4349 1731 4416 arguis,
1770 4348 1930 4402 babe-

358 4429 488 4482 buut
516 4429 711 4485 locum.
750 4432 803 4486 lu
831 4434 941 4500 ipsa
976 4438 1171 4489 etenim
1204 4438 1513 4506 pmuitentia
1548 4449 1631 4492 tua
1663 4448 1781 4506 post
1800 4453 1928 4492 con-

357 4523 655 4576 versionctn
698 4524 808 4595 jim
857 4528 1170 4583 emendatus
1203 4541 1253 4583 ct
1284 4540 1585 4598 correptus,
1633 4530 1746 4584 istis
1780 4531 1930 4585 libris

356 4617 728 4672 auctoritatem
776 4620 1011 4677 dedisti:
1045 4623 1311 4686 videlicet,
1366 4633 1421 4676 ut
1461 4638 1526 4678 ex
1573 4623 1654 4678 bis
1684 4632 1771 4678 tua
1802 4639 1927 4677 sen—
1963 4603 2008 4663 ί)

356 4709 520 4762 tentia
544 4709 608 4763 de
633 4711 713 4764 bis
737 4729 850 4776 qttzc
868 4713 1165 4767 damnanda
1190 4714 1299 4786 [ΑΙ.
1321 4713 1749 4787 condemnanda]
1771 4714 1929 4781 dicis,

356 4802 696 4872 dogmatibus
748 4807 1084 4875 probaretur.
1142 4810 1207 4862 Et
1259 4809 1379 4863 ideo
1428 4824 1549 4879 qua:
1600 4809 1683 4863 hic
1734 4808 1930 4875 scripta

357 4907 500 4961 sunt,
536 4906 785 4966 tanquam
813 4901 858 4952 si
896 4901 1054 4954 modo
1102 4901 1217 4955 lucc
1263 4904 1575 4969 pronunties
1600 4910 1655 4955 et
1682 4900 1933 4964 deﬁnias,

359 4988 618 5042 audienda
647 5004 791 5045 sunt.
828 4992 891 5046 Et
923 4996 1010 5050 hic
1050 4995 1171 5050 talia
1218 4996 1408 5051 detinis
1438 4996 1610 5067 qualia
1651 4995 1787 5051 dicis
1814 5010 1936 5051 esse

429 5129 455 5156 ⁸
492 5117 687 5199 Penno
739 5122 900 5199 idem,
950 5128 1005 5181 in
1060 5127 1333 5199 Babylonis
1374 5130 1690 5195 captivitate,
1729 5130 1935 5199 quando

359 5190 957 5269 pet"Nabuchodonosor
1005 5190 1347 5269 captivitate»:
1394 5190 1577 5251 ductus
1606 5211 1680 5252 est
1712 5190 1935 5267 populus

362 5262 415 5313 in
445 5262 759 5339 (iltaldwam.
794 5267 900 5321 Nos
928 5262 1179 5339 abductus
1229 5286 1324 5339 pro
1369 5272 1550 5323 ductus
1604 5262 1935 5325 restittt'itnus

361 5347 425 5412 ea
453 5333 876 5412 Commentario.
915 5338 1050 5395 Tum
1089 5333 1346 5396 alias'mm
1373 5359 1471 5412 quo
1503 5352 1548 5394 et
1570 5342 1691 5406 ipsi,
1714 5353 1819 5395 ctc.
1880 5352 1936 5398 et

361 5400 639 5458 directione
670 5422 765 5472 pro
794 5409 1093 5475 deiectione.
1122 5400 1397 5485 denique;
1424 5423 1478 5467 ut
1508 5417 1575 5466 ad
1593 5400 1935 5483 'pra‘dicatio-

364 5488 477 5525 nent
503 5489 698 5541 eorum,
726 5488 831 5532 etc.

434 5543 463 5581 ι’
488 5545 611 5623 bis,
640 5550 691 5601 in
715 5551 946 5604 omnibus
975 5555 1232 5623 opusculis
1264 5555 1432 5623 eligis.

440 5624 467 5696 εξ
499 5615 877 5696 Guarnerian.,
911 5615 1083 5696 Alium
1104 5626 1162 5696 in
1186 5628 1297 5696 ejus
1328 5615 1560 5689 damnas,
1582 5635 1793 5695 etc.,ex
1827 5641 1934 5694 quo

368 5684 594 5739 fortasse
623 5684 1043 5766 rescribendunt,
1076 5684 1314 5766 Alitu'nne
1343 5695 1395 5749 in
1436 5684 1572 5766 ejus,
1600 5684 1761 5750 aliu'm
1788 5684 1934 5749 dsint-

378 5767 614 5835 stts,_c_tc.
670 5761 785 5815 Mox
820 5763 960 5816 idem
985 5774 1039 5817 tu
1062 5765 1276 5834 primus,
1321 5781 1414 5834 pro
1445 5761 1497 5819 tu
1528 5770 1690 5835 prius,
1723 5777 1828 5822 etc.

444 5838 467 5865 ⁴
494 5829 636 5885 Idem
681 5848 804 5900 nts.,
840 5835 947 5901 Dei,
981 5847 1029 5890 et
1062 5829 1183 5891 mox
1223 5829 1373 5891 seniit
1402 5852 1505 5908 pro
1528 5829 1750 5903 sentiat.
1800 5838 1877 5895 Tu
1906 5859 1932 5892 Ἰ

2022 3351 2133 3391 suc
2183 3335 2399 3407 (Ep/res.
2433 3336 2533 3407 1.),
2565 3346 2676 3404 post
2707 3350 2876 3404 pauca
2907 3335 2976 3388 ita
3006 3334 3082 3396 ait
3112 3352 3125 3388 :
3163 3353 3181 3385 ι
3211 3335 3473 3390 Invadunt
3502 3337 3601 3389 ita-

2025 3445 2132 3498 que
2162 3427 2215 3481 iu
2250 3430 2353 3483 hoc
2397 3428 2517 3482 loco
2560 3427 2923 3495 occasionem,
2971 3427 3060 3497 qui
3096 3435 3222 3481 ante
3260 3424 3599 3484 consitutio.

2024 3538 2147 3578 nem
2166 3521 2270 3594 [AL
2290 3520 2674 3594 conditionem]
2697 3521 2878 3576 mundi
2899 3520 3104 3579 animus
3128 3531 3318 3592 putant
3344 3538 3465 3577 cum
3494 3522 3604 3576 Au-

2025 3619 2160 3690 gelis
2190 3627 2247 3674 et
2275 3617 2489 3674 caeteris
2544 3618 2806 3672 Virtutum
2860 3617 3155 3673 ca-lestiutn
3206 3616 3509 3672 nominibus
3550 3617 3605 3673 in

2025 3709 2232 3765 cmlesti
2280 3708 2577 3766 Jerusalem
2628 3708 2793 3771 fuisse
2834 3718 3087 3775 versatas,
3121 3708 3259 3779 quod
3288 3723 3386 3764 nec
3406 3723 3603 3764 secun-

2024 3803 2151 3858 dum
2175 3801 2565 3871 beueplacitum
2601 3800 2717 3865 Dei,
2746 3814 2845 3854 nec
2877 3800 2928 3854 in
2960 3797 3169 3856 laudem
3200 3799 3384 3867 gloriae
3407 3797 3522 3868 ejus
3549 3806 3605 3852 et

2027 3896 2212 3966 gratim
2247 3894 2416 3963 possit
2454 3892 2699 3963 intelligi,
2732 3890 2870 3945 alios
2897 3891 3093 3956 nudos,
3130 3901 3153 3928 ε
3182 3890 3457 3955 barbaros,
3487 3903 3604 3945 ser-

2027 4003 2147 4056 vos,
2174 3988 2381 4043 debiles
2405 4003 2422 4044 ς
2444 3988 2583 4041 alios
2604 3986 2824 4051 divites,
2852 3987 3142 4050 Batnanos,
3166 3984 3386 4050 liberos,
3410 3998 3606 4038 sanos:

2030 4079 2324 4149 ignobiles,
2376 4078 2463 4133 vel
2518 4078 2726 4133 nobiles
2757 4078 2808 4131 iu
2845 4078 3073 4132 diversis
3119 4078 3251 4142 oris,
3301 4086 3356 4132 ct
3395 4078 3607 4131 diversa

2031 4182 2180 4241 parte
2220 4173 2489 4238 generari,
2523 4170 2624 4224 nisi
2649 4184 2855 4225 caussa:
2890 4170 3285 4237 praecesserint,
3320 4168 3509 4236 quibus
3539 4183 3606 4223 ex

2030 4262 2237 4318 meritis
2260 4263 2374 4315 haec
2394 4260 2690 4316 animarum
2714 4275 3047 4331 unaqumque
3068 4259 3256 4314 sortita
3270 4268 3371 4314 est.
3398 4259 3461 4313 Et
3477 4258 3607 4315 illud

2030 4356 2170 4426 quod
2192 4355 2257 4410 ad
2281 4355 2550 4409 ltotuanos
2575 4355 2833 4424 scriptum
2851 4363 2952 4417 est,
2977 4353 3189 4419 quidam
3215 4364 3397 4417 atttaut
3427 4367 3608 4416 nosse,

2033 4465 2131 4505 nec
2158 4457 2350 4502 norunt
2376 4465 2389 4500 :
2423 4448 2500 4501 An
2540 4462 2643 4501 non
2670 4444 2816 4499 habet
2845 4454 3141 4511 potestatem
3170 4444 3364 4515 ﬁgulus
3394 4445 3509 4508 luti,
3544 4445 3609 4499 de

2031 4542 2206 4595 eadem
2249 4556 2419 4593 massa
2458 4539 2629 4609 facere
2680 4536 2825 4590 aliud
2873 4550 2962 4589 vos
3006 4535 3057 4588 in
3103 4535 3348 4590 honorem
3381 4535 3528 4588 aliud
3556 4536 3610 4588 in

2040 4631 2401 4684 contumeliam
2430 4626 2679 4700 (Hom.9.
2703 4624 2847 4694 2L).
2883 4625 2948 4678 ad
2971 4625 3199 4681 eundem
3223 4641 3438 4682 sensum
3476 4624 3611 4681 refe-

2038 4732 2182 4789 runt,
2209 4733 2263 4776 ut
2285 4721 2561 4790 quomodo
2602 4719 2743 4775 mala
2776 4717 2883 4788 vita
2922 4730 3017 4771 seu
3050 4717 3208 4783 bona,
3240 4717 3502 4773 laboriosa
3531 4719 3612 4774 vel

2039 4815 2205 4869 facilis
2239 4815 2431 4868 frustra
2464 4811 2516 4866 in
2548 4812 2650 4867 hoc
2689 4810 2890 4866 mundo
2932 4809 3127 4878 agitur,
3171 4809 3276 4865 nisi
3327 4810 3615 4864 credamus

2040 4905 2135 4962 Dei
2164 4905 2182 4944 ί
2218 4905 2447 4959 iuturttm
2475 4918 2595 4961 esse
2613 4903 2871 4973 judicium
2899 4922 2910 4957 :
2941 4905 3011 4958 ita
3042 4913 3093 4959 et
3125 4902 3407 4956 diversitas
3438 4902 3489 4955 in
3514 4901 3546 4954 lt
3572 4917 3616 4957 'c

2041 4998 2239 5054 mundo
2279 4999 2615 5054 nascentium
2656 4997 2926 5069 justitiam
2965 4997 3055 5073 Dei
3094 5005 3304 5067 arguat,
3359 4993 3459 5050 nisi
3503 4994 3615 5051 aui-

2043 5135 2178 5189 tnale
2207 5134 2413 5189 Erasm.
2444 5142 2501 5186 et
2530 5133 2775 5188 Martian.
2806 5132 2948 5186 Idem
2979 5146 3072 5200 pro
3102 5130 3240 5183 item.

2118 5210 2142 5239 ε
2173 5205 2373 5259 Vitiose
2397 5205 2533 5258 idem
2558 5206 2789 5257 barbatos
2810 5220 2901 5270 pro
2927 5199 3190 5260 barbaros,
3214 5199 3410 5268 quibus
3431 5206 3616 5252 auctor

2039 5277 2299 5347 Romanos
2329 5275 2584 5347 opponit;
2636 5273 2732 5347 sed
2781 5289 2879 5328 nec
2929 5276 3083 5339 bene,
3113 5285 3244 5347 qua:
3292 5279 3610 5347 sequuntur,

2038 5364 2211 5409 sanos,
2247 5345 2489 5417 ignobiles
2530 5345 2583 5399 in
2611 5345 2835 5417 diuersas
2879 5342 3123 5417 oras,ch
3152 5347 3322 5409 partes
3360 5342 3615 5416 generari.

2039 5418 2148 5471 Nos
2174 5434 2237 5472 ex
2266 5413 2652 5488 Commentarii
2681 5414 2799 5481 ipso
2826 5424 2973 5488 textu
3025 5413 3198 5488 locum
3243 5413 3613 5488 restitunnos:

2038 5498 2194 5543 antea
2222 5488 2416 5541 nobiles
2438 5486 2502 5538 ad
2540 5476 2797 5541 Romanos
2820 5483 3138 5542 addebatur,
3166 5486 3276 5531 ttnn
3303 5476 3387 5529 illa
3418 5477 3612 5547 ignobi-

2040 5560 2111 5612 les
2135 5559 2211 5612 vel
2240 5557 2430 5611 nobiles
2450 5555 2909 5628 desiderabantur.
2933 5552 3198 5628 Caeterum
3229 5547 3476 5628 laudatus
3502 5556 3609 5628 tes-

2047 5640 2130 5683 tus
2153 5630 2204 5682 in
2231 5630 2430 5682 diversa
2450 5626 2585 5683 orbis
2614 5634 2757 5697 parte
2786 5623 2945 5677 habet
2971 5635 3066 5689 pro
3089 5618 3304 5671 diversis
3332 5618 3437 5671 oris
3465 5625 3512 5669 ct
3540 5619 3609 5668 di-

2042 5716 2185 5769 versa
2212 5710 2375 5769 parte.
2534 5766 2545 5769 _
2874 5760 2907 5769 Α
3136 5766 3145 5769 _
3217 5757 3228 5767 .
3448 5756 3462 5769 .
3494 5759 3505 5769 .
3535 5756 3546 5769 .
3601 5758 3611 5768 .

2120 5768 2139 5808 t
2167 5756 2489 5837 shpplemus
2518 5766 2747 5837 futurum
2773 5777 2837 5815 ex
2869 5757 3291 5837 commentario,
3324 5756 3463 5825 quod
3493 5756 3613 5816 libri

2042 5839 2171 5897 editi
2198 5830 2307 5908 alii,
2343 5845 2503 5907 atque
2518 5830 2643 5905 ipse
2669 5830 3020 5890 Guaruerian.
3052 5841 3154 5885 ms.
3186 5836 3347 5883 tacet.
