4166 6348
582 334 684 405 561

1650 345 1876 403 Rl'FlNl
1915 337 2393 411 AQUI‘LEIENSIS
2431 341 2861 400 PRESBYTER}

3750 339 3854 397 568

582 481 793 522 mantnt
820 465 1009 522 merita
1041 465 1435 536 praeesset-int.
1464 463 1521 519 Si
1546 464 1713 528 enim,
1745 464 2018 534 inquiunt,
2048 458 2162 513 haec
2193 458 2243 517 A
2272 458 2450 522 luerit,
2480 460 2610 515 dicit
2636 460 2863 533 [AL-lac.
2888 459 3071 531 dicit],
3101 470 3153 515 ut
3178 458 3259 515 his
3281 459 3492 515 omissis
3522 458 3611 516 illa
3634 467 3853 516 tenean-

584 575 693 614 non
744 560 818 613 ita
863 559 1179 626 accipimus,
1214 566 1240 594 ι
1272 573 1373 612 nec
1427 555 1822 623 heneplacitum
1874 552 2165 609 voluntatis

576 653 680 706 Dei
710 653 969 718 erit,‘nec
999 652 1049 705 in
1083 651 1292 705 laudem
1335 650 1521 720 gloria:
1550 657 1604 704 et
1639 649 1829 717 gratite
1864 646 1991 716 ejus
2033 647 2165 700 alios

581 742 814 813 elegisse
842 752 967 798 ante
995 743 1433 797 constitutionem
1468 741 1675 805 mundi,
1707 750 1761 794 ut
1789 746 1974 799 essent
1994 736 2164 792 sancti

579 844 636 890 et
682 835 1037 900 immaculati,
1083 844 1139 888 et
1181 833 1436 889 haberent
1484 833 1829 902 adoptionem
1859 831 2159 896 perdesuttt

580 926 875 993 Christum,
906 929 1043 985 alios
1068 928 1272 982 ultima:
1291 927 1588 982 conditioni
1609 934 1664 981 et
1682 929 1859 995 pmnis
1891 925 2163 994 perpetuis

581 1020 879 1082 destinasse
904 1039 918 1074 :
942 1034 1125 1075 amare
1152 1021 1320 1076 Jacob
1340 1030 1627 1089 ante-quam
1658 1021 1861 1073 oriatur
1887 1034 1950 1073 ev
1983 1034 2158 1084 u‘ero,

580 1112 765 1167 odisse
822 1113 959 1168 Esau
1016 1112 1325 1182 priusquam
1376 1112 1535 1182 digna
1592 1112 1733 1165 odiis
1794 1118 2158 1180 perpetraret,

579 1202 682 1257 nisi
738 1216 947 1257 caussa:
1003 1203 1379 1272 prazcusseriut
1424 1218 1545 1273 quae
1585 1202 1847 1272 justitiam
1901 1202 1991 1255 Dei
2041 1192 2163 1269 pro-

574 1292 724 1349 bent.
748 1312 768 1346 ι

582 1418 587 1423 ι
650 1385 743 1442 29.
773 1386 910 1454 Quid
943 1387 1260 1455 expressius
1297 1386 1394 1440 hac
1425 1386 1762 1440 assertione?
1785 1385 1910 1455 quid
1941 1383 2161 1439 eviden-

575 1478 682 1533 tius
707 1479 789 1533 vel
812 1480 880 1532 ab
896 1479 1146 1549 Origene,
1172 1479 1258 1535 vel
1285 1494 1311 1531 a
1335 1493 1603 1548 quoquam
1630 1493 1814 1534 eorum
1845 1491 1977 1547 quos
2001 1485 2050 1529 te
2073 1491 2160 1530 ar-

573 1587 743 1642 guere
796 1572 956 1638 dicis,
1000 1572 1070 1628 de
1119 1570 1203 1626 his
1251 1570 1593 1641 dogmatibus
1641 1570 1724 1625 vel
1774 1568 2020 1638 cogitari,
2077 1567 2159 1621 vel

574 1664 683 1720 dici
728 1666 942 1734 potuit.
992 1663 1133 1733 quod
1185 1663 1394 1718 scilicet
1448 1660 1733 1717 diversitas
1764 1658 1791 1698 ι’
1820 1668 1875 1714 et
1924 1660 2159 1726 insequa-

575 1757 719 1819 litas,
773 1774 893 1824 qua:
937 1764 1022 1811 est
1066 1757 1119 1812 in
1167 1758 1269 1814 hoc
1316 1757 1517 1813 mundo
1563 1757 1917 1819 nascentium,
1968 1754 2032 1807 ad
2066 1754 2157 1807 Dei

2272 564 2378 608 tur.
2406 554 2535 608 Vide
2564 564 2759 624 quanta
2790 555 2877 608 ille
2906 555 3159 611 cautione
3189 568 3314 609 usus
3340 553 3359 591 ί
3385 563 3496 610 est:
3540 562 3597 609 et
3621 561 3799 609 tamen
3820 569 3851 609 a

2267 653 2320 699 te
2347 647 2413 698 ad
2461 645 2859 702 denuntiationem
2909 658 3151 703 vocatur.
3202 647 3281 702 Tu
3308 647 3432 718 quia
3483 647 3853 702 tantummodo

2266 740 2427 793 alium
2458 742 2721 809 nominas,
2749 741 2999 812 eiiugisse
3031 752 3081 796 te
3114 748 3289 811 putas.
3323 741 3398 795 Ex
3430 740 3513 795 his
3543 740 3687 795 enitn
3726 754 3850 795 eum

2271 831 2525 896 damnas,
2560 833 2611 885 in
2640 818 2833 901 quibus
2857 848 2977 889 eum
2998 834 3239 903 sequeris
3269 842 3324 888 et
3351 832 3598 887 imitaris.

2337 925 2425 979 50.
2468 923 2573 978 Sed
2602 924 3006 992 progrediamur
3033 923 3262 993 legendo
3288 922 3744 989 Commentarios,
3780 938 3846 977 ne

2268 1018 2605 1072 immorando
2636 1033 2730 1087 per
2756 1018 2964 1088 singula
2989 1061 3003 1079 ,
3060 1020 3412 1074 excludamur
3453 1019 3521 1073 ab
3577 1018 3853 1087 agnitione

2267 1111 2636 1178 plurimorum.
2665 1119 2719 1161 es
2748 1111 2872 1165 item
2902 1126 2964 1164 ex
2991 1110 3179 1164 eodem
3214 1110 3367 1175 libro,
3390 1108 3457 1163 de
3478 1108 3671 1163 eodem
3698 1110 3850 1181 capi-

2267 1205 2377 1262 tulo
2409 1205 2495 1259 ubi
2549 1204 2808 1270 scriptum
2854 1213 2973 1259 est:
3010 1203 3075 1257 Ut
3114 1206 3273 1258 simus
3318 1205 3371 1257 in
3421 1203 3627 1256 laudem
3670 1201 3849 1271 glorias

2266 1299 2405 1364 eius,
2438 1295 2526 1365 qui
2567 1305 2685 1347 ante
2714 1296 3028 1365 speravimus
3072 1297 3124 1349 in
3157 1296 3360 1349 Christo
3391 1294 3605 1364 (Ep/tes.
3640 1291 3690 1346 1.
3736 1292 3852 1363 19..)

2264 1388 2321 1444 Si
2345 1390 2654 1459 speravimus
2680 1396 2884 1442 tantum
2908 1388 3130 1448 dixisset
3158 1388 3211 1442 in
3234 1384 3457 1450 Christo,
3500 1394 3555 1440 et
3580 1400 3685 1440 non
3718 1400 3854 1453 prte-

2266 1481 2518 1543 misissct,
2543 1479 2705 1551 3&0
2727 1491 2844 1533 ante
2870 1480 3213 1548 speravimus,
3245 1477 3386 1547 quod
3436 1476 3625 1533 Crtece
3655 1477 3852 1532 dicitur

2263 1573 2657 1646 προηλπικότες,
2690 1580 2831 1626 esset
2860 1570 3192 1625 manifestior
3220 1584 3442 1633 sensus,
3483 1584 3576 1624 eos
3602 1569 3691 1639 qui
3724 1583 3849 1637 spe-

2267 1672 2520 1716 ravcruut
2550 1665 2602 1717 in
2635 1664 2850 1719 Christo
2877 1663 3017 1720 forte
3049 1662 3076 1700 ιι
3106 1674 3344 1725 vocatos,
3378 1672 3431 1727 et
3459 1678 3579 1718 esse
3610 1658 3850 1734 prtedes:

2266 1755 2463 1807 tinatos
2487 1755 2780 1810 secundum
2812 1756 3140 1826 propositum
3166 1756 3305 1826 ejus,
3334 1757 3422 1825 qui
3448 1757 3694 1811 universa
3721 1768 3851 1823 ope-

572 1848 834 1919 justitiam
894 1849 1157 1903 referatur
1179 1850 1207 1902 ?.
1264 1849 1522 1903 Caussam
1569 1847 1759 1901 salutis
1808 1847 1891 1901 vel
1940 1846 2158 1899 damna-
2192 1843 2238 1902 Β
2268 1848 2577 1914 raturjuxta
2602 1848 2890 1902 consilium
2915 1848 3211 1903 voluntatis
3236 1862 3369 1902 sum.
3402 1847 3551 1902 Nunc
3575 1863 3705 1902 vero
3727 1861 3851 1916 pro:

574 1939 735 1995 tionis
776 1941 909 1995 dicis
941 1940 1154 1995 dedisse
1201 1941 1370 2009 ipsam
1412 1940 1517 1993 sibi
1565 1953 2000 2007 unamquamque
2042 1937 2153 1991 ani-

575 2048 742 2100 mam,
792 2048 854 2091 ex
890 2034 1000 2105 [Αι.
1050 2032 1127 2104 ιιι]
1177 2033 1259 2089 his
1308 2034 1517 2087 scilicet
1567 2033 1801 2087 motibus
1854 2033 2155 2086 animorum

574 2142 719 2196 quos
760 2130 905 2196 prius
955 2128 1007 2181 in
1053 2127 1254 2181 ca-lesti
1306 2127 1639 2190 Jerusalem,
1697 2142 1815 2195 qua:
1858 2133 1941 2179 est
1989 2136 2161 2180 mater

573 2219 811 2273 omnium
837 2262 852 2286 ,
902 2219 1066 2290 339
1116 2219 1342 2274 vivendo
1371 2226 1672 2289 gesserunt.
1722 2219 1789 2272 Et
1823 2217 1953 2281 hoc,
1988 2217 2161 2287 inquit

573 2308 680 2382 [ΑΙ.
731 2309 927 2380 inquis]
951 2352 965 2375 ,
1003 2310 1108 2364 neu
1140 2326 1204 2365 ex
1236 2325 1353 2366 meti
1381 2325 1614 2381 persona
1654 2310 1856 2365 dictum
1909 2318 1994 2365 est
2017 2352 2030 2373 ,
2063 2309 2157 2363 sed

572 2403 734 2456 alium
766 2402 946 2457 dicere
975 2402 1261 2468 descripsi.
1298 2403 1538 2471 Denique
1561 2402 1706 2467 dixi,
1741 2404 1863 2471 qu’a
1895 2402 2161 2456 Invadunt

573 2494 793 2559 quidam
822 2495 1180 2549 oet-usionettt.
1216 2492 1326 2549 Nec
1351 2508 1451 2561 ego
1484 2508 1641 2563 nego,
1672 2494 1811 2562 quod
1842 2493 1911 2547 de
1940 2494 2048 2546 alio
2075 2494 2158 2546 di-

572 2601 697 2643 cere
715 2586 969 2641 videaris.
992 2586 1098 2640 Sed
1129 2587 1228 2640 iste
1261 2596 1282 2623 ο
1306 2586 1441 2639 alius
1463 2630 1476 2651 ,
1507 2601 1664 2655 quem
1698 2586 1808 2641 haec
1838 2586 2017 2640 dicere
2047 2585 2156 2651 ais,

574 2688 753 2740 utrum
782 2678 875 2731 tibi
904 2693 1133 2732 concors
1156 2687 1211 2732 et
1238 2692 1573 2743 consonans,
1608 2694 1674 2731 an
1698 2693 1825 2733 vero
1854 2678 2161 2739 contrarios

572 2771 643 2826 sit
665 2778 721 2823 et
746 2769 1024 2833 ittttnitrtts,
1049 2784 1151 2823 non
1175 2770 1466 2839 denegasti.
1487 2769 1616 2824 Cum
1640 2769 1779 2824 enim
1809 2770 1967 2823 a'iuttt
1998 2770 2160 2826 istum

574 2864 908 2918 contrarium
939 2864 1036 2918 tibi
1060 2864 1296 2934 aliquem
1324 2864 1589 2930 nominas,
1623 2865 1765 2917 soles
1791 2878 1987 2931 ponere
2014 2877 2160 2932 quato

572 2954 699 3015 dam
730 2954 869 3008 (Νι-ιι
902 2953 1039 3024 ejus,
1066 2956 1160 3009 sed
1189 2953 1369 3008 statim
1401 2969 1461 3009 ea
1492 2956 1769 3009 destruere
1793 2963 1848 3008 et
1878 2956 2159 3023 impugna-

574 3067 672 3107 re:
708 3063 763 3106 ιιι
796 3051 1110 3119 Marcionis,
1137 3064 1191 3108 et
1219 3052 1482 3107 Valentini
1505 3095 1521 3119 ,
1552 3064 1605 3107 et
1656 3054 1799 3123 Arii,
1831 3062 1888 3109 et
1934 3062 2161 3108 caetero-

573 3161 715 3199 runt.
748 3147 876 3200 Cum
909 3161 1039 3207 vero
1066 3146 1225 3200 alium
1258 3145 1471 3216 quidem
1501 3147 1765 3215 nominas,
1798 3155 1853 3201 et
1880 3146 2019 3201 dicta
2043 3148 2159 3216 ejus

2265 1939 2553 2006 positionis
2578 1939 2841 2009 adjectio,
2895 1938 2961 1991 ad
3020 1940 3166 1993 illam
3193 1954 3289 1993 nos
3313 1939 3717 2007 intelligentiam
3743 1947 3850 1996 trae

2262 2029 2359 2093 hit,
2386 2030 2453 2084 de
2495 2046 2597 2099 qua
2631 2030 2879 2099 superius
2913 2030 2923 2068 ί
2963 2030 3343 2099 disputavimus
3383 2040 3714 2098 exponentes
3749 2029 3849 2092 hoc

2248 2122 2399 2192 quod
2440 2122 2694 2190 scriptum
2728 2132 2841 2177 est:
2879 2122 2981 2187 Qui
3027 2121 3274 2175 benedixit
3305 2137 3397 2173 nos
3426 2121 3478 2174 in
3511 2121 3650 2174 omni
3688 2124 3849 2174 bene-

2261 2197 2483 2269 dictione
2502 2214 2729 2285 spiritali
2758 2217 2811 2268 in
2858 2214 3139 2268 coelestibus
3166 2214 3218 2266 in
3265 2212 3464 2268 Christo
3490 2228 3509 2267 :
3539 2213 3668 2266 sicut
3696 2211 3850 2284 elegit

2261 2322 2354 2357 nos
2394 2304 2447 2357 in
2496 2306 2609 2374 ipso
2647 2314 2766 2358 ante
2814 2304 2993 2357 mundi
3041 2305 3491 2367 constitutionem,
3543 2312 3599 2357 ut
3625 2318 3850 2356 essemus

2261 2398 2427 2451 sancti
2451 2408 2498 2452 et
2522 2380 3027 2452 immaculatieoram
3065 2398 3178 2468 ipso
3202 2414 3220 2450 :
3261 2397 3405 2467 quod
3434 2396 3673 2463 scilicet,
3716 2394 3856 2453 sicut

2257 2492 2366 2561 jam
2410 2508 2508 2549 nos
2555 2491 2905 2548 benedixerat
2936 2492 2985 2545 in
3018 2491 3161 2545 omni
3203 2489 3577 2546 benedictione
3620 2485 3858 2559 spiritali,

2264 2589 2315 2641 in
2363 2586 2702 2651 emicatibus,
2754 2594 2809 2639 et
2857 2585 3098 2655 elegerat
3158 2587 3175 2634 ι
3228 2593 3355 2638 ante
3407 2579 3848 2651 constitutionem

2262 2683 2478 2738 mundi:
2529 2683 2601 2738 ita
2645 2684 2805 2737 etiam
2854 2694 2995 2735 nunc
3051 2694 3299 2750 sperasse
3348 2685 3475 2734 ante
3511 2677 3756 2732 dicamur
3796 2675 3851 2749 in

2260 2779 2510 2845 Christo,
2541 2794 2603 2834 ex
2638 2795 2703 2834 eo
2733 2787 2975 2846 tempore
2997 2791 3103 2846 quo
3124 2776 3283 2830 electi
3316 2784 3367 2830 et
3402 2771 3765 2857 przedcst‘uati
3796 2778 3850 2838 et

2263 2874 2531 2930 benedicti
2562 2888 2751 2929 sumus
2773 2873 2827 2926 in
2859 2870 3184 2941 ctelestibus.
3236 2887 3255 2922 ι

2333 2967 2424 3020 3|.
2468 2967 2752 3035 Hucusque
2786 2964 3022 3026 interim,
3054 2978 3175 3033 qua:
3206 2962 3347 3014 enim
3389 2968 3692 3030 sequuntur
3735 2973 3849 3026 ma-

2259 3061 2374 3131 jora
2406 3067 2547 3113 sunt.
2586 3058 2737 3112 Nunc
2759 3072 2886 3126 ergo
2905 3056 3102 3123 gratias
3133 3070 3231 3123 ego
3257 3053 3386 3118 Deo,
3419 3051 3673 3121 quodme
3714 3064 3848 3117 pon-

2264 3152 2392 3207 dere
2413 3150 2740 3222 gravissima:
2767 3148 3090 3217 suspicionis
3114 3146 3390 3201 relevavit.
3428 3144 3676 3198 Fortasse
3703 3146 3849 3214 enim

573 3241 609 3276 ἀ
630 3254 751 3294 cum
783 3240 1123 3317 validissimis
1164 3239 1551 3302 assertionibus
1581 3240 1806 3306 scribis,
1839 3240 2158 3295 testimoniis
2186 3218 2232 3281 (ἶ
2268 3218 2489 3300 videbar
2531 3240 2801 3313 aliquibus
2830 3240 2898 3295 de
2947 3241 3052 3294 alio
3098 3239 3200 3293 isto
3230 3237 3614 3292 contentiosius
3646 3236 3728 3289 vel
3759 3250 3846 3288 ca-

569 3347 783 3402 quoque
837 3333 1234 3397 Scripturarmn
1286 3332 1668 3400 cotsiosi>simis
1714 3334 1929 3401 munis,
1981 3348 2159 3390 nonne

568 3428 729 3481 etiam
762 3442 862 3482 nos
886 3427 1265 3490 tardissimi,et
1288 3441 1423 3495 quos
1455 3436 1508 3481 tu
1536 3428 1704 3497 talpas
1733 3427 1888 3491 dicis,
1912 3428 2157 3491 videmus

569 3519 729 3574 istum
754 3520 861 3594 [Αι.
888 3519 1058 3591 istius]
1082 3562 1103 3597 ,υ
1130 3519 1280 3589 cujus
1308 3518 1450 3574 dicta
1484 3520 1638 3590 ponis
1665 3529 1721 3576 et
1750 3537 1854 3575 non
1883 3522 2118 3577 destruis
2136 3563 2153 3589 ,

568 3625 674 3665 non
697 3611 859 3665 alium
884 3625 1041 3679 quam
1066 3622 1118 3667 te
1139 3625 1279 3675 esse,
1304 3621 1357 3665 et
1386 3611 1499 3666 lieri
1522 3610 1638 3666 inec
1667 3611 1933 3667 rbetorira
1960 3600 2147 3683 ﬁgura,

567 3718 690 3755 cum
724 3702 822 3758 sub
851 3703 1025 3757 aliena
1056 3718 1285 3773 persona
1314 3720 1462 3757 suam
1500 3705 1822 3759 sententiam
1854 3704 2150 3773 proferunt.

572 3795 733 3850 Fiunt
772 3796 868 3849 ista
899 3796 966 3851 ab
995 3796 1329 3863 Oratoribus,
1362 3812 1483 3865 cum
1523 3808 1612 3851 aut
1641 3796 1915 3851 offendere
1943 3797 2152 3867 aiiquos

570 3896 851 3953 metuunt,
886 3887 1250 3963 autinvidiatu
1283 3888 1561 3946 declinare
1587 3889 1828 3957 cupiunt.
1864 3888 1992 3941 Nam
2024 3889 2067 3942 si
2100 3897 2152 3943 te

563 3996 629 4046 ex
674 3981 776 4055 hoc
801 3981 1077 4037 defensum
1124 3991 1297 4052 putas,
1333 3981 1475 4052 quod
1525 3990 1549 4019 ε
1593 3982 1649 4039 in
1691 3980 1773 4035 his
1800 3981 1958 4036 dictis
1987 3982 2148 4036 alium

565 4076 828 4139 nomines,
866 4077 1032 4131 multo
1076 4078 1179 4132 erit
1208 4075 1570 4151 excusabilior
1598 4075 1691 4130 ille
1734 4092 1890 4144 quem
1926 4077 2149 4132 insimu-

561 4168 659 4221 las.
703 4167 834 4222 Nam
867 4169 956 4223 ille
980 4183 1085 4222 non
1117 4167 1292 4222 solum
1328 4168 1428 4221 hoc
1459 4167 1511 4221 in
1544 4168 1937 4227 Consuetudine
1962 4170 2145 4241 habet,

560 4274 617 4318 ut
666 4262 807 4318 dicat
852 4262 987 4319 alios
1035 4264 1106 4316 ita
1159 4261 1373 4325 dicere,
1408 4269 1462 4316 et
1492 4261 1807 4330 quibusdam
1841 4264 1919 4331 ita
1945 4262 2142 4329 videri;

558 4356 651 4423 sed
685 4357 850 4427 multo
880 4357 1088 4417 cautius
1133 4354 1264 4412 dicit
1319 4355 1438 4422 ille,
1492 4355 1558 4409 de
1590 4357 1787 4411 talibus
1817 4372 1876 4411 se
1907 4357 2006 4410 hoc
2038 4374 2144 4412 non

556 4451 783 4525 delinire
800 4472 821 4514 ,‘
842 4450 935 4505 sed
954 4448 1161 4518 opinari
1188 4450 1373 4519 magis.
1399 4448 1557 4516 Quod
1579 4450 1622 4505 si
1647 4449 1736 4503 alii
1761 4451 1949 4504 melius
1969 4450 2140 4506 visum

628 4591 657 4635 ³.
690 4583 763 4639 lix
810 4582 1231 4657 Commentario,
1272 4594 1431 4657 atque
1468 4584 1584 4652 ipso
1611 4599 1675 4639 ex
1709 4594 1855 4651 parte
1884 4584 2128 4651 Guarne-
2167 4597 2215 4657 ι)

554 4654 708 4727 ιςίειιιο
739 4670 843 4727 ius.
879 4656 1063 4727 locum
1108 4655 1457 4727 restituimus,
1507 4666 1665 4713 antea,
1700 4662 1852 4727 enim
1886 4665 1998 4727 erat
2028 4672 2129 4709 non

552 4718 845 4777 secundum
879 4719 1292 4796 lieni-placitum,
1327 4718 1533 4777 etmox
1563 4734 1610 4778 et
1639 4725 1817 4793 gratiae
1847 4724 1967 4786 eius
1999 4728 2132 4796 refe-

550 4804 694 4848 retur
718 4813 736 4847 :
757 4810 875 4862 qua:
906 4793 1013 4845 duo
1043 4793 1198 4864 verba
1229 4795 1507 4864 secundum
1537 4805 1590 4847 et
1615 4796 1859 4864 referetur
1888 4793 2130 4852 laudatus

552 4879 767 4933 quoque
787 4880 889 4920 ms.
917 4863 1148 4933 respttit._
1171 4863 1244 4917 Ex
1264 4863 1448 4933 iisdem
1477 4865 1634 4919 etiam
1663 4863 1883 4926 inferius
1906 4867 2132 4930 legimus

550 4930 830 5000 conditioni
872 4949 965 4999 pro
995 4930 1324 5003 conditionis,
1354 4944 1407 4986 et
1436 4951 1610 5003 nutare
1653 4935 1814 4988 Jacob
1861 4950 2130 5004 antequam

552 5007 753 5075 oriatur
784 5021 878 5068 pro
923 5019 1121 5055 amasse
1160 5013 1214 5057 et
1253 5003 1493 5070 oriretur,
1537 5022 1654 5075 qua:
1681 5008 1809 5062 editi
1835 5003 2128 5064 atttealihri

548 5074 924 5143 pra-ferebant.

621 5144 647 5201 ‘P
681 5146 802 5209 ΜΒ..
832 5144 910 5197 vel
942 5143 1286 5211 inmqnalitas,
1327 5161 1441 5214 qua!
1470 5157 1543 5203 est
1568 5147 1675 5203 ha’c
1704 5151 1778 5216 in,
1816 5159 1920 5211 etc.
1965 5150 2129 5216 Paulo

547 5230 667 5285 post
689 5217 864 5288 verba
889 5216 1095 5278 salutis,
1126 5216 1202 5267 rel
1233 5212 1578 5288 damnationis
1605 5212 1779 5275 tacet.“

620 5296 641 5323 ε
686 5286 813 5410 "iis
836 5288 993 5359 alius,
1022 5295 1131 5357 tum
1164 5290 1377 5339 vorulas
1401 5286 1468 5341 an
1494 5291 1993 5357 t-eroCnarnerian.
2023 5310 2122 5346 ms.

620 5367 704 5410 rel.
764 5358 904 5410 ‘aulo
932 5370 1109 5410 autem
1145 5369 1259 5410 post
1284 5359 1408 5410 lcuit
1452 5362 1657 5410 quidem
1682 5363 1819 5410 dicta
1868 5380 1963 5410 nm
1991 5381 2122 5410 anm-

541 5365 704 5479 ἔπει.
738 5358 904 5417 l‘aulo
932 5370 1109 5423 autem
1144 5369 1259 5427 post
1284 5359 1408 5429 legit
1452 5362 1657 5430 quidem
1682 5363 1819 5416 dicta
1868 5380 2130 5435 pruqnw-

579 5444 681 5479 am.

579 5444 681 5479 am.

614 5495 654 5574 dA
683 5498 824 5565 idem
852 5515 978 5566 ms.,
1001 5500 1145 5574 dicta
1172 5504 1282 5574 ejus
1311 5502 1549 5567 destruis,
1578 5512 1625 5557 et
1654 5517 1741 5559 tua
1768 5522 1881 5558 cum
1916 5505 2127 5563 validis-

538 5570 701 5635 simis,
733 5581 839 5628 etc.
859 5610 874 5631 ,
924 5584 976 5626 et
998 5570 1222 5628 interius
1246 5575 1410 5628 alium
1451 5586 1497 5629 te
1538 5591 1644 5641 esse
1686 5592 1779 5647 pro
1809 5594 1909 5630 non
1938 5578 2121 5644 alunt,

536 5658 690 5709 qnam
714 5654 760 5696 te
786 5660 909 5697 esse.

612 5723 635 5749 ⁸
680 5713 841 5780 Vetus
872 5714 1003 5773 edit.
1033 5722 1089 5769 et
1129 5714 1481 5771 Guartacriau.
1516 5731 1618 5769 ms.
1639 5757 1655 5781 ,
1702 5719 1746 5770 si
1785 5729 1837 5769 tn
1866 5726 1911 5771 te
1939 5733 2001 5771 ea:
2028 5716 2124 5769 hoc

536 5782 649 5836 loco
678 5784 943 5857 defcttsttnt
985 5796 1134 5860 putas
1162 5828 1176 5852 ,
1208 5787 1348 5857 quod
1378 5800 1430 5841 tu
1459 5791 1510 5842 in
1543 5787 1620 5842 his
1653 5788 1995 5857 dictisalium
2025 5804 2119 5860 no-

536 5865 723 5909 mutas.

2263 3338 2577 3396 lumniosius
2600 3351 2779 3406 agere,
2796 3350 2914 3389 cum
2930 3332 3224 3389 secundum
3249 3330 3570 3395 rhetoricam
3598 3330 3844 3397 llgttrarn,

2262 3434 2420 3489 istum
2444 3447 2601 3502 quem
2628 3430 2755 3485 dicit
2793 3428 2900 3503 [ΑΙ.
2934 3425 3139 3499 dicunt]
3171 3426 3356 3491 alium,
3388 3426 3560 3494 ipsum
3595 3425 3844 3492 perhibes

2258 3542 2372 3582 rem
2415 3539 2553 3579 esse.
2608 3522 2715 3579 Sed
2747 3536 2814 3575 ne
2837 3536 2937 3588 qua
2970 3518 3395 3595 nlliauditorum
3449 3532 3591 3572 ttunc
3619 3529 3843 3585 prorsus

2256 3616 2523 3687 dubitatio
2555 3621 2875 3677 remaneret,
2921 3611 3042 3681 quis
3070 3621 3215 3665 esset
3247 3612 3345 3664 iste
3379 3609 3491 3681 [ΑΙ.
3526 3609 3639 3681 ille]
3681 3611 3841 3671 altus.

2256 3706 2323 3763 de
2353 3724 2459 3777 quo
2489 3706 2735 3775 superius
2777 3705 3016 3771 dixerat,
3048 3704 3359 3759 declaravit.
3388 3704 3667 3775 Tanquam
3712 3720 3841 3775 vere

2254 3802 2428 3875 bonus
2475 3800 2761 3869 magister,
2795 3809 2851 3855 et
2895 3800 2984 3869 qui
3036 3799 3209 3854 nullas
3240 3799 3372 3854 velit
3404 3816 3473 3854 ex
3522 3800 3682 3854 dictis
3730 3801 3845 3859 suis

2254 3896 2629 3966 ambiguitates
2682 3894 2957 3961 discipulis
3009 3910 3323 3960 remanere,
3373 3894 3619 3965 dignatus
3669 3893 3839 3947 estin

2254 3988 2357 4043 hoc
2388 3990 2504 4042 loco
2548 3987 2726 4051 illum,
2761 4001 2921 4057 quem
2963 3987 3309 4058 supra‘alium
3340 3986 3550 4056 dixerat
3574 4026 3590 4051 ,
3620 3983 3840 4040 eviden-

2252 4083 2361 4136 tius
2390 4080 2510 4151 quis
2558 4090 2704 4135 esset
2729 4064 3035 4133 ostendere.
3084 4079 3174 4132 Ait
3221 4094 3379 4146 ergo:
3433 4095 3453 4130 ι
3506 4076 3660 4131 Nunc
3710 4090 3839 4141 vero

2252 4175 2651 4247 prmpositionis
2691 4173 2956 4243 adjectio,
2988 4172 3052 4226 ad
3084 4172 3229 4225 illam
3281 4186 3379 4226 nos
3428 4169 3835 4239 intelligentiam

2251 4269 2454 4335 trahit,
2494 4268 2559 4335 de
2586 4281 2689 4338 qua
2716 4266 2967 4336 superius
2998 4265 3407 4333 disputavimus.
3451 4283 3468 4314 ο
3510 4262 3671 4331 Vides
3713 4264 3835 4333 quia

2248 4378 2347 4417 nos
2392 4376 2609 4423 sumus,
2646 4360 2847 4429 inquit,
2889 4368 2941 4413 et
2968 4372 3070 4410 non
3100 4356 3236 4410 alius
3286 4355 3467 4418 nescio
3516 4356 3638 4424 quis
3676 4372 3833 4425 quem

2246 4458 2551 4531 putabatis,
2583 4456 2672 4527 qui
2730 4455 2975 4524 superius
3028 4451 3451 4523 disputavimus,
3500 4460 3835 4520 exponentes

2314 4589 2333 4630 ί
2374 4590 2509 4646 Cod.
2536 4591 2919 4653 Guarnerian...
2952 4604 3073 4643 usus
3103 4588 3188 4652 sit,
3222 4596 3333 4641 tum
3359 4587 3427 4638 ad
3449 4585 3830 4639 damnationem

2236 4671 2483 4733 notatur,
2538 4678 2636 4733 pro
2688 4671 2932 4733 vocatur,
2985 4669 3039 4711 et
3084 4675 3206 4712 mox
3257 4657 3400 4733 illum
3449 4659 3681 4733 nominas
3735 4673 3832 4726 pro

2239 4732 2422 4797 alium,
2450 4728 2556 4787 etc:
2588 4774 2602 4795 ,
2652 4732 2848 4785 deinde
2881 4740 3053 4797 putas,
3085 4738 3132 4780 et
3161 4745 3223 4782 ea:
3254 4730 3330 4783 his
3360 4744 3475 4780 enm
3499 4728 3826 4782 condemnas.

2313 4813 2337 4850 ε
2377 4805 2521 4858 Idem
2575 4805 2638 4856 de
2684 4818 2743 4856 eo
2772 4803 3039 4868 capitulo,
3094 4800 3181 4854 ubi
3212 4803 3314 4863 ait,
3366 4797 3434 4852 Νι
3474 4799 3666 4863 simus,
3718 4810 3824 4854 etc.

2240 4874 2482 4929 Grut-um
2516 4875 2738 4929 verbum
2764 4873 2902 4941 quod
2934 4870 3200 4942 sequitur,
3228 4871 3483 4925 Erasmus
3503 4880 3559 4924 et
3580 4872 3824 4925 Martian.

2237 4947 2611 5013 «paulu-tuom;
2640 4946 2901 5007 scribunt.

2278 4968 2611 5021 ponam-1.0102;
2640 4968 2901 5007 corruunt.

2312 5016 2337 5053 ιι
2384 5018 2435 5069 In
2459 5017 2860 5070 Commentario
2882 5056 2897 5080 ,
2929 5021 3062 5067 sorte
3092 5022 3293 5067 vocatos
3325 5028 3464 5077 esse,
3496 5021 3542 5066 et
3566 5011 3826 5080 praedesti-

2236 5099 2379 5141 natos
2405 5104 2423 5140 :
2454 5088 2505 5141 in
2538 5103 2640 5139 ms.
2666 5097 2803 5147 sorte
2825 5102 2909 5138 eos
2940 5096 3144 5145 oncotos
3169 5086 3576 5153 prcedestinatos.
3666 5098 3669 5101 ‘

2316 5170 2326 5195 ι
2368 5158 2695 5211 auctoritate
2723 5156 2920 5213 codicis
2938 5156 3284 5210 Guarnctiani
3306 5158 3576 5224 ipsiusque
3597 5155 3824 5217 lectione

2234 5228 2611 5286 (Zoutnten'arii
2631 5228 2988 5296 expunxitn‘us
3016 5228 3204 5287 verba,
3236 5228 3363 5281 idest
3384 5241 3517 5292 ante,
3547 5241 3666 5295 qua:
3701 5242 3820 5280 cum

2235 5301 2353 5357 heic
2396 5300 2528 5360 loci,
2568 5311 2675 5350 tum
2730 5299 2949 5363 tuli-rius
2977 5340 2992 5365 ,
3040 5300 3126 5352 ttbi
3164 5298 3301 5357 idem
3336 5307 3512 5351 textus
3562 5298 3821 5364 repetitur

2235 5370 2692 5426 itttetserebaatur
2718 5408 2733 5435 ,η
2766 5368 2927 5431 facile
2963 5384 3029 5422 ex
3077 5369 3297 5424 studiosi
3331 5370 3557 5434 alicujus
3585 5368 3651 5419 ad
3700 5367 3819 5421 libri

2233 5457 2384 5495 oram
2416 5449 2574 5506 nota,
2628 5440 2730 5492 huc
2763 5439 3103 5507 postmodum
3155 5442 3206 5493 in
3259 5439 3487 5508 vulgatis
3534 5435 3689 5497 libris
3734 5437 3815 5491 iu-

2232 5523 2396 5566 υἸΙςῑὶο

2297 5597 2325 5643 ι,
2344 5593 2503 5648 Atque
2525 5591 2642 5651 helc
2678 5600 2762 5637 nos
2786 5598 3055 5651 pronomen
3079 5588 3377 5651 indusimus,
3407 5593 3534 5648 quod
3570 5604 3734 5651 neque
3762 5598 3807 5637 tn

2229 5641 2319 5698 ms"
2347 5641 2509 5708 neque
2534 5641 2960 5715 in__t‘.ommé_ntario
2976 5649 3193 5715 habetur
3219 5651 3255 5697 ‘.
3286 5641 3435 5697 Porro
3453 5665 3564 5715 ms.,
3592 5641 3812 5713 Sperasse

2230 5723 2354 5761 nunc
2377 5717 2532 5758 autem
2554 5710 2771 5759 dicantur
2795 5710 2843 5758 in
2868 5710 3054 5760 Christo
3075 5723 3137 5758 ea:
3159 5719 3386 5769 tempore,
3414 5712 3557 5760 male.

2298 5775 2311 5792 '
2337 5773 2767 5882 διιιιιιιὲηιιυιιιίιιιιε
2788 5772 2983 5824 tidetur
3005 5780 3109 5835 post
3140 5774 3367 5839 clygerat,
3394 5780 3444 5825 ut
3470 5788 3584 5839 cons
3609 5783 3658 5836 et
3682 5781 3806 5835 uota

2298 5846 2419 5882 usus.
2508 5849 2572 5882 οι).
2704 5846 2711 5850 δ

2230 5846 2419 5885 sensus.
2487 5846 2572 5887 ιιι).
2704 5846 2711 5850 ”
