4166 6348
328 367 433 424 569

1499 358 1869 418 Αιδοιοςιλε
1910 358 2112 415 LIBER
2155 361 2428 419 PRlMUS.

3506 366 3614 421 5Ἱο

325 480 459 542 illud
489 478 635 550 quod
681 478 939 549 scriptum
988 486 1100 533 est:
1137 476 1239 545 Qui
1282 470 1539 531 benedixit
1571 492 1664 529 nos
1691 475 1746 529 in
1777 476 1914 529 omni
1945 477 1993 534 Α
2021 475 2285 530 relicum?
2312 477 2706 542 damnandum,
2751 492 2816 531 an
2864 476 2969 549 [ΑΙ.
2999 484 3090 530 aut
3111 485 3158 529 et
3202 476 3307 548 vel]
3330 476 3616 534 absolvet»

327 574 677 630 benedictione
704 571 929 639 spiritali
956 572 1006 624 in
1032 569 1318 625 calonibus
1348 570 1403 623 in
1429 567 1656 624 Christo.
1684 569 1747 622 Et
1770 568 1914 638 quod

326 669 398 725 ibi
422 684 487 723 ex
522 681 753 737 persona
778 665 1008 720 alterius
1050 664 1251 719 dictum
1294 678 1322 717 a
1366 663 1542 717 minus
1572 662 1916 731 intelligenti-

326 761 427 816 bus
458 760 767 827 putabatur,
818 774 885 813 ne
933 758 1057 827 quis
1082 771 1238 811 error
1279 755 1383 817 his.
1430 769 1566 824 quos
1586 753 1823 823 jusserat
1850 769 1917 808 ex

326 852 446 908 istis
478 852 629 906 libris
654 850 813 921 337
841 851 871 885 “
896 849 1021 920 quid
1052 849 1119 903 de
1135 846 1364 917 Origene
1386 847 1647 911 sentiret,
1696 853 1917 899 senten-

312 946 458 999 .tiam
482 960 634 999 suam
665 958 914 1003 noscere.
948 950 1249 997 remaneret
1275 982 1290 1006 ,
1327 941 1392 994 ad
1440 954 1591 993 suam
1632 953 1915 1008 personam

314 1053 472 1093 .nunc
502 1054 791 1099 revocans,
825 1053 926 1094 nec
951 1038 1115 1093 alium
1159 1038 1392 1108 aliquem
1424 1035 1711 1089 nominans
1738 1075 1753 1099 ,
1788 1033 1915 1087 dicit

316 1145 540 1199 eaquae
584 1131 836 1199 superius
888 1130 1145 1200 legimus:
1188 1129 1325 1198 quod
1380 1128 1584 1182 scilicet
1632 1128 1774 1179 sicut
1806 1126 1915 1193 jattt

330 1235 428 1291 nos
457 1220 806 1276 benedixerat
855 1221 909 1274 in
966 1220 1112 1275 omni
1163 1218 1537 1272 benedictione
1585 1216 1813 1284 spiritali
1861 1214 1915 1268 in

331 1314 635 1369 easiestibus
668 1316 720 1368 in
764 1315 1015 1381 Christo,
1047 1321 1103 1368 et
1133 1312 1370 1380 elegerat
1408 1320 1535 1366 ante
1576 1308 1915 1365 conSIitutio-

328 1419 451 1459 nem
481 1404 695 1458 mundi:
735 1404 805 1458 ita
841 1404 1002 1459 etiam
1047 1416 1298 1473 sperasse
1333 1402 1573 1457 dicamur
1600 1401 1653 1455 in
1700 1397 1917 1457 Christo

329 1508 394 1549 ex
430 1510 497 1550 eo
540 1504 805 1562 tempore,
833 1510 939 1564 quo
969 1495 1125 1548 electi
1169 1502 1225 1549 et
1263 1493 1628 1563 prmdestinati
1671 1499 1727 1546 et
1754 1492 1919 1549 liene-

329 1589 455 1643 dicti
486 1604 672 1642 smnus
703 1589 755 1642 in
781 1590 1108 1643 caelestibus.
1140 1588 1385 1642 Absolvit
1405 1603 1533 1656 ergo
1556 1602 1640 1641 me
1663 1586 1742 1657 (ut
1762 1588 1915 1655 puto)

329 1681 449 1749 ipse
472 1696 569 1734 suo
597 1682 909 1735 testimonio
928 1682 1072 1735 omni
1107 1682 1415 1749 suspicione
1444 1681 1743 1746 calumnia,
1774 1681 1914 1751 quod

328 1773 465 1826 alius
495 1781 519 1808 ·
547 1774 647 1829 iste
674 1788 779 1826 non
805 1775 872 1828 sit
898 1774 1032 1827 alius
1054 1788 1212 1843 quam
1241 1773 1334 1827 ille
1359 1773 1493 1842 ipse.

2023 567 2150 622 dum
2179 570 2203 620 ?
2228 570 2282 624 Si
2310 571 2604 625 catholicus
2643 579 2729 627 est
2770 573 2869 628 iste
2908 573 3047 626 alius
3070 582 3213 640 tuus,
3249 573 3335 643 qui
3366 573 3417 627 in
3447 589 3612 644 supe-

2022 662 2253 715 rioribus
2280 664 2510 730 dicebat,
2535 675 2661 719 ante
2686 665 2828 720 hunc
2859 666 3116 721 mundum
3152 665 3415 721 visibilem
3439 667 3609 723 fuisse

2021 754 2230 807 animas
2260 769 2380 808 cum
2423 756 2674 823 Angelis,
2708 767 2764 812 et
2806 758 3020 814 caeteris
3064 759 3351 814 virtutibus
3379 759 3430 812 in
3456 774 3615 827 supe-

2021 843 2151 897 riori
2190 844 2491 900 Jerusalem
2526 849 2575 901 in
2608 848 2914 904 ca-lestibus
2942 851 3296 917 constitutas,
3328 861 3383 905 et
3413 852 3485 906 ibi
3528 850 3614 905 vi-

2021 936 2195 988 vendo
2224 939 2556 993 contraxisse
2582 955 2800 996 caussas
2838 943 2939 996 sibi
2965 942 3073 1015 [AL
3110 942 3202 1015 ibi]
3233 944 3598 1011 diversitatis,

2006 1027 2105 1080 rei
2138 1029 2393 1082 nascendi
2440 1030 2492 1082 in
2547 1031 2647 1085 hoc
2675 1033 2894 1097 mundo,
2929 1034 3013 1088 vel
3059 1034 3195 1090 alias
3244 1034 3351 1107 [ΑΙ.
3383 1034 3611 1107 aliquas]

2025 1120 2293 1185 quaslibet
2320 1122 2659 1177 conditiones
2690 1127 2949 1180 tolerandi
2975 1170 2989 1193 ,
3022 1135 3183 1182 erunt
3212 1144 3341 1198 ergo
3374 1128 3475 1182 ista
3516 1144 3612 1183 ca—

2024 1211 2219 1265 tholica
2249 1212 2532 1282 dogmata,
2566 1224 2619 1270 et
2652 1216 2863 1271 interim
2901 1218 3121 1288 impium
3168 1221 3424 1275 damnare
3454 1221 3600 1291 quod

2021 1304 2343 1359 catholicum
2377 1314 2480 1361 est.
2511 1308 2567 1363 Si
2608 1324 2736 1363 vero
2782 1312 2943 1365 alium
2986 1313 3146 1367 istum
3183 1314 3494 1369 haereticum
3527 1315 3610 1369 dl-

2020 1396 2199 1461 xeris,
2232 1396 2547 1455 hatretieum
2580 1401 2888 1471 designabis
2919 1419 3062 1470 eum,
3087 1406 3178 1475 qui
3212 1406 3376 1462 fuisse
3406 1408 3615 1465 animus

2024 1503 2131 1541 non
2156 1490 2348 1556 recipit
2376 1492 2483 1564 [AL
2512 1494 2771 1562 recepitl,
2799 1505 2855 1550 et
2878 1513 3122 1565 sperasse
3147 1498 3201 1554 in
3227 1500 3443 1557 Christo
3462 1511 3617 1557 ante-

2022 1595 2184 1648 quam
2216 1582 2265 1635 in
2295 1598 2523 1654 corpore
2559 1599 2933 1644 nascerentur.
2964 1590 3073 1657 Qua
3111 1592 3235 1647 hinc
3264 1595 3472 1657 exitur,
3501 1610 3618 1650 ma-

2019 1670 2225 1740 gister?
2252 1676 2368 1739 Quo
2398 1678 2734 1744 erumpitur?
2763 1698 2867 1747 quo
2910 1697 3123 1737 rursum
3166 1685 3445 1740 evaditur?
3475 1690 3620 1753 Quo-

2004 1779 2237 1832 ‘cunque
2288 1777 2338 1819 te
2384 1763 2413 1804 ἀ
2456 1774 2822 1839 converteris,
2861 1772 3113 1839 haerebis.
3146 1775 3258 1829 Non
3290 1778 3410 1832 dico
3441 1780 3618 1835 nullus

314 1890 317 1893 λ
400 1864 491 1919 50.
535 1864 641 1919 Sed
667 1861 697 1902 11
729 1864 934 1934 majora
961 1865 1138 1919 adhuc
1161 1880 1226 1919 ex
1260 1864 1747 1933 consequentibus,
1772 1866 1913 1918 sicut
1947 1858 1987 1915 Β
2017 1858 2373 1913 subtrahendi
2394 1870 2443 1914 te
2459 1863 2637 1916 aditus
2658 1866 2834 1931 datur,
2859 1866 2953 1918 sed
2980 1882 3046 1920 ne
3070 1870 3371 1936 respirandi
3395 1872 3615 1939 quidem

314 1957 699 2026 promisimus,
721 1958 1090 2013 ostendemus.
1128 1958 1254 2012 Post
1279 1958 1378 2013 hoc
1408 1958 1548 2013 enim
1586 1958 1727 2028 quod
1756 1957 1909 2011 dise-

316 2062 436 2117 ‘rat,
464 2065 562 2104 nos
586 2062 711 2106 ante
740 2066 990 2121 Sperasse
1014 2053 1064 2105 in
1106 2051 1339 2119 Christo,
1374 2060 1428 2107 et
1455 2067 1519 2105 ex
1549 2066 1612 2104 eo
1638 2051 1745 2119 jam
1771 2061 1909 2104 tem-

312 2158 490 2213 ‘pore,
541 2144 591 2198 id
639 2152 744 2211 est,
795 2153 918 2198 ante
965 2146 1400 2199 constitutionem
1435 2143 1643 2208 mundi,
1682 2152 1738 2197 et
1763 2152 1914 2196 ante-

314 2250 489 2303 -quam
516 2234 571 2290 in
600 2237 918 2304 corporibus
950 2251 1317 2299 nasceremur.
1350 2237 1402 2290 in
1431 2236 1576 2289 ctelis
1603 2249 1725 2290 esse
1751 2236 1914 2289 bene-

327 2325 501 2381 dictos
520 2336 574 2382 et
610 2328 849 2391 electos,
894 2327 1084 2382 iterum
1110 2329 1256 2383 illum
1291 2342 1445 2381 suum
1474 2328 1637 2381 alium
1672 2327 1914 2380 inltOtitt-

328 2420 433 2485 cit,
475 2435 521 2475 ei
557 2421 708 2487 dicit,
748 2442 766 2472 ε
804 2422 955 2476 Alius
986 2435 1115 2477 vero
1147 2422 1247 2476 hoc
1271 2422 1466 2492 dogma
1489 2436 1592 2475 non
1619 2419 1907 2485 sustinens,

306 2514 471 2585 equod
496 2520 620 2567 ante
650 2514 903 2569 fuerimus
920 2524 972 2569 et
995 2516 1393 2585 Speraverimus
1419 2514 1471 2569 in
1495 2514 1731 2579 Christo,
1749 2529 1909 2585 quam

328 2608 381 2661 in
410 2608 514 2662 isto
538 2624 764 2679 corpore
794 2610 1132 2680 degeremus,
1168 2610 1257 2664 illo
1292 2607 1696 2677 intelligentiam
1731 2617 1910 2662 trans-

316 2698 433 2754 fert
485 2700 593 2772 [ΑΙ.
650 2699 981 2773 transferet].
1032 2719 1052 2753 ι
1098 2701 1208 2758 iloc
1248 2701 1299 2756 in
1351 2702 1469 2755 loco
1498 2716 1709 2755 omnem
1754 2714 1911 2755 suum

314 2791 575 2846 fauorem
607 2793 849 2861 quisquis
899 2794 987 2849 ille
1019 2802 1145 2857 ,est,
1176 2795 1276 2848 iste
1306 2792 1423 2861 ejus
1459 2792 1597 2845 alios
1621 2792 1909 2845 exhalavit.

318 2883 483 2937 "Dicat
505 2885 651 2938 enim
675 2885 826 2938 nobis
851 2885 956 2948 hic,
990 2901 1146 2955 quem
1176 2885 1288 2939 Vult
1319 2886 1481 2938 alium
1511 2898 1629 2937 esse
1654 2898 1679 2949 ,'
1700 2884 1787 2950 qui
1813 2881 1915 2937 hoc

329 2976 521 3048 dogma
557 2994 661 3031 non
691 2977 909 3032 sufferat
932 3016 950 3050 ,
980 2978 1121 3048 quod
1152 2985 1436 3046 antequam
1469 2976 1519 3029 in
1552 2976 1654 3030 hoc
1686 2988 1913 3043 corpore

320 3068 671 3133 deae-remus,
703 3079 758 3123 et
785 3070 1042 3129 fuerimus
1059 3111 1073 3136 ,
1103 3080 1156 3124 et
1177 3070 1576 3140 speraverimus
1600 3068 1650 3121 in
1672 3065 1908 3133 Christo,

314 3163 431 3231 ‘boc
455 3172 539 3218 est
559 3165 698 3217 enim
729 3180 823 3233 pro
844 3179 949 3234 quo
976 3163 1217 3218 damnari
1237 3163 1389 3231 jubet
1409 3162 1714 3232 Origencm.
1739 3160 1906 3229 Quem

2018 1954 2291 2021 paululum
2332 1954 2387 2006 fit
2418 1955 2591 2023 copia.
2618 1956 2707 2011 Sic
2737 1957 2827 2011 tibi
2855 1960 3147 2014 Alexandri
3172 1962 3243 2015 tui
3278 1964 3611 2019 Aristoteliei

2014 2047 2396 2102 Commentarii
2438 2049 2724 2117 profuere?
2752 2051 2831 2105 sic
2871 2051 3151 2122 Porphyrii
3197 2058 3453 2128 ιίσαγωγή
3480 2059 3504 2109 ?
3532 2056 3611 2113 sic

2018 2148 2067 2192 te
2094 2148 2173 2193 tot
2196 2150 2249 2194 et
2277 2151 2543 2195 tantorum
2572 2142 3021 2213 PltiioSOpborum
3051 2144 3254 2199 Graeca:
3284 2159 3336 2201 et
3373 2148 3598 2217 Latium,

2016 2231 2238 2301 insuper
2281 2242 2336 2288 et
2383 2234 2619 2288 Judaica:
2659 2236 2979 2290 eruditionis
3023 2239 3261 2291 excoluit
3290 2240 3604 2305 disciplina,

2016 2334 2075 2378 ut
2104 2325 2154 2377 in
2189 2326 2317 2379 istas
2344 2326 2617 2395 angustias
2651 2335 2759 2379 tam
2794 2326 3194 2382 inettrieahiles
3218 2329 3523 2397 devenires,
3552 2338 3609 2385 et

2018 2428 2124 2473 tam
2156 2419 2543 2475 miserabiliter
2572 2422 2950 2486 coarctarcris,
2984 2434 3038 2475 ut
3069 2438 3167 2477 nec
3194 2422 3259 2476 ad
3291 2424 3454 2494 Alpes
3476 2434 3606 2493 pos-

2018 2527 2107 2567 ses
2134 2511 2243 2585 [ΑΙ.
2279 2511 2471 2583 possis]
2502 2528 2621 2567 esse
2651 2514 2947 2567 defensus?

2086 2610 2177 2665 3|.
2222 2610 2327 2666 Sed
2371 2625 2654 2680 parcamus
2684 2620 2706 2647 ε
2734 2612 2885 2680 jam:
2920 2611 3265 2667 de’erendum
3299 2622 3381 2666 est
3412 2612 3605 2677 literis,

2016 2715 2070 2759 et
2102 2715 2158 2758 ut
2181 2705 2295 2774 ipse
2326 2705 2393 2758 ait
2417 2747 2432 2766 .
2465 2706 2617 2773 tlpeti
2651 2720 2843 2774 magno
2888 2720 3111 2759 somnus
3154 2721 3258 2758 non
3291 2716 3372 2766 est
3395 2705 3606 2763 adscri-

2017 2796 2223 2851 bendtts
2250 2838 2262 2861 ,
2297 2812 2599 2867 quanquam
2634 2798 2750 2867 ipse
2789 2807 2971 2865 parcat
3004 2797 3237 2862 nemini,
3271 2806 3322 2850 et
3356 2811 3460 2849 non
3494 2805 3602 2859 tam

2020 2891 2229 2945 ritioue
2255 2872 2521 2947 dictorum
2548 2904 2704 2956 quam
2740 2889 2953 2954 flagello
2980 2889 3195 2957 lingua’,
3222 2903 3356 2956 quos
3396 2887 3605 2940 libitutu

2004 2984 2177 3039 fuerit
2200 2984 2467 3048 verberet.
2497 2985 2559 3037 Et
2582 2984 2626 3037 si
2655 2982 2776 3053 quis
2798 2986 2844 3037 ei
2882 2981 2900 3019 ί
2928 2984 3103 3037 minus
3123 2982 3446 3047 adulabitur,
3470 2997 3605 3042 cou-

2019 3078 2169 3131 ITnuo
2202 3078 2488 3139 luere-tiens
2514 3084 2566 3130 et
2594 3075 2812 3144 scriptis
2843 3082 2897 3129 et
2924 3075 3102 3128 miSsis
3129 3090 3222 3141 per
3242 3074 3453 3133 diversa
3479 3088 3604 3127 cen-

2020 3180 2129 3223 tum
2162 3167 2437 3227 eodic'bus
2466 3168 2800 3235 designetur.
2855 3166 3053 3219 Tamen
3107 3180 3202 3218 nos
3253 3180 3359 3218 non
3407 3167 3603 3233 ipsum,

328 3258 443 3310 vult
485 3256 571 3310 hic
621 3257 782 3310 alium
809 3257 1183 3311 intellexisse?
1213 3272 1279 3310 an
1310 3257 1540 3325 aliquem
1586 3254 1693 3325 [AL
1725 3253 1909 3325 alium]
1940 3240 1982 3301 C
2018 3262 2110 3316 sed
2158 3260 2522 3316 Pati-inrcliam
2564 3258 2836 3313 imitemur
2869 3256 3040 3311 David
3069 3297 3082 3317 ,
3128 3255 3219 3325 qui
3247 3256 3604 3325 compnhcn.

328 3349 655 3409 contrarium
688 3350 828 3403 sibi?
860 3349 994 3415 Quid
1044 3349 1210 3414 dicis,
1258 3346 1548 3417 magister?
1584 3347 1789 3400 bicorni
1822 3345 1913 3399 illo

329 3440 574 3506 urgeris,
606 3440 672 3494 de
715 3456 820 3510 quo
871 3455 1141 3509 exponere
1167 3439 1447 3508 discipulis
1485 3439 1646 3493 soles.
1679 3438 1734 3493 Si
1768 3437 1910 3491 enim

333 3535 420 3591 hic
459 3536 621 3589 alium
650 3536 810 3595 istum
836 3536 925 3606 qui
949 3548 1073 3589 ante
1104 3534 1267 3590 fuisse
1297 3537 1502 3590 animas
1526 3550 1683 3605 quam
1715 3533 1766 3587 in
1792 3549 1914 3589 cor-

316 3638 459 3707 pore
484 3627 760 3695 degerent,
795 3614 898 3681 non
931 3628 1152 3697 recipit,
1187 3637 1240 3689 te
1264 3642 1383 3685 esse
1405 3630 1627 3692 dixeris,
1647 3627 1912 3697 proditum

332 3728 438 3786 est,
470 3721 613 3791 quod
646 3722 697 3775 in
739 3722 1107 3789 superioribus
1144 3722 1435 3777 celabatur.
1481 3721 1739 3788 inveniris
1766 3720 1910 3785 enim

327 3820 417 3866 tua
448 3812 789 3867 confessione
817 3813 951 3866 alius
981 3814 1069 3866 ille
1098 3823 1151 3866 tu
1182 3829 1304 3869 esse
1330 3853 1345 3877 ,
1390 3814 1479 3882 qui
1507 3814 1700 3869 delinis
1729 3814 1910 3868 omnia

330 3914 353 3945 θ
385 3906 636 3975 dogmata
658 3946 673 3968 ,
708 3920 825 3973 qua:
856 3904 1100 3959 damnari
1142 3906 1316 3974 jubes.
1358 3905 1415 3961 Si
1447 3920 1577 3960 vero
1618 3920 1722 3960 non
1755 3922 1815 3961 es
1858 3915 1911 3960 tu

316 3998 381 4054 in
405 3997 774 4068 superioribus
807 3998 973 4065 alius,
1028 4013 1095 4052 ne
1138 3999 1232 4052 tibi
1262 4014 1324 4055 ea
1351 4015 1469 4069 qua:
1502 4000 1774 4068 improbas
1818 3999 1912 4053 ad-

327 4094 655 4157 scribantur,
691 4108 789 4147 nec
832 4092 919 4146 hic
944 4101 999 4146 tu
1046 4092 1154 4146 eris
1182 4093 1319 4146 alius
1341 4136 1355 4161 ,
1387 4094 1475 4161 qui
1510 4107 1614 4147 non
1646 4094 1911 4147 sustineas

326 4198 451 4255 ante
480 4186 640 4240 luisse
667 4186 875 4240 animas
898 4199 1054 4253 quam
1078 4184 1130 4237 iu
1153 4199 1378 4254 corpore
1408 4185 1743 4255 degeremus.
1762 4184 1911 4254 Elige

324 4278 635 4337 utramlibet
677 4276 1037 4334 excusationis
1082 4277 1243 4347 338
1273 4285 1497 4345 partem.
1536 4278 1696 4331 Istum
1723 4276 1910 4340 alium,

316 4380 490 4441 quem
530 4370 841 4439 frequenter
872 4369 1100 4434 inducis,
1134 4378 1184 4424 te
1217 4371 1297 4423 vis
1324 4370 1705 4438 intelligamus,
1738 4386 1803 4423 an
1833 4371 1913 4424 ai-

330 4473 504 4530 lcrum
536 4462 807 4531 aliquem?
834 4461 1156 4515 catholicum
1188 4477 1309 4515 cum
1341 4462 1420 4514 vis
1445 4461 1614 4515 videri
1645 4504 1659 4527 ,
1701 4476 1767 4515 au
1803 4462 1912 4516 lue-

320 4658 327 4665 ,
401 4610 427 4639 ⁸
462 4601 559 4655 bis.
588 4599 970 4666 Guaruerian.,
1003 4598 1139 4654 alius
1169 4601 1262 4652 iste
1288 4614 1387 4669 non
1411 4599 1498 4660 sit,
1530 4615 1686 4667 quam
1707 4600 1835 4669 ipse.

397 4670 427 4711 ³³
467 4672 570 4728 Alii
614 4681 660 4726 et
689 4670 967 4739 adjiciunt.
1002 4673 1117 4726 Mox
1159 4669 1314 4723 habet
1338 4668 1700 4723 Guarnerian.
1733 4710 1747 4733 ,
1786 4668 1909 4723 Post

327 4745 434 4799 lure
463 4760 576 4813 qum
626 4745 864 4805 dixerat,
908 4755 1013 4796 etc.
1062 4741 1195 4794 Vitia
1241 4738 1356 4807 ejus
1404 4742 1681 4794 rnanil‘esta
1715 4742 1914 4809 pass'm

320 4812 613 4883 praetereo.
642 4815 955 4877 Huiusmodi
989 4827 1065 4868 est
1100 4812 1227 4867 illud
1265 4815 1507 4871 interius.
1543 4813 1681 4880 quod
1718 4814 1908 4865 reticet

329 4886 555 4957 negandi
581 4884 895 4950 ρπιὶειιιειιιι
916 4925 930 4947 ,
962 4889 1048 4942 ubi
1072 4886 1288 4948 dicitur,
1305 4883 1440 4937 altus
1462 4900 1575 4937 vero
1598 4886 1695 4937 hoc
1722 4884 1910 4953 dogma

324 4975 422 5011 non
445 4958 718 5013 sustinens.

322 5032 330 5043 ⁴
400 5039 423 5067 ε
470 5031 593 5081 l’lus
648 5027 809 5081 habet
848 5026 1229 5087 Guarneriau..
1278 5026 1452 5078 omnia
1500 5024 1594 5078 illa
1647 5025 1908 5094 dogmata.

326 5099 494 5168 Paulo
526 5100 748 5153 inferius
781 5100 926 5168 legit,
970 5100 1043 5149 ris
1065 5099 1280 5164 intelligi
1313 5114 1407 5165 pro
1435 5097 1799 5168 intelligamus.

344 5164 353 5173 ’
395 5168 423 5207 ἀ
463 5171 612 5223 idem
640 5182 765 5234 ms,
792 5164 1046 5223 convertes
1079 5164 1319 5224 hu'rebis.
1345 5168 1468 5221 Non
1497 5164 1664 5220 dicunt
1694 5166 1868 5220 nullus
1893 5208 1908 5234 ,

327 5252 435 5295 tum
458 5243 523 5294 sit
548 5241 715 5307 capia.

398 5322 422 5351 ⁶
467 5303 930 5376 Μτιιοῖιίροᾱρπι,
980 5325 1280 5377 parcamus,
1304 5313 1422 5381 jam
1470 5307 1776 5361 deserendus
1802 5319 1909 5374 est,

326 5394 371 5435 et
403 5384 598 5449 literis,
633 5394 686 5435 ut
718 5383 826 5447 ipse
855 5383 947 5444 ait,
972 5391 1078 5434 etc.
1132 5382 1250 5436 Mox
1297 5380 1549 5435 retirctur
1577 5382 1685 5450 ipse
1714 5395 1911 5449 prono-

328 5470 469 5519 men,
495 5466 683 5522 etqure
707 5453 951 5522 sequitur
983 5452 1208 5519 negandi
1234 5454 1511 5522 particula.

402 5524 420 5562 τ
464 5525 784 5578 Addidimus
832 5539 899 5578 ex
941 5527 1128 5577 eodem
1176 5539 1276 5576 ms.
1310 5524 1356 5575 ei
1388 5536 1713 5589 pronomen:
1746 5536 1908 5575 econ-

327 5596 491 5649 trario
522 5595 742 5662 inferius
773 5594 859 5647 ubi
894 5594 1145 5662 scripjum
1173 5602 1307 5659 erat,
1340 5610 1455 5648 cum
1482 5609 1595 5645 eum
1622 5600 1788 5662 posset
1810 5592 1905 5661 ju-

325 5670 526 5740 gulare,
553 5659 685 5740 illud
706 5659 1014 5740 eutnlquod‘
1034 5672 1090 5717 et
1126 5664 1460 5740 redundabat
1480 5705 1493 5725 ,
1525 5659 1905 5740 expunxinius.

395 5746 420 5784 ε
450 5735 726 5804 Exemplo
776 5734 1019 5788 fortassis
1062 5734 1196 5800 erit,
1245 5735 1384 5803 quod
1437 5744 1561 5789 cum
1609 5735 1909 5788 simultates

390 5876 407 5907 ⁸
434 5874 525 5937 Hic
551 5881 601 5926 et
620 5877 667 5925 in
691 5873 1011 5945 sequentibus
1036 5876 1196 5924 exstat
1222 5871 1449 5923 mendosa
1473 5872 1562 5922 ista
1587 5880 1901 5921 nonistorum
1928 5865 2161 5929 repetitio
2186 5866 2235 5914 in
2257 5861 2468 5913 ciitioue
2498 5854 2791 5906 Vallusiana
2813 5864 2958 5915 quam
2978 5853 3248 5913 sequimur.

2018 3372 2139 3411 sum
2172 3358 2222 3409 in
2252 3354 2507 3422 Spelunca
2558 3353 2827 3406 inimicum
2862 3365 3014 3404 suum
3064 3349 3227 3415 Sani,
3268 3363 3388 3402 cum
3423 3358 3605 3418 posset

2013 3447 2257 3517 jugulare
2277 3486 2291 3511 ,
2328 3446 2531 3509 noluit;
2564 3444 2655 3499 sed
2682 3446 2727 3496 ei
2756 3442 2993 3512 pepercit
3018 3484 3032 3504 ,
3063 3442 3205 3520 quod
3239 3450 3292 3495 et
3320 3441 3421 3494 iste
3448 3438 3546 3497 sibi
3573 3456 3604 3498 a

2018 3540 2173 3595 nobis
2204 3539 2491 3606 aliquoties
2524 3548 2547 3585 ε
2582 3539 2777 3595 factum
2799 3580 2814 3605 ,
2867 3550 2972 3590 non
3007 3535 3179 3589 solum
3226 3534 3390 3589 verbo
3422 3532 3517 3587 sed
3548 3542 3604 3595 et

2016 3651 2076 3689 re
2105 3643 2265 3701 atque
2313 3648 2507 3698 opere.
2541 3632 2701 3685 rtiam
2735 3630 2779 3684 sl
2819 3629 2973 3684 lateri
3004 3643 3107 3682 non
3151 3628 3299 3691 vult,
3331 3625 3494 3680 corde
3525 3634 3605 3691 ta-

2017 3740 2138 3777 men
2182 3723 2343 3809 339
2382 3732 2435 3776 et
2473 3722 2802 3776 conscientia
2847 3720 3061 3775 retinet.
3115 3718 3317 3777 Demus
3354 3733 3482 3787 ergo
3508 3732 3605 3774 ve-

2018 3819 2158 3873 niam
2186 3821 2257 3881 ei,
2283 3817 2371 3885 qui
2401 3817 2530 3869 dare
2553 3815 2762 3881 veniam
2788 3814 2986 3876 nescit,
3013 3813 3104 3882 qui
3136 3812 3252 3867 sine
3276 3812 3386 3866 ullo
3417 3815 3605 3870 huma-

2018 3909 2200 3965 nitatis
2232 3918 2477 3979 respectu
2507 3908 2574 3962 de
2604 3907 2760 3961 dictis
2793 3906 3017 3961 alterius
3040 3905 3267 3975 judicat,
3296 3914 3350 3960 et
3388 3905 3602 3959 interim

2016 4004 2308 4059 educamus
2340 4018 2460 4057 eum
2492 4001 2560 4056 de
2585 4001 2683 4056 hac
2707 4000 2733 4036 δ
2759 4001 3037 4069 spelunca,
3070 4012 3347 4067 usquequo
3378 3998 3427 4050 iu
3458 3996 3602 4060 illam

2017 4097 2235 4160 incidat,
2284 4095 2348 4150 de
2375 4111 2478 4165 qua
2524 4095 2686 4149 etiam
2732 4094 2775 4146 si
2806 4108 2995 4147 omnes
3041 4107 3297 4146 conemur
3335 4100 3389 4144 et
3421 4092 3604 4159 cupia-

2017 4203 2155 4255 mus,
2186 4189 2341 4241 exire
2371 4204 2473 4239 non
2506 4186 2695 4254 possit.
2735 4185 2885 4237 Dicat
2914 4199 3063 4251 ergo,
3097 4182 3225 4246 1qui
3258 4190 3434 4251 potest
3463 4182 3602 4247 fieri,

2018 4290 2075 4333 ut
2096 4280 2146 4333 in
2174 4277 2542 4348 superioribus
2575 4276 2700 4343 illis,
2735 4275 2822 4328 ubi
2855 4274 2997 4328 istud
3020 4273 3212 4343 dogma
3243 4272 3605 4329 confirmaba-

2018 4382 2101 4425 tur
2124 4370 2191 4422 ab
2215 4385 2280 4421 eo
2302 4370 2389 4438 qui
2416 4368 2617 4435 justum
2639 4368 2804 4425 Deum
2833 4364 3133 4419 certabatur
3156 4364 3448 4421 ostendere
3471 4382 3483 4416 :
3519 4362 3607 4431 ubi

2016 4462 2172 4526 alium
2205 4477 2361 4531 quem
2383 4460 2681 4525 dixit,vere
2714 4472 2779 4512 ne
2812 4458 3030 4519 alterius
3056 4472 3282 4527 persona
3308 4454 3465 4521 fuerit
3486 4454 3613 4520 talis

1944 4623 1991 4682 ι)
2021 4608 2181 4682 atq"?
2364 4590 2923 4682 "taenarias
2951 4585 3613 4682 .eits'aﬁriscse'jaﬁ:

2026 4659 2466 4737 ruéolymitauum
2500 4664 2917 4737 cxerceliatrur,
2950 4662 3290 4737 llescriptum
3328 4659 3614 4737 Imperiale

2027 4732 2370 4802 itnpeiratum
2406 4736 2472 4786 ab
2505 4736 2605 4786 boc
2648 4744 2726 4785 e~t
2755 4733 2818 4785 ad
2851 4733 2995 4787 illum
3027 4732 3077 4785 iu
3114 4734 3368 4787 exsilium
3412 4736 3610 4799 depor-

2029 4812 2265 4861 tandum.
2303 4806 2483 4876 I'Tgerit
2512 4815 2635 4857 tunc
2664 4802 2913 4876 Rufinus,
2941 4820 3007 4859 ne
3035 4803 3090 4856 S.
3129 4804 3324 4857 Doctor
3350 4805 3603 4872 deporta-

2026 4889 2205 4933 rt-tnr:
2247 4874 2379 4930 alias
2432 4878 2594 4930 etiam
2645 4890 2739 4943 per
2784 4874 2833 4929 id
2874 4884 3128 4943 tempors
3171 4876 3375 4945 egerit,
3423 4891 3490 4931 ne
3540 4877 3605 4933 ab

2025 4949 2232 5003 u’lllllltS
2260 4946 2640 5017 potentissimis
2674 4946 2977 5007 lzrderetur.

2098 5018 2123 5056 ιι
2156 5021 2281 5073 lieic
2316 5020 2473 5073 etiam
2505 5017 2811 5069 addidimus
2847 5033 2911 5071 ex
2955 5017 3309 5072 Guarnerian.
3352 5034 3455 5072 ms.
3504 5019 3603 5073 hac

2024 5107 2342 5162 pronomen.
2378 5089 2518 5156 quod
2546 5091 2660 5162 ipse
2692 5088 2792 5141 loci
2819 5098 3115 5162 contextus
3135 5090 3459 5155 postulabat.

2098 5160 2112 5199 ί
2150 5163 2271 5225 Με..
2289 5162 2409 5229 quia
2430 5170 2591 5231 potest
2618 5160 2753 5225 ﬁeri,
2776 5170 2830 5213 ut
2848 5160 3214 5224 superioribus,
3232 5161 3605 5227 etc.,ctpaulo

2019 5246 2131 5296 pOst
2151 5275 2165 5296 ,
2197 5233 2295 5286 nisi
2325 5232 2484 5285 altum
2512 5248 2660 5299 quem
2691 5231 2839 5295 dixit,
2872 5248 2985 5284 vere
3013 5232 3225 5283 alterius
3255 5244 3471 5296 persona
3504 5246 3604 5285 non

2020 5300 2195 5368 fuerit.
2228 5305 2387 5357 Certe
2419 5302 2626 5355 videtur
2653 5302 2955 5355 redundare
2977 5305 3199 5354 alterum
3238 5300 3343 5359 ubi,
3375 5314 3493 5359 qua:
3526 5299 3605 5352 in-

2021 5376 2241 5447 terrupti
2285 5386 2442 5447 atque
2488 5372 2897 5447 hinlci_.~ensus
2947 5371 3219 5447 potissima
3270 5376 3602 5447 caussa__est.

2022 5446 2133 5513 Ego
2158 5437 2220 5497 ad
2252 5437 2392 5498 inme
2422 5444 2529 5496 fere
2559 5442 2773 5495 modqu
2803 5443 3008 5513 restztui
3039 5448 3345 5513 contextum
3381 5437 3560 5513 malim
3587 5455 3601 5491 :

2020 5506 2119 5581 Qui
2137 5517 2250 5584 ﬁeri
2272 5526 2455 5582 potest,
2476 5524 2529 5565 ut
2555 5514 2605 5565 in
2628 5512 2975 5584 superioribus
3002 5511 3105 5584 illis
3130 5508 3235 5577 (ubi
3262 5506 3395 5584 istud
3417 5507 3606 5577 dagnta

2015 5579 2415 5655 conﬁrmabatur
2443 5586 2506 5637 ab
2536 5601 2625 5645 eo,
2650 5582 2745 5655 qui
2766 5579 3161 5655 jns:uut_Deum
3200 5579 3480 5655 conabatur
3520 5593 3603 5655 os-

2016 5649 2243 5722 tendere)
2276 5657 2434 5710 alium
2456 5671 2601 5725 quem
2624 5653 2775 5715 dixit,
2805 5667 2913 5703 vere
2940 5650 3155 5702 alterius
3184 5662 3402 5717 persona
3426 5649 3599 5717 fuerit,

2019 5732 2155 5799 talis,
2182 5740 2285 5785 etc.

3378 5846 3514 5895 Eon.
