4166 6348
580 315 674 373 57!

1604 306 1827 363 RUFINI
1868 302 2344 372 AQUlLEIENSiS
2385 303 2812 363 PRESBYTER!

3732 313 3837 371 572

580 437 784 499 qualem
804 424 1419 497 nunccondeznnariHl.
1449 420 1714 492 damnari]
1746 419 1857 475 vult
1887 437 1901 473 :
1929 420 2013 473 hic
2030 434 2158 472 vero
2188 423 2231 479 Α
2260 420 2363 489 geli
2392 421 2538 489 ejus,
2570 424 2910 493 quia.postea
2938 424 3192 492 credent,
3223 441 3328 482 non
3360 428 3692 483 vorabuntur
3718 442 3837 487 ante

579 523 666 577 ubi
689 521 987 575 contrarius
1003 529 1105 586 est,
1132 529 1185 572 et
1208 536 1312 571 non
1333 515 1537 583 recipit,
1570 530 1690 585 qua:
1720 513 1771 567 in
1796 509 2159 578 superioribus

580 613 717 666 dicta
748 622 891 677 sunt,
924 612 1086 665 alium
1118 611 1349 678 seipsum
1382 607 1595 660 dixerit.
1631 606 1814 659 Potest
1839 603 1982 658 enim
2016 602 2151 665 tieri,

581 716 637 760 ιιι
664 708 910 760 conscius
952 706 1051 759 sibi
1100 713 1191 766 sd,
1225 707 1293 755 ita
1337 702 1571 755 sensisse
1616 714 1676 753 se
1704 712 1826 752 cum
1874 696 2155 757 scriberet,

580 797 703 853 licet
728 799 851 852 stilo
881 798 931 850 id
959 812 1063 849 non
1096 796 1326 865 potuerit
1352 793 1624 861 evplicare
1669 788 1780 863 [ΑΙ.
1821 784 2157 858 explanare].

579 890 658 945 Sit
686 904 813 955 ergo
845 890 1018 952 venia,
1049 897 1098 939 et
1128 898 1390 954 ponamus
1420 884 1471 936 in
1503 881 1605 935 hoc
1632 880 1750 933 loco
1783 880 1942 932 istum
1970 875 2155 943 alium,

580 981 720 1032 hunc
742 996 863 1033 esse
892 980 1088 1047 ipsum,
1116 977 1205 1047 qui
1230 992 1335 1030 non
1364 974 1555 1043 recipit
1585 974 1797 1043 dogma,
1830 968 1971 1040 quod
2003 966 2155 1032 dicit,

578 1072 784 1123 animas
822 1071 984 1123 fuisse
1027 1079 1311 1137 antequam
1353 1066 1403 1120 in
1447 1079 1677 1134 corpore
1722 1063 2058 1132 degeremus,
2106 1067 2158 1112 et

584 1175 832 1229 sperasse
867 1161 916 1213 in
946 1159 1183 1214 Christo.
1215 1158 1541 1225 Repetanius
1565 1156 1739 1225 ipsum
1763 1152 2074 1220 capitulum,
2104 1158 2160 1204 et

579 1266 684 1319 quo
708 1265 894 1303 rursus
925 1249 1135 1313 tendat,
1168 1248 1473 1317 diligentius
1502 1258 1910 1316 prosequamur.
1940 1240 2027 1295 Ait
2056 1240 2160 1293 ita-

579 1357 721 1410 que:
753 1359 771 1392 t
810 1342 959 1397 Alius
996 1357 1129 1396 vero
1176 1341 1276 1394 hoc
1310 1340 1503 1410 dogma
1549 1353 1653 1391 non
1698 1337 1987 1397 sustirens,
2019 1332 2158 1402 quad

582 1441 707 1486 ante
748 1431 1033 1497 fuerimus,
1066 1444 1117 1485 cl
1142 1440 1166 1467 ⁸
1197 1430 1592 1500 speraverimus
1637 1430 1687 1482 in
1735 1426 1970 1490 Cltriso,
2002 1440 2160 1493 quam

586 1522 638 1577 in
667 1524 768 1578 isto
790 1538 1016 1593 corpore
1044 1524 1384 1591 degeretnus,
1417 1522 1508 1577 illo
1538 1518 1941 1588 intelligentiam
1986 1524 2162 1569 trans-

588 1613 689 1668 fert
716 1613 823 1687 [ΑΙ.
856 1613 1182 1685 transferet],
1212 1624 1267 1670 ut
1289 1615 1450 1675 dicat,
1480 1613 1530 1665 in
1563 1611 1791 1664 adventu
1820 1606 2023 1661 Domini
2045 1604 2164 1659 Salv

586 1710 805 1773 vatoris,
838 1711 1050 1779 quando
1073 1710 1123 1763 in
1148 1714 1361 1763 numne
1388 1707 1503 1775 ejus
1531 1720 1690 1760 omne
1724 1720 1861 1773 genu
1890 1703 2158 1765 ﬂectetur,

2258 522 2547 580 sperantes,
2580 530 2676 584 pro
2703 532 2770 571 eo
2799 519 3007 573 srilieet
3033 518 3173 586 quod
3217 518 3292 573 illi
3336 528 3460 576 ante
3489 520 3837 578 crediderunt

2262 602 2315 657 in
2347 604 2581 669 Christo,
2610 616 2664 661 et
2692 619 3042 678 speraverunt
3072 611 3123 665 in
3154 625 3277 667 eum
3301 610 3319 684 [
3341 612 3425 666 Al.
3458 611 3618 684 ejus]
3649 614 3837 675 volun—

2262 701 2411 761 tate;
2444 696 2531 751 isti
2563 715 2692 753 vero
2721 702 3093 770 postmodum,
3135 712 3189 757 et
3218 706 3554 759 necessitate.
3608 705 3677 761 Et
3719 706 3840 761 ideo

2261 790 2338 842 ais
2379 807 2472 847 eos
2511 792 2720 847 diversa
2757 794 2972 861 prmmia
3011 805 3341 865 recepturos.
3386 796 3614 851 Prmmia
3663 806 3838 853 tamen

2262 890 2416 958 ponis
2446 889 2496 941 in
2541 887 2624 942 his
2655 887 2924 951 omnibus,
2958 891 3045 955 qni
3092 891 3252 943 tnodo
3298 904 3406 945 non
3449 890 3696 958 credunt,
3735 890 3752 928 ί
3788 893 3841 946 id

2261 992 2362 1048 est,
2398 981 2609 1035 diabolo
2639 990 2691 1036 et
2722 981 2925 1049 angelis
2960 980 3098 1049 ejus,
3138 981 3265 1036 licet
3312 982 3585 1047 inferiora,
3617 993 3674 1038 et
3715 998 3839 1039 eum

2263 1073 2331 1128 de
2361 1073 2514 1142 cujus
2543 1073 2659 1127 sola
2692 1087 2973 1142 poenarum
3005 1073 3291 1143 aliquando
3320 1078 3475 1128 venia
3503 1075 3839 1144 opinionem,

2265 1182 2371 1220 non
2403 1164 2732 1219 sententiam
2772 1162 2995 1218 alterius
3024 1166 3233 1232 arguis,
3268 1173 3325 1218 tu
3361 1164 3411 1218 in
3446 1181 3611 1233 regno
3639 1166 3835 1225 Christi

2264 1256 2328 1311 ad
2362 1256 2577 1325 praemia
2621 1253 2856 1309 secunda
2891 1254 3157 1323 perducis.
3221 1255 3285 1307 Et
3336 1260 3437 1309 hoc
3473 1257 3553 1311 vis
3585 1256 3833 1327 intelligi,

2264 1348 2389 1418 quia
2413 1350 2551 1401 sicut
2583 1345 2713 1400 nihil
2742 1347 2962 1400 interest
2992 1354 3168 1400 utrum
3195 1346 3449 1410 veritate,
3485 1361 3553 1401 an
3595 1354 3838 1411 necesse

2269 1448 2375 1494 tate
2401 1438 2643 1497 Christus
2697 1439 3053 1493 annuncietur
3078 1455 3093 1491 :
3122 1439 3192 1492 ita
3244 1437 3375 1492 nihil
3400 1438 3565 1494 refert
3605 1442 3843 1495 necessi-

2268 1536 2398 1594 tate,
2425 1545 2492 1582 an
2522 1529 2796 1583 voluntate
2826 1526 3097 1582 credatur.

2338 1619 2431 1675 35.
2485 1620 2610 1674 llaec
2651 1628 2796 1681 sunt,
2830 1635 2946 1690 qua:
2980 1618 3135 1673 nobis
3171 1617 3378 1672 discere
3403 1616 3471 1671 de
3499 1618 3662 1692 339
3690 1618 3846 1674 Com-

2271 1712 2547 1766 montariis
2572 1712 2674 1766 tuis
2700 1712 2880 1780 juhcs.
2926 1710 3057 1765 Istas
3088 1725 3186 1765 nos
3222 1710 3431 1780 regulas
3459 1719 3484 1757 ι
3515 1711 3848 1769 εοιιτιιςίυιιίξ

587 1802 883 1855 caelestium
915 1812 967 1857 et
1000 1802 1328 1856 terrestrium
1361 1808 1415 1854 et
1440 1800 1765 1852 infernarum
1782 1808 1834 1850 et
1864 1795 2038 1849 omnis
2061 1794 2161 1848 Iin-
2199 1811 2245 1870 Β
2274 1804 2391 1859 ﬁdei
2420 1804 2602 1868 doces,
2637 1813 2693 1858 υι
2714 1802 2813 1857 huc
2836 1803 3121 1858 damnetur
3151 1800 3203 1859 in
3235 1802 3375 1867 aliis,
3400 1800 3544 1871 quod
3564 1801 3710 1856 domi
3742 1804 3847 1856 dis.

584 1910 686 1965 gna
712 1896 1055 1950 ronlitebtnr
1084 1893 1189 1965 [ΑΙ.
1221 1890 1586 1961 c0ntiteatur],
1635 1889 1755 1960 quia
1792 1890 2046 1942 Dominus
2077 1886 2167 1940 Je-

587 2002 680 2041 sus
706 1987 951 2041 Christus
992 1986 1044 2039 in
1072 1986 1240 2054 gleria
1267 1994 1352 2038 est
1385 1983 1476 2037 Dei
1508 1981 1681 2039 Patris
1713 1978 1937 2050 (thlip.
1971 1975 2023 2029 5.
2060 1973 2167 2043 2.),

585 2094 706 2135 cuzn
758 2080 810 2135 ei
859 2079 1054 2133 fuerint
1097 2077 1343 2132 universa
1394 2075 1660 2144 subjecta,
1704 2072 1839 2127 alios
1870 2070 2167 2134 voluntate,

585 2172 720 2224 alios
751 2171 1071 2225 necessitate
1092 2167 1119 2210 δ
1150 2168 1538 2237 subjiciendus,
1565 2174 1621 2221 et
1644 2179 1736 2220 eos
1766 2163 2002 2234 quiante
2034 2175 2171 2230 prte-

587 2261 816 2316 sentiam
848 2260 1145 2329 majestatis
1172 2260 1289 2327 ejus
1320 2258 1654 2327 speiaverint
1687 2256 1737 2310 in
1779 2269 1925 2318 eum,
1959 2251 2168 2306 futuros

590 2368 712 2407 esse
742 2355 795 2406 in
824 2354 1032 2407 laudent
1071 2352 1253 2421 gloria:
1286 2351 1439 2423 ejus,
1474 2360 1529 2403 ct
1560 2350 1732 2403 vocari
1754 2346 2165 2424 προηλπικόταςε

584 2461 677 2499 eos
709 2460 835 2497 vero
862 2445 949 2513 qui
1002 2444 1195 2514 reperti
1243 2443 1445 2497 fuerint
1491 2440 1816 2497 necessitate
1856 2438 2165 2506 credentis,

586 2554 652 2593 eo
681 2548 919 2608 tempore
948 2553 1053 2605 quo
1082 2553 1179 2592 nec
1216 2537 1488 2601 diabolus,
1525 2547 1547 2578 ο
1583 2552 1683 2590 nec
1722 2535 1893 2604 angeli
1924 2534 2039 2605 ejus
2070 2550 2167 2603 po-

589 2638 766 2682 terunt
799 2644 994 2697 negare
1040 2638 1376 2697 regnantem,
1424 2644 1544 2683 esse
1593 2636 1897 2697 sperantes,
1933 2628 2024 2680 sed
2061 2643 2165 2681 non

589 2719 640 2772 in
695 2719 902 2773 laudent
947 2719 1133 2789 gloria:
1182 2720 1317 2789 ejus.
1366 2719 1516 2788 Quod
1563 2720 1775 2789 quidem
1820 2730 1872 2774 et
1921 2732 2063 2772 nunc
2101 2733 2165 2773 ex

591 2822 741 2879 parte
771 2811 1012 2865 videmus
1042 2812 1265 2881 expleri,
1297 2812 1420 2881 quia
1451 2810 1554 2866 alia
1587 2811 1655 2864 sit
1678 2824 1883 2865 merces
1911 2810 2050 2881 ejus,
2075 2811 2164 2879 qui

591 2904 870 2959 voluntate
899 2915 1153 2973 sequatur
1174 2904 1336 2975 3&0
1366 2904 1555 2968 Deum,
1582 2903 1683 2956 alia
1710 2904 1798 2972 qui
1823 2901 2164 2958 necessitate.

590 2997 949 3053 Veruntamen
977 3000 1089 3054 sive
1113 3015 1206 3067 per
1231 3001 1585 3064 occasirnetn,
1608 2998 1721 3053 sive
1744 3014 1838 3068 per
1862 2995 2164 3061 Veritatem,

590 3099 794 3144 tantum
839 3091 1082 3145 Christus
1124 3093 1523 3147 annuncietur-t
1559 3092 1849 3145 dttmmodo
1898 3090 2064 3156 sciat,
2114 3098 2167 3147 ct

2271 1898 2429 1954 citur.
2481 1896 2613 1952 Nam
2654 1896 2837 1966 utique
2875 1896 2919 1950 si
2954 1906 3004 1949 tn
3028 1909 3088 1950 es
3119 1910 3259 1950 nunc
3296 1895 3456 1962 alius,
3489 1895 3577 1964 qui
3617 1895 3849 1963 primum

2272 1990 2460 2058 dogma
2494 1989 2624 2043 illud
2652 2004 2756 2043 non
2806 1990 3073 2049 sustines,
3108 1987 3249 2055 quod
3280 1986 3487 2042 animas
3520 1987 3570 2041 in
3619 1986 3849 2041 caelesti~

2272 2080 2373 2135 bus
2402 2079 2564 2136 fuisse
2590 2080 2743 2146 dicit,
2787 2090 3071 2149 antequam
3115 2078 3169 2133 in
3206 2079 3524 2148 corporibus
3563 2094 3850 2134 nasceren-

2272 2180 2358 2233 tur
2391 2190 2403 2225 :
2430 2180 2486 2226 tu
2514 2186 2573 2226 es
2599 2172 2716 2227 sine
2756 2168 2941 2237 dubio,
2974 2169 3064 2241 qui
3091 2169 3363 2225 diabolum
3402 2178 3455 2225 et
3489 2171 3709 2238 angelos
3733 2170 3854 2238 ejus

2271 2277 2432 2335 atque
2479 2280 2669 2319 omnes
2708 2263 3032 2328 int-redulos,
3082 2278 3189 2320 non
3243 2262 3416 2316 solum
3457 2262 3616 2317 venia
3654 2262 3844 2326 donas,

2274 2372 2457 2411 verum
2506 2358 2664 2412 etiam
2718 2356 2968 2410 secundis
3002 2352 3380 2417 numerandos
3438 2366 3559 2408 esse
3608 2353 3845 2421 prmuiis

2273 2446 2561 2517 poiliceris.
2608 2448 2662 2503 Si
2691 2463 2819 2503 vero
2861 2447 2961 2501 hoc
2988 2445 3278 2500 secundum
3307 2444 3499 2514 dogma
3544 2444 3764 2511 refugis,
3792 2452 3863 2503 ιιι

2269 2541 2377 2595 etis
2409 2541 2563 2609 primi
2597 2539 2735 2593 illius
2765 2539 3029 2608 dogmatis
3059 2545 3229 2606 pnl't‘.
3285 2538 3297 2586 l
3329 2544 3348 2591 ι
3389 2534 3555 2589 tuiror
3580 2537 3850 2604 quomodo

2273 2632 2359 2686 isti
2411 2630 2794 2699 prudcnles‘et
2836 2628 3027 2683 eruditi
3062 2628 3179 2692 viri,
3214 2626 3301 2695 qui
3345 2625 3459 2681 lucc
3500 2624 3617 2693 ejus
3670 2625 3852 2693 legunt

2270 2722 2487 2791 scriptu,
2520 2722 2586 2776 de
2612 2722 2804 2792 quibus
2830 2718 2855 2756 δ
2889 2734 3028 2773 nunc
3066 2719 3151 2773 illa
3183 2716 3252 2774 ab
3282 2718 3371 2771 illo
3414 2716 3747 2781 scribuntur,
3779 2715 3851 2771 ri-

2270 2817 2432 2872 deant
2456 2816 2523 2871 de
2554 2832 2660 2884 me,
2693 2814 2833 2885 quod
2867 2829 2952 2868 me
2981 2814 3173 2880 talpam
3204 2811 3462 2875 nominet,
3495 2818 3549 2864 ct
3580 2825 3686 2866 non
3720 2826 3849 2864 scn-

2272 2910 2481 2963 tiantse
2504 2908 2672 2978 magis
2700 2906 2842 2975 ipsos
2865 2905 2932 2959 ab
2961 2920 3025 2958 eo
3055 2905 3225 2973 talpas
3248 2902 3497 2971 jndicari,
3529 2918 3661 2972 quos
3698 2912 3846 2972 putat

2273 3002 2389 3059 haec
2419 3002 2471 3056 in
2501 3003 2613 3054 suis
2645 3000 2796 3053 libris
2828 3014 2931 3052 non
2962 2998 3149 3051 videre
3178 2995 3416 3051 defossa.
3448 2995 3502 3049 Si
3526 2997 3667 3050 enim
3695 3006 3850 3062 puta-

2271 3101 2355 3148 ret
2375 3107 2469 3147 eos
2499 3091 2737 3159 legentes
2771 3088 3069 3158 intelligere
3112 3101 3293 3155 posse,
3323 3101 3590 3154 nunquam
3627 3088 3693 3139 ad
3724 3102 3852 3141 con~

587 3197 831 3250 sperans,
873 3193 927 3237 et
954 3194 1078 3239 ante
1107 3200 1360 3253 sperans,
1399 3183 1541 3253 qnoJ
1574 3199 1671 3254 pro
1700 3182 2012 3240 diversitate
2049 3181 2163 3251 spei
2196 3188 2240 3250 (ζ
2273 3181 2574 3241 detnnanda
2611 3195 2696 3250 ea,
2741 3196 2858 3250 qua:
2886 3180 3000 3247 ipse
3030 3180 3283 3246 magister
3310 3178 3496 3243 docet,
3531 3180 3755 3232 istorunt
3790 3180 3852 3232 liv

586 3274 796 3328 diversa
821 3275 930 3329 sint
958 3277 1170 3343 prtemia
1191 3276 1479 3344 recepturi.
1503 3294 1523 3328 ι

657 3363 949 3422 32.0tnnis
981 3369 1030 3422 in
1066 3368 1167 3423 hoc
1198 3370 1315 3424 loco
1342 3370 1595 3424 adimitur
1623 3368 1979 3427 cavillationis
2009 3383 2167 3423 occa-

583 3459 686 3519 sio.
738 3458 793 3513 Ιιι
827 3463 1193 3531 superioribus
1223 3464 1444 3531 dixisti,
1477 3467 1618 3536 quod
1668 3467 1723 3521 bi
1763 3466 1851 3537 qui
1884 3476 2008 3521 ante
2048 3479 2167 3534 spo-

588 3563 842 3606 raverunt
888 3554 939 3607 in
982 3554 1214 3622 Christo,
1272 3556 1348 3610 illi
1392 3568 1517 3611 sunt
1544 3558 1633 3627 qui
1671 3567 1953 3627 antequam
1987 3558 2037 3609 in
2069 3556 2170 3609 hoc

586 3643 780 3696 visibili
813 3646 1011 3699 mundo
1056 3647 1108 3701 in
1139 3648 1453 3717 corporibus
1501 3659 1874 3714 nascerentur,
1922 3664 2071 3717 spent
2114 3648 2166 3701 iu

588 3734 802 3787 Christo
832 3733 858 3773 ά
899 3737 1053 3791 habui
1078 3750 1205 3794 runt
1256 3741 1307 3793 ἱιι
1358 3742 1664 3795 cadestihns
1716 3741 1891 3807 positi.
1948 3740 2053 3795 Sed
2104 3754 2169 3793 ne

590 3826 732 3889 istud
759 3829 948 3900 dogma
982 3840 1130 3887 tuum
1159 3849 1284 3889 esse
1312 3835 1597 3898 videietnr,
1631 3834 1787 3886 aliam
1828 3833 2168 3888 introduxisti

590 3922 999 3989 expositionem,
1032 3942 1132 3995 qua
1162 3926 1300 3981 dicis
1330 3942 1395 3979 eo
1427 3938 1685 3996 tempore,
1716 3944 1822 3995 quu
1848 3944 2004 3981 OIIIIIC
2031 3943 2168 3995 genu

592 4015 834 4070 flectetur
862 4016 1087 4069 Dmnino
1118 4017 1267 4083 Jesn,
1301 4018 1547 4071 universa
1575 4028 1819 4073 creatura
1849 4019 2167 4084 cadestinm,

588 4110 920 4169 terrestrium
944 4121 997 4165 et
1028 4110 1357 4166 inferuerunt
1387 4111 1596 4166 duobus
1631 4112 1679 4165 ei
1710 4110 1882 4166 modis
1908 4113 2014 4167 erit
2044 4110 2167 4166 stib-

587 4201 752 4271 jecta,
787 4202 999 4271 quidam
1029 4203 1323 4268 voluntate,
1353 4204 1568 4271 quidam
1607 4204 1943 4260 necessitate.
1982 4205 2046 4260 Et
2080 4221 2171 4261 v0-

592 4287 798 4350 lnntate
828 4298 906 4349 ais
937 4297 1209 4363 subjectos
1247 4297 1472 4351 Sanctus
1512 4312 1700 4351 omnes
1722 4339 1739 4365 ,
1767 4299 1855 4365 qtti
1887 4314 1980 4367 per
2011 4299 2169 4351 verba

594 4387 991 4461 prtcdicationis
1021 4390 1181 4441 modo
1206 4389 1312 4461 [ΛΙ.
1339 4387 1469 4459 jam]
1494 4388 1541 4443 ei
1563 4388 1807 4455 eredunt,
1837 4397 1891 4439 ct
1923 4389 2051 4441 istos
2083 4403 2172 4443 vo-

591 4479 699 4541 cari
727 4479 1123 4556 προηλπικότας,
1143 4479 1313 4541 idest,
1336 4482 1421 4547 qui
1448 4490 1567 4532 ante
1590 4488 1913 4548 speraverant
1944 4476 1996 4530 itt
2020 4479 2114 4532 Chi
2131 4479 2174 4534 i-

2272 3279 2489 3333 brorum
2542 3275 2738 3332 habere
2779 3275 3030 3348 jnSsisset
3081 3274 3408 3342 exemplum,
3456 3273 3509 3327 iit
3558 3274 3750 3343 quibus
3790 3290 3855 3337 ea

2272 3375 2385 3443 ipsa
2438 3371 2648 3442 plenius
2698 3378 2753 3424 et
2783 3369 3120 3424 manifestius
3150 3367 3521 3433 continentur,
3578 3382 3696 3437 quia
3726 3382 3854 3419 con-

2271 3467 2527 3521 demnare
2562 3479 2660 3520 nos
2688 3465 2897 3519 suadet.
2927 3461 3273 3517 Ostendimus
3305 3461 3518 3516 interim
3553 3461 3597 3515 is
3624 3478 3710 3513 um
3744 3460 3850 3531 [ΑΙ.

2271 3568 2371 3612 (ac.
2419 3545 2603 3627 istum]
2634 3557 2807 3624 ipsum
2848 3570 3091 3610 asserere
3131 3554 3181 3607 in
3210 3553 3326 3608 istis
3354 3554 3538 3607 elect's
3568 3552 3855 3607 Commen-

2274 3651 2423 3704 tariis
2458 3666 2571 3704 suis
2609 3666 2669 3703 ea
2703 3664 2820 3719 qua:
2851 3648 3101 3703 damnari
3152 3646 3205 3701 in
3242 3646 3462 3701 alterius
3509 3645 3658 3698 libris
3706 3646 3854 3715 jubet

2274 3744 2380 3817 [ΑΙ.
2418 3739 2604 3813 videt],
2636 3742 2686 3795 id
2710 3751 2815 3807 est,
2842 3740 2981 3809 quod
3015 3741 3210 3794 anima:
3241 3740 3435 3794 fuerint
3464 3740 3513 3792 in
3544 3738 3854 3793 caelestibus

2273 3846 2559 3903 antequam
2596 3836 2645 3887 in
2680 3836 2780 3887 hoc
2812 3832 3013 3887 mundo
3044 3833 3095 3886 in
3137 3830 3451 3899 corporibus
3500 3840 3855 3885 nascerentur

2274 3926 2381 4001 [ΑΙ.
2419 3924 2893 3997 imtnittcrentur],
2918 3932 2973 3978 et
3000 3924 3141 3994 qttod
3173 3938 3383 3985 omnes,
3419 3920 3498 3976 vel
3525 3931 3855 3990 peccatores,

2276 4021 2360 4074 vel
2399 4019 2655 4075 increduli
2697 4034 2817 4072 cum
2860 4016 3072 4071 diabolo
3102 4025 3156 4069 et
3196 4015 3401 4091 angelis
3440 4014 3589 4083 ejus,
3627 4030 3693 4068 ro
3724 4023 3856 4074 tem-

2277 4127 2406 4182 pore
2436 4128 2541 4182 quo
2575 4124 2734 4166 omne
2774 4125 2913 4178 genu
2967 4108 3210 4163 ﬂectetur
3248 4107 3408 4171 Jesu,
3458 4106 3752 4160 etclestium
3802 4115 3856 4160 et

2277 4207 2610 4265 terrestrium
2640 4215 2695 4259 et
2724 4204 3076 4271 infernorutn,
3110 4218 3215 4259 non
3247 4205 3416 4257 scium
3452 4204 3661 4257 veniam
3708 4202 3853 4256 acci-

2279 4299 2445 4369 pient,
2474 4314 2652 4353 verum
2684 4298 2845 4351 etiam
2876 4295 2987 4368 [ΑΙ.
3022 4307 3127 4352 tac.
3157 4294 3340 4365 etiam]
3368 4296 3432 4347 ad
3463 4293 3697 4349 secunda
3730 4308 3857 4363 prta.

2278 4392 2382 4447 mia
2412 4393 2765 4447 vocabuntur.

2350 4485 2439 4543 εξ.
2492 4486 2595 4540 Sed
2639 4482 2892 4552 quoniam
2940 4481 3054 4535 lucc
3103 4479 3179 4534 rei
3223 4481 3463 4547 novitas,
3518 4494 3623 4532 non
3670 4477 3857 4532 dubito

588 4581 696 4626 sto.
731 4570 1061 4625 Necessitate
1089 4581 1268 4625 autem
1304 4571 1598 4640 subjectos,
1640 4572 1729 4640 qui
1778 4586 1919 4624 nunc
1957 4572 2169 4640 quidem
2204 4565 2251 4625 D
2279 4578 2421 4648 quod
2465 4576 2623 4630 lident
2657 4574 2877 4629 difficile
2922 4585 3221 4635 mereatur,
3265 4580 3319 4623 ut
3359 4570 3479 4638 quis
3514 4569 3765 4623 credatur
3794 4585 3855 4623 ca

593 4678 690 4732 per
746 4664 1184 4730 pra‘dicationem
1245 4661 1391 4715 verbi
1444 4677 1549 4719 nou
1606 4662 2000 4717 cred'derunt:
2048 4671 2175 4719 tunc

595 4765 771 4828 putem
810 4754 927 4823 jam
964 4768 1157 4821 negare
1204 4769 1307 4805 non
1341 4762 1609 4820 poterunt,
1659 4754 1798 4808 sicut
1839 4754 2083 4809 diabolus
2120 4764 2175 4809 et

593 4846 768 4916 angeli
808 4846 945 4914 ejus,
989 4856 1038 4898 et
1073 4854 1096 4882 ο
1128 4844 1216 4913 qui
1255 4861 1373 4896 cum
1416 4846 1543 4910 ipsis
1586 4846 1905 4901 necessitate
1934 4863 1992 4901 cr
2025 4846 2175 4901 dide-

594 4943 740 4999 runt,
790 4935 987 5005 quique
1014 4950 1199 4988 ontues
1229 4949 1348 4987 cum
1378 4934 1569 5005 quibus
1595 4976 1610 5003 ,
1641 4936 1962 4991 ctdiabulus
1996 4948 2048 4991 ct
2079 4951 2176 4989 an-

666 5105 690 5168 f
718 5094 1053 5168 biartiana‘tts
1078 5105 1195 5165 post
1228 5097 1458 5161 Erasm.,
1485 5099 1816 5168 speravimus.

665 5165 691 5213 ι’
725 5164 1087 5229 Guarnerian.
1109 5182 1234 5233 nis.,
1266 5164 1601 5238 sultjicienilo.
1633 5170 1876 5222 Crmcum
1908 5169 2047 5236 quod
2077 5182 2167 5222 se-

591 5241 772 5307 quitur
788 5237 1005 5299 verbum
1031 5239 1080 5297 in
1097 5237 1490 5295 Commentario
1514 5242 1763 5293 scribitur
1783 5241 2164 5305 ἀπελπικῶτας,

592 5326 699 5372 uno
721 5309 797 5386 ibi
821 5307 1163 5386 gistetcieusi
1199 5328 1299 5365 tus.
1324 5313 1714 5386 προηλπικῶτας
1749 5311 2087 5377 ριέιεΐετθιιιθ.

666 5391 687 5419 ο
721 5379 792 5432 Ita
816 5378 1165 5435 Guarnerian.
1222 5399 1314 5447 pro
1344 5378 1410 5441 εἰ,
1435 5393 1629 5435 Caetera
1659 5394 1906 5446 peccans,
1956 5395 2169 5447 regnare

593 5467 688 5520 pro
717 5467 901 5521 negare
939 5464 1257 5522 regnantem,
1302 5464 1408 5505 tum
1439 5463 1482 5503 et
1518 5452 1569 5501 in
1602 5466 1677 5502 me
1708 5464 1803 5522 pro
1831 5458 1877 5501 et
1902 5465 2068 5522 nunc.
2112 5461 2166 5504 et

591 5519 647 5585 [il
676 5519 896 5587 pro'sit,
943 5519 1103 5591 atqitc
1141 5522 1223 5575 his
1251 5523 1469 5580 similia,
1520 5536 1639 5587 quae
1683 5519 1823 5573 scire
1861 5519 1991 5573 nihil
2025 5519 2163 5575 intc-

592 5602 719 5645 l't'st.

661 5660 687 5698 ⁸
716 5663 854 5716 Idem
885 5676 964 5717 ttts
1017 5661 1246 5716 [tabuerit
1274 5662 1393 5729 legit
1421 5676 1435 5723 ;
1469 5668 1577 5712 tttm
1607 5674 1736 5723 esse,
1768 5667 1822 5711 et
1855 5658 2012 5727 paqu
2048 5669 2166 5728 po~t

592 5733 813 5785 Domino
860 5730 985 5786 Jesu
1029 5741 1186 5787 tacet.
1252 5732 1307 5785 In
1348 5729 1694 5798 sequent:bus
1741 5729 2023 5785 manifesto
2069 5746 2166 5786 nec

591 5801 757 5858 semel
780 5810 983 5871 peccat.

2277 4669 2535 4724 damnare
2564 4683 2683 4736 quze
2713 4665 2971 4729 adstruit;
3025 4665 3138 4718 scio
3166 4662 3292 4731 quid
3336 4660 3675 4723 desideratis,
3719 4670 3776 4712 nt
3812 4661 3855 4715 si

2279 4775 2569 4830 possumus
2600 4757 2705 4830 [ΑΙ.
2748 4754 3052 4827 possimus]
3087 4756 3211 4809 talia
3241 4768 3303 4808 ex
3331 4752 3533 4807 eisdem
3564 4752 3710 4805 libris
3738 4766 3858 4819 pro~

2279 4852 2515 4905 fetamus
2559 4849 2827 4916 exempla,
2875 4858 2924 4901 et
2958 4856 3065 4900 tam
3106 4845 3372 4901 evidentia
3396 4884 3411 4908 ,
3444 4853 3500 4897 ttt
3542 4843 3717 4897 nullus
3743 4857 3858 4896 om-

2278 4944 2405 4997 nino
2433 4941 2500 4996 de
2525 4941 2609 4995 his
2641 4940 2887 5008 cuiquam
2914 4936 3189 4994 dubitandi
3222 4935 3458 4990 resideat
3485 4935 3650 4995 locus,
3673 4934 3724 4987 id
3751 4942 3855 5001 est,

2349 5110 2373 5140 ο
2405 5100 2570 5164 Idem,
2618 5111 2662 5153 et
2699 5114 3022 5169 quicumque,
3058 5106 3167 5150 tum
3197 5094 3509 5149 crediderint
3554 5094 3858 5161 quit‘utttqttl
3939 5082 3949 5093 ’

2275 5189 2469 5237 omnes,
2494 5172 2586 5233 ιιι..
2618 5172 2805 5239 quippe
2844 5184 3036 5221 onmes.

2350 5243 2368 5282 ί
2398 5231 2549 5311 Legit
2580 5231 2756 5305 idem,
2789 5241 2935 5310 panis
2974 5239 3055 5291 Itis
3093 5236 3323 5290 omnibus
3362 5235 3561 5311 alisque
3606 5232 3657 5285 in
3691 5231 3826 5301 parti

2276 5315 2422 5375 enla,
2444 5306 2499 5366 ei
2528 5316 2682 5379 paulo
2710 5306 2830 5378 post
2857 5324 3078 5379 arguens
3102 5323 3197 5374 pro
3228 5306 3456 5379 arguis._
3484 5375 3492 5379 _
3528 5373 3541 5379 _
3688 5349 3724 5379 Δ.

2347 5394 2372 5431 s
2407 5372 2653 5456 Fortas~e
2683 5372 2860 5456 verius
2893 5372 3154 5456 tacitos;
3176 5372 3372 5456 tamen,
3420 5373 3541 5441 ﬁdei
3580 5372 3859 5443 confessio-

2274 5455 2353 5507 nis
2377 5453 2501 5521 legit
2531 5450 2886 5505 Gnarnerian.
2916 5447 3007 5521 tiro
3030 5447 3366 5514 confusionis,
3397 5455 3499 5521 etc.

2345 5522 2373 5563 ιι
2400 5514 2565 5590 Idem,
2594 5539 2657 5576 ex
2679 5527 2861 5592 quibus
2884 5520 2973 5574 illa
3000 5522 3061 5572 ab
3090 5536 3147 5592 eo
3177 5534 3307 5570 nunc
3327 5514 3638 5592 ξενίη-θίαν,
3665 5523 3715 5592 et
3742 5523 3860 5592 post

2273 5583 2574 5663 aliquanta,
2621 5583 2878 5663 quieipse
2908 5591 3069 5663 magis
3111 5591 3274 5650 ducet,
3329 5587 3454 5663 istos
3484 5584 3639 5636 libros
3681 5583 3855 5663 haberi

2265 5655 2525 5734 jnsiisset,
2562 5655 2683 5720 'ct'r.
2732 5655 2853 5718 Alia
2887 5655 3107 5717 inferius
3136 5670 3287 5714 certa
3331 5656 3629 5713 scribarum
3667 5655 3857 5712 utenda

2276 5747 2553 5805 pra'tcreo.
