4166 6348
599 372 705 429 575

1627 350 1855 427 norm
1900 359 2372 436 AQUIIEIENSIS
2411 358 2838 416 racscvrem

3762 349 3865 408 576

600 490 739 555 vita,
762 486 841 543 vel
865 487 1172 557 acquiritur,
1200 488 1281 543 vel
1298 486 1581 550 amittitur,
1613 501 1715 540 non
1742 495 1826 541 est
1851 499 2033 539 verum
2062 498 2074 535 :
2106 497 2170 534 au
2202 478 2251 536 Α
2280 492 2397 545 qua:
2438 476 2489 528 in
2531 476 2687 529 terris
2715 480 2870 536 sunt.
2901 470 2994 527 sed
3022 468 3184 525 ﬁliam
3230 482 3347 537 αυω
3394 470 3445 523 in
3491 466 3645 523 εωιίε
3676 476 3865 531 eral“.

588 580 864 639 occultam
893 578 1050 633 habet
1078 579 1307 648 aliquam
1333 578 1858 645 interpretationem?
1887 576 2002 630 Non
2035 575 2177 629 enim

600 671 967 742 paenitentiam
997 672 1109 740 agis
1141 687 1235 740 pro
1263 671 1365 736 his,
1399 686 1515 739 qua:
1539 671 1590 723 in
1621 671 1735 723 istis
1765 668 2178 724 Commentariis

597 764 959 819 continentur.
995 764 1119 818 Item
1152 763 1291 829 quod
1337 762 1571 817 Ecclesia
1623 778 1783 816 unum
1829 777 2025 829 corpus
2074 777 2177 814 non

597 858 771 910 solum
797 872 861 911 ex
893 856 1218 920 hominibus,
1256 855 1348 910 sed
1378 864 1435 909 et
1474 872 1539 909 ex
1586 855 1820 923 Angelis,
1852 864 1907 909 et
1932 854 2180 908 omnibus

599 947 892 1001 Virtutibus
938 947 1245 1001 coelestibus
1296 947 1701 1017 intelligendum
1744 947 1842 1013 sit,
1873 961 1943 1001 ex
1987 946 2177 1002 eodem

588 1039 755 1105 -l.hro,
786 1040 853 1094 de
877 1054 941 1093 eo
969 1040 1227 1108 capitulo,
1255 1039 1307 1094 in
1338 1056 1443 1108 quo
1474 1042 1732 1109 scriptum
1763 1048 1845 1094 est
1871 1055 1886 1093 :
1919 1038 1983 1092 Et
2014 1040 2179 1109 ipsum

594 1129 732 1183 dedit
754 1139 904 1198 caput
928 1145 1078 1199 super
1100 1145 1299 1182 omnem
1328 1127 1611 1183 Ecclesium
1641 1129 1804 1196 (Epit.
1828 1128 2036 1198 1.22.),
2063 1137 2180 1197 post

594 1236 759 1292 pauca
792 1238 806 1275 :
838 1223 954 1276 Non
1004 1222 1213 1287 solum,
1262 1221 1468 1291 inquit,
1519 1223 1831 1287 hominum,
1881 1220 1974 1274 sed
2016 1222 2177 1275 etiam

593 1312 922 1382 Angelorutn
946 1323 1366 1381 cunctarumque
1386 1312 1675 1377 Virtutum,
1703 1322 1758 1367 et
1784 1311 2177 1367 ratiunabilium

590 1416 990 1471 creaturarum,
1020 1414 1046 1442 ι
1080 1404 1319 1459 Ecclesia
1375 1405 1596 1474 intelligi
1648 1414 1840 1473 potest.
1877 1403 2004 1457 Item
2033 1404 2176 1473 quod

589 1499 807 1564 animae,
832 1500 954 1568 quia
984 1498 1036 1552 in
1063 1498 1151 1552 illa
1185 1499 1347 1567 priori
1373 1499 1476 1552 vita
1507 1512 1762 1552 noverant
1786 1497 1952 1551 Deum
1973 1535 1988 1560 ,
2020 1496 2178 1550 modo

590 1603 712 1644 eum
744 1605 848 1643 non
896 1590 1049 1659 quasi
1097 1589 1336 1660 ignotum
1364 1598 1719 1661 cognoscant,
1754 1589 1848 1643 sed
1878 1587 2027 1658 quasi
2059 1596 2177 1656 post

589 1670 917 1736 oblivionem
965 1681 1143 1735 denuo
1192 1692 1511 1750 agnoscant,
1562 1696 1627 1736 ex
1676 1682 1862 1736 eodetn
1917 1682 2050 1735 libto
2103 1682 2173 1736 ita

584 1770 722 1831 dicit
750 1789 764 1826 :
804 1791 821 1823 ι
850 1772 1001 1840 Quod
1043 1788 1169 1827 vero
1212 1774 1322 1841 ait,
1354 1774 1407 1827 in
1457 1775 1713 1845 agnitione
1739 1776 1849 1842 ejus
1877 1772 2094 1844 (Epltes.
2120 1776 2171 1829 1.

2282 579 2535 632 purgasse
2591 562 2919 631 perhibetur.
2955 580 2974 613 ι
3026 561 3155 616 Item
3204 560 3348 630 quod
3403 571 3621 629 propter
3668 574 3867 626 corpus

2281 656 2590 709 humilitatis
2621 654 2728 726 [ΑΙ.
2781 652 3147 725 humanitatis]
3186 661 3241 707 et
3283 667 3480 720 corpus
3525 654 3736 714 mortis,
3771 652 3869 704 bo-

2280 748 2455 801 mines
2500 747 2590 800 lilii
2643 747 2736 800 iraa
2779 747 3136 814 appellentur,
3171 760 3236 800 ex
3282 745 3473 801 eodem
3522 744 3661 799 libro
3703 744 3772 798 de
3801 759 3867 798 eo

2279 838 2530 905 capitulo,
2564 839 2650 893 ubi
2693 837 2950 905 scriptum
2989 845 3115 892 est:
3146 834 3373 891 Eramus
3414 845 3602 889 natura
3641 836 3740 905 ﬁlii
3776 836 3869 889 ira:

2279 931 2408 983 sicut
2445 940 2491 984 et
2536 931 2704 985 (atteri
2734 930 2961 1002 (Ephes.
2985 931 3039 986 2.
3065 930 3175 1000 5.);
3211 940 3331 999 post
3368 930 3675 1000 aliquanta:
3711 947 3730 981 ι
3761 932 3868 984 Nos

2280 1035 2432 1084 vero,
2464 1021 2669 1089 inquit,
2700 1022 2944 1077 dicamus
2971 1036 3090 1076 esse
3135 1021 3364 1089 primum
3396 1036 3584 1076 omnes
3616 1022 3864 1075 homines

2280 1124 2469 1170 natura
2504 1116 2640 1169 ﬁlios
2662 1115 2754 1170 ira:
2784 1125 3000 1185 propter
3024 1130 3223 1185 corpus
3255 1114 3569 1169 humilitatis
3590 1123 3644 1167 et
3669 1128 3867 1181 corpus

2280 1207 2516 1262 mortis:
2563 1217 2620 1261 et
2664 1207 2806 1277 quod
2854 1208 2922 1262 ab
2970 1207 3329 1262 adolescentia
3386 1221 3538 1262 mens
3589 1206 3864 1260 hominum

2279 1299 2519 1367 apposita
2543 1301 2612 1353 sit
2638 1299 2707 1354 ad
2734 1300 2989 1355 malitiam
3022 1299 3175 1371 (Gen.
3202 1298 3341 1368 8.).»
3373 1298 3501 1354 Item
3531 1298 3671 1369 quod
3699 1298 3863 1367 prima

2280 1392 2348 1445 sit
2389 1391 2584 1445 animae
2624 1390 2862 1459 factura,
2890 1401 2945 1447 et
2985 1392 3237 1461 deinceps
3287 1391 3529 1461 corporis
3562 1392 3862 1460 plasmatio,

2278 1498 2345 1536 ex
2371 1484 2560 1538 eodem
2591 1484 2728 1539 libro
2755 1485 2854 1539 sub
2878 1487 3065 1541 eodem
3092 1486 3347 1554 capitulo,
3373 1495 3491 1553 post
3516 1484 3681 1539 multa
3716 1503 3730 1538 :
3759 1503 3777 1535 ι
3803 1484 3868 1538 Et

2279 1576 2583 1645 diligenter,
2644 1577 2853 1646 inquit,
2902 1580 3175 1647 observa,
3220 1579 3342 1647 quia
3399 1594 3503 1631 non
3549 1576 3689 1631 dixit
3746 1575 3863 1649 [ΑΙ.

2278 1667 2497 1740 dixerit]
2530 1670 2690 1738 ipsius
2721 1670 2966 1739 ligttratio
2996 1686 3183 1724 smnus
3222 1680 3381 1739 atque
3424 1668 3730 1739 plasmatio,
3772 1670 3864 1724 sed

2276 1765 2438 1835 ipsius
2468 1768 2665 1835 factura
2697 1764 2914 1837 (Ephes.
2939 1765 2993 1818 2.
3023 1766 3126 1835 9.).
3161 1764 3452 1819 Plasmatio
3483 1766 3678 1833 quippe
3705 1763 3867 1833 origi-

585 1862 731 1929 ,17.),
777 1863 827 1917 id
874 1873 989 1931 est,
1035 1867 1334 1939 ἐπιγνώσει,
1379 1867 1592 1933 quidam
1633 1867 1709 1919 sic
1750 1867 2079 1937 intelligunt,
2115 1876 2174 1922 ut

2279 1871 2396 1911 nem
2429 1856 2497 1912 de
2522 1855 2542 1894 ί
2577 1866 2734 1911 terra:
2762 1856 2890 1912 limo
2918 1856 3077 1911 trahit
3102 1873 3117 1912 :
3153 1856 3353 1912 iactura
3383 1870 3511 1910 vero
3534 1854 3687 1926 juxta
3719 1856 3868 1910 sinti-

583 1952 729 2009 intvr
765 1964 948 2026 γνῶσιν
979 1960 1060 2011 καὶ
1116 1960 1410 2031 ἐπίγνωσιν,
1454 1960 1552 2011 hoc
1599 1967 1683 2011 est
1727 1960 1864 2013 inter
1915 1959 2171 2013 notionem

585 2056 633 2098 et
662 2049 995 2116 agnitionem,
1031 2050 1157 2103 illud
1193 2050 1431 2117 intersit,
1464 2049 1603 2117 quod
1641 2050 1787 2103 notio
1827 2065 2015 2105 eorum
2062 2050 2169 2122 [ΑΙ.

587 2135 738 2208 illud]
766 2138 864 2203 sit,
899 2155 1015 2208 quae
1045 2150 1167 2193 ante
1201 2155 1304 2193 nou
1334 2141 1613 2205 scivimus,
1645 2149 1700 2195 et
1726 2155 1785 2193 ea
1821 2152 2003 2211 postea
2034 2143 2172 2198 scire

582 2232 879 2298 empitnus;
909 2235 1112 2304 agnitio
1144 2248 1268 2290 vero
1291 2231 1319 2271 δ
1339 2250 1525 2288 eorum
1558 2250 1678 2304 qua:
1711 2246 1893 2301 postea
1925 2238 2173 2292 recorda.

583 2339 723 2379 mur.
750 2325 814 2378 Et
840 2326 1072 2392 priorem
1099 2326 1382 2395 quamdam
1410 2327 1570 2380 vitam
1601 2327 1650 2380 iu
1679 2328 1991 2383 cmlestibus
2012 2328 2172 2400 343

586 2426 609 2455 ε
643 2416 1001 2485 suspicantur,
1036 2425 1319 2486 postquam
1361 2419 1413 2470 in
1452 2433 1675 2484 corpora
1720 2419 1819 2473 ista
1863 2419 2087 2489 dejecti,
2120 2431 2175 2476 et.

583 2505 735 2563 obliti
769 2506 860 2562 Dei
894 2507 1084 2572 Patris,
1118 2524 1255 2561 nunc
1284 2523 1406 2562 eum
1434 2523 1529 2575 per
1560 2509 1946 2565 revelationcm
1979 2528 2175 2581 cogito.

587 2598 788 2663 vimus,
818 2604 1112 2653 secundum
1148 2599 1277 2654 illud
1321 2603 1463 2669 quod
1494 2604 1747 2671 scriptum
1790 2619 1910 2659 esu
1947 2605 2175 2659 Ilemini.

585 2700 787 2745 scentur
803 2701 848 2744 et
863 2701 1218 2745 convertentur
1230 2694 1295 2746 ad
1323 2692 1594 2747 Dominum
1619 2710 1789 2748 onmes
1808 2694 1912 2765 [AL
1932 2698 2094 2751 uuieei
2107 2696 2171 2769 si]

587 2781 718 2851 ﬁnes
742 2793 891 2836 ιρι-ηε
921 2781 1090 2853 (Psal.
1113 2782 1204 2849 2!,
1232 2782 1369 2853 28.),
1401 2795 1455 2838 et
1485 2788 1644 2839 n~ulta
1676 2787 1757 2840 his
1775 2788 2025 2842 similius

663 2874 752 2928 58.
782 2874 931 2942 Quod
972 2888 1147 2929 autem
1179 2877 1253 2929 ait
1282 2874 1307 2913 ιι
1335 2895 1349 2931 :
1382 2879 1511 2943 Quia
1544 2879 1756 2947 quidam
1800 2881 1913 2935 [nec
1951 2882 2168 2950 dicunt,

587 2978 714 3036 puto
759 2982 845 3021 me
886 2966 1015 3021 satis
1060 2968 1339 3023 evidenter
1380 2969 1431 3023 in
1457 2971 1822 3038 superioribus
1869 2972 2172 3041 edocuisse,

586 3060 723 3131 quod
761 3063 803 3112 si
853 3062 1068 3129 quando
1116 3062 1305 3130 ponit,
1358 3062 1494 3127 Quia
1539 3063 1753 3129 quidam
1798 3064 1912 3117 lure
1957 3066 2171 3133 dicunt,

527 3149 531 3153 ’
587 3149 701 3213 vel,
746 3149 900 3205 Alius
931 3150 1088 3221 dicit,
1131 3166 1230 3207 nec
1281 3161 1457 3206 tamen
1508 3152 1609 3207 ista
1640 3170 1757 3223 qua:
1807 3155 2053 3209 dicuntur
2082 3155 2175 3210 de-

2277 1950 2555 2005 litudinem
2588 1958 2643 2003 et
2669 1948 2953 2020 imaginem
2984 1948 3148 2021 3“
3175 1949 3267 2004 Dei
3294 1950 3523 2019 sumpsit
3552 1948 3863 2003 exordium.

2276 2038 2428 2107 Quod
2458 2041 2509 2093 in
2536 2040 2832 2094 centesimo
2858 2040 3071 2096 decimo
3110 2051 3298 2094 octavo
3342 2040 3556 2095 Psalmo
3584 2040 3743 2094 simul
3777 2053 3868 2107 po-

2276 2132 2434 2187 situm
2476 2132 2687 2187 diversa
2726 2132 3011 2202 signiﬁcat.
3057 2132 3248 2187 Manus
3288 2142 3410 2199 tute,
3455 2130 3698 2197 Domine,
3732 2133 3862 2201 fece—

2277 2238 2395 2281 runt
2430 2244 2527 2289 me,
2559 2239 2602 2281 st
2634 2226 3011 2297 plasmavertmt
3041 2242 3141 2281 nte.
3176 2227 3214 2282 F
3219 2239 3403 2281 actura
3430 2226 3658 2296 primum
3692 2226 3867 2279 locum

2279 2327 2458 2384 tenet,
2487 2317 2681 2372 deinde
2728 2318 3032 2387 plasmttio.
3069 2338 3087 2372 ι
3141 2319 3276 2386 Quid
3326 2318 3503 2371 adhuc
3548 2316 3693 2371 aliud
3745 2326 3865 2382 est,

2277 2409 2418 2481 quod
2444 2409 2789 2467 condemnari
2818 2410 2969 2465 vult?
2995 2410 3149 2466 D.cat
3180 2420 3203 2457 Β
3239 2421 3294 2466 ιιι
3325 2410 3377 2465 id
3422 2410 3491 2465 de
3529 2410 3645 2481 ejus
3689 2411 3863 2482 libris,

2279 2503 2443 2557 immo
2469 2501 2535 2555 de
2564 2502 2681 2570 ejus
2706 2501 2868 2557 corde
2899 2502 3251 2572 proferamus.
3283 2501 3436 2569 Quod
3470 2500 3638 2575 enim,
3672 2502 3861 2572 inquit,

2279 2610 2438 2649 unam
2491 2604 2735 2651 naturam
2768 2602 2823 2648 et
2871 2595 3205 2662 animarum,
3252 2606 3305 2650 et
3349 2597 3708 2666 Angelorum,
3757 2610 3867 2649 mo.

2280 2686 2470 2739 lestum
2498 2694 2581 2737 est
2613 2686 2732 2738 hoc.
2765 2685 2869 2739 Sed
2902 2685 3178 2740 videamus
3206 2686 3333 2756 quid
3375 2687 3489 2757 ipse
3518 2687 3586 2741 de
3613 2686 3714 2741 hoc
3740 2701 3866 2741 sen-

2281 2780 2375 2832 tiat
2406 2778 2457 2832 in
2489 2777 2571 2831 his
2620 2777 2793 2844 libris,
2824 2794 2959 2846 quos
3005 2779 3160 2834 nobis
3191 2780 3255 2833 ad
3288 2780 3641 2835 confessionis
3680 2794 3867 2835 exem-

2281 2877 2503 2953 plunret
2536 2873 2601 2926 ad
2633 2873 2884 2928 credendi
2916 2876 3149 2943 regulam
3200 2878 3366 2942 ponit.
3401 2874 3534 2929 Item
3565 2891 3628 2929 ex
3658 2873 3766 2945 [ΑΙ.
3793 2872 3865 2945 in]

2278 2972 2467 3027 eodem
2502 2968 2638 3022 libro
2682 2968 2749 3022 de
2779 2983 2844 3022 eo
2875 2969 3130 3037 capitulo,
3165 2969 3253 3022 ubi
3296 2969 3555 3035 scriptum
3602 2978 3729 3021 est:
3767 2964 3867 3019 νιν

2280 3065 2421 3116 nieus
2447 3059 2808 3131 evangelisuvit
2832 3077 3007 3130 pacem
3030 3062 3108 3114 his
3130 3062 3215 3130 qui
3239 3063 3405 3131 longe,
3434 3070 3481 3114 et
3504 3061 3580 3114 Itis
3603 3061 3692 3127 qui
3714 3075 3870 3130 prope

2283 3153 2511 3225 (Ephes.
2533 3150 2589 3209 2.
2623 3154 2766 3224 17.);
2797 3163 2853 3208 et
2880 3153 3019 3223 quod
3050 3168 3169 3207 cum
3194 3153 3261 3207 de
3287 3152 3508 3222 Ιιιάιυὶς,
3541 3164 3594 3207 et
3632 3152 3700 3206 de
3729 3152 3869 3206 Gen-

584 3242 781 3307 struit:
813 3244 910 3298 iste
942 3244 1053 3311 ipse
1082 3246 1152 3300 sit
1177 3244 1393 3313 quidam
1418 3285 1432 3309 ,
1462 3245 1543 3299 vel
1589 3246 1747 3311 alius,
1781 3246 2011 3300 maxime
2053 3262 2173 3300 eum
2205 3237 2247 3296 C
2284 3254 2421 3306 tibus
2451 3254 2678 3319 primum
2712 3251 2818 3324 [ΑΙ.
2856 3248 3049 3320 primo]
3085 3248 3289 3303 dictum
3320 3248 3691 3317 exposuisset,
3725 3255 3869 3316 post.

585 3335 691 3408 jam
719 3340 1012 3392 concordes
1040 3339 1121 3391 his
1151 3342 1469 3406 Sententias,
1501 3338 1702 3408 absque
1727 3340 1831 3391 ulla
1862 3339 2175 3409 ltujusmodi

586 3430 957 3498 iuterjectione
989 3443 1255 3501 personze,
1283 3430 1350 3486 ab
1378 3446 1442 3484 eo
1468 3430 1638 3485 dictas
1660 3428 1970 3499 frequenter
1998 3442 2177 3487 osten-

586 3524 778 3579 derim.
806 3524 911 3576 Sed
935 3524 1058 3591 quid
1082 3523 1258 3577 adhuc
1291 3529 1403 3590 est,
1430 3524 1570 3593 quod
1608 3523 1657 3579 ei
1680 3523 1924 3593 displicet
1948 3523 2001 3578 in
2038 3524 2177 3580 alio?

595 3619 664 3672 Et
694 3627 867 3681 astra,
901 3617 1071 3683 inquit
1117 3614 1224 3689 [AL
1249 3615 1518 3689 quidem],
1570 3618 1651 3672 vel
1698 3628 1892 3671 cmtera
1953 3634 2074 3687 qua:
2124 3620 2177 3673 in

586 3708 729 3763 coelo
756 3716 913 3774 sunt,
965 3708 1299 3764 ratzonabilia
1341 3706 1473 3769 dicit
1517 3717 1571 3762 et
1602 3708 1783 3763 delicti
1814 3709 2053 3775 capacia.
2092 3708 2180 3762 Vi.-

588 3799 811 3854 deatnus
832 3815 959 3867 ergo
988 3799 1114 3867 quid
1144 3800 1258 3868 ipse
1281 3801 1348 3858 de
1377 3799 1572 3853 talibus
1600 3799 1825 3863 sentiat,
1855 3808 1878 3836 ε
1902 3800 1956 3854 in
1988 3801 2177 3855 eodem

588 3890 727 3952 libro
757 3907 820 3946 ex
868 3891 1055 3957 eodem
1084 3894 1338 3960 capitulo,
1370 3892 1457 3945 ubi
1502 3892 1758 3960 scriptum
1805 3903 1887 3945 est
1914 3908 1927 3944 :
1960 3891 2177 3959 Oportet

586 3985 726 4045 enim
763 4000 876 4037 eum
904 4000 1137 4056 regnare,
1168 3986 1327 4040 donec
1359 3984 1517 4057 ponat
1547 3985 1785 4043 inimicos
1814 4001 1933 4037 suos
1972 3986 2065 4039 sub
2092 4002 2180 4055 pe-

579 4073 736 4136 dibus
760 4078 868 4131 suis
898 4078 973 4151 (1.
995 4078 1113 4133 Cor.
1146 4078 1389 4147 15.25.),
1423 4087 1540 4146 post
1570 4078 1869 4147 aliquanta:
1909 4096 1927 4130 ι
1966 4077 2177 4145 Potest,

583 4169 755 4239 inquit
777 4211 792 4235 ,
825 4169 893 4223 ita
926 4169 1273 4240 responderi,
1307 4169 1449 4239 quod
1498 4168 1698 4238 absque
1747 4178 1965 4238 peccato
1999 4171 2180 4225 nullus

590 4262 680 4314 sit.
715 4260 781 4315 Et
825 4261 1000 4316 sidera
1033 4263 1146 4330 ipsa
1176 4278 1280 4315 non
1310 4262 1417 4314 sint
1464 4262 1659 4315 munda
1688 4252 1866 4319 coram
1900 4263 2007 4319 Deo
2036 4260 2176 4333 (Joh.

595 4351 737 4425 15.),
768 4354 1051 4423 omnisque
1073 4364 1314 4410 creatura
1350 4363 1539 4422 paveat
1567 4352 1836 4407 Creatoris
1863 4353 1967 4425 [ΑΙ.
1997 4354 2180 4408 Salva-

592 4443 743 4523 tOtis]
776 4447 1081 4501 adventum.
1118 4443 1266 4507 Unde
1293 4460 1424 4499 crux
1454 4444 1745 4509 Salvatoris
1777 4462 1880 4500 non
1912 4446 2082 4498 solum
2115 4460 2177 4499 ea

2281 3344 2497 3399 modum
2528 3346 2731 3398 addidit
2762 3345 2874 3398 huic
2900 3359 2916 3398 :
2956 3362 2974 3395 ι
3006 3343 3067 3396 Et
3109 3341 3223 3396 haec
3252 3340 3466 3410 quidem
3497 3337 3525 3376 δ
3548 3338 3700 3409 juxta
3736 3337 3869 3393 Vul-

2281 3445 2456 3504 gatatn
2504 3434 3001 3505 interpretationem
3042 3432 3186 3486 dicta
3217 3433 3321 3485 sint
3359 3431 3467 3505 [ΑΙ.
3507 3430 3673 3499 sunt].
3703 3429 3869 3485 Ctete~

2281 3542 2397 3582 rum
2427 3529 2514 3597 qui
2545 3528 2671 3582 illud
2694 3527 2934 3597 Apostoli
2958 3526 3119 3596 legit,
3148 3524 3215 3580 de
3244 3522 3460 3579 Christo
3492 3524 3867 3589 metnorantis,

2287 3622 2473 3676 Parem
2516 3622 2707 3692 [ueiens
2750 3636 2835 3686 per
2862 3620 3163 3691 sanguinem
3207 3618 3371 3671 crucis
3410 3632 3517 3671 sum
3549 3617 3627 3671 Itis
3668 3631 3783 3686 qua
3817 3616 3869 3669 in

2281 3721 2419 3766 terra
2448 3721 2621 3776 erant,
2649 3721 2694 3765 et
2722 3711 2801 3765 Itis
2828 3726 2941 3779 qua
2970 3713 3022 3765 in
3044 3708 3183 3765 caelis
3216 3707 3432 3781 (Ep/tes.
3458 3708 3564 3777 2.),
3595 3719 3650 3763 et
3675 3717 3871 3763 cetera

2281 3818 2401 3872 qua:
2434 3803 2486 3856 in
2517 3802 2709 3857 eodem
2755 3802 3004 3857 dicuntur
3051 3801 3191 3868 loco,
3238 3814 3341 3854 non
3389 3798 3595 3868 putabit
3626 3812 3747 3862 nos,
3779 3797 3870 3867 qui

2276 3897 2427 3967 juxta
2471 3896 2716 3964 spiritum
2751 3895 2914 3951 Israel
2968 3910 3241 3961 vocamur,
3274 3892 3437 3948 fuisse
3483 3893 3641 3962 longe
3669 3902 3723 3947 et
3767 3890 3870 3946 Ju-

2282 3991 2450 4059 ttaeos,
2484 3988 2573 4058 qui
2608 3987 2978 4043 tantummodo
3002 3987 3164 4043 Israel
3195 3995 3576 4054 nuncupantur
3603 3985 3657 4038 in
3687 3998 3872 4050 carne,

2283 4081 2448 4137 fuisse
2486 4095 2671 4149 prope.
2708 4081 2773 4135 Et
2798 4080 2936 4135 hanc
2968 4089 3133 4135 totam
3165 4078 3573 4149 intetligentiam
3597 4076 3664 4131 ad
3699 4083 3871 4146 Ange~

2282 4172 2362 4228 los
2409 4172 2739 4242 virtutesque
2766 4172 3041 4238 ctelestes,
3072 4181 3126 4226 ct
3151 4170 3217 4225 ad
3247 4171 3455 4225 animas
3486 4167 3503 4208 ί
3558 4168 3873 4238 temperabit

2283 4263 2564 4329 humanas,
2624 4264 2767 4332 quod
2812 4266 2863 4317 in
2903 4279 3000 4318 suo
3050 4262 3296 4339 Christus
3339 4261 3600 4332 sanguine
3661 4270 3871 4316 terrena

2282 4366 2336 4410 et
2364 4355 2602 4410 coeleSIia
2632 4355 2995 4424 copulaverit,
3026 4370 3144 4423 qua:
3176 4354 3313 4407 inter
3340 4367 3399 4407 se
3428 4351 3779 4406 dissidebant.
3812 4351 3872 4405 Et

2282 4448 2456 4513 bonus
2496 4457 2673 4519 pastor
2714 4446 3014 4503 morbidum
3046 4446 3112 4501 ad
3156 4453 3366 4499 montes
3411 4452 3689 4499 revectans
3718 4457 3871 4498 ovem

587 4638 759 4699 gerum
782 4665 794 4683 ι
824 4621 1195 4699 βηριετιηὶεεῖε
1226 4621 1547 4699 Saltim}?!
1565 4632 1663 4699 ιρι
1706 4622 1957 4675 ("uiuitur
1990 4619 2170 4698 Vel‘bQ.
2203 4622 2255 4681 D
2281 4625 2368 4680 ille
2398 4625 2821 4699 expositionem,
2847 4624 3179 4699 dissimulato
3210 4623 3446 4699 nomine,
3473 4632 3710 4676 enarrat.
3737 4620 3872 4699 Ycre

588 4690 1047 4765 Cteterumdigua
1079 4695 1250 4755 lectu,
1293 4708 1412 4759 quae
1449 4692 1532 4765 his
1582 4690 2177 4765 HicrOIIytttlts_t‘ep0ttil

588 4764 817 4835 Apolog.
855 4763 894 4817 Ι.
944 4762 1042 4819 Sin
1079 4773 1280 4835 autem,
1307 4762 1592 4835 _tnquieus,
1640 4773 1815 4829 putat,
1863 4762 2055 4835 idcirco
2083 4767 2177 4813 ’ine

592 4832 861 4906 Origenetn
878 4836 1038 4903 sequi,
1058 4833 1175 4897 quia
1199 4833 1451 4901 profectus
1472 4841 1519 4884 et
1542 4834 1778 4906 honores,
1794 4842 1839 4884 et
1860 4832 2177 4899 escensiones

586 4914 631 4957 et
662 4904 1032 4969 descensiones,
1061 4912 1372 4956 merententu
1400 4912 1444 4954 et
1475 4904 1851 4955 iniminuttunes
1885 4906 1935 4955 in
1976 4905 2178 4971 exposi-

587 4978 723 5045 tione
751 4993 861 5030 mea
891 4976 1040 5045 posui
1061 5015 1075 5034 ,
1127 4975 1253 5045 sciat
1273 4976 1493 5045 inultum
1535 4974 1773 5027 interesse
1796 4976 1865 5045 de
1894 4974 2101 5043 Angelis
2129 4984 2176 5027 et

588 5043 859 5118 Seraphint
881 5042 927 5095 et
955 5043 1226 5118 Cltei'ubim
1248 5042 1414 5095 dicere
1429 5044 1694 5118 qdwntones
1716 5055 1759 5105 rt
1785 5042 2013 5118 homines
2035 5045 2170 5118 ﬁeri,

585 5112 961 5185 quod'afﬁrmat
1010 5112 1290 5180 Origenes;
1327 5122 1372 5164 et
1421 5116 1557 5181 ipsos
1597 5117 1726 5171 inter
1755 5112 2057 5185 se_Angelos
2087 5116 2179 5177 die

586 5117 773 5185 quoda
832 5121 961 5165 rmat
1010 5117 1290 5180 Origenes;
1327 5122 1372 5164 et
1421 5117 1557 5181 ipsos
1597 5117 1726 5171 inter
1755 5132 1808 5168 se
1840 5117 2057 5180 Angelos
2087 5117 2171 5168 di-

586 5202 728 5238 vorsa
750 5117 1027 5255 agnorum
1058 5198 1242 5252 genera
1266 5197 1371 5235 esse
1392 5187 1616 5249 sortitos,
1646 5188 1780 5254 quod
1803 5183 2048 5239 Ecrlesiw
2070 5204 2172 5241 non

586 5266 856 5325 repugnat.

612 5392 613 5395 η
658 5334 685 5395 ξι
716 5322 881 5379 Tacet
909 5324 959 5376 in
985 5322 1353 5379 Guarneriano
1380 5339 1483 5387 ms.
1513 5323 1762 5379 Ecclesia.

657 5394 683 5434 λ’
720 5396 860 5467 Idem
893 5410 1068 5447 eorum
1106 5394 1310 5447 reticet.
1349 5396 1661 5448 iit-outrario
1705 5398 1868 5449 multo
1900 5395 2061 5453 habet
2088 5400 2183 5463 in-r

590 5468 790 5535 tegrius
834 5467 1352 5535 Commentariorum
1395 5476 1588 5529 textus,
1626 5468 2068 5535 quemadmodum
2112 5480 2167 5524 et

587 5534 703 5591 lieic
731 5538 1081 5606 supplendum
1130 5534 1390 5599 Videatur,
1421 5536 1626 5605 AgnitiJ
1646 5534 1649 5535 ⁷
1673 5554 1785 5591 vero
1818 5555 1990 5591 eorum
2010 5580 2023 5603 ,
2054 5557 2167 5605 qua:

584 5612 725 5672 prius
744 5612 980 5672 scientes,
1005 5608 1242 5674 deinceps
1263 5608 1390 5659 scire
1412 5610 1705 5676 desieimus,
1731 5625 2003 5679 eorumque
2029 5623 2161 5680 post-

581 5696 639 5732 ea
666 5680 1011 5733 recordamur.

657 5761 677 5787 ε
706 5748 989 5821 l’erperaut
1008 5765 1127 5803 cum
1152 5748 1374 5821 Erasmo
1395 5747 1638 5802 Martian.
1666 5749 2037 5821 Suspicamur;
2060 5768 2163 5808 non

585 5822 723 5895 enim
757 5820 879 5884 Ilier
900 5835 1104 5892 mynias
1150 5819 1540 5893 su5picabatur,
1572 5821 1669 5886 sed
1699 5819 1981 5893 Origenes.
2012 5826 2165 5894 Cujus

2278 4699 2415 4765 adeo
2448 4698 2499 4749 in
2530 4696 2941 4751 Commentariis
2966 4710 3179 4765 quoque
3204 4694 3553 4765 suspicantur.

2294 4800 2295 4805 η
2349 4764 2376 4803 ιι
2406 4766 2570 4821 Addit
2600 4784 2701 4821 ms.
2728 4769 2911 4821 iterum
2935 4782 2954 4821 :
2986 4763 3145 4822 tertio
3173 4778 3348 4819 autem
3384 4763 3452 4817 ab
3479 4763 3581 4817 huc
3610 4777 3797 4826 versu,
3826 4763 3869 4814 si

2276 4839 2484 4907 quando
2513 4837 2620 4892 [nec
2647 4841 2819 4907 ponit,
2854 4843 2976 4906 quia
3005 4840 3172 4898 dicat,
3205 4834 3279 4889 vel
3309 4837 3444 4889 alius
3472 4836 3643 4896 dicat,
3676 4850 3767 4887 nec
3787 4842 3873 4907 Ata-

2277 4904 2506 4962 men.....
2540 4904 2787 4973 destruit,
2818 4904 2925 4977 ipse
2968 4911 3053 4963 sit.
3105 4907 3327 4977 Inferius
3372 4908 3549 4977 denuo
3587 4912 3726 4959 tacet
3754 4904 3868 4977 ltus

2270 4978 2541 5050 jusmodi,
2570 4979 2766 5035 deinde
2812 4975 2943 5033 satis
2990 4979 3180 5050 vitiose
3228 4976 3536 5046 fraudentur
3582 4975 3869 5050 ostendere.

2278 5046 2375 5119 pro
2420 5050 2707 5120 frequenter
2756 5053 3082 5105 ostenderim.
3115 5048 3170 5103 id
3215 5061 3385 5116 genus
3432 5049 3625 5102 tuenda
3674 5046 3870 5117 passim

2275 5122 2401 5174 alibi
2432 5121 2853 5175 dissimulamus.
3642 5126 3645 5129 ’

2350 5200 2373 5228 ⁸
2408 5192 2657 5261 Legimus
2684 5208 2805 5249 cum
2842 5190 3230 5255 Guarneriauo,
3264 5206 3325 5258 pr
3342 5188 3549 5259 epusita
3596 5187 3758 5242 etiam
3782 5209 3875 5261 ντεο

2274 5262 2381 5337 λςίᾲ
2408 5260 2621 5337 ᾳτιὲιμῇ,
2640 5274 2794 5337 antea
2824 5263 2970 5317 enim
2997 5272 3113 5319 erat
3140 5262 3390 5317 continua
3421 5261 3583 5327 serie,
3605 5274 3667 5313 ex
3691 5260 3865 5314 eodem

2274 5334 2403 5387 libro
2430 5336 2481 5387 in
2502 5334 2839 5401 'eo'capitulo,
2868 5344 2974 5388 etc.

2351 5402 2370 5441 ί
2406 5406 2578 5457 Antea
2602 5400 2832 5471 vulgati,
2854 5406 2917 5458 de
2945 5414 3080 5457 terra
3101 5422 3128 5458 e
3150 5404 3273 5459 limo
3299 5403 3476 5457 trahit.
3510 5400 3864 5457 Guarnerian.

2275 5489 2398 5538 ms.,
2425 5475 2488 5528 de
2515 5484 2647 5526 terra
2669 5484 2716 5525 et
2745 5475 2885 5529 limo.
2913 5477 3046 5529 Sunt
3079 5491 3208 5531 vero
3231 5476 3331 5529 alia
3364 5474 3506 5529 haud
3536 5486 3727 5541 pauca,
3751 5485 3869 5540 qua

2274 5561 2432 5614 supra
2462 5555 2620 5613 atque
2645 5546 2779 5597 intra
2806 5548 3175 5599 emendantus.

2348 5626 2373 5663 8
2406 5617 2742 5670 Desideratur
2766 5618 2814 5668 in
2847 5615 3212 5671 Gnarnertano
3239 5631 3338 5671 ms.
3364 5623 3420 5669 ut
3452 5616 3658 5669 vocula.

2345 5687 2370 5722 ιι
2408 5687 2679 5741 Intersetit
2710 5686 2852 5739 idem
2882 5702 3006 5751 ms.,
3035 5688 3217 5755 inquit.

2354 5756 2364 5793 ί
2399 5756 2464 5810 ‘ln
2496 5772 2622 5822 ms.,
2655 5758 2980 5823 temperavit,
3010 5769 3065 5811 et
3093 5754 3247 5825 mox,
3272 5758 3527 5824 capufavit
3554 5771 3572 5807 :
3607 5764 3717 5807 tum
3751 5754 3865 5818 plus

2276 5828 2432 5883 habet
2465 5828 2843 5890 Commentarii
2878 5838 3075 5895 textus,
3099 5830 3231 5887 inter
3266 5845 3316 5885 se
3345 5838 3496 5885 antea
3526 5826 3863 5885 dissidebant.
