4166 6348
303 340 387 390 77
1452 335 1822 398 APOLOGi/E
1863 342 2066 397 LIBER
2110 343 2381 403 PRIMUS.

3452 347 3553 405 518

265 456 419 521 (Luc.
451 455 622 524 15.);
646 454 831 513 fecerit
860 469 981 511 esse
1009 469 1129 511 cum
1153 456 1404 513 caeteris:
1437 458 1857 528 draclnnamque
1883 465 1934 520 Α
1962 468 2062 527 est,
2081 463 2273 516 anima:
2292 463 2525 518 fuerunt.
2543 462 2609 519 Et
2627 466 2917 535 quomodo,
2942 480 3121 538 qttmso
3147 475 3217 537 te,
3237 478 3340 525 tam
3359 475 3549 535 amice.

262 564 381 619 qua:
414 549 677 618 perierat,
720 549 992 604 drachmis
1019 565 1140 620 qua:
1185 551 1348 606 salvae
1378 550 1577 608 fuerim
1608 550 1713 623 [ΑΙ.
1741 551 1855 608 fue-

263 637 424 710 rant],
454 640 809 707 copulaverit.
838 658 858 692 ι

335 732 423 787 59.
459 732 621 786 Vides
648 740 899 801 quantam
930 731 1297 787 diversitatem
1326 740 1531 787 natura:
1563 730 1690 787 facit
1717 734 1856 789 inter

262 825 470 879 animas
500 832 554 879 et
584 823 852 893 Angelos?
879 825 1084 890 Quanta
1130 832 1245 890 est,
1279 822 1485 891 inquit,
1522 825 1661 878 inter
1700 840 1852 877 ovcm

263 928 314 971 et
344 930 497 981 oves,
526 926 583 970 et
609 919 747 971 inter
772 916 1077 971 drachmam
1103 926 1152 971 et
1183 916 1489 970 drachmas.
1520 916 1624 970 Sed
1651 925 1704 970 et
1736 927 1856 984 post

262 1024 429 1079 pauca
474 1008 681 1062 addidit
728 1007 951 1062 (licens:
995 1026 1011 1057 ι
1049 1007 1199 1075 Quod
1247 1021 1427 1061 autem
1475 1008 1579 1075 ait,
1616 1008 1683 1063 Ut
1726 1012 1854 1062 duos

262 1098 368 1172 [AL
400 1096 526 1169 duo]
557 1099 796 1153 conderet
824 1099 875 1152 in
901 1102 1167 1168 semetipso
1200 1100 1252 1151 in
1281 1116 1439 1151 unum
1469 1116 1652 1152 novum
1685 1101 1851 1153 Itami-

258 1208 373 1246 nem
397 1208 417 1246 :
443 1192 585 1261 quod
616 1202 670 1246 et
700 1195 869 1262 magis
898 1192 1110 1247 videtur
1140 1194 1403 1262 superiori
1455 1194 1522 1248 de
1567 1194 1770 1250 Juda-is
1800 1205 1854 1251 et

262 1282 520 1339 Gentibus
558 1282 665 1354 [AL
705 1282 1023 1356 Gentilibus]
1054 1286 1235 1339 sensui
1265 1288 1579 1352 convenire,
1613 1289 1691 1343 sic
1740 1304 1852 1344 suae

257 1376 625 1446 intelligentia:
654 1378 926 1446 eoaptahit
954 1377 1058 1448 [AL
1100 1378 1390 1451 coaptavit]
1420 1397 1431 1432 :
1465 1390 1524 1435 ut
1569 1382 1711 1438 dicat
1752 1384 1848 1437 ho-

258 1469 457 1522 minem
488 1467 650 1540 3&5
677 1468 830 1539 juxta
864 1470 1186 1540 imaginem,
1220 1481 1275 1525 et
1317 1473 1722 1530 similitudinem
1758 1476 1849 1531 Οςί

262 1561 496 1627 factum,
523 1563 767 1617 eamdem
801 1572 917 1630 post
961 1563 1456 1619 reconciliationem
1486 1566 1712 1621 formam
1760 1584 1846 1623 rc-

256 1663 569 1722 cepturum,
598 1669 753 1722 quam
779 1662 831 1707 et
860 1668 997 1707 nunc
1026 1655 1218 1723 Angeli
1252 1656 1447 1711 habent
1466 1698 1482 1723 ,
1506 1669 1559 1712 et
1588 1659 1705 1729 ipse
1735 1676 1849 1728 per-

256 1744 411 1798 didit.
440 1745 642 1798 Novum
667 1752 845 1798 autem
877 1744 1150 1799 hominem
1172 1745 1298 1801 dicit
1325 1762 1465 1812 esse,
1491 1749 1582 1816 qui
1608 1752 1844 1820 quotidie

1965 550 2129 605 immo
2174 554 2280 621 jam
2336 569 2435 610 nec
2482 557 2687 621 amice,
2728 558 2820 612 sed
2869 562 3165 616 scurriliter
3209 564 3552 622 mulierculas

1963 640 2246 708 irridebas,
2279 661 2397 714 qua:
2428 660 2548 700 cum
2581 648 2764 716 plausu
2794 652 2998 706 ventris
3032 663 3086 707 ct
3116 653 3354 722 femoris,
3388 674 3552 727 nega—

1960 747 2072 788 rent
2108 751 2165 790 se
2199 748 2319 807 post
2345 745 2792 799 resurrectionem
2824 746 2875 800 in
2904 763 3133 818 corpore
3161 750 3355 805 iterum
3377 740 3553 821 fragili

1960 820 2186 890 futuras,
2211 830 2303 883 sed
2334 832 2541 887 similes
2568 835 2803 905 Angelis,
2830 839 2910 893 vel
2939 840 3168 911 idipsum
3202 829 3408 898 futuras
3431 859 3553 899 esse

1957 920 2095 984 quod
2129 916 2404 989 Angelos?
2451 923 2516 977 Et
2568 925 2680 980 haec
2725 943 2846 983 cum
2898 940 3041 985 tanta
3088 933 3342 989 irrisione
3383 935 3486 989 dici
3519 943 3551 989 a

1959 1010 2274 1066 mulieribus
2303 1014 2503 1083 arguis,
2529 1034 2650 1086 quae
2680 1021 2745 1075 de
2771 1022 2877 1077 tuis
2909 1025 3013 1078 illis
3042 1026 3232 1082 electis
3259 1028 3550 1082 Commen-

1958 1102 2114 1155 tariis
2164 1104 2363 1172 scripta
2426 1108 2788 1176 proferuntur.
2836 1113 3102 1184 Numquid
3153 1132 3259 1172 non
3310 1119 3412 1172 huc
3456 1118 3550 1172 tibi

1957 1196 2058 1249 tale
2089 1197 2319 1262 videtur,
2353 1202 2510 1269 quale
2537 1203 2580 1256 si
2608 1204 2726 1274 quis
2759 1206 2884 1261 furti
2906 1209 3067 1263 alium
3100 1210 3376 1277 incusans,
3413 1213 3550 1281 idip-

1953 1303 2069 1343 sum
2101 1292 2239 1346 unde
2265 1294 2425 1348 alium
2458 1301 2660 1366 arguit,
2689 1300 2738 1352 in
2764 1316 2863 1354 suo
2891 1304 3007 1357 sinu
3035 1315 3284 1375 contegat
3311 1306 3508 1361 furtum
3531 1346 3547 1373 ,

1954 1388 2008 1433 et
2054 1395 2400 1453 pos‘caquaut
2434 1386 2536 1442 late
2584 1395 2951 1459 peroraverit,
2986 1404 3040 1449 ct
3073 1397 3356 1468 magnifice
3387 1398 3550 1455 fuerit

1954 1470 2200 1528 invectus
2248 1477 2301 1530 in
2335 1477 2537 1544 furem,
2585 1496 2932 1553 poSteaquam
2985 1495 3150 1541 testes
3201 1491 3545 1558 produxerit,

1950 1561 2088 1630 juris
2134 1580 2345 1636 quoque
2366 1569 2581 1637 jurandi
2626 1570 2836 1627 dederit
2875 1586 3251 1633 sacramenta:
3283 1590 3404 1649 post
3436 1583 3550 1638 haec

1955 1654 2136 1707 omnia
2169 1660 2364 1711 furtum
2398 1658 2610 1728 ipsum,
2645 1678 2740 1731 pro
2763 1662 2787 1700 α
2819 1680 2924 1734 quo
2955 1667 3115 1722 alium
3152 1668 3261 1739 jam
3286 1686 3343 1725 se
3370 1671 3551 1728 convi-

1954 1746 2090 1800 cisse
2116 1760 2391 1817 putaveiat
2412 1794 2425 1818 ,
2455 1752 2522 1807 de
2544 1755 2661 1809 sinu
2684 1761 2800 1824 ejus
2822 1761 3170 1814 extrahatur?
3197 1761 3330 1817 Tum
3358 1763 3550 1820 deinde

255 1843 564 1898 renovatur,
589 1841 642 1886 et
672 1832 1010 1887 habitaturus
1038 1843 1121 1887 est
1151 1833 1203 1887 in
1237 1851 1374 1889 novo
1398 1838 1616 1892 mundo.
1651 1858 1669 1891 ι
1700 1840 1849 1895 Sicut
1884 1832 1925 1891 Β
1954 1840 2131 1910 arguis
2154 1843 2310 1908 alios,
2338 1846 2476 1911 quod
2504 1847 2813 1919 interrogati
2839 1851 2905 1905 de
2932 1852 3125 1907 talibus
3152 1869 3255 1907 non
3281 1869 3550 1926 prompte,

259 1933 284 1961 ³
313 1940 444 1980 oves
474 1926 545 1980 ab
566 1940 689 1990 ove,
717 1937 769 1979 et
799 1925 1057 1981 drachma
1086 1943 1116 1981 a
1148 1929 1420 1982 drachmis
1448 1932 1701 1985 diil‘erunt
1728 1950 1740 1985 :
1776 1934 1847 1987 ita

254 2027 310 2073 et
336 2018 546 2073 animas
575 2033 696 2073 cum
728 2019 947 2089 Angelis
992 2035 1113 2075 esse
1161 2021 1322 2088 dicit,
1356 2034 1407 2075 ct
1440 2024 1685 2078 eamdem
1736 2024 1847 2080 for-

253 2123 431 2174 mam,
462 2125 620 2180 quam
652 2126 791 2164 ttuuc
835 2112 1031 2166 habent
1080 2114 1306 2181 Angeli,
1343 2116 1487 2180 prius
1542 2116 1702 2170 homo
1745 2118 1840 2171 ha-

255 2201 469 2269 buerit,
500 2211 553 2258 et
595 2205 925 2272 perdiderit,
958 2215 1013 2258 ct
1056 2205 1324 2261 hominem
1366 2206 1671 2262 habiturum
1718 2209 1847 2265 dicit

253 2293 308 2349 in
337 2296 537 2350 futuro.
567 2296 624 2351 Si
648 2305 833 2350 natura
854 2338 868 2362 ,
894 2299 934 2351 si
966 2301 1166 2366 Specie,
1194 2299 1236 2352 si
1270 2302 1436 2353 forma
1465 2315 1569 2355 non
1599 2302 1807 2358 d.lTe.at
1826 2344 1841 2369 ,

252 2390 521 2457 quomodo
551 2392 732 2446 nullus
761 2392 865 2461 prid
890 2411 931 2445 ir
969 2407 1049 2445 νει
1083 2394 1296 2448 erudito
1326 2396 1527 2450 homini
1558 2413 1683 2451 suas
1713 2414 1843 2453 sen-

252 2486 447 2540 tentias
489 2488 591 2540 sub
637 2486 862 2541 alterius
908 2488 1123 2543 nomine
1164 2489 1561 2558 coodemnare,
1615 2494 1844 2549 maxime

254 2591 373 2631 cum
408 2578 513 2631 hoc
543 2579 611 2631 ita
646 2594 749 2632 non
780 2580 1076 2633 secundum
1118 2580 1379 2651 vulgatam
1410 2586 1802 2650 expositionem
1824 2626 1841 2655 ,

252 2672 342 2722 sed
369 2669 670 2725 secundum
695 2670 936 2738 ApOstoli
965 2687 1180 2727 sensum
1206 2673 1308 2727 dici
1331 2675 1528 2731 debere
1551 2677 1843 2734 decernas?

251 2760 356 2816 Sed
386 2762 669 2815 videamus
699 2762 823 2832 quid
853 2763 917 2817 ad
966 2763 1081 2818 hinc
1124 2768 1175 2818 in
1221 2764 1410 2821 eodem
1460 2769 1578 2822 loco
1607 2771 1839 2825 additur.

251 2854 376 2907 Post
410 2870 576 2924 pauca
609 2858 689 2910 sic
722 2856 891 2924 inquit
918 2872 930 2907 :
968 2874 984 2907 ι
1019 2857 1080 2909 Et
1109 2857 1548 2913 instaurationem
1580 2864 1708 2916 navi
1741 2865 1834 2916 ho-

252 2928 410 2999 minis
445 2956 567 2998 tunc
599 2945 753 3013 plene
787 2947 1127 3015 perfecteque
1152 2950 1522 3018 complendum
1541 2992 1556 3020 ,
1584 2968 1704 3006 cum
1733 2970 1841 3009 ea).

251 3035 402 3091 lestia
432 3039 815 3106 terrestriaque
842 3036 948 3109 [ΑΙ.
980 3038 1318 3111 terrenaque]
1347 3039 1549 3096 fuerint
1569 3045 1836 3114 copulata,

251 3142 304 3187 et
325 3133 377 3186 in
411 3149 515 3187 uno
540 3134 639 3201 Spit
658 3134 730 3187 itu
760 3143 813 3186 et
842 3149 1005 3187 sensu
1040 3137 1336 3205 eademque
1364 3140 1632 3192 sententia
1658 3154 1838 3194 acces-

1952 1946 2051 1985 ncc
2099 1937 2281 1988 statim
2334 1939 2725 2005 reSponilcant,
2772 1942 2864 1995 sed
2912 1945 3272 2012 cunctabundi
3314 1957 3369 2002 et
3417 1957 3548 2004 nutu

1951 2023 2126 2091 magis
2156 2040 2313 2093 quam
2348 2029 2523 2081 verbis
2563 2040 2742 2099 agant.
2778 2033 2840 2085 Et
2876 2032 2975 2088 hoc
3001 2044 3023 2071 ε
3050 2036 3165 2104 ipse
3194 2035 3261 2090 de
3290 2037 3548 2106 Apostoio

1948 2104 2105 2180 dicis,
2140 2118 2281 2184 quod
2317 2119 2496 2173 nescio
2536 2121 2661 2190 quid
2698 2123 2800 2178 tale
2831 2125 2881 2177 in
2917 2126 3154 2193 Epistula
3184 2144 3276 2183 sua
3310 2104 3547 2198 prudenn

1951 2203 2091 2258 tibus
2115 2206 2413 2277 quibusque
2452 2210 2739 2265 lectoribus
2768 2214 3091 2269 siihindicat.
3123 2217 3180 2270 Si
3214 2218 3405 2273 l’aulus
3437 2236 3541 2274 non

1948 2292 2168 2357 indicat,
2188 2297 2281 2351 sed
2302 2301 2624 2367 subindicat,
2642 2314 2691 2357 et
2720 2321 2823 2358 non
2848 2308 3274 2379 quibuscunque,
3301 2310 3395 2365 sed
3419 2326 3544 2381 pru-

1946 2384 2219 2453 dentibus,
2239 2404 2334 2443 nos
2355 2391 2579 2446 miseros
2602 2394 2725 2464 quid
2750 2398 2959 2463 irrides,
2979 2416 3009 2449 o
3039 2410 3222 2453 noster
3247 2405 3540 2470 praenitens,

1944 2476 2148 2545 siquod
2170 2478 2456 2547 Apostolus
2477 2499 2578 2538 non
2612 2487 2893 2541 manifeste
2924 2486 3160 2555 protulit,
3188 2502 3280 2546 aut
3307 2495 3539 2560 nescire,

1947 2576 2037 2621 aut
2060 2566 2304 2624 dubitare
2320 2587 2417 2625 nos
2439 2560 2688 2641 dicimus,
2708 2587 2759 2630 et
2778 2593 2882 2633 nou
2912 2590 3015 2633 tam
3041 2579 3360 2651 intelligere,
3379 2598 3541 2654 quam

1945 2660 2372 2729 subintclhgcre.
2402 2675 2455 2718 et
2485 2665 2606 2720 ideo
2631 2683 2734 2722 non
2766 2677 2871 2723 tam
2918 2672 2968 2725 in
2992 2672 3235 2741 ticamus,
3269 2675 3361 2729 sed
3403 2677 3537 2730 sub-

1947 2751 2282 2806 indiramus?
2310 2754 2425 2807 .l.im
2458 2758 2500 2809 si
2538 2757 2627 2811 tibi
2658 2760 2890 2814 revelata
2926 2772 3051 2816 sunt
3090 2764 3175 2817 illa
3209 2781 3329 2836 qua:
3356 2767 3545 2823 oculus

1947 2858 2051 2896 non
2083 2847 2242 2909 vidit,
2278 2863 2376 2900 nec
2416 2849 2557 2902 auris
2599 2850 2836 2920 audivit,
2885 2862 2938 2908 et
2966 2855 3017 2909 in
3049 2870 3143 2909 cor
3174 2859 3403 2914 hominis
3434 2876 3543 2915 non

1945 2938 2346 2991 ascenderunt:
2376 2938 2419 2992 si
2457 2939 2551 2995 tibi
2586 2938 2605 2978 ί
2642 2944 2788 2997 venit
2829 2943 2969 3013 quod
3003 2946 3295 3015 petii-ctum
3337 2959 3450 3017 est,
3488 2956 3543 3005 ct

1944 3026 2209 3080 tiCSltllt'la
2244 3029 2336 3082 tbi
2381 3040 2506 3084 sunt
2535 3047 2594 3086 ea
2627 3048 2744 3102 qua:
2772 3050 2834 3089 ex
2871 3044 3024 3105 parte
3064 3049 3228 3093 sunt:
3257 3041 3431 3096 clama
3469 3040 3539 3097 dc

1945 3116 2029 3172 his
2056 3129 2110 3172 et
2157 3122 2384 3190 praedira
2404 3161 2419 3188 ,
2450 3132 2505 3178 et
2534 3140 2653 3191 quae
2684 3126 3001 3195 Apostolum
3052 3131 3244 3186 subind
3273 3149 3425 3188 casse
3452 3135 3539 3188 dia

249 3223 479 3278 serimus
509 3224 575 3277 ad
611 3224 845 3277 Patrem.
888 3224 1078 3279 Nescio
1105 3230 1227 3295 quid
1262 3228 1365 3282 tale
1391 3238 1447 3283 ct
1489 3231 1539 3284 in
1569 3230 1669 3284 alia
1714 3232 1771 3297 E,
1794 3232 1838 3285 i-

1946 3209 2043 3275 cis,
2075 3212 2127 3262 tn
2180 3211 2386 3278 indica,
2419 3209 2508 3284 qui
2541 3231 2646 3269 non
2697 3218 2869 3271 Solum
2903 3235 2963 3273 ea
3008 3236 3127 3291 qua:
3167 3215 3496 3280 subindicata
3521 3266 3538 3293 ,

250 3319 384 3371 stola
418 3319 481 3385 (si
507 3317 625 3386 quis
654 3327 830 3371 tamen
862 3333 978 3370 eam
1017 3322 1278 3387 receperit
1308 3320 1410 3393 [AL
1439 3323 1680 3393 recipiti)
1712 3341 1835 3395 prn-

248 3408 498 3463 dentibus
525 3411 826 3479 quibusque
858 3411 1148 3465 lectoribus
1179 3414 1373 3468 Paulus
1398 3416 1721 3483 submdicat,
1749 3416 1834 3472 di-

247 3517 373 3555 cens
410 3518 422 3554 :
460 3500 529 3555 Ili
574 3518 747 3555 omnes
793 3506 1137 3558 testimonium
1183 3507 1305 3576 ﬁdei
1348 3510 1682 3578 accipientes,
1734 3529 1834 3566 non

248 3591 601 3665 breceperunt
661 3596 1079 3664 prauiissimiem,
1134 3598 1239 3652 Deo
1292 3618 1384 3671 pro
1448 3604 1591 3656 nobs
1638 3605 1836 3675 aliquid

248 3688 427 3742 melius
454 3688 649 3755 providi
669 3698 751 3742 nte
767 3709 783 3740 ;
803 3696 855 3741 ut
872 3707 970 3742 non
997 3691 1183 3759 absque
1201 3694 1345 3747 nobis
1363 3707 1833 3750 consummarentw

249 3778 410 3837 (Πρὸ.
442 3776 549 3849 9.).
584 3779 871 3847 Propterea
926 3782 1173 3836 universa
1202 3795 1443 3838 creatura
1486 3788 1837 3856 congemiscit

248 3871 355 3943 [ΑΙ.
385 3871 722 3943 ingemiscet]
766 3872 1074 3937 nobiscum,
1109 3870 1199 3940 qui
1245 3875 1296 3928 in
1344 3876 1691 3932 tabernaculo
1732 3880 1834 3935 isto

247 3966 729 4031 congemiscimus:
765 3972 820 4018 et
868 3965 1153 4030 condolet,
1184 3967 1272 4035 qui
1314 3983 1342 4020 a
1397 3968 1587 4024 timore
1635 3970 1729 4024 Dei
1779 3972 1832 4027 in

246 4064 399 4105 utero
422 4053 787 4121 concepimus,
816 4062 868 4106 et
898 4053 1161 4119 dolemus,
1191 4065 1244 4109 et
1271 4058 1645 4124 praistolamur
1675 4076 1831 4116 reve-

246 4144 499 4197 lationem
535 4144 765 4197 ﬁliorum
817 4144 940 4211 Dei,
973 4154 1031 4197 ut
1053 4145 1119 4200 de
1149 4149 1380 4202 vanitate
1420 4141 1713 4214 se'rvitutis,
1746 4150 1844 4225 cui

245 4248 385 4289 nunc
427 4245 509 4289 est
553 4235 792 4302 subjecta
815 4280 829 4303 ,
864 4236 1139 4300 liberetur,
1170 4246 1223 4291 et
1265 4237 1356 4292 ﬁat
1388 4254 1524 4294 unus
1572 4250 1752 4310 pastor
1779 4250 1832 4297 ct

244 4341 382 4380 unus
412 4342 573 4395 grex,
617 4336 666 4380 et
707 4326 890 4380 Oratio
936 4326 1146 4382 Domini
1191 4330 1524 4399 compleatur
1562 4332 1829 4389 dicentis:

245 4417 367 4474 Fiat
397 4420 631 4475 voluntas
658 4430 743 4473 tua
772 4421 898 4474 sicut
928 4422 977 4474 in
1025 4422 1150 4477 cosio
1188 4434 1235 4477 et
1264 4424 1317 4478 in
1366 4433 1499 4479 terra
1529 4425 1746 4497 (Matth.
1772 4428 1827 4485 6.

248 4510 381 4581 10.).
417 4528 436 4562 ι
474 4510 721 4566 Cwlestia
750 4520 803 4565 et
834 4516 1126 4578 terrestria,
1155 4514 1206 4568 id
1248 4526 1351 4583 est,
1394 4521 1624 4588 Angelos
1651 4529 1705 4575 et
1733 4520 1831 4574 ho-

1942 3317 2123 3355 verum
2155 3314 2206 3357 et
2255 3321 2373 3374 qua:
2416 3308 2729 3364 confirmita
2775 3313 2841 3364 ab
2868 3327 2935 3367 eo
2976 3317 3169 3371 scribis
3211 3332 3354 3383 esse,
3389 3334 3531 3375 nunc

1941 3395 2188 3451 damnas.
2226 3397 2348 3452 “1C0
2371 3400 2511 3454 enim
2554 3403 2730 3455 omnia
2762 3418 2879 3473 quae
2912 3420 3052 3461 nunc
3089 3409 3532 3465 anathematiziri

1936 3484 2113 3557 jubes,
2146 3489 2270 3543 dum
2310 3482 2549 3559 Apostoli
2580 3481 2719 3547 dicta
2768 3497 3015 3563 exponis,
3064 3500 3429 3568 adstruxeras,
3475 3506 3532 3559 et

1943 3590 2187 3649 tanquam
2220 3582 2359 3636 illius
2386 3584 2637 3639 sensibus
2663 3583 2778 3641 h.cc
2810 3589 3006 3643 inserta
3031 3602 3152 3645 esse
3174 3592 3458 3649 docueras.

2010 3707 2169 3779 347
2211 3708 2300 3764 40.
2336 3711 2471 3777 Quid
2524 3712 2699 3769 adhuc
2742 3713 2885 3769 aliud
2930 3726 3043 3787 est,
3088 3718 3231 3787 quod
3271 3719 3535 3778 damnare

1939 3812 2168 3855 caeteros
2190 3801 2375 3871 jubet?
2402 3804 2553 3871 Quod
2577 3820 2773 3876 corpus
2796 3806 2917 3875 hoc,
2941 3809 3133 3876 inquit,
3158 3826 3453 3884 carcerem,
3480 3826 3538 3870 et

1942 3892 2151 3949 vincula
2194 3909 2318 3949 esse
2359 3899 2554 3951 anima:
2598 3898 2812 3964 dicunt,
2845 3909 2898 3954 et
2931 3903 3098 3970 ipsam
3143 3903 3376 3969 animam
3424 3921 3532 3961 non

1938 3983 2014 4037 ire
2053 3997 2333 4052 asserunt,
2377 4004 2435 4042 se
2467 3989 2644 4044 redire
2673 3992 2820 4058 quasi
2854 3992 2918 4045 ad
2959 4008 3022 4047 ca
3054 3993 3167 4049 loca
3190 4035 3207 4063 ,
3246 3995 3333 4050 ubi
3365 4006 3391 4042 κ
3418 3996 3532 4065 jani

1936 4072 2060 4129 ant‘e
2088 4077 2274 4131 fuerat.
2311 4078 2653 4135 Proferamus
2677 4096 2806 4151 ergo
2826 4093 2878 4136 et
2908 4084 2975 4137 de
3001 4084 3103 4138 hoc
3122 4087 3389 4154 quomodo
3416 4088 3531 4155 ipse

1937 4167 2198 4229 senserit,
2250 4168 2577 4223 teStimonia.
2630 4171 2708 4223 Ex
2752 4171 2869 4226 istis
2932 4172 3060 4240 ipsis
3111 4173 3531 4233 Commentariis

1936 4255 2074 4310 libro
2116 4257 2384 4321 secundo,
2423 4276 2488 4314 cx
2518 4276 2584 4315 eo
2615 4264 2869 4329 capitulo,
2918 4264 3004 4317 ubi
3044 4264 3213 4320 dicit:
3251 4266 3426 4337 Hujus
3455 4272 3531 4322 rei

1934 4350 2101 4418 gratia
2148 4365 2238 4419 ego
2291 4347 2487 4403 Paulus
2524 4353 2718 4406 vinctus
2764 4351 2891 4407 Iesu
2920 4354 3107 4409 Christi
3155 4356 3373 4427 (Ep/tes.
3404 4359 3524 4431 5.):

1936 4452 2053 4511 post
2074 4456 2280 4512 pauca:
2308 4460 2326 4493 ι
2356 4443 2487 4509 Quia
2511 4444 2563 4497 in
2607 4446 2864 4512 pluribus,
2890 4447 3088 4517 inquit,
3122 4450 3250 4505 locis
3270 4454 3531 4523 scriptum

1937 4544 2019 4588 est
2037 4577 2052 4601 ,
2086 4535 2357 4590 vinculum
2380 4539 2571 4594 animi
2593 4553 2791 4607 corpus
2816 4540 2917 4595 hoc
2943 4542 3078 4609 dici,
3104 4544 3246 4613 quod
3272 4544 3379 4617 [ΑΙ.
3401 4547 3534 4620 quo}

247 4604 449 4668 mines,
475 4605 611 4658 sicut
632 4614 756 4659 ante
787 4621 942 4659 unam
978 4604 1204 4661 formam
1236 4622 1548 4677 gesserunt,
1582 4624 1634 4665 et
1676 4630 1836 4669 unum
1872 4612 1918 4671 D
1945 4627 2092 4694 quasi
2132 4629 2309 4683 clausa
2353 4628 2405 4683 in
2434 4644 2652 4686 carcere
2694 4640 2959 4698 teneatur,
2987 4634 3218 4692 dicimus
3251 4649 3532 4708 propterea

245 4696 383 4751 ovile
431 4695 765 4762 habuerunt,
809 4697 877 4750 ita
928 4705 984 4753 et
1025 4698 1077 4752 in
1121 4696 1303 4755 futuro
1347 4703 1481 4756 dicis
1520 4719 1638 4759 esse
1679 4721 1835 4775 repa-

246 4790 433 4841 randa.
463 4788 597 4855 Quia
626 4787 868 4843 Christus
897 4789 1038 4843 venit
1068 4801 1290 4862 utraque
1314 4791 1490 4849 facere
1523 4811 1681 4849 unum
1712 4812 1835 4867 gre-

244 4892 396 4947 gem,
430 4891 480 4932 et
516 4878 617 4932 hoc
646 4878 850 4934 futuros
885 4890 905 4917 ο
951 4883 1192 4936 homines
1220 4884 1379 4949 dicis,
1412 4886 1494 4939 vel
1521 4889 1659 4954 quod
1694 4903 1833 4943 nunc

246 4970 409 5043 35,3
445 4982 571 5026 sunt
604 4972 828 5042 Angeli,
864 4975 949 5029 vel
996 4975 1136 5045 quod
1181 4986 1305 5032 ante
1338 4978 1435 5048 ipsi
1479 4980 1742 5050 homines,
1780 4983 1830 5063 id

314 5136 339 5164 ⁸
370 5128 896 5206 Guarnerian._rr_is.,
925 5132 1053 5185 sicut
1084 5133 1190 5186 ovis
1219 5150 1325 5190 ove.
1351 5140 1398 5187 et
1426 5134 1679 5206 dragman
1711 5139 1831 5193 dra-

280 5212 408 5254 mate
430 5201 483 5274 in
508 5210 691 5274 natura
721 5202 996 5274 differunt;
1021 5213 1150 5267 tum,
1183 5207 1361 5274 Angeli
1389 5218 1433 5256 et
1464 5201 1653 5272 primus
1682 5210 1743 5259 lia
1768 5228 1830 5263 uo

280 5214 408 5254 mate
430 5216 483 5253 tn
508 5214 691 5254 natura
721 5214 996 5266 aii/erunt;
1021 5214 1150 5267 tum,
1183 5214 1361 5274 Angeli
1389 5218 1433 5256 et
1464 5214 1653 5272 primus
1682 5214 1743 5259 Iis
1768 5228 1830 5263 uo

242 5214 477 5353 inbuerit
494 5282 540 5353 ent
560 5271 856 5339 perdiderit,
882 5274 1248 5353 Immiuem;ex
1269 5277 1460 5346 quibus
1486 5279 1606 5333 b0ni
1632 5281 1830 5353 aliquid

242 5342 478 5411 exsculpi
510 5343 735 5396 fortaSse
767 5349 979 5412 poterit.

310 5412 336 5451 δ
371 5414 424 5467 ln
451 5413 645 5485 eodem
668 5429 796 5485 ms.,
830 5427 1119 5484 creperum;
1158 5416 1210 5471 in
1239 5418 1656 5485 Commentario,
1686 5431 1830 5475 retu-

242 5481 427 5559 l_e_runt.
462 5483 598 5537 Tum
633 5481 968 5559 Martiarucus
996 5496 1115 5552 post
1145 5488 1379 5559 Erasm.,
1407 5510 1436 5544 τι
1475 5493 1579 5545 Deo
1604 5481 1696 5559 pro
1735 5512 1828 5548 no-

243 5553 336 5622 bis,
369 5565 501 5632 et},
535 5564 589 5632 et
621 5555 778 5632 paulo
808 5556 1053 5632 interius,
1075 5553 1412 5632 Δριζςιῑδιοιιιιιὶτ
1442 5579 1534 5631 pro
1562 5553 1827 5632 praestola-

243 5632 375 5679 titur.
410 5626 668 5693 Pleraque
696 5628 796 5679 alia
821 5626 1085 5693 ejusmodi
1113 5626 1535 5688 dissimulamus.

317 5708 338 5735 ε
374 5695 651 5773 litterserit
683 5710 808 5762 ms.,
839 5713 961 5759 esse.
997 5700 1051 5752 In
1084 5703 1428 5769 sequentibus
1473 5715 1615 5759 errat
1659 5707 1825 5773 mani-

245 5766 376 5821 festo
403 5767 621 5834 saepius.

312 5837 335 5875 ιι
372 5840 448 5894 .\ls
478 5879 492 5902 ,
529 5838 719 5903 furtum
752 5837 917 5907 ipsum
963 5840 1023 5893 de
1066 5840 1178 5895 sinu
1208 5844 1336 5914 ejus,
1362 5863 1454 5917 pro
1480 5864 1690 5918 quo.....
1730 5867 1819 5920 pu-

1941 4719 2161 4773 Paulum
2211 4720 2485 4790 corporeis
2537 4722 2936 4795 [ALcorpnris]
2984 4726 3213 4782 nexibus
3255 4731 3533 4799 coerceri,

1939 4826 2040 4867 nec
2061 4812 2257 4867 reverti
2280 4822 2332 4868 et
2357 4828 2478 4868 esse
2498 4829 2617 4869 cum
2640 4813 2856 4871 Christo
2879 4836 2890 4869 :
2917 4829 2972 4872 ut
3004 4819 3235 4887 perfecta
3259 4820 3311 4877 in
3333 4822 3535 4880 Gentes

1939 4918 2034 4971 per
2062 4919 2181 4957 eum
2218 4904 2523 4967 praedicatio
2548 4909 2900 4978 compleatur.
2928 4928 2947 4962 ι
2982 4914 3107 4965 item
3134 4911 3203 4968 de
3227 4915 3416 4971 eadem
3450 4933 3529 4983 re,

1937 5011 2003 5051 ex
2051 4993 2252 5050 eisdem
2296 4995 2738 5059 Commentariis.
2786 5002 2924 5058 libro
2971 5005 3148 5071 tertio,
3180 5007 3412 5077 capitulo
3442 5012 3531 5066 ubi

1939 5161 2518 5236 lauerat,,exlraltatur.
2565 5163 2728 5219 Paulo
2776 5177 2897 5236 post
2946 5174 3081 5224 tacet
3123 5168 3231 5224 duo
3262 5172 3420 5227 verba
3465 5174 3533 5226 de

1940 5230 2146 5285 talibus.
2776 5230 2791 5236 ’
3514 5243 3523 5249 ”

2012 5308 2035 5335 ο
2072 5301 2309 5377 Ιάρεηηει
2332 5303 2575 5377 Iticiipse;
2606 5316 2714 5361 tum
2746 5306 2861 5376 plus
2887 5306 3067 5377 habet,
3091 5309 3357 5364 lectoribus
3382 5311 3527 5365 Pau-a

1939 5369 2018 5447 ius
2060 5372 2367 5447 subiudicat.
2405 5376 2719 5447 Econtrario
2747 5369 3101 5447 subsequenti
3154 5383 3375 5446 periodo
3418 5385 3531 5436 duo

1942 5440 2211 5517 illaverbi
2233 5486 2247 5509 ,
2279 5445 2368 5517 sed
2408 5446 2725 5516 subiudicut,
2759 5440 3185 5517 tacet;'denique
3218 5451 3380 5505 habet
3422 5454 3525 5507 alia

1935 5514 2095 5591 serie,
2129 5515 2401 5583 Apostolus
2427 5518 2694 5591 manifeste
2714 5514 2821 5572 non
2849 5519 3081 5588 protulit.
3101 5514 3383 5577 Praetereo
3406 5538 3528 5591 quas

1937 5581 2165 5655 inferius
2177 5581 2398 5653 peccat,
2434 5581 2580 5640 haud"
2604 5604 2787 5655 pauca.

2014 5653 2033 5691 ί
2072 5654 2192 5729 ms.,
2213 5658 2257 5708 si
2279 5658 2393 5729 jam
2420 5659 2514 5709 sibi
2542 5653 2703 5719 venit,
2734 5668 2857 5729 etc.)
3094 5728 3097 5729 ν
3480 5721 3491 5729 ,

2009 5734 2034 5802 tt
2068 5724 2422 5802 quarnerian.
2451 5742 2576 5802 ms.,
2600 5729 2681 5782 ubi
2698 5728 2944 5799 gutejam
2968 5728 3152 5797 fuerit;
3176 5739 3232 5786 et
3257 5744 3378 5789 mox
3397 5772 3413 5802 ,
3444 5724 3524 5791 ΕΙ

1936 5796 2045 5850 istis
2072 5796 2141 5850 ibi
2163 5796 2571 5851 Commentariis.
