  <div class='ocr_page' id='page_1' title='image "/cluster/home/n/w/nwhite01/storage/ocr_20150623/21/hvd.32044015471360/295.png"; bbox 0 0 4166 6348; ppageno 0'>
   <div class='ocr_carea' id='block_1_1' title="bbox 629 330 731 397">
    <p class='ocr_par' dir='ltr' id='par_1_1' title="bbox 629 330 731 397">
     <span class='ocr_line' id='line_1_1' title="bbox 629 330 731 397; baseline 0.02 -2"><span class='ocrx_word' id='word_1_1' title='bbox 629 330 731 397; x_wconf 64' lang='grc' dir='ltr'><strong>ἐςἾο</strong></span> 
     </span>
    </p>
   </div>
   <div class='ocr_carea' id='block_1_2' title="bbox 1655 328 2868 403">
    <p class='ocr_par' dir='ltr' id='par_1_2' title="bbox 1655 328 2868 403">
     <span class='ocr_line' id='line_1_2' title="bbox 1655 328 2868 403; baseline -0.002 -12"><span class='ocrx_word' id='word_1_2' title='bbox 1655 334 1881 391; x_wconf 68' lang='grc' dir='ltr'><strong>ηιῖΡΙΝΙ</strong></span> <span class='ocrx_word' id='word_1_3' title='bbox 1925 333 2401 403; x_wconf 66' lang='grc' dir='ltr'><strong>Αρυιιειεκδιδ</strong></span> <span class='ocrx_word' id='word_1_4' title='bbox 2444 328 2868 391; x_wconf 69' lang='grc' dir='ltr'><strong>ΙἮΕΒΒῪῚῈΠΙ</strong></span> 
     </span>
    </p>
   </div>
   <div class='ocr_carea' id='block_1_3' title="bbox 3803 330 3905 387">
    <p class='ocr_par' dir='ltr' id='par_1_3' title="bbox 3803 330 3905 387">
     <span class='ocr_line' id='line_1_3' title="bbox 3803 330 3905 387; baseline -0.02 0"><span class='ocrx_word' id='word_1_5' title='bbox 3803 330 3905 387; x_wconf 84' lang='lat'><strong>580</strong></span> 
     </span>
    </p>
   </div>
   <div class='ocr_carea' id='block_1_4' title="bbox 626 444 3902 525">
    <p class='ocr_par' dir='ltr' id='par_1_4' title="bbox 626 444 3902 525">
     <span class='ocr_line' id='line_1_4' title="bbox 626 444 3902 525; baseline -0.004 -13"><span class='ocrx_word' id='word_1_6' title='bbox 626 458 792 512; x_wconf 88' lang='lat' dir='ltr'><strong>dicit:</strong></span> <span class='ocrx_word' id='word_1_7' title='bbox 831 455 934 510; x_wconf 80' lang='lat' dir='ltr'><strong>Pro</strong></span> <span class='ocrx_word' id='word_1_8' title='bbox 963 473 1063 521; x_wconf 82' lang='lat' dir='ltr'><strong>quo</strong></span> <span class='ocrx_word' id='word_1_9' title='bbox 1090 456 1341 525; x_wconf 74' lang='lat' dir='ltr'><strong>legatione</strong></span> <span class='ocrx_word' id='word_1_10' title='bbox 1370 456 1557 525; x_wconf 71' lang='lat' dir='ltr'><strong>[cingor</strong></span> <span class='ocrx_word' id='word_1_11' title='bbox 1579 454 1630 507; x_wconf 88' lang='lat' dir='ltr'><strong>in</strong></span> <span class='ocrx_word' id='word_1_12' title='bbox 1652 462 1830 507; x_wconf 85' lang='lat' dir='ltr'><strong>catena</strong></span> <span class='ocrx_word' id='word_1_13' title='bbox 1860 452 2073 522; x_wconf 83' lang='lat' dir='ltr'><strong>(Ephes.</strong></span> <span class='ocrx_word' id='word_1_14' title='bbox 2103 448 2209 519; x_wconf 88' lang='lat'><strong>6.),</strong></span> <span class='ocrx_word' id='word_1_15' title='bbox 2245 450 2291 509; x_wconf 76' lang='grc' dir='ltr'><strong>Α</strong></span> <span class='ocrx_word' id='word_1_16' title='bbox 2320 448 2462 518; x_wconf 83' lang='lat' dir='ltr'><strong>quod</strong></span> <span class='ocrx_word' id='word_1_17' title='bbox 2492 449 2541 503; x_wconf 91' lang='lat' dir='ltr'><strong>iu</strong></span> <span class='ocrx_word' id='word_1_18' title='bbox 2575 448 2679 505; x_wconf 80' lang='lat' dir='ltr'><strong>line</strong></span> <span class='ocrx_word' id='word_1_19' title='bbox 2704 459 2756 504; x_wconf 91' lang='lat' dir='ltr'><strong>et</strong></span> <span class='ocrx_word' id='word_1_20' title='bbox 2785 450 2836 503; x_wconf 91' lang='lat' dir='ltr'><strong>iu</strong></span> <span class='ocrx_word' id='word_1_21' title='bbox 2872 446 3336 503; x_wconf 79' lang='lat' dir='ltr'><strong>consummatione</strong></span> <span class='ocrx_word' id='word_1_22' title='bbox 3378 459 3591 513; x_wconf 87' lang='lat' dir='ltr'><strong>rerum,</strong></span> <span class='ocrx_word' id='word_1_23' title='bbox 3622 444 3683 503; x_wconf 68' lang='lat' dir='ltr'><strong>in</strong></span> <span class='ocrx_word' id='word_1_24' title='bbox 3726 445 3902 515; x_wconf 64' lang='lat' dir='ltr'><strong>plisti-</strong></span> 
     </span>
    </p>
   </div>
   <div class='ocr_carea' id='block_1_5' title="bbox 628 542 2206 619">
    <p class='ocr_par' dir='ltr' id='par_1_5' title="bbox 628 542 2206 619">
     <span class='ocr_line' id='line_1_5' title="bbox 628 542 2206 619; baseline -0.001 -20"><span class='ocrx_word' id='word_1_25' title='bbox 628 559 746 619; x_wconf 79' lang='lat' dir='ltr'><strong>post</strong></span> <span class='ocrx_word' id='word_1_26' title='bbox 776 550 1039 618; x_wconf 82' lang='lat' dir='ltr'><strong>aliquanta</strong></span> <span class='ocrx_word' id='word_1_27' title='bbox 1069 564 1160 616; x_wconf 90' lang='lat' dir='ltr'><strong>per</strong></span> <span class='ocrx_word' id='word_1_28' title='bbox 1182 547 1331 601; x_wconf 89' lang='lat' dir='ltr'><strong>illum</strong></span> <span class='ocrx_word' id='word_1_29' title='bbox 1364 555 1555 600; x_wconf 88' lang='lat' dir='ltr'><strong>iterum</strong></span> <span class='ocrx_word' id='word_1_30' title='bbox 1578 559 1731 599; x_wconf 87' lang='lat' dir='ltr'><strong>suum</strong></span> <span class='ocrx_word' id='word_1_31' title='bbox 1755 542 1862 616; x_wconf 79' lang='lat' dir='ltr'>[AL</span> <span class='ocrx_word' id='word_1_32' title='bbox 1886 542 2020 616; x_wconf 79' lang='lat' dir='ltr'><strong>sive]</strong></span> <span class='ocrx_word' id='word_1_33' title='bbox 2046 543 2206 597; x_wconf 87' lang='lat' dir='ltr'><strong>alium</strong></span> 
     </span>
    </p>
   </div>
   <div class='ocr_carea' id='block_1_6' title="bbox 624 640 2206 714">
    <p class='ocr_par' dir='ltr' id='par_1_6' title="bbox 624 640 2206 714">
     <span class='ocr_line' id='line_1_6' title="bbox 624 640 2206 714; baseline -0.004 -17"><span class='ocrx_word' id='word_1_34' title='bbox 624 646 713 714; x_wconf 86' lang='lat' dir='ltr'><strong>qui</strong></span> <span class='ocrx_word' id='word_1_35' title='bbox 749 643 862 709; x_wconf 86' lang='lat' dir='ltr'><strong>ipse</strong></span> <span class='ocrx_word' id='word_1_36' title='bbox 898 645 978 698; x_wconf 89' lang='lat' dir='ltr'><strong>cst</strong></span> <span class='ocrx_word' id='word_1_37' title='bbox 998 685 1011 706; x_wconf 95' lang='lat'><strong>,</strong></span> <span class='ocrx_word' id='word_1_38' title='bbox 1042 642 1111 695; x_wconf 90' lang='lat' dir='ltr'><strong>ita</strong></span> <span class='ocrx_word' id='word_1_39' title='bbox 1135 641 1259 695; x_wconf 92' lang='lat' dir='ltr'><strong>dicit</strong></span> <span class='ocrx_word' id='word_1_40' title='bbox 1286 659 1299 695; x_wconf 87' lang='lat'><strong>:</strong></span> <span class='ocrx_word' id='word_1_41' title='bbox 1337 658 1356 691; x_wconf 76' lang='lat' dir='ltr'><strong>t</strong></span> <span class='ocrx_word' id='word_1_42' title='bbox 1389 640 1536 693; x_wconf 77' lang='lat' dir='ltr'><strong>Alius</strong></span> <span class='ocrx_word' id='word_1_43' title='bbox 1566 652 1695 692; x_wconf 82' lang='lat' dir='ltr'><strong>vero</strong></span> <span class='ocrx_word' id='word_1_44' title='bbox 1724 641 1939 707; x_wconf 78' lang='lat' dir='ltr'><strong>pmpter</strong></span> <span class='ocrx_word' id='word_1_45' title='bbox 1963 642 1987 674; x_wconf 74' lang='grc'><strong><em>⁸</em></strong></span> <span class='ocrx_word' id='word_1_46' title='bbox 2013 652 2206 706; x_wconf 88' lang='lat' dir='ltr'><strong>corpus</strong></span> 
     </span>
    </p>
   </div>
   <div class='ocr_carea' id='block_1_7' title="bbox 626 730 2209 800">
    <p class='ocr_par' dir='ltr' id='par_1_7' title="bbox 626 730 2209 800">
     <span class='ocr_line' id='line_1_7' title="bbox 626 730 2209 800; baseline -0.004 -12"><span class='ocrx_word' id='word_1_47' title='bbox 626 735 958 798; x_wconf 79' lang='lat' dir='ltr'><strong>humilitatis,</strong></span> <span class='ocrx_word' id='word_1_48' title='bbox 990 743 1045 787; x_wconf 90' lang='lat' dir='ltr'><strong>et</strong></span> <span class='ocrx_word' id='word_1_49' title='bbox 1082 743 1321 786; x_wconf 88' lang='lat' dir='ltr'><strong>catenam</strong></span> <span class='ocrx_word' id='word_1_50' title='bbox 1355 732 1507 784; x_wconf 73' lang='lat' dir='ltr'><strong>istam</strong></span> <span class='ocrx_word' id='word_1_51' title='bbox 1554 745 1655 800; x_wconf 91' lang='lat' dir='ltr'><strong>qua</strong></span> <span class='ocrx_word' id='word_1_52' title='bbox 1700 730 2120 795; x_wconf 85' lang='lat' dir='ltr'><strong>circumdamur,</strong></span> <span class='ocrx_word' id='word_1_53' title='bbox 2153 735 2209 782; x_wconf 93' lang='lat' dir='ltr'><strong>et</strong></span> 
     </span>
    </p>
   </div>
   <div class='ocr_carea' id='block_1_8' title="bbox 626 822 2209 890">
    <p class='ocr_par' dir='ltr' id='par_1_8' title="bbox 626 822 2209 890">
     <span class='ocr_line' id='line_1_8' title="bbox 626 822 2209 890; baseline -0.006 -8"><span class='ocrx_word' id='word_1_54' title='bbox 626 828 856 882; x_wconf 84' lang='lat' dir='ltr'><strong>necdum</strong></span> <span class='ocrx_word' id='word_1_55' title='bbox 882 825 1077 879; x_wconf 62' lang='lat' dir='ltr'><strong>scimus</strong></span> <span class='ocrx_word' id='word_1_56' title='bbox 1108 822 1403 878; x_wconf 90' lang='lat' dir='ltr'><strong>secundum</strong></span> <span class='ocrx_word' id='word_1_57' title='bbox 1430 822 1568 890; x_wconf 90' lang='lat' dir='ltr'><strong>quod</strong></span> <span class='ocrx_word' id='word_1_58' title='bbox 1601 831 1809 890; x_wconf 91' lang='lat' dir='ltr'><strong>oportet</strong></span> <span class='ocrx_word' id='word_1_59' title='bbox 1843 837 1938 874; x_wconf 88' lang='lat' dir='ltr'><strong>nos</strong></span> <span class='ocrx_word' id='word_1_60' title='bbox 1966 822 2123 884; x_wconf 81' lang='lat' dir='ltr'><strong>scire,</strong></span> <span class='ocrx_word' id='word_1_61' title='bbox 2155 826 2209 874; x_wconf 82' lang='lat' dir='ltr'><strong>et</strong></span> 
     </span>
    </p>
   </div>
   <div class='ocr_carea' id='block_1_9' title="bbox 625 910 2209 990">
    <p class='ocr_par' dir='ltr' id='par_1_9' title="bbox 625 910 2209 990">
     <span class='ocr_line' id='line_1_9' title="bbox 625 910 2209 990; baseline -0.006 -17"><span class='ocrx_word' id='word_1_62' title='bbox 625 934 719 990; x_wconf 88' lang='lat' dir='ltr'><strong>per</strong></span> <span class='ocrx_word' id='word_1_63' title='bbox 747 918 1018 987; x_wconf 82' lang='lat' dir='ltr'><strong>speculum</strong></span> <span class='ocrx_word' id='word_1_64' title='bbox 1047 914 1289 970; x_wconf 79' lang='lat' dir='ltr'><strong>videmus</strong></span> <span class='ocrx_word' id='word_1_65' title='bbox 1317 914 1367 967; x_wconf 91' lang='lat' dir='ltr'><strong>in</strong></span> <span class='ocrx_word' id='word_1_66' title='bbox 1401 914 1707 982; x_wconf 71' lang='lat' dir='ltr'><strong>miiigmate,</strong></span> <span class='ocrx_word' id='word_1_67' title='bbox 1738 914 1839 967; x_wconf 76' lang='lat' dir='ltr'><strong>ista</strong></span> <span class='ocrx_word' id='word_1_68' title='bbox 1863 927 1983 965; x_wconf 89' lang='lat' dir='ltr'><strong>eum</strong></span> <span class='ocrx_word' id='word_1_69' title='bbox 2009 910 2209 965; x_wconf 59' lang='lat' dir='ltr'><strong>dixisse</strong></span> 
     </span>
    </p>
   </div>
   <div class='ocr_carea' id='block_1_10' title="bbox 623 1002 2208 1081">
    <p class='ocr_par' dir='ltr' id='par_1_10' title="bbox 623 1002 2208 1081">
     <span class='ocr_line' id='line_1_10' title="bbox 623 1002 2208 1081; baseline -0.006 -16"><span class='ocrx_word' id='word_1_70' title='bbox 623 1011 909 1065; x_wconf 88' lang='lat' dir='ltr'><strong>contendet</strong></span> <span class='ocrx_word' id='word_1_71' title='bbox 948 1009 1054 1081; x_wconf 78' lang='lat' dir='ltr'>[AL</span> <span class='ocrx_word' id='word_1_72' title='bbox 1097 1004 1407 1078; x_wconf 73' lang='lat' dir='ltr'><strong>contendit]</strong></span> <span class='ocrx_word' id='word_1_73' title='bbox 1444 1024 1456 1058; x_wconf 89' lang='lat'>:</span> <span class='ocrx_word' id='word_1_74' title='bbox 1507 1011 1560 1059; x_wconf 90' lang='lat' dir='ltr'><strong>ct</strong></span> <span class='ocrx_word' id='word_1_75' title='bbox 1600 1014 1727 1059; x_wconf 90' lang='lat' dir='ltr'><strong>tunc</strong></span> <span class='ocrx_word' id='word_1_76' title='bbox 1774 1018 1900 1059; x_wconf 77' lang='lat' dir='ltr'><strong>vere</strong></span> <span class='ocrx_word' id='word_1_77' title='bbox 1950 1015 2108 1072; x_wconf 88' lang='lat' dir='ltr'><strong>posse</strong></span> <span class='ocrx_word' id='word_1_78' title='bbox 2155 1002 2208 1057; x_wconf 88' lang='lat' dir='ltr'><strong>in</strong></span> 
     </span>
    </p>
   </div>
   <div class='ocr_carea' id='block_1_11' title="bbox 624 1097 2206 1168">
    <p class='ocr_par' dir='ltr' id='par_1_11' title="bbox 624 1097 2206 1168">
     <span class='ocr_line' id='line_1_11' title="bbox 624 1097 2206 1168; baseline -0.005 -13"><span class='ocrx_word' id='word_1_79' title='bbox 624 1100 943 1155; x_wconf 80' lang='lat' dir='ltr'><strong>ennﬁtlentia</strong></span> <span class='ocrx_word' id='word_1_80' title='bbox 968 1097 1241 1168; x_wconf 76' lang='lat' dir='ltr'><strong>Evangelii</strong></span> <span class='ocrx_word' id='word_1_81' title='bbox 1267 1099 1476 1165; x_wconf 76' lang='lat' dir='ltr'><strong>aperire</strong></span> <span class='ocrx_word' id='word_1_82' title='bbox 1502 1097 1787 1167; x_wconf 77' lang='lat' dir='ltr'><strong>mysteria,</strong></span> <span class='ocrx_word' id='word_1_83' title='bbox 1813 1111 1934 1149; x_wconf 87' lang='lat' dir='ltr'><strong>cum</strong></span> <span class='ocrx_word' id='word_1_84' title='bbox 1962 1103 2206 1150; x_wconf 81' lang='lat' dir='ltr'><strong>catenam</strong></span> 
     </span>
    </p>
   </div>
   <div class='ocr_carea' id='block_1_12' title="bbox 621 1184 2207 1259">
    <p class='ocr_par' dir='ltr' id='par_1_12' title="bbox 621 1184 2207 1259">
     <span class='ocr_line' id='line_1_12' title="bbox 621 1184 2207 1259; baseline -0.004 -15"><span class='ocrx_word' id='word_1_85' title='bbox 621 1190 948 1259; x_wconf 89' lang='lat' dir='ltr'><strong>deposuerit,</strong></span> <span class='ocrx_word' id='word_1_86' title='bbox 970 1196 1024 1242; x_wconf 89' lang='lat' dir='ltr'><strong>et</strong></span> <span class='ocrx_word' id='word_1_87' title='bbox 1046 1187 1113 1242; x_wconf 89' lang='lat' dir='ltr'><strong>de</strong></span> <span class='ocrx_word' id='word_1_88' title='bbox 1138 1200 1354 1241; x_wconf 82' lang='lat' dir='ltr'><strong>carcere</strong></span> <span class='ocrx_word' id='word_1_89' title='bbox 1377 1186 1511 1240; x_wconf 90' lang='lat' dir='ltr'><strong>liber</strong></span> <span class='ocrx_word' id='word_1_90' title='bbox 1538 1186 1748 1240; x_wconf 78' lang='lat' dir='ltr'><strong>exierit.</strong></span> <span class='ocrx_word' id='word_1_91' title='bbox 1782 1186 1893 1240; x_wconf 75' lang='lat' dir='ltr'><strong>Nisi</strong></span> <span class='ocrx_word' id='word_1_92' title='bbox 1918 1185 2056 1240; x_wconf 81' lang='lat' dir='ltr'><strong>forte</strong></span> <span class='ocrx_word' id='word_1_93' title='bbox 2080 1194 2135 1240; x_wconf 88' lang='lat' dir='ltr'><strong>et</strong></span> <span class='ocrx_word' id='word_1_94' title='bbox 2155 1184 2207 1238; x_wconf 87' lang='grc'><strong>111</strong></span> 
     </span>
    </p>
   </div>
   <div class='ocr_carea' id='block_1_13' title="bbox 622 1278 2210 1350">
    <p class='ocr_par' dir='ltr' id='par_1_13' title="bbox 622 1278 2210 1350">
     <span class='ocr_line' id='line_1_13' title="bbox 622 1278 2210 1350; baseline 0 -17"><span class='ocrx_word' id='word_1_95' title='bbox 622 1283 847 1336; x_wconf 72' lang='lat' dir='ltr'><strong>vinculis</strong></span> <span class='ocrx_word' id='word_1_96' title='bbox 868 1281 1069 1350; x_wconf 79' lang='lat' dir='ltr'><strong>absque</strong></span> <span class='ocrx_word' id='word_1_97' title='bbox 1088 1280 1313 1334; x_wconf 79' lang='lat' dir='ltr'><strong>vinculis</strong></span> <span class='ocrx_word' id='word_1_98' title='bbox 1334 1280 1720 1349; x_wconf 78' lang='lat' dir='ltr'><strong>eoinputandus</strong></span> <span class='ocrx_word' id='word_1_99' title='bbox 1742 1290 1846 1344; x_wconf 84' lang='lat' dir='ltr'><strong>est,</strong></span> <span class='ocrx_word' id='word_1_100' title='bbox 1870 1278 1960 1348; x_wconf 88' lang='lat' dir='ltr'><strong>qui</strong></span> <span class='ocrx_word' id='word_1_101' title='bbox 1984 1292 2210 1333; x_wconf 58' lang='lat' dir='ltr'><strong>cauveré</strong></span> 
     </span>
    </p>
   </div>
   <div class='ocr_carea' id='block_1_14' title="bbox 620 1371 2210 1440">
    <p class='ocr_par' dir='ltr' id='par_1_14' title="bbox 620 1371 2210 1440">
     <span class='ocr_line' id='line_1_14' title="bbox 620 1371 2210 1440; baseline -0.003 -11"><span class='ocrx_word' id='word_1_102' title='bbox 620 1376 881 1430; x_wconf 79' lang='lat' dir='ltr'><strong>sationem</strong></span> <span class='ocrx_word' id='word_1_103' title='bbox 918 1374 1075 1429; x_wconf 90' lang='lat' dir='ltr'><strong>habet</strong></span> <span class='ocrx_word' id='word_1_104' title='bbox 1103 1375 1154 1428; x_wconf 90' lang='lat' dir='ltr'><strong>in</strong></span> <span class='ocrx_word' id='word_1_105' title='bbox 1185 1373 1336 1428; x_wconf 80' lang='lat' dir='ltr'><strong>ctelis</strong></span> <span class='ocrx_word' id='word_1_106' title='bbox 1361 1389 1375 1425; x_wconf 92' lang='lat'><strong>:</strong></span> <span class='ocrx_word' id='word_1_107' title='bbox 1405 1383 1457 1427; x_wconf 89' lang='lat' dir='ltr'><strong>et</strong></span> <span class='ocrx_word' id='word_1_108' title='bbox 1488 1374 1553 1427; x_wconf 90' lang='lat' dir='ltr'><strong>de</strong></span> <span class='ocrx_word' id='word_1_109' title='bbox 1578 1389 1684 1440; x_wconf 88' lang='lat' dir='ltr'><strong>quo</strong></span> <span class='ocrx_word' id='word_1_110' title='bbox 1721 1374 1822 1427; x_wconf 89' lang='lat' dir='ltr'><strong>dici</strong></span> <span class='ocrx_word' id='word_1_111' title='bbox 1856 1382 2029 1440; x_wconf 77' lang='lat' dir='ltr'><strong>potest</strong></span> <span class='ocrx_word' id='word_1_112' title='bbox 2056 1388 2070 1425; x_wconf 89' lang='lat'><strong>:</strong></span> <span class='ocrx_word' id='word_1_113' title='bbox 2108 1371 2210 1425; x_wconf 84' lang='lat' dir='ltr'><strong>Vos</strong></span> 
     </span>
    </p>
   </div>
   <div class='ocr_carea' id='block_1_15' title="bbox 621 1465 2206 1532">
    <p class='ocr_par' dir='ltr' id='par_1_15' title="bbox 621 1465 2206 1532">
     <span class='ocr_line' id='line_1_15' title="bbox 621 1465 2206 1532; baseline -0.003 -12"><span class='ocrx_word' id='word_1_114' title='bbox 621 1476 790 1521; x_wconf 81' lang='lat' dir='ltr'><strong>autem</strong></span> <span class='ocrx_word' id='word_1_115' title='bbox 808 1469 858 1521; x_wconf 87' lang='lat' dir='ltr'><strong>itt</strong></span> <span class='ocrx_word' id='word_1_116' title='bbox 882 1466 909 1505; x_wconf 73' lang='grc' dir='ltr'>δ</span> <span class='ocrx_word' id='word_1_117' title='bbox 935 1482 1136 1520; x_wconf 77' lang='lat' dir='ltr'><strong>carcere</strong></span> <span class='ocrx_word' id='word_1_118' title='bbox 1154 1480 1253 1518; x_wconf 88' lang='lat' dir='ltr'><strong>non</strong></span> <span class='ocrx_word' id='word_1_119' title='bbox 1274 1465 1409 1527; x_wconf 82' lang='lat' dir='ltr'><strong>estis,</strong></span> <span class='ocrx_word' id='word_1_120' title='bbox 1435 1481 1523 1518; x_wconf 81' lang='lat' dir='ltr'><strong>nec</strong></span> <span class='ocrx_word' id='word_1_121' title='bbox 1547 1466 1598 1517; x_wconf 87' lang='lat' dir='ltr'><strong>in</strong></span> <span class='ocrx_word' id='word_1_122' title='bbox 1622 1480 1790 1526; x_wconf 83' lang='lat' dir='ltr'><strong>carne,</strong></span> <span class='ocrx_word' id='word_1_123' title='bbox 1817 1466 1904 1518; x_wconf 86' lang='lat' dir='ltr'><strong>sed</strong></span> <span class='ocrx_word' id='word_1_124' title='bbox 1923 1466 1975 1517; x_wconf 88' lang='lat' dir='ltr'><strong>in</strong></span> <span class='ocrx_word' id='word_1_125' title='bbox 2004 1465 2206 1532; x_wconf 79' lang='lat' dir='ltr'><strong>spiritu,</strong></span> 
     </span>
    </p>
   </div>
   <div class='ocr_carea' id='block_1_16' title="bbox 622 1554 2202 1626">
    <p class='ocr_par' dir='ltr' id='par_1_16' title="bbox 622 1554 2202 1626">
     <span class='ocr_line' id='line_1_16' title="bbox 622 1554 2202 1626; baseline -0.003 -14"><span class='ocrx_word' id='word_1_126' title='bbox 622 1560 666 1612; x_wconf 89' lang='lat' dir='ltr'><strong>si</strong></span> <span class='ocrx_word' id='word_1_127' title='bbox 710 1567 877 1612; x_wconf 77' lang='lat' dir='ltr'><strong>tamen</strong></span> <span class='ocrx_word' id='word_1_128' title='bbox 905 1558 1117 1625; x_wconf 84' lang='lat' dir='ltr'><strong>spiritus</strong></span> <span class='ocrx_word' id='word_1_129' title='bbox 1162 1556 1256 1611; x_wconf 76' lang='lat' dir='ltr'><strong>Dei</strong></span> <span class='ocrx_word' id='word_1_130' title='bbox 1294 1556 1488 1609; x_wconf 84' lang='lat' dir='ltr'><strong>habitat</strong></span> <span class='ocrx_word' id='word_1_131' title='bbox 1520 1557 1571 1609; x_wconf 86' lang='lat' dir='ltr'><strong>in</strong></span> <span class='ocrx_word' id='word_1_132' title='bbox 1600 1556 1734 1609; x_wconf 78' lang='lat' dir='ltr'><strong>vobis</strong></span> <span class='ocrx_word' id='word_1_133' title='bbox 1776 1556 1951 1626; x_wconf 88' lang='lat' dir='ltr'><strong>(llom.</strong></span> <span class='ocrx_word' id='word_1_134' title='bbox 1978 1554 2027 1609; x_wconf 90' lang='lat'><strong>8.</strong></span> <span class='ocrx_word' id='word_1_135' title='bbox 2056 1558 2157 1625; x_wconf 80' lang='lat'><strong>9.).</strong></span> <span class='ocrx_word' id='word_1_136' title='bbox 2184 1575 2202 1608; x_wconf 86' lang='grc'><strong>1</strong></span> 
     </span>
    </p>
   </div>
   <div class='ocr_carea' id='block_1_17' title="bbox 624 1647 2207 1717">
    <p class='ocr_par' dir='ltr' id='par_1_17' title="bbox 624 1647 2207 1717">
     <span class='ocr_line' id='line_1_17' title="bbox 624 1647 2207 1717; baseline -0.003 -12"><span class='ocrx_word' id='word_1_137' title='bbox 624 1652 753 1705; x_wconf 89' lang='lat' dir='ltr'><strong>Item</strong></span> <span class='ocrx_word' id='word_1_138' title='bbox 779 1651 846 1704; x_wconf 90' lang='lat' dir='ltr'><strong>de</strong></span> <span class='ocrx_word' id='word_1_139' title='bbox 869 1650 1055 1704; x_wconf 82' lang='lat' dir='ltr'><strong>cadem</strong></span> <span class='ocrx_word' id='word_1_140' title='bbox 1087 1662 1167 1712; x_wconf 87' lang='lat' dir='ltr'><strong>re.</strong></span> <span class='ocrx_word' id='word_1_141' title='bbox 1190 1664 1253 1703; x_wconf 78' lang='lat' dir='ltr'><strong>ex</strong></span> <span class='ocrx_word' id='word_1_142' title='bbox 1275 1648 1676 1702; x_wconf 79' lang='lat' dir='ltr'><strong>Commentario</strong></span> <span class='ocrx_word' id='word_1_143' title='bbox 1699 1649 1950 1717; x_wconf 78' lang='lat' dir='ltr'><strong>Epistula:</strong></span> <span class='ocrx_word' id='word_1_144' title='bbox 1977 1647 2122 1701; x_wconf 80' lang='lat' dir='ltr'><strong>Pauli</strong></span> <span class='ocrx_word' id='word_1_145' title='bbox 2144 1648 2207 1701; x_wconf 83' lang='lat' dir='ltr'><strong>ad</strong></span> 
     </span>
    </p>
   </div>
   <div class='ocr_carea' id='block_1_18' title="bbox 625 1737 2210 1808">
    <p class='ocr_par' dir='ltr' id='par_1_18' title="bbox 625 1737 2210 1808">
     <span class='ocr_line' id='line_1_18' title="bbox 625 1737 2210 1808; baseline -0.001 -15"><span class='ocrx_word' id='word_1_146' title='bbox 625 1738 990 1793; x_wconf 71' lang='lat' dir='ltr'><strong>Philemonem</strong></span> <span class='ocrx_word' id='word_1_147' title='bbox 1022 1741 1122 1793; x_wconf 86' lang='lat' dir='ltr'><strong>sub</strong></span> <span class='ocrx_word' id='word_1_148' title='bbox 1150 1753 1214 1793; x_wconf 87' lang='lat' dir='ltr'><strong>eo</strong></span> <span class='ocrx_word' id='word_1_149' title='bbox 1240 1740 1492 1808; x_wconf 82' lang='lat' dir='ltr'><strong>capitulo,</strong></span> <span class='ocrx_word' id='word_1_150' title='bbox 1520 1740 1604 1793; x_wconf 85' lang='lat' dir='ltr'><strong>ubi</strong></span> <span class='ocrx_word' id='word_1_151' title='bbox 1628 1742 1734 1792; x_wconf 85' lang='lat' dir='ltr'><strong>ait:</strong></span> <span class='ocrx_word' id='word_1_152' title='bbox 1765 1737 1975 1793; x_wconf 83' lang='lat' dir='ltr'><strong>Salutat</strong></span> <span class='ocrx_word' id='word_1_153' title='bbox 2000 1748 2048 1791; x_wconf 88' lang='lat' dir='ltr'><strong>te</strong></span> <span class='ocrx_word' id='word_1_154' title='bbox 2070 1737 2210 1807; x_wconf 80' lang='lat' dir='ltr'><strong>Epa-</strong></span> 
     </span>
    </p>
   </div>
   <div class='ocr_carea' id='block_1_19' title="bbox 2313 542 3903 613">
    <p class='ocr_par' dir='ltr' id='par_1_19' title="bbox 2313 542 3903 613">
     <span class='ocr_line' id='line_1_19' title="bbox 2313 542 3903 613; baseline 0 -14"><span class='ocrx_word' id='word_1_155' title='bbox 2313 560 2437 599; x_wconf 88' lang='lat' dir='ltr'><strong>num</strong></span> <span class='ocrx_word' id='word_1_156' title='bbox 2470 556 2664 601; x_wconf 90' lang='lat' dir='ltr'><strong>statum</strong></span> <span class='ocrx_word' id='word_1_157' title='bbox 2696 544 3029 601; x_wconf 87' lang='lat' dir='ltr'><strong>restituenda</strong></span> <span class='ocrx_word' id='word_1_158' title='bbox 3074 544 3183 599; x_wconf 88' lang='lat' dir='ltr'><strong>sint</strong></span> <span class='ocrx_word' id='word_1_159' title='bbox 3212 544 3417 610; x_wconf 86' lang='lat' dir='ltr'><strong>omnia,</strong></span> <span class='ocrx_word' id='word_1_160' title='bbox 3448 542 3664 613; x_wconf 87' lang='lat' dir='ltr'><strong>quando</strong></span> <span class='ocrx_word' id='word_1_161' title='bbox 3710 552 3903 599; x_wconf 73' lang='lat' dir='ltr'><strong>omnes</strong></span> 
     </span>
    </p>
   </div>
   <div class='ocr_carea' id='block_1_20' title="bbox 2311 634 3899 710">
    <p class='ocr_par' dir='ltr' id='par_1_20' title="bbox 2311 634 3899 710">
     <span class='ocr_line' id='line_1_20' title="bbox 2311 634 3899 710; baseline -0.004 -17"><span class='ocrx_word' id='word_1_162' title='bbox 2311 654 2473 694; x_wconf 88' lang='lat' dir='ltr'><strong>unum</strong></span> <span class='ocrx_word' id='word_1_163' title='bbox 2505 655 2698 710; x_wconf 90' lang='lat' dir='ltr'><strong>corpus</strong></span> <span class='ocrx_word' id='word_1_164' title='bbox 2746 638 3063 701; x_wconf 75' lang='lat' dir='ltr'><strong>efﬁciamur,</strong></span> <span class='ocrx_word' id='word_1_165' title='bbox 3094 645 3150 692; x_wconf 90' lang='lat' dir='ltr'><strong>et</strong></span> <span class='ocrx_word' id='word_1_166' title='bbox 3187 637 3238 690; x_wconf 91' lang='lat' dir='ltr'><strong>in</strong></span> <span class='ocrx_word' id='word_1_167' title='bbox 3270 636 3441 690; x_wconf 70' lang='lat' dir='ltr'><strong>virum</strong></span> <span class='ocrx_word' id='word_1_168' title='bbox 3490 634 3786 705; x_wconf 79' lang='lat' dir='ltr'><strong>perfecmm</strong></span> <span class='ocrx_word' id='word_1_169' title='bbox 3816 638 3899 690; x_wconf 80' lang='lat' dir='ltr'><strong>re-</strong></span> 
     </span>
    </p>
   </div>
   <div class='ocr_carea' id='block_1_21' title="bbox 2314 727 3896 799">
    <p class='ocr_par' dir='ltr' id='par_1_21' title="bbox 2314 727 3896 799">
     <span class='ocr_line' id='line_1_21' title="bbox 2314 727 3896 799; baseline -0.003 -12"><span class='ocrx_word' id='word_1_170' title='bbox 2314 732 2683 797; x_wconf 74' lang='lat' dir='ltr'><strong>formabimur,</strong></span> <span class='ocrx_word' id='word_1_171' title='bbox 2715 744 2768 788; x_wconf 90' lang='lat' dir='ltr'><strong>et</strong></span> <span class='ocrx_word' id='word_1_172' title='bbox 2796 732 2980 786; x_wconf 85' lang='lat' dir='ltr'><strong>Oratio</strong></span> <span class='ocrx_word' id='word_1_173' title='bbox 3025 733 3076 784; x_wconf 90' lang='lat' dir='ltr'><strong>in</strong></span> <span class='ocrx_word' id='word_1_174' title='bbox 3118 728 3271 799; x_wconf 87' lang='lat' dir='ltr'><strong>nobis</strong></span> <span class='ocrx_word' id='word_1_175' title='bbox 3316 727 3609 783; x_wconf 71' lang='lat' dir='ltr'><strong>Salntoris</strong></span> <span class='ocrx_word' id='word_1_176' title='bbox 3650 728 3896 799; x_wconf 85' lang='lat' dir='ltr'><strong>implebi-</strong></span> 
     </span>
    </p>
   </div>
   <div class='ocr_carea' id='block_1_22' title="bbox 2315 798 3900 892">
    <p class='ocr_par' dir='ltr' id='par_1_22' title="bbox 2315 798 3900 892">
     <span class='ocr_line' id='line_1_22' title="bbox 2315 798 3900 892; baseline -0.002 -15"><span class='ocrx_word' id='word_1_177' title='bbox 2315 832 2432 877; x_wconf 92' lang='lat' dir='ltr'><strong>tur:</strong></span> <span class='ocrx_word' id='word_1_178' title='bbox 2464 821 2621 876; x_wconf 77' lang='lat' dir='ltr'><strong>Pater</strong></span> <span class='ocrx_word' id='word_1_179' title='bbox 2647 825 2713 876; x_wconf 89' lang='lat' dir='ltr'><strong>da</strong></span> <span class='ocrx_word' id='word_1_180' title='bbox 2733 863 2748 888; x_wconf 94' lang='lat'><strong>,</strong></span> <span class='ocrx_word' id='word_1_181' title='bbox 2781 830 2833 877; x_wconf 88' lang='lat' dir='ltr'><strong>ut</strong></span> <span class='ocrx_word' id='word_1_182' title='bbox 2863 820 3121 892; x_wconf 85' lang='lat' dir='ltr'><strong>quomodo</strong></span> <span class='ocrx_word' id='word_1_183' title='bbox 3149 798 3240 891; x_wconf 57' lang='lat' dir='ltr'><strong>eg.o</strong></span> <span class='ocrx_word' id='word_1_184' title='bbox 3269 830 3313 873; x_wconf 86' lang='lat' dir='ltr'><strong>et</strong></span> <span class='ocrx_word' id='word_1_185' title='bbox 3338 830 3391 873; x_wconf 92' lang='lat' dir='ltr'><strong>tu</strong></span> <span class='ocrx_word' id='word_1_186' title='bbox 3415 836 3570 873; x_wconf 85' lang='lat' dir='ltr'><strong>unum</strong></span> <span class='ocrx_word' id='word_1_187' title='bbox 3592 798 3771 873; x_wconf 84' lang='lat' dir='ltr'><strong>sumus</strong></span> <span class='ocrx_word' id='word_1_188' title='bbox 3793 834 3810 872; x_wconf 90' lang='lat'><strong><em>:</em></strong></span> <span class='ocrx_word' id='word_1_189' title='bbox 3832 821 3900 874; x_wconf 81' lang='lat' dir='ltr'><strong>ita</strong></span> 
     </span>
    </p>
   </div>
   <div class='ocr_carea' id='block_1_23' title="bbox 2311 909 3895 988">
    <p class='ocr_par' dir='ltr' id='par_1_23' title="bbox 2311 909 3895 988">
     <span class='ocr_line' id='line_1_23' title="bbox 2311 909 3895 988; baseline -0.001 -23"><span class='ocrx_word' id='word_1_190' title='bbox 2311 922 2359 965; x_wconf 85' lang='lat' dir='ltr'><strong>et</strong></span> <span class='ocrx_word' id='word_1_191' title='bbox 2390 914 2473 967; x_wconf 89' lang='lat' dir='ltr'><strong>isti</strong></span> <span class='ocrx_word' id='word_1_192' title='bbox 2502 915 2553 967; x_wconf 88' lang='lat' dir='ltr'><strong>in</strong></span> <span class='ocrx_word' id='word_1_193' title='bbox 2577 914 2686 988; x_wconf 80' lang='lat' dir='ltr'>[AL</span> <span class='ocrx_word' id='word_1_194' title='bbox 2714 922 2820 968; x_wconf 87' lang='lat' dir='ltr'><strong>tae.</strong></span> <span class='ocrx_word' id='word_1_195' title='bbox 2844 910 2917 982; x_wconf 88' lang='lat' dir='ltr'><strong>in]</strong></span> <span class='ocrx_word' id='word_1_196' title='bbox 2942 912 3085 965; x_wconf 88' lang='lat' dir='ltr'><strong>nobis</strong></span> <span class='ocrx_word' id='word_1_197' title='bbox 3112 927 3270 964; x_wconf 87' lang='lat' dir='ltr'><strong>unum</strong></span> <span class='ocrx_word' id='word_1_198' title='bbox 3294 912 3397 964; x_wconf 88' lang='lat' dir='ltr'><strong>sint</strong></span> <span class='ocrx_word' id='word_1_199' title='bbox 3425 909 3605 982; x_wconf 79' lang='lat' dir='ltr'><strong>(Joan.</strong></span> <span class='ocrx_word' id='word_1_200' title='bbox 3631 912 3687 965; x_wconf 88' lang='grc'><strong>’1.</strong></span> <span class='ocrx_word' id='word_1_201' title='bbox 3708 910 3849 982; x_wconf 71' lang='grc' dir='ltr'><strong>Ξ1.).</strong></span> <span class='ocrx_word' id='word_1_202' title='bbox 3877 924 3895 964; x_wconf 84' lang='grc'><strong>1</strong></span> 
     </span>
    </p>
   </div>
   <div class='ocr_carea' id='block_1_24' title="bbox 2381 1003 3902 1076">
    <p class='ocr_par' dir='ltr' id='par_1_24' title="bbox 2381 1003 3902 1076">
     <span class='ocr_line' id='line_1_24' title="bbox 2381 1003 3902 1076; baseline -0.002 -14"><span class='ocrx_word' id='word_1_203' title='bbox 2381 1008 2473 1062; x_wconf 68' lang='grc'><strong>«12.</strong></span> <span class='ocrx_word' id='word_1_204' title='bbox 2532 1007 2826 1076; x_wconf 81' lang='lat' dir='ltr'><strong>Accepistis</strong></span> <span class='ocrx_word' id='word_1_205' title='bbox 2890 1016 2944 1060; x_wconf 90' lang='lat' dir='ltr'><strong>et</strong></span> <span class='ocrx_word' id='word_1_206' title='bbox 3004 1004 3141 1058; x_wconf 86' lang='lat' dir='ltr'><strong>hanc</strong></span> <span class='ocrx_word' id='word_1_207' title='bbox 3196 1003 3313 1072; x_wconf 85' lang='lat' dir='ltr'><strong>ejus</strong></span> <span class='ocrx_word' id='word_1_208' title='bbox 3374 1003 3442 1058; x_wconf 75' lang='lat' dir='ltr'><strong>de</strong></span> <span class='ocrx_word' id='word_1_209' title='bbox 3510 1004 3902 1059; x_wconf 69' lang='lat' dir='ltr'><strong>resurrectione</strong></span> 
     </span>
    </p>
   </div>
   <div class='ocr_carea' id='block_1_25' title="bbox 2314 1095 3901 1167">
    <p class='ocr_par' dir='ltr' id='par_1_25' title="bbox 2314 1095 3901 1167">
     <span class='ocr_line' id='line_1_25' title="bbox 2314 1095 3901 1167; baseline -0.003 -14"><span class='ocrx_word' id='word_1_210' title='bbox 2314 1105 2554 1153; x_wconf 90' lang='lat' dir='ltr'><strong>omnium</strong></span> <span class='ocrx_word' id='word_1_211' title='bbox 2616 1100 2816 1167; x_wconf 84' lang='lat' dir='ltr'><strong>absque</strong></span> <span class='ocrx_word' id='word_1_212' title='bbox 2858 1097 2959 1151; x_wconf 90' lang='lat' dir='ltr'><strong>ulla</strong></span> <span class='ocrx_word' id='word_1_213' title='bbox 3008 1095 3356 1165; x_wconf 83' lang='lat' dir='ltr'><strong>ambiguitate</strong></span> <span class='ocrx_word' id='word_1_214' title='bbox 3402 1095 3758 1162; x_wconf 64' lang='lat' dir='ltr'><strong>sententiam,</strong></span> <span class='ocrx_word' id='word_1_215' title='bbox 3812 1108 3901 1148; x_wconf 84' lang='lat' dir='ltr'><strong>ac-</strong></span> 
     </span>
    </p>
   </div>
   <div class='ocr_carea' id='block_1_26' title="bbox 2315 1186 3905 1263">
    <p class='ocr_par' dir='ltr' id='par_1_26' title="bbox 2315 1186 3905 1263">
     <span class='ocr_line' id='line_1_26' title="bbox 2315 1186 3905 1263; baseline -0.007 -15"><span class='ocrx_word' id='word_1_216' title='bbox 2315 1194 2477 1263; x_wconf 69' lang='lat' dir='ltr'><strong>c&#39;pite</strong></span> <span class='ocrx_word' id='word_1_217' title='bbox 2520 1199 2573 1247; x_wconf 90' lang='lat' dir='ltr'><strong>ct</strong></span> <span class='ocrx_word' id='word_1_218' title='bbox 2619 1190 2808 1257; x_wconf 87' lang='lat' dir='ltr'><strong>aliam;</strong></span> <span class='ocrx_word' id='word_1_219' title='bbox 2859 1202 2912 1245; x_wconf 92' lang='lat' dir='ltr'><strong>et</strong></span> <span class='ocrx_word' id='word_1_220' title='bbox 2956 1200 3081 1244; x_wconf 88' lang='lat' dir='ltr'><strong>tunc</strong></span> <span class='ocrx_word' id='word_1_221' title='bbox 3125 1188 3443 1245; x_wconf 80' lang='lat' dir='ltr'><strong>coneludam</strong></span> <span class='ocrx_word' id='word_1_222' title='bbox 3486 1186 3765 1257; x_wconf 72' lang='lat' dir='ltr'><strong>Apologia:</strong></span> <span class='ocrx_word' id='word_1_223' title='bbox 3811 1202 3905 1239; x_wconf 87' lang='lat' dir='ltr'><strong>uo-</strong></span> 
     </span>
    </p>
   </div>
   <div class='ocr_carea' id='block_1_27' title="bbox 2314 1279 3901 1355">
    <p class='ocr_par' dir='ltr' id='par_1_27' title="bbox 2314 1279 3901 1355">
     <span class='ocr_line' id='line_1_27' title="bbox 2314 1279 3901 1355; baseline -0.003 -17"><span class='ocrx_word' id='word_1_224' title='bbox 2314 1294 2441 1339; x_wconf 74' lang='lat' dir='ltr'><strong>stra&#39;:</strong></span> <span class='ocrx_word' id='word_1_225' title='bbox 2485 1284 2710 1355; x_wconf 88' lang='lat' dir='ltr'><strong>primum</strong></span> <span class='ocrx_word' id='word_1_226' title='bbox 2766 1284 3033 1338; x_wconf 75' lang='lat' dir='ltr'><strong>volumen.</strong></span> <span class='ocrx_word' id='word_1_227' title='bbox 3087 1281 3367 1337; x_wconf 85' lang='lat' dir='ltr'><strong>lnnumera</strong></span> <span class='ocrx_word' id='word_1_228' title='bbox 3423 1290 3548 1334; x_wconf 88' lang='lat' dir='ltr'><strong>sunt</strong></span> <span class='ocrx_word' id='word_1_229' title='bbox 3593 1280 3741 1334; x_wconf 88' lang='lat' dir='ltr'><strong>enim</strong></span> <span class='ocrx_word' id='word_1_230' title='bbox 3788 1279 3901 1347; x_wconf 84' lang='lat' dir='ltr'><strong>ejus</strong></span> 
     </span>
    </p>
   </div>
   <div class='ocr_carea' id='block_1_28' title="bbox 2316 1369 3903 1430">
    <p class='ocr_par' dir='ltr' id='par_1_28' title="bbox 2316 1369 3903 1430">
     <span class='ocr_line' id='line_1_28' title="bbox 2316 1369 3903 1430; baseline -0.005 0"><span class='ocrx_word' id='word_1_231' title='bbox 2316 1376 2457 1430; x_wconf 89' lang='lat' dir='ltr'><strong>dicta</strong></span> <span class='ocrx_word' id='word_1_232' title='bbox 2518 1376 2585 1429; x_wconf 89' lang='lat' dir='ltr'><strong>de</strong></span> <span class='ocrx_word' id='word_1_233' title='bbox 2644 1375 2856 1430; x_wconf 86' lang='lat' dir='ltr'><strong>talibus.</strong></span> <span class='ocrx_word' id='word_1_234' title='bbox 2916 1374 3047 1429; x_wconf 88' lang='lat' dir='ltr'><strong>ltem</strong></span> <span class='ocrx_word' id='word_1_235' title='bbox 3105 1389 3175 1428; x_wconf 74' lang='lat' dir='ltr'><strong>es</strong></span> <span class='ocrx_word' id='word_1_236' title='bbox 3232 1373 3421 1428; x_wconf 84' lang='lat' dir='ltr'><strong>eodem</strong></span> <span class='ocrx_word' id='word_1_237' title='bbox 3487 1371 3623 1426; x_wconf 88' lang='lat' dir='ltr'><strong>libro</strong></span> <span class='ocrx_word' id='word_1_238' title='bbox 3687 1369 3790 1424; x_wconf 88' lang='lat' dir='ltr'><strong>sub</strong></span> <span class='ocrx_word' id='word_1_239' title='bbox 3840 1383 3903 1423; x_wconf 91' lang='lat' dir='ltr'><strong>eo</strong></span> 
     </span>
    </p>
   </div>
   <div class='ocr_carea' id='block_1_29' title="bbox 2316 1464 3901 1536">
    <p class='ocr_par' dir='ltr' id='par_1_29' title="bbox 2316 1464 3901 1536">
     <span class='ocr_line' id='line_1_29' title="bbox 2316 1464 3901 1536; baseline -0.004 -14"><span class='ocrx_word' id='word_1_240' title='bbox 2316 1467 2579 1535; x_wconf 87' lang='lat' dir='ltr'><strong>capitulo,</strong></span> <span class='ocrx_word' id='word_1_241' title='bbox 2634 1467 2721 1520; x_wconf 81' lang='lat' dir='ltr'><strong>ubi</strong></span> <span class='ocrx_word' id='word_1_242' title='bbox 2772 1466 3028 1536; x_wconf 90' lang='lat' dir='ltr'><strong>scriptum</strong></span> <span class='ocrx_word' id='word_1_243' title='bbox 3073 1477 3184 1531; x_wconf 89' lang='lat' dir='ltr'><strong>est,</strong></span> <span class='ocrx_word' id='word_1_244' title='bbox 3230 1464 3309 1519; x_wconf 76' lang='lat' dir='ltr'><strong>Ex</strong></span> <span class='ocrx_word' id='word_1_245' title='bbox 3363 1480 3464 1533; x_wconf 86' lang='lat' dir='ltr'><strong>quo</strong></span> <span class='ocrx_word' id='word_1_246' title='bbox 3514 1473 3678 1518; x_wconf 87' lang='lat' dir='ltr'><strong>totum</strong></span> <span class='ocrx_word' id='word_1_247' title='bbox 3717 1477 3901 1532; x_wconf 82' lang='lat' dir='ltr'><strong>corpus</strong></span> 
     </span>
    </p>
   </div>
   <div class='ocr_carea' id='block_1_30' title="bbox 2316 1556 3905 1629">
    <p class='ocr_par' dir='ltr' id='par_1_30' title="bbox 2316 1556 3905 1629">
     <span class='ocr_line' id='line_1_30' title="bbox 2316 1556 3905 1629; baseline -0.006 -15"><span class='ocrx_word' id='word_1_248' title='bbox 2316 1570 2633 1622; x_wconf 79' lang='lat' dir='ltr'><strong>comportant</strong></span> <span class='ocrx_word' id='word_1_249' title='bbox 2700 1568 2747 1613; x_wconf 85' lang='lat' dir='ltr'><strong>et</strong></span> <span class='ocrx_word' id='word_1_250' title='bbox 2814 1557 3217 1629; x_wconf 82' lang='lat' dir='ltr'><strong>conglutittalum</strong></span> <span class='ocrx_word' id='word_1_251' title='bbox 3287 1574 3376 1626; x_wconf 87' lang='lat' dir='ltr'><strong>per</strong></span> <span class='ocrx_word' id='word_1_252' title='bbox 3440 1572 3641 1610; x_wconf 89' lang='lat' dir='ltr'><strong>omnem</strong></span> <span class='ocrx_word' id='word_1_253' title='bbox 3694 1556 3905 1625; x_wconf 85' lang='lat' dir='ltr'><strong>junctu-</strong></span> 
     </span>
    </p>
   </div>
   <div class='ocr_carea' id='block_1_31' title="bbox 2316 1648 3903 1723">
    <p class='ocr_par' dir='ltr' id='par_1_31' title="bbox 2316 1648 3903 1723">
     <span class='ocr_line' id='line_1_31' title="bbox 2316 1648 3903 1723; baseline -0.005 -17"><span class='ocrx_word' id='word_1_254' title='bbox 2316 1667 2427 1707; x_wconf 86' lang='lat' dir='ltr'><strong>ram</strong></span> <span class='ocrx_word' id='word_1_255' title='bbox 2647 1651 3129 1706; x_wconf 80' lang='lat' dir='ltr'><strong>subministrationis</strong></span> <span class='ocrx_word' id='word_1_256' title='bbox 3154 1691 3169 1715; x_wconf 92' lang='lat'><strong>,</strong></span> <span class='ocrx_word' id='word_1_257' title='bbox 3225 1649 3509 1702; x_wconf 86' lang='lat' dir='ltr'><strong>secundum</strong></span> <span class='ocrx_word' id='word_1_258' title='bbox 3558 1648 3903 1716; x_wconf 78' lang='lat' dir='ltr'><strong>operationem</strong></span> 
     </span>
    </p>
   </div>
   <div class='ocr_carea' id='block_1_32' title="bbox 2319 1744 3905 1815">
    <p class='ocr_par' dir='ltr' id='par_1_32' title="bbox 2319 1744 3905 1815">
     <span class='ocr_line' id='line_1_32' title="bbox 2319 1744 3905 1815; baseline -0.006 -14"><span class='ocrx_word' id='word_1_259' title='bbox 2319 1749 2371 1803; x_wconf 87' lang='lat' dir='ltr'><strong>in</strong></span> <span class='ocrx_word' id='word_1_260' title='bbox 2396 1762 2685 1799; x_wconf 83' lang='lat' dir='ltr'><strong>mensuram</strong></span> <span class='ocrx_word' id='word_1_261' title='bbox 2704 1746 3101 1815; x_wconf 78' lang='lat' dir='ltr'><strong>uniuscujusque</strong></span> <span class='ocrx_word' id='word_1_262' title='bbox 3138 1744 3371 1812; x_wconf 74' lang='lat' dir='ltr'><strong>membri,</strong></span> <span class='ocrx_word' id='word_1_263' title='bbox 3419 1750 3751 1811; x_wconf 82' lang='lat' dir='ltr'><strong>augmentum</strong></span> <span class='ocrx_word' id='word_1_264' title='bbox 3792 1758 3905 1793; x_wconf 84' lang='lat' dir='ltr'><strong>cor-</strong></span> 
     </span>
    </p>
   </div>
   <div class='ocr_carea' id='block_1_33' title="bbox 626 1829 3896 1912">
    <p class='ocr_par' dir='ltr' id='par_1_33' title="bbox 626 1829 3896 1912">
     <span class='ocr_line' id='line_1_33' title="bbox 626 1829 3896 1912; baseline 0.002 -32"><span class='ocrx_word' id='word_1_265' title='bbox 626 1830 780 1900; x_wconf 81' lang='lat' dir='ltr'><strong>phras</strong></span> <span class='ocrx_word' id='word_1_266' title='bbox 802 1831 1132 1899; x_wconf 81' lang='lat' dir='ltr'><strong>concaptivns</strong></span> <span class='ocrx_word' id='word_1_267' title='bbox 1158 1846 1296 1884; x_wconf 80' lang='lat' dir='ltr'><strong>meus</strong></span> <span class='ocrx_word' id='word_1_268' title='bbox 1318 1830 1485 1899; x_wconf 72' lang='lat' dir='ltr'><strong>(Phil.</strong></span> <span class='ocrx_word' id='word_1_269' title='bbox 1510 1831 1559 1884; x_wconf 95' lang='grc'><strong>1.</strong></span> <span class='ocrx_word' id='word_1_270' title='bbox 1583 1829 1734 1901; x_wconf 70' lang='lat'><strong>25;):</strong></span> <span class='ocrx_word' id='word_1_271' title='bbox 1763 1841 1880 1897; x_wconf 88' lang='lat' dir='ltr'><strong>post</strong></span> <span class='ocrx_word' id='word_1_272' title='bbox 1900 1832 2205 1900; x_wconf 85' lang='lat' dir='ltr'><strong>aliquanta:</strong></span> <span class='ocrx_word' id='word_1_273' title='bbox 2242 1845 2285 1905; x_wconf 74' lang='grc' dir='ltr'><strong>Β</strong></span> <span class='ocrx_word' id='word_1_274' title='bbox 2313 1840 2455 1912; x_wconf 76' lang='lat' dir='ltr'><strong>poris</strong></span> <span class='ocrx_word' id='word_1_275' title='bbox 2496 1838 2615 1907; x_wconf 78' lang='lat' dir='ltr'><strong>facit</strong></span> <span class='ocrx_word' id='word_1_276' title='bbox 2644 1838 2699 1891; x_wconf 80' lang='lat' dir='ltr'><strong>in</strong></span> <span class='ocrx_word' id='word_1_277' title='bbox 2726 1836 3125 1904; x_wconf 63' lang='lat' dir='ltr'><strong>ludiﬁcationem</strong></span> <span class='ocrx_word' id='word_1_278' title='bbox 3164 1837 3245 1889; x_wconf 89' lang='lat' dir='ltr'><strong>sui</strong></span> <span class='ocrx_word' id='word_1_279' title='bbox 3275 1836 3326 1889; x_wconf 87' lang='lat' dir='ltr'><strong>in</strong></span> <span class='ocrx_word' id='word_1_280' title='bbox 3367 1836 3580 1888; x_wconf 87' lang='lat' dir='ltr'><strong>caritate</strong></span> <span class='ocrx_word' id='word_1_281' title='bbox 3631 1835 3651 1905; x_wconf 92' lang='lat'><strong>(</strong></span> <span class='ocrx_word' id='word_1_282' title='bbox 3675 1833 3809 1901; x_wconf 81' lang='lat' dir='ltr'><strong>Epit.</strong></span> <span class='ocrx_word' id='word_1_283' title='bbox 3844 1835 3896 1899; x_wconf 74' lang='grc'><strong>4,</strong></span> 
     </span>
    </p>
   </div>
   <div class='ocr_carea' id='block_1_34' title="bbox 630 1921 2212 1994">
    <p class='ocr_par' dir='ltr' id='par_1_34' title="bbox 630 1921 2212 1994">
     <span class='ocr_line' id='line_1_34' title="bbox 630 1921 2212 1994; baseline 0.004 -22"><span class='ocrx_word' id='word_1_284' title='bbox 630 1938 649 1972; x_wconf 80' lang='grc'><strong>1</strong></span> <span class='ocrx_word' id='word_1_285' title='bbox 675 1922 784 1976; x_wconf 91' lang='lat' dir='ltr'><strong>Nisi</strong></span> <span class='ocrx_word' id='word_1_286' title='bbox 803 1922 937 1977; x_wconf 80' lang='lat' dir='ltr'><strong>forte</strong></span> <span class='ocrx_word' id='word_1_287' title='bbox 961 1923 1289 1977; x_wconf 84' lang='lat' dir='ltr'><strong>reconditum</strong></span> <span class='ocrx_word' id='word_1_288' title='bbox 1308 1921 1505 1992; x_wconf 88' lang='lat' dir='ltr'><strong>aliquid</strong></span> <span class='ocrx_word' id='word_1_289' title='bbox 1524 1930 1579 1977; x_wconf 86' lang='lat' dir='ltr'><strong>et</strong></span> <span class='ocrx_word' id='word_1_290' title='bbox 1601 1936 1894 1989; x_wconf 75' lang='lat' dir='ltr'><strong>sacratum,</strong></span> <span class='ocrx_word' id='word_1_291' title='bbox 1921 1933 1977 1977; x_wconf 92' lang='lat' dir='ltr'><strong>ut</strong></span> <span class='ocrx_word' id='word_1_292' title='bbox 1995 1922 2212 1994; x_wconf 87' lang='lat' dir='ltr'><strong>quidam</strong></span> 
     </span>
    </p>
   </div>
   <div class='ocr_carea' id='block_1_35' title="bbox 627 2013 2212 2088">
    <p class='ocr_par' dir='ltr' id='par_1_35' title="bbox 627 2013 2212 2088">
     <span class='ocr_line' id='line_1_35' title="bbox 627 2013 2212 2088; baseline 0.005 -24"><span class='ocrx_word' id='word_1_293' title='bbox 627 2023 833 2083; x_wconf 78' lang='lat' dir='ltr'><strong>putant,</strong></span> <span class='ocrx_word' id='word_1_294' title='bbox 866 2015 917 2068; x_wconf 90' lang='lat' dir='ltr'><strong>in</strong></span> <span class='ocrx_word' id='word_1_295' title='bbox 940 2013 1105 2069; x_wconf 79' lang='lat' dir='ltr'><strong>verbo</strong></span> <span class='ocrx_word' id='word_1_296' title='bbox 1130 2016 1454 2084; x_wconf 86' lang='lat' dir='ltr'><strong>captivitatis</strong></span> <span class='ocrx_word' id='word_1_297' title='bbox 1478 2017 1713 2069; x_wconf 83' lang='lat' dir='ltr'><strong>ostendit</strong></span> <span class='ocrx_word' id='word_1_298' title='bbox 1734 2013 1839 2086; x_wconf 73' lang='lat' dir='ltr'>[AL</span> <span class='ocrx_word' id='word_1_299' title='bbox 1865 2014 2212 2088; x_wconf 85' lang='lat' dir='ltr'><strong>ostenditur],</strong></span> 
     </span>
    </p>
   </div>
   <div class='ocr_carea' id='block_1_36' title="bbox 626 2103 2216 2174">
    <p class='ocr_par' dir='ltr' id='par_1_36' title="bbox 626 2103 2216 2174">
     <span class='ocr_line' id='line_1_36' title="bbox 626 2103 2216 2174; baseline 0.001 -17"><span class='ocrx_word' id='word_1_300' title='bbox 626 2105 765 2174; x_wconf 81' lang='lat' dir='ltr'><strong>quod</strong></span> <span class='ocrx_word' id='word_1_301' title='bbox 815 2103 953 2173; x_wconf 56' lang='lat' dir='ltr'><strong>capti</strong></span> <span class='ocrx_word' id='word_1_302' title='bbox 998 2105 1196 2173; x_wconf 88' lang='lat' dir='ltr'><strong>pariter</strong></span> <span class='ocrx_word' id='word_1_303' title='bbox 1230 2117 1283 2158; x_wconf 86' lang='lat' dir='ltr'><strong>et</strong></span> <span class='ocrx_word' id='word_1_304' title='bbox 1311 2105 1471 2161; x_wconf 81' lang='lat' dir='ltr'><strong>vincti</strong></span> <span class='ocrx_word' id='word_1_305' title='bbox 1491 2144 1507 2163; x_wconf 95' lang='lat'><strong>.</strong></span> <span class='ocrx_word' id='word_1_306' title='bbox 1535 2105 1588 2159; x_wconf 89' lang='lat' dir='ltr'><strong>iu</strong></span> <span class='ocrx_word' id='word_1_307' title='bbox 1617 2108 1809 2161; x_wconf 76' lang='lat' dir='ltr'><strong>vallem</strong></span> <span class='ocrx_word' id='word_1_308' title='bbox 1841 2107 1975 2161; x_wconf 85' lang='lat' dir='ltr'><strong>hanc</strong></span> <span class='ocrx_word' id='word_1_309' title='bbox 2001 2106 2216 2162; x_wconf 84' lang='lat' dir='ltr'><strong>deducti</strong></span> 
     </span>
    </p>
   </div>
   <div class='ocr_carea' id='block_1_37' title="bbox 624 2196 1195 2263">
    <p class='ocr_par' dir='ltr' id='par_1_37' title="bbox 624 2196 1195 2263">
     <span class='ocr_line' id='line_1_37' title="bbox 624 2196 1195 2263; baseline -0.005 -13"><span class='ocrx_word' id='word_1_310' title='bbox 624 2207 750 2250; x_wconf 84' lang='lat' dir='ltr'><strong>sont</strong></span> <span class='ocrx_word' id='word_1_311' title='bbox 774 2196 1149 2263; x_wconf 74' lang='lat' dir='ltr'><strong>lat-ryuiarum.</strong></span> <span class='ocrx_word' id='word_1_312' title='bbox 1177 2214 1195 2247; x_wconf 85' lang='grc'><strong>1</strong></span> 
     </span>
    </p>
   </div>
   <div class='ocr_carea' id='block_1_38' title="bbox 697 2287 2217 2364">
    <p class='ocr_par' dir='ltr' id='par_1_38' title="bbox 697 2287 2217 2364">
     <span class='ocr_line' id='line_1_38' title="bbox 697 2287 2217 2364; baseline 0.004 -23"><span class='ocrx_word' id='word_1_313' title='bbox 697 2287 787 2344; x_wconf 71' lang='grc'><strong>41.</strong></span> <span class='ocrx_word' id='word_1_314' title='bbox 826 2290 983 2346; x_wconf 69' lang='lat' dir='ltr'><strong>Vides</strong></span> <span class='ocrx_word' id='word_1_315' title='bbox 1022 2291 1291 2359; x_wconf 87' lang='lat' dir='ltr'><strong>quomodo</strong></span> <span class='ocrx_word' id='word_1_316' title='bbox 1340 2290 1456 2345; x_wconf 61' lang='lat' dir='ltr'><strong>huic</strong></span> <span class='ocrx_word' id='word_1_317' title='bbox 1504 2294 1754 2361; x_wconf 81' lang='lat' dir='ltr'><strong>tanquam</strong></span> <span class='ocrx_word' id='word_1_318' title='bbox 1800 2292 2021 2364; x_wconf 82' lang='lat' dir='ltr'><strong>mystica</strong></span> <span class='ocrx_word' id='word_1_319' title='bbox 2051 2302 2105 2349; x_wconf 87' lang='lat' dir='ltr'><strong>et</strong></span> <span class='ocrx_word' id='word_1_320' title='bbox 2134 2307 2217 2348; x_wconf 89' lang='lat' dir='ltr'><strong>sa-</strong></span> 
     </span>
    </p>
   </div>
   <div class='ocr_carea' id='block_1_39' title="bbox 625 2381 2216 2453">
    <p class='ocr_par' dir='ltr' id='par_1_39' title="bbox 625 2381 2216 2453">
     <span class='ocr_line' id='line_1_39' title="bbox 625 2381 2216 2453; baseline 0.003 -17"><span class='ocrx_word' id='word_1_321' title='bbox 625 2389 771 2436; x_wconf 82' lang='lat' dir='ltr'><strong>crata</strong></span> <span class='ocrx_word' id='word_1_322' title='bbox 800 2381 931 2435; x_wconf 89' lang='lat' dir='ltr'><strong>dicit</strong></span> <span class='ocrx_word' id='word_1_323' title='bbox 963 2383 1145 2436; x_wconf 84' lang='lat' dir='ltr'><strong>haberi</strong></span> <span class='ocrx_word' id='word_1_324' title='bbox 1188 2382 1326 2451; x_wconf 79' lang='lat' dir='ltr'><strong>apud</strong></span> <span class='ocrx_word' id='word_1_325' title='bbox 1358 2383 1655 2450; x_wconf 46' lang='lat' dir='ltr'><strong>quosdam,</strong></span> <span class='ocrx_word' id='word_1_326' title='bbox 1688 2400 1914 2453; x_wconf 87' lang='lat' dir='ltr'><strong>quorum</strong></span> <span class='ocrx_word' id='word_1_327' title='bbox 1948 2394 2121 2440; x_wconf 88' lang='lat' dir='ltr'><strong>tamen</strong></span> <span class='ocrx_word' id='word_1_328' title='bbox 2162 2394 2216 2440; x_wconf 93' lang='lat' dir='ltr'><strong>et</strong></span> 
     </span>
    </p>
   </div>
   <div class='ocr_carea' id='block_1_40' title="bbox 626 2472 2217 2549">
    <p class='ocr_par' dir='ltr' id='par_1_40' title="bbox 626 2472 2217 2549">
     <span class='ocr_line' id='line_1_40' title="bbox 626 2472 2217 2549; baseline 0.005 -25"><span class='ocrx_word' id='word_1_329' title='bbox 626 2472 801 2540; x_wconf 86' lang='lat' dir='ltr'><strong>ipsum</strong></span> <span class='ocrx_word' id='word_1_330' title='bbox 843 2488 1005 2526; x_wconf 91' lang='lat' dir='ltr'><strong>unum</strong></span> <span class='ocrx_word' id='word_1_331' title='bbox 1047 2487 1189 2541; x_wconf 87' lang='lat' dir='ltr'><strong>esse,</strong></span> <span class='ocrx_word' id='word_1_332' title='bbox 1221 2475 1274 2526; x_wconf 87' lang='lat' dir='ltr'><strong>iu</strong></span> <span class='ocrx_word' id='word_1_333' title='bbox 1306 2474 1487 2527; x_wconf 90' lang='lat' dir='ltr'><strong>multis</strong></span> <span class='ocrx_word' id='word_1_334' title='bbox 1516 2490 1660 2543; x_wconf 63' lang='lat' dir='ltr'><strong>saepe</strong></span> <span class='ocrx_word' id='word_1_335' title='bbox 1702 2476 1981 2531; x_wconf 79' lang='lat' dir='ltr'><strong>docuimus</strong></span> <span class='ocrx_word' id='word_1_336' title='bbox 2010 2494 2022 2531; x_wconf 93' lang='lat'>:</span> <span class='ocrx_word' id='word_1_337' title='bbox 2052 2476 2217 2549; x_wconf 59' lang='lat'><strong>3&amp;8</strong></span> 
     </span>
    </p>
   </div>
   <div class='ocr_carea' id='block_1_41' title="bbox 627 2564 2216 2639">
    <p class='ocr_par' dir='ltr' id='par_1_41' title="bbox 627 2564 2216 2639">
     <span class='ocr_line' id='line_1_41' title="bbox 627 2564 2216 2639; baseline 0.003 -22"><span class='ocrx_word' id='word_1_338' title='bbox 627 2564 722 2619; x_wconf 83' lang='lat' dir='ltr'><strong>sed</strong></span> <span class='ocrx_word' id='word_1_339' title='bbox 763 2566 839 2619; x_wconf 91' lang='lat' dir='ltr'><strong>uti</strong></span> <span class='ocrx_word' id='word_1_340' title='bbox 879 2565 1074 2635; x_wconf 82' lang='lat' dir='ltr'><strong>iigura,</strong></span> <span class='ocrx_word' id='word_1_341' title='bbox 1112 2580 1203 2634; x_wconf 90' lang='lat' dir='ltr'><strong>per</strong></span> <span class='ocrx_word' id='word_1_342' title='bbox 1234 2581 1391 2635; x_wconf 90' lang='lat' dir='ltr'><strong>quam</strong></span> <span class='ocrx_word' id='word_1_343' title='bbox 1434 2568 1673 2622; x_wconf 78' lang='lat' dir='ltr'><strong>scientia:</strong></span> <span class='ocrx_word' id='word_1_344' title='bbox 1708 2569 1945 2639; x_wconf 60' lang='lat' dir='ltr'><strong>mysticae</strong></span> <span class='ocrx_word' id='word_1_345' title='bbox 1973 2568 2216 2623; x_wconf 66' lang='lat' dir='ltr'><strong>videntur</strong></span> 
     </span>
    </p>
   </div>
   <div class='ocr_carea' id='block_1_42' title="bbox 627 2654 2215 2728">
    <p class='ocr_par' dir='ltr' id='par_1_42' title="bbox 627 2654 2215 2728">
     <span class='ocr_line' id='line_1_42' title="bbox 627 2654 2215 2728; baseline 0.003 -20"><span class='ocrx_word' id='word_1_346' title='bbox 627 2654 878 2709; x_wconf 76' lang='lat' dir='ltr'><strong>invidiam</strong></span> <span class='ocrx_word' id='word_1_347' title='bbox 924 2656 1216 2712; x_wconf 86' lang='lat' dir='ltr'><strong>declinare.</strong></span> <span class='ocrx_word' id='word_1_348' title='bbox 1252 2656 1397 2724; x_wconf 58' lang='lat' dir='ltr'><strong>Ilico,</strong></span> <span class='ocrx_word' id='word_1_349' title='bbox 1449 2657 1648 2726; x_wconf 86' lang='lat' dir='ltr'><strong>inquit,</strong></span> <span class='ocrx_word' id='word_1_350' title='bbox 1700 2659 1969 2728; x_wconf 87' lang='lat' dir='ltr'><strong>quomodo</strong></span> <span class='ocrx_word' id='word_1_351' title='bbox 2014 2674 2074 2714; x_wconf 84' lang='lat' dir='ltr'><strong>se</strong></span> <span class='ocrx_word' id='word_1_352' title='bbox 2121 2663 2215 2713; x_wconf 76' lang='lat' dir='ltr'><strong>ha-</strong></span> 
     </span>
    </p>
   </div>
   <div class='ocr_carea' id='block_1_43' title="bbox 629 2750 2217 2825">
    <p class='ocr_par' dir='ltr' id='par_1_43' title="bbox 629 2750 2217 2825">
     <span class='ocr_line' id='line_1_43' title="bbox 629 2750 2217 2825; baseline 0.002 -20"><span class='ocrx_word' id='word_1_353' title='bbox 629 2750 814 2819; x_wconf 85' lang='lat' dir='ltr'><strong>beant,</strong></span> <span class='ocrx_word' id='word_1_354' title='bbox 847 2754 1042 2806; x_wconf 86' lang='lat' dir='ltr'><strong>videris</strong></span> <span class='ocrx_word' id='word_1_355' title='bbox 1069 2751 1176 2825; x_wconf 85' lang='lat' dir='ltr'>[AL</span> <span class='ocrx_word' id='word_1_356' title='bbox 1210 2752 1443 2825; x_wconf 72' lang='lat' dir='ltr'><strong>videtis].</strong></span> <span class='ocrx_word' id='word_1_357' title='bbox 1477 2753 1739 2824; x_wconf 82' lang='lat' dir='ltr'><strong>Numquid</strong></span> <span class='ocrx_word' id='word_1_358' title='bbox 1769 2762 1824 2807; x_wconf 86' lang='lat' dir='ltr'><strong>et</strong></span> <span class='ocrx_word' id='word_1_359' title='bbox 1851 2752 2028 2807; x_wconf 88' lang='lat' dir='ltr'><strong>omnia</strong></span> <span class='ocrx_word' id='word_1_360' title='bbox 2060 2754 2217 2808; x_wconf 74' lang='lat' dir='ltr'><strong>resti-</strong></span> 
     </span>
    </p>
   </div>
   <div class='ocr_carea' id='block_1_44' title="bbox 630 2846 2215 2917">
    <p class='ocr_par' dir='ltr' id='par_1_44' title="bbox 630 2846 2215 2917">
     <span class='ocr_line' id='line_1_44' title="bbox 630 2846 2215 2917; baseline 0.004 -19"><span class='ocrx_word' id='word_1_361' title='bbox 630 2846 824 2899; x_wconf 86' lang='lat' dir='ltr'><strong>tuenda</strong></span> <span class='ocrx_word' id='word_1_362' title='bbox 856 2860 974 2900; x_wconf 87' lang='lat' dir='ltr'><strong>esse</strong></span> <span class='ocrx_word' id='word_1_363' title='bbox 1000 2846 1051 2899; x_wconf 87' lang='grc'><strong>111</strong></span> <span class='ocrx_word' id='word_1_364' title='bbox 1084 2862 1247 2899; x_wconf 87' lang='grc'><strong>111111111</strong></span> <span class='ocrx_word' id='word_1_365' title='bbox 1289 2858 1483 2900; x_wconf 88' lang='lat' dir='ltr'><strong>statum</strong></span> <span class='ocrx_word' id='word_1_366' title='bbox 1525 2859 1686 2917; x_wconf 89' lang='lat' dir='ltr'><strong>atque</strong></span> <span class='ocrx_word' id='word_1_367' title='bbox 1730 2849 1782 2901; x_wconf 92' lang='lat' dir='ltr'><strong>iu</strong></span> <span class='ocrx_word' id='word_1_368' title='bbox 1816 2862 1977 2901; x_wconf 90' lang='lat' dir='ltr'><strong>unum</strong></span> <span class='ocrx_word' id='word_1_369' title='bbox 2020 2862 2215 2917; x_wconf 84' lang='lat' dir='ltr'><strong>corpus</strong></span> 
     </span>
    </p>
   </div>
   <div class='ocr_carea' id='block_1_45' title="bbox 628 2934 2217 3003">
    <p class='ocr_par' dir='ltr' id='par_1_45' title="bbox 628 2934 2217 3003">
     <span class='ocr_line' id='line_1_45' title="bbox 628 2934 2217 3003; baseline 0.004 -16"><span class='ocrx_word' id='word_1_370' title='bbox 628 2934 1034 3003; x_wconf 80' lang='lat' dir='ltr'><strong>rc&#39;uitegraudos</strong></span> <span class='ocrx_word' id='word_1_371' title='bbox 1066 2951 1171 2989; x_wconf 90' lang='lat' dir='ltr'><strong>non</strong></span> <span class='ocrx_word' id='word_1_372' title='bbox 1202 2939 1374 2991; x_wconf 87' lang='lat' dir='ltr'><strong>solum</strong></span> <span class='ocrx_word' id='word_1_373' title='bbox 1428 2938 1689 3002; x_wconf 88' lang='lat' dir='ltr'><strong>homines,</strong></span> <span class='ocrx_word' id='word_1_374' title='bbox 1720 2939 1813 2991; x_wconf 88' lang='lat' dir='ltr'><strong>sed</strong></span> <span class='ocrx_word' id='word_1_375' title='bbox 1859 2937 2133 2993; x_wconf 69' lang='lat' dir='ltr'><strong>diemoues</strong></span> <span class='ocrx_word' id='word_1_376' title='bbox 2161 2948 2217 2993; x_wconf 91' lang='lat' dir='ltr'><strong>et</strong></span> 
     </span>
    </p>
   </div>
   <div class='ocr_carea' id='block_1_46' title="bbox 628 3027 2215 3101">
    <p class='ocr_par' dir='ltr' id='par_1_46' title="bbox 628 3027 2215 3101">
     <span class='ocr_line' id='line_1_46' title="bbox 628 3027 2215 3101; baseline 0.004 -20"><span class='ocrx_word' id='word_1_377' title='bbox 628 3027 848 3096; x_wconf 79' lang='lat' dir='ltr'><strong>angelos</strong></span> <span class='ocrx_word' id='word_1_378' title='bbox 892 3030 1122 3099; x_wconf 73' lang='lat' dir='ltr'><strong>refugas,</strong></span> <span class='ocrx_word' id='word_1_379' title='bbox 1169 3031 1371 3085; x_wconf 88' lang='lat' dir='ltr'><strong>dictum</strong></span> <span class='ocrx_word' id='word_1_380' title='bbox 1412 3048 1439 3083; x_wconf 89' lang='lat' dir='ltr'><strong>a</strong></span> <span class='ocrx_word' id='word_1_381' title='bbox 1487 3046 1573 3086; x_wconf 87' lang='lat' dir='ltr'><strong>me</strong></span> <span class='ocrx_word' id='word_1_382' title='bbox 1619 3041 1769 3101; x_wconf 85' lang='lat' dir='ltr'><strong>potes</strong></span> <span class='ocrx_word' id='word_1_383' title='bbox 1801 3038 1823 3070; x_wconf 86' lang='lat'><strong>°</strong></span> <span class='ocrx_word' id='word_1_384' title='bbox 1858 3030 2092 3087; x_wconf 77' lang='lat' dir='ltr'><strong>referre?</strong></span> <span class='ocrx_word' id='word_1_385' title='bbox 2128 3032 2215 3087; x_wconf 80' lang='lat' dir='ltr'><strong>Vis</strong></span> 
     </span>
    </p>
   </div>
   <div class='ocr_carea' id='block_1_47' title="bbox 624 3118 2212 3194">
    <p class='ocr_par' dir='ltr' id='par_1_47' title="bbox 624 3118 2212 3194">
     <span class='ocr_line' id='line_1_47' title="bbox 624 3118 2212 3194; baseline 0.004 -21"><span class='ocrx_word' id='word_1_386' title='bbox 624 3118 789 3185; x_wconf 89' lang='lat' dir='ltr'><strong>mihi,</strong></span> <span class='ocrx_word' id='word_1_387' title='bbox 818 3120 1017 3191; x_wconf 77' lang='lat' dir='ltr'><strong>inquit,</strong></span> <span class='ocrx_word' id='word_1_388' title='bbox 1051 3138 1153 3175; x_wconf 89' lang='lat' dir='ltr'><strong>uou</strong></span> <span class='ocrx_word' id='word_1_389' title='bbox 1202 3124 1325 3185; x_wconf 84' lang='lat' dir='ltr'><strong>liat.</strong></span> <span class='ocrx_word' id='word_1_390' title='bbox 1358 3123 1401 3176; x_wconf 88' lang='lat' dir='ltr'><strong>si</strong></span> <span class='ocrx_word' id='word_1_391' title='bbox 1441 3123 1581 3192; x_wconf 91' lang='lat' dir='ltr'><strong>quod</strong></span> <span class='ocrx_word' id='word_1_392' title='bbox 1617 3140 1681 3177; x_wconf 78' lang='lat' dir='ltr'><strong>ex</strong></span> <span class='ocrx_word' id='word_1_393' title='bbox 1722 3124 1944 3178; x_wconf 85' lang='lat' dir='ltr'><strong>alterius</strong></span> <span class='ocrx_word' id='word_1_394' title='bbox 1981 3138 2212 3194; x_wconf 75' lang='lat' dir='ltr'><strong>persona</strong></span> 
     </span>
    </p>
   </div>
   <div class='ocr_carea' id='block_1_48' title="bbox 2320 1926 3915 2001">
    <p class='ocr_par' dir='ltr' id='par_1_48' title="bbox 2320 1926 3915 2001">
     <span class='ocr_line' id='line_1_48' title="bbox 2320 1926 3915 2001; baseline -0.003 -16"><span class='ocrx_word' id='word_1_395' title='bbox 2320 1930 2467 2001; x_wconf 73' lang='lat'><strong>16.);</strong></span> <span class='ocrx_word' id='word_1_396' title='bbox 2516 1926 2593 1984; x_wconf 86' lang='lat' dir='ltr'><strong>sic</strong></span> <span class='ocrx_word' id='word_1_397' title='bbox 2622 1928 2807 1998; x_wconf 91' lang='lat' dir='ltr'><strong>cepit,</strong></span> <span class='ocrx_word' id='word_1_398' title='bbox 2841 1946 2861 1980; x_wconf 84' lang='lat' dir='ltr'><strong>s</strong></span> <span class='ocrx_word' id='word_1_399' title='bbox 2900 1928 2958 1983; x_wconf 90' lang='lat' dir='ltr'><strong>In</strong></span> <span class='ocrx_word' id='word_1_400' title='bbox 2992 1928 3096 1983; x_wconf 86' lang='lat' dir='ltr'><strong>line</strong></span> <span class='ocrx_word' id='word_1_401' title='bbox 3137 1942 3318 1984; x_wconf 89' lang='lat' dir='ltr'><strong>rerum</strong></span> <span class='ocrx_word' id='word_1_402' title='bbox 3349 1941 3471 1981; x_wconf 91' lang='lat' dir='ltr'><strong>com</strong></span> <span class='ocrx_word' id='word_1_403' title='bbox 3522 1926 3688 1981; x_wconf 90' lang='lat' dir='ltr'><strong>Deum</strong></span> <span class='ocrx_word' id='word_1_404' title='bbox 3720 1926 3915 1980; x_wconf 77' lang='lat' dir='ltr'><strong>videre</strong></span> 
     </span>
    </p>
   </div>
   <div class='ocr_carea' id='block_1_49' title="bbox 2318 2018 3907 2092">
    <p class='ocr_par' dir='ltr' id='par_1_49' title="bbox 2318 2018 3907 2092">
     <span class='ocr_line' id='line_1_49' title="bbox 2318 2018 3907 2092; baseline -0.005 -14"><span class='ocrx_word' id='word_1_405' title='bbox 2318 2021 2629 2092; x_wconf 87' lang='lat' dir='ltr'><strong>ceperimus</strong></span> <span class='ocrx_word' id='word_1_406' title='bbox 2659 2022 2794 2075; x_wconf 80' lang='lat' dir='ltr'><strong>facie</strong></span> <span class='ocrx_word' id='word_1_407' title='bbox 2822 2020 2889 2074; x_wconf 91' lang='lat' dir='ltr'><strong>ad</strong></span> <span class='ocrx_word' id='word_1_408' title='bbox 2923 2019 3137 2086; x_wconf 79' lang='lat' dir='ltr'><strong>faciem,</strong></span> <span class='ocrx_word' id='word_1_409' title='bbox 3159 2029 3213 2073; x_wconf 90' lang='lat' dir='ltr'><strong>et</strong></span> <span class='ocrx_word' id='word_1_410' title='bbox 3242 2018 3297 2073; x_wconf 88' lang='lat' dir='ltr'><strong>iu</strong></span> <span class='ocrx_word' id='word_1_411' title='bbox 3325 2031 3630 2072; x_wconf 86' lang='lat' dir='ltr'><strong>mensuram</strong></span> <span class='ocrx_word' id='word_1_412' title='bbox 3657 2031 3907 2086; x_wconf 76' lang='lat' dir='ltr'><strong>pervene-</strong></span> 
     </span>
    </p>
   </div>
   <div class='ocr_carea' id='block_1_50' title="bbox 2318 2111 3906 2182">
    <p class='ocr_par' dir='ltr' id='par_1_50' title="bbox 2318 2111 3906 2182">
     <span class='ocr_line' id='line_1_50' title="bbox 2318 2111 3906 2182; baseline -0.005 -12"><span class='ocrx_word' id='word_1_413' title='bbox 2318 2117 2486 2171; x_wconf 91' lang='lat' dir='ltr'><strong>rimus</strong></span> <span class='ocrx_word' id='word_1_414' title='bbox 2513 2123 2536 2153; x_wconf 81' lang='grc' dir='ltr'><strong><em>ο</em></strong></span> <span class='ocrx_word' id='word_1_415' title='bbox 2560 2114 2733 2169; x_wconf 68' lang='lat' dir='ltr'><strong>sciatis</strong></span> <span class='ocrx_word' id='word_1_416' title='bbox 2767 2114 3115 2182; x_wconf 76' lang='lat' dir='ltr'><strong>plenitudinis</strong></span> <span class='ocrx_word' id='word_1_417' title='bbox 3145 2112 3367 2177; x_wconf 86' lang='lat' dir='ltr'><strong>Christi,</strong></span> <span class='ocrx_word' id='word_1_418' title='bbox 3399 2112 3465 2167; x_wconf 88' lang='lat' dir='ltr'><strong>de</strong></span> <span class='ocrx_word' id='word_1_419' title='bbox 3491 2112 3648 2181; x_wconf 87' lang='lat' dir='ltr'><strong>cujus</strong></span> <span class='ocrx_word' id='word_1_420' title='bbox 3678 2111 3906 2181; x_wconf 87' lang='lat' dir='ltr'><strong>plenitu-</strong></span> 
     </span>
    </p>
   </div>
   <div class='ocr_carea' id='block_1_51' title="bbox 2319 2201 3904 2274">
    <p class='ocr_par' dir='ltr' id='par_1_51' title="bbox 2319 2201 3904 2274">
     <span class='ocr_line' id='line_1_51' title="bbox 2319 2201 3904 2274; baseline -0.003 -15"><span class='ocrx_word' id='word_1_421' title='bbox 2319 2206 2444 2261; x_wconf 89' lang='lat' dir='ltr'><strong>dine</strong></span> <span class='ocrx_word' id='word_1_422' title='bbox 2459 2221 2569 2263; x_wconf 85' lang='lat' dir='ltr'><strong>nos</strong></span> <span class='ocrx_word' id='word_1_423' title='bbox 2590 2219 2780 2261; x_wconf 89' lang='lat' dir='ltr'><strong>omnes</strong></span> <span class='ocrx_word' id='word_1_424' title='bbox 2802 2205 3106 2274; x_wconf 88' lang='lat' dir='ltr'><strong>accepimus</strong></span> <span class='ocrx_word' id='word_1_425' title='bbox 3128 2201 3305 2271; x_wconf 84' lang='lat' dir='ltr'><strong>(Joan.</strong></span> <span class='ocrx_word' id='word_1_426' title='bbox 3338 2202 3436 2273; x_wconf 88' lang='grc'><strong>1.),</strong></span> <span class='ocrx_word' id='word_1_427' title='bbox 3478 2204 3549 2257; x_wconf 88' lang='lat' dir='ltr'><strong>ita</strong></span> <span class='ocrx_word' id='word_1_428' title='bbox 3580 2202 3904 2257; x_wconf 78' lang='lat' dir='ltr'><strong>utCtiristus</strong></span> 
     </span>
    </p>
   </div>
   <div class='ocr_carea' id='block_1_52' title="bbox 2318 2294 3904 2368">
    <p class='ocr_par' dir='ltr' id='par_1_52' title="bbox 2318 2294 3904 2368">
     <span class='ocr_line' id='line_1_52' title="bbox 2318 2294 3904 2368; baseline -0.004 -14"><span class='ocrx_word' id='word_1_429' title='bbox 2318 2314 2424 2354; x_wconf 92' lang='lat' dir='ltr'><strong>non</strong></span> <span class='ocrx_word' id='word_1_430' title='bbox 2454 2314 2520 2354; x_wconf 79' lang='lat' dir='ltr'><strong>ex</strong></span> <span class='ocrx_word' id='word_1_431' title='bbox 2546 2306 2696 2368; x_wconf 88' lang='lat' dir='ltr'><strong>parte</strong></span> <span class='ocrx_word' id='word_1_432' title='bbox 2720 2301 2809 2363; x_wconf 70' lang='grc' dir='ltr'><strong>δτι,</strong></span> <span class='ocrx_word' id='word_1_433' title='bbox 2842 2297 2938 2353; x_wconf 90' lang='lat' dir='ltr'><strong>sed</strong></span> <span class='ocrx_word' id='word_1_434' title='bbox 2966 2305 3112 2352; x_wconf 88' lang='lat' dir='ltr'><strong>totus</strong></span> <span class='ocrx_word' id='word_1_435' title='bbox 3148 2297 3200 2350; x_wconf 89' lang='lat' dir='ltr'><strong>in</strong></span> <span class='ocrx_word' id='word_1_436' title='bbox 3230 2294 3408 2361; x_wconf 68' lang='lat' dir='ltr'><strong>nobis,</strong></span> <span class='ocrx_word' id='word_1_437' title='bbox 3438 2303 3493 2350; x_wconf 88' lang='lat' dir='ltr'><strong>et</strong></span> <span class='ocrx_word' id='word_1_438' title='bbox 3514 2294 3721 2350; x_wconf 87' lang='lat' dir='ltr'><strong>relictis</strong></span> <span class='ocrx_word' id='word_1_439' title='bbox 3741 2294 3904 2348; x_wconf 81' lang='lat' dir='ltr'><strong>initiis</strong></span> 
     </span>
    </p>
   </div>
   <div class='ocr_carea' id='block_1_53' title="bbox 2319 2384 3906 2463">
    <p class='ocr_par' dir='ltr' id='par_1_53' title="bbox 2319 2384 3906 2463">
     <span class='ocr_line' id='line_1_53' title="bbox 2319 2384 3906 2463; baseline -0.004 -17"><span class='ocrx_word' id='word_1_440' title='bbox 2319 2392 2684 2463; x_wconf 85' lang='lat' dir='ltr'><strong>parvulorum,</strong></span> <span class='ocrx_word' id='word_1_441' title='bbox 2723 2388 3059 2445; x_wconf 77' lang='lat' dir='ltr'><strong>creverimus</strong></span> <span class='ocrx_word' id='word_1_442' title='bbox 3087 2389 3138 2442; x_wconf 87' lang='lat' dir='ltr'><strong>in</strong></span> <span class='ocrx_word' id='word_1_443' title='bbox 3170 2404 3293 2443; x_wconf 91' lang='lat' dir='ltr'><strong>eum</strong></span> <span class='ocrx_word' id='word_1_444' title='bbox 3322 2385 3522 2455; x_wconf 81' lang='lat' dir='ltr'><strong>virum,</strong></span> <span class='ocrx_word' id='word_1_445' title='bbox 3553 2386 3621 2442; x_wconf 88' lang='lat' dir='ltr'><strong>de</strong></span> <span class='ocrx_word' id='word_1_446' title='bbox 3650 2400 3759 2456; x_wconf 92' lang='lat' dir='ltr'><strong>quo</strong></span> <span class='ocrx_word' id='word_1_447' title='bbox 3778 2384 3906 2440; x_wconf 66' lang='grc' dir='ltr'><strong>Ρτσδ</strong></span> 
     </span>
    </p>
   </div>
   <div class='ocr_carea' id='block_1_54' title="bbox 2320 2469 3899 2553">
    <p class='ocr_par' dir='ltr' id='par_1_54' title="bbox 2320 2469 3899 2553">
     <span class='ocr_line' id='line_1_54' title="bbox 2320 2469 3899 2553; baseline -0.003 -17"><span class='ocrx_word' id='word_1_448' title='bbox 2320 2484 2476 2553; x_wconf 86' lang='lat' dir='ltr'><strong>pheta</strong></span> <span class='ocrx_word' id='word_1_449' title='bbox 2508 2483 2659 2544; x_wconf 85' lang='lat' dir='ltr'><strong>dicit.</strong></span> <span class='ocrx_word' id='word_1_450' title='bbox 2688 2469 2823 2535; x_wconf 77' lang='lat' dir='ltr'><strong>Ecce</strong></span> <span class='ocrx_word' id='word_1_451' title='bbox 2850 2482 2949 2547; x_wconf 82' lang='lat' dir='ltr'><strong>vir,</strong></span> <span class='ocrx_word' id='word_1_452' title='bbox 2992 2481 3174 2534; x_wconf 79' lang='lat' dir='ltr'><strong>Oriens</strong></span> <span class='ocrx_word' id='word_1_453' title='bbox 3206 2495 3386 2534; x_wconf 83' lang='lat' dir='ltr'><strong>nomen</strong></span> <span class='ocrx_word' id='word_1_454' title='bbox 3412 2488 3486 2534; x_wconf 90' lang='lat' dir='ltr'><strong>est</strong></span> <span class='ocrx_word' id='word_1_455' title='bbox 3517 2477 3595 2532; x_wconf 85' lang='lat' dir='ltr'><strong>illi</strong></span> <span class='ocrx_word' id='word_1_456' title='bbox 3628 2477 3814 2548; x_wconf 81' lang='lat' dir='ltr'><strong>(Zach.</strong></span> <span class='ocrx_word' id='word_1_457' title='bbox 3846 2475 3899 2532; x_wconf 84' lang='lat'><strong>6.</strong></span> 
     </span>
    </p>
   </div>
   <div class='ocr_carea' id='block_1_55' title="bbox 2322 2569 3905 2647">
    <p class='ocr_par' dir='ltr' id='par_1_55' title="bbox 2322 2569 3905 2647">
     <span class='ocr_line' id='line_1_55' title="bbox 2322 2569 3905 2647; baseline -0.003 -19"><span class='ocrx_word' id='word_1_458' title='bbox 2322 2574 2440 2647; x_wconf 70' lang='grc'><strong>12.)</strong></span> <span class='ocrx_word' id='word_1_459' title='bbox 2476 2593 2488 2628; x_wconf 90' lang='lat'><strong>:</strong></span> <span class='ocrx_word' id='word_1_460' title='bbox 2525 2585 2578 2629; x_wconf 89' lang='lat' dir='ltr'><strong>ct</strong></span> <span class='ocrx_word' id='word_1_461' title='bbox 2624 2574 2859 2629; x_wconf 82' lang='lat' dir='ltr'><strong>Joannes</strong></span> <span class='ocrx_word' id='word_1_462' title='bbox 2903 2571 3137 2642; x_wconf 84' lang='lat' dir='ltr'><strong>Baptista</strong></span> <span class='ocrx_word' id='word_1_463' title='bbox 3178 2581 3591 2634; x_wconf 87' lang='lat' dir='ltr'><strong>commemorat,</strong></span> <span class='ocrx_word' id='word_1_464' title='bbox 3650 2569 3779 2624; x_wconf 79' lang='lat' dir='ltr'><strong>Post</strong></span> <span class='ocrx_word' id='word_1_465' title='bbox 3827 2583 3905 2623; x_wconf 77' lang='lat' dir='ltr'><strong>me</strong></span> 
     </span>
    </p>
   </div>
   <div class='ocr_carea' id='block_1_56' title="bbox 2320 2661 3904 2740">
    <p class='ocr_par' dir='ltr' id='par_1_56' title="bbox 2320 2661 3904 2740">
     <span class='ocr_line' id='line_1_56' title="bbox 2320 2661 3904 2740; baseline -0.004 -17"><span class='ocrx_word' id='word_1_466' title='bbox 2320 2668 2478 2723; x_wconf 70' lang='lat' dir='ltr'><strong>veniit</strong></span> <span class='ocrx_word' id='word_1_467' title='bbox 2502 2664 2611 2740; x_wconf 77' lang='lat' dir='ltr'>[AL</span> <span class='ocrx_word' id='word_1_468' title='bbox 2646 2664 2817 2737; x_wconf 73' lang='lat' dir='ltr'><strong>venit]</strong></span> <span class='ocrx_word' id='word_1_469' title='bbox 2848 2666 2944 2731; x_wconf 87' lang='lat' dir='ltr'><strong>vir,</strong></span> <span class='ocrx_word' id='word_1_470' title='bbox 2974 2667 3063 2735; x_wconf 82' lang='lat' dir='ltr'><strong>qui</strong></span> <span class='ocrx_word' id='word_1_471' title='bbox 3092 2676 3210 2719; x_wconf 87' lang='lat' dir='ltr'><strong>ante</strong></span> <span class='ocrx_word' id='word_1_472' title='bbox 3240 2680 3317 2718; x_wconf 88' lang='lat' dir='ltr'><strong>me</strong></span> <span class='ocrx_word' id='word_1_473' title='bbox 3345 2665 3511 2734; x_wconf 83' lang='lat' dir='ltr'><strong>factus</strong></span> <span class='ocrx_word' id='word_1_474' title='bbox 3538 2672 3610 2716; x_wconf 83' lang='lat' dir='ltr'><strong>est</strong></span> <span class='ocrx_word' id='word_1_475' title='bbox 3633 2661 3819 2732; x_wconf 80' lang='lat' dir='ltr'><strong>(Joan.</strong></span> <span class='ocrx_word' id='word_1_476' title='bbox 3853 2664 3904 2717; x_wconf 91' lang='grc'><strong>1.</strong></span> 
     </span>
    </p>
   </div>
   <div class='ocr_carea' id='block_1_57' title="bbox 2320 2755 3906 2831">
    <p class='ocr_par' dir='ltr' id='par_1_57' title="bbox 2320 2755 3906 2831">
     <span class='ocr_line' id='line_1_57' title="bbox 2320 2755 3906 2831; baseline -0.003 -18"><span class='ocrx_word' id='word_1_477' title='bbox 2320 2759 2436 2829; x_wconf 80' lang='grc'><strong>50.)</strong></span> <span class='ocrx_word' id='word_1_478' title='bbox 2470 2776 2485 2814; x_wconf 87' lang='lat'><strong>:</strong></span> <span class='ocrx_word' id='word_1_479' title='bbox 2513 2759 2756 2831; x_wconf 81' lang='lat' dir='ltr'><strong>quoniam</strong></span> <span class='ocrx_word' id='word_1_480' title='bbox 2784 2766 2903 2811; x_wconf 90' lang='lat' dir='ltr'><strong>ante</strong></span> <span class='ocrx_word' id='word_1_481' title='bbox 2946 2773 3025 2810; x_wconf 84' lang='lat' dir='ltr'><strong>me</strong></span> <span class='ocrx_word' id='word_1_482' title='bbox 3052 2767 3160 2812; x_wconf 86' lang='lat' dir='ltr'><strong>erat</strong></span> <span class='ocrx_word' id='word_1_483' title='bbox 3187 2772 3206 2811; x_wconf 89' lang='lat'><strong><em>:</em></strong></span> <span class='ocrx_word' id='word_1_484' title='bbox 3234 2766 3359 2811; x_wconf 92' lang='lat' dir='ltr'><strong>tunc</strong></span> <span class='ocrx_word' id='word_1_485' title='bbox 3388 2757 3440 2810; x_wconf 91' lang='lat' dir='ltr'><strong>iu</strong></span> <span class='ocrx_word' id='word_1_486' title='bbox 3471 2771 3701 2811; x_wconf 86' lang='lat' dir='ltr'><strong>occursu</strong></span> <span class='ocrx_word' id='word_1_487' title='bbox 3751 2755 3906 2809; x_wconf 71' lang='lat' dir='ltr'><strong>unius</strong></span> 
     </span>
    </p>
   </div>
   <div class='ocr_carea' id='block_1_58' title="bbox 2320 2848 3905 2920">
    <p class='ocr_par' dir='ltr' id='par_1_58' title="bbox 2320 2848 3905 2920">
     <span class='ocr_line' id='line_1_58' title="bbox 2320 2848 3905 2920; baseline -0.003 -13"><span class='ocrx_word' id='word_1_488' title='bbox 2320 2852 2465 2919; x_wconf 89' lang='lat' dir='ltr'><strong>lidei,</strong></span> <span class='ocrx_word' id='word_1_489' title='bbox 2518 2861 2575 2906; x_wconf 88' lang='lat' dir='ltr'><strong>et</strong></span> <span class='ocrx_word' id='word_1_490' title='bbox 2603 2855 2761 2906; x_wconf 91' lang='lat' dir='ltr'><strong>unius</strong></span> <span class='ocrx_word' id='word_1_491' title='bbox 2793 2849 3083 2920; x_wconf 83' lang='lat' dir='ltr'><strong>agnitionis</strong></span> <span class='ocrx_word' id='word_1_492' title='bbox 3136 2849 3255 2903; x_wconf 84' lang='lat' dir='ltr'><strong>Filii</strong></span> <span class='ocrx_word' id='word_1_493' title='bbox 3287 2848 3417 2915; x_wconf 85' lang='lat' dir='ltr'><strong>Dei,</strong></span> <span class='ocrx_word' id='word_1_494' title='bbox 3450 2865 3607 2916; x_wconf 89' lang='lat' dir='ltr'><strong>quem</strong></span> <span class='ocrx_word' id='word_1_495' title='bbox 3643 2865 3784 2903; x_wconf 86' lang='lat' dir='ltr'><strong>nunc</strong></span> <span class='ocrx_word' id='word_1_496' title='bbox 3812 2855 3905 2917; x_wconf 85' lang='lat' dir='ltr'><strong>pro’</strong></span> 
     </span>
    </p>
   </div>
   <div class='ocr_carea' id='block_1_59' title="bbox 2318 2940 3905 3011">
    <p class='ocr_par' dir='ltr' id='par_1_59' title="bbox 2318 2940 3905 3011">
     <span class='ocr_line' id='line_1_59' title="bbox 2318 2940 3905 3011; baseline -0.006 -11"><span class='ocrx_word' id='word_1_497' title='bbox 2318 2946 2583 3000; x_wconf 81' lang='lat' dir='ltr'><strong>varietate</strong></span> <span class='ocrx_word' id='word_1_498' title='bbox 2614 2946 2897 3009; x_wconf 88' lang='lat' dir='ltr'><strong>mentium,</strong></span> <span class='ocrx_word' id='word_1_499' title='bbox 2930 2957 3037 2997; x_wconf 92' lang='lat' dir='ltr'><strong>non</strong></span> <span class='ocrx_word' id='word_1_500' title='bbox 3067 2956 3171 2996; x_wconf 88' lang='lat' dir='ltr'><strong>una</strong></span> <span class='ocrx_word' id='word_1_501' title='bbox 3202 2956 3300 2997; x_wconf 89' lang='lat' dir='ltr'><strong>nec</strong></span> <span class='ocrx_word' id='word_1_502' title='bbox 3328 2940 3515 2996; x_wconf 86' lang='lat' dir='ltr'><strong>eadem</strong></span> <span class='ocrx_word' id='word_1_503' title='bbox 3548 2940 3651 2996; x_wconf 78' lang='lat' dir='ltr'><strong>lltle</strong></span> <span class='ocrx_word' id='word_1_504' title='bbox 3680 2942 3905 3011; x_wconf 72' lang='lat' dir='ltr'><strong>agnitio-</strong></span> 
     </span>
    </p>
   </div>
   <div class='ocr_carea' id='block_1_60' title="bbox 2320 3032 3906 3109">
    <p class='ocr_par' dir='ltr' id='par_1_60' title="bbox 2320 3032 3906 3109">
     <span class='ocr_line' id='line_1_60' title="bbox 2320 3032 3906 3109; baseline -0.003 -18"><span class='ocrx_word' id='word_1_505' title='bbox 2320 3037 2403 3091; x_wconf 89' lang='lat' dir='ltr'><strong>nis</strong></span> <span class='ocrx_word' id='word_1_506' title='bbox 2424 3036 2529 3109; x_wconf 69' lang='lat' dir='ltr'>[AL</span> <span class='ocrx_word' id='word_1_507' title='bbox 2558 3036 2663 3090; x_wconf 87' lang='lat' dir='ltr'><strong>lide</strong></span> <span class='ocrx_word' id='word_1_508' title='bbox 2692 3044 2748 3090; x_wconf 91' lang='lat' dir='ltr'><strong>et</strong></span> <span class='ocrx_word' id='word_1_509' title='bbox 2788 3032 3099 3105; x_wconf 86' lang='lat' dir='ltr'><strong>agnitione]</strong></span> <span class='ocrx_word' id='word_1_510' title='bbox 3144 3034 3549 3103; x_wconf 86' lang='lat' dir='ltr'><strong>cognoscimus,</strong></span> <span class='ocrx_word' id='word_1_511' title='bbox 3584 3033 3756 3089; x_wconf 87' lang='lat' dir='ltr'><strong>totum</strong></span> <span class='ocrx_word' id='word_1_512' title='bbox 3786 3042 3906 3088; x_wconf 54' lang='lat' dir='ltr'><strong>cor:</strong></span> 
     </span>
    </p>
   </div>
   <div class='ocr_carea' id='block_1_61' title="bbox 2320 3125 3915 3202">
    <p class='ocr_par' dir='ltr' id='par_1_61' title="bbox 2320 3125 3915 3202">
     <span class='ocr_line' id='line_1_61' title="bbox 2320 3125 3915 3202; baseline -0.003 -16"><span class='ocrx_word' id='word_1_513' title='bbox 2320 3147 2418 3202; x_wconf 91' lang='lat' dir='ltr'><strong>pus</strong></span> <span class='ocrx_word' id='word_1_514' title='bbox 2456 3130 2598 3201; x_wconf 91' lang='lat' dir='ltr'><strong>quod</strong></span> <span class='ocrx_word' id='word_1_515' title='bbox 2631 3130 2780 3200; x_wconf 88' lang='lat' dir='ltr'><strong>prius</strong></span> <span class='ocrx_word' id='word_1_516' title='bbox 2814 3130 3135 3197; x_wconf 84' lang='lat' dir='ltr'><strong>dissipatum</strong></span> <span class='ocrx_word' id='word_1_517' title='bbox 3166 3126 3341 3183; x_wconf 81' lang='lat' dir='ltr'><strong>literat</strong></span> <span class='ocrx_word' id='word_1_518' title='bbox 3385 3125 3514 3201; x_wconf 79' lang='lat' dir='ltr'>[AL</span> <span class='ocrx_word' id='word_1_519' title='bbox 3548 3125 3746 3198; x_wconf 83' lang='lat' dir='ltr'><strong>fuerit]</strong></span> <span class='ocrx_word' id='word_1_520' title='bbox 3780 3137 3833 3182; x_wconf 87' lang='lat' dir='ltr'><strong>et</strong></span> <span class='ocrx_word' id='word_1_521' title='bbox 3855 3126 3915 3181; x_wconf 72' lang='lat' dir='ltr'><strong>ia‘</strong></span> 
     </span>
    </p>
   </div>
   <div class='ocr_carea' id='block_1_62' title="bbox 621 3213 3915 3291">
    <p class='ocr_par' dir='ltr' id='par_1_62' title="bbox 621 3213 3915 3291">
     <span class='ocr_line' id='line_1_62' title="bbox 621 3213 3915 3291; baseline 0.003 -25"><span class='ocrx_word' id='word_1_522' title='bbox 621 3213 763 3279; x_wconf 77' lang='lat' dir='ltr'><strong>dixi,</strong></span> <span class='ocrx_word' id='word_1_523' title='bbox 797 3215 1016 3270; x_wconf 85' lang='lat' dir='ltr'><strong>alterius</strong></span> <span class='ocrx_word' id='word_1_524' title='bbox 1043 3221 1143 3281; x_wconf 85' lang='lat' dir='ltr'><strong>sit;</strong></span> <span class='ocrx_word' id='word_1_525' title='bbox 1174 3218 1217 3270; x_wconf 87' lang='lat' dir='ltr'><strong>si</strong></span> <span class='ocrx_word' id='word_1_526' title='bbox 1264 3219 1403 3287; x_wconf 88' lang='lat' dir='ltr'><strong>quod</strong></span> <span class='ocrx_word' id='word_1_527' title='bbox 1437 3234 1566 3273; x_wconf 82' lang='lat' dir='ltr'><strong>sane</strong></span> <span class='ocrx_word' id='word_1_528' title='bbox 1609 3221 1802 3274; x_wconf 71' lang='lat' dir='ltr'><strong>exinde</strong></span> <span class='ocrx_word' id='word_1_529' title='bbox 1841 3220 2075 3286; x_wconf 90' lang='lat' dir='ltr'><strong>dictum,</strong></span> <span class='ocrx_word' id='word_1_530' title='bbox 2125 3235 2208 3289; x_wconf 90' lang='lat' dir='ltr'><strong>ac,</strong></span> <span class='ocrx_word' id='word_1_531' title='bbox 2242 3222 2287 3284; x_wconf 90' lang='lat' dir='ltr'><strong>C</strong></span> <span class='ocrx_word' id='word_1_532' title='bbox 2318 3226 2454 3281; x_wconf 81' lang='lat' dir='ltr'><strong>dive:</strong></span> <span class='ocrx_word' id='word_1_533' title='bbox 2470 3239 2529 3279; x_wconf 89' lang='lat' dir='ltr'><strong>sa</strong></span> <span class='ocrx_word' id='word_1_534' title='bbox 2562 3224 2857 3279; x_wconf 88' lang='lat' dir='ltr'><strong>laceratum</strong></span> <span class='ocrx_word' id='word_1_535' title='bbox 2887 3222 2940 3275; x_wconf 84' lang='lat' dir='ltr'><strong>in</strong></span> <span class='ocrx_word' id='word_1_536' title='bbox 2972 3236 3125 3276; x_wconf 86' lang='lat' dir='ltr'><strong>suam</strong></span> <span class='ocrx_word' id='word_1_537' title='bbox 3157 3225 3528 3291; x_wconf 85' lang='lat' dir='ltr'><strong>compaginem</strong></span> <span class='ocrx_word' id='word_1_538' title='bbox 3571 3222 3915 3291; x_wconf 53' lang='lat' dir='ltr'><strong>juncturam.</strong></span> 
     </span>
    </p>
   </div>
   <div class='ocr_carea' id='block_1_63' title="bbox 617 3306 2209 3381">
    <p class='ocr_par' dir='ltr' id='par_1_63' title="bbox 617 3306 2209 3381">
     <span class='ocr_line' id='line_1_63' title="bbox 617 3306 2209 3381; baseline 0.004 -21"><span class='ocrx_word' id='word_1_539' title='bbox 617 3306 813 3362; x_wconf 89' lang='lat' dir='ltr'><strong>nullius</strong></span> <span class='ocrx_word' id='word_1_540' title='bbox 839 3307 1115 3378; x_wconf 68' lang='lat' dir='ltr'><strong>iuterjccta</strong></span> <span class='ocrx_word' id='word_1_541' title='bbox 1144 3325 1399 3378; x_wconf 78' lang='lat' dir='ltr'><strong>persona,</strong></span> <span class='ocrx_word' id='word_1_542' title='bbox 1424 3312 1680 3381; x_wconf 89' lang='lat' dir='ltr'><strong>scriptum</strong></span> <span class='ocrx_word' id='word_1_543' title='bbox 1712 3312 1929 3379; x_wconf 85' lang='lat' dir='ltr'><strong>legeris,</strong></span> <span class='ocrx_word' id='word_1_544' title='bbox 1953 3313 2057 3367; x_wconf 87' lang='lat' dir='ltr'><strong>hoc</strong></span> <span class='ocrx_word' id='word_1_545' title='bbox 2082 3314 2209 3366; x_wconf 90' lang='lat' dir='ltr'><strong>mihi</strong></span> 
     </span>
    </p>
   </div>
   <div class='ocr_carea' id='block_1_64' title="bbox 540 3400 2212 3472">
    <p class='ocr_par' dir='ltr' id='par_1_64' title="bbox 540 3400 2212 3472">
     <span class='ocr_line' id='line_1_64' title="bbox 540 3400 2212 3472; baseline 0.002 -18"><span class='ocrx_word' id='word_1_546' title='bbox 540 3466 549 3470; x_wconf 92' lang='lat'>_</span> <span class='ocrx_word' id='word_1_547' title='bbox 616 3404 812 3454; x_wconf 87' lang='lat' dir='ltr'><strong>merito</strong></span> <span class='ocrx_word' id='word_1_548' title='bbox 841 3400 1002 3454; x_wconf 81' lang='lat' dir='ltr'><strong>debet</strong></span> <span class='ocrx_word' id='word_1_549' title='bbox 1042 3400 1297 3455; x_wconf 87' lang='lat' dir='ltr'><strong>adscribi.</strong></span> <span class='ocrx_word' id='word_1_550' title='bbox 1330 3400 1397 3455; x_wconf 84' lang='lat' dir='ltr'><strong>Et</strong></span> <span class='ocrx_word' id='word_1_551' title='bbox 1426 3404 1550 3472; x_wconf 90' lang='lat' dir='ltr'><strong>quid</strong></span> <span class='ocrx_word' id='word_1_552' title='bbox 1591 3418 1778 3458; x_wconf 88' lang='lat' dir='ltr'><strong>omnes</strong></span> <span class='ocrx_word' id='word_1_553' title='bbox 1806 3404 1938 3458; x_wconf 80' lang='lat' dir='ltr'><strong>istos</strong></span> <span class='ocrx_word' id='word_1_554' title='bbox 1981 3402 2212 3458; x_wconf 84' lang='lat' dir='ltr'><strong>ell&#39;undi-</strong></span> 
     </span>
    </p>
   </div>
   <div class='ocr_carea' id='block_1_65' title="bbox 616 3494 2212 3566">
    <p class='ocr_par' dir='ltr' id='par_1_65' title="bbox 616 3494 2212 3566">
     <span class='ocr_line' id='line_1_65' title="bbox 616 3494 2212 3566; baseline 0.001 -18"><span class='ocrx_word' id='word_1_555' title='bbox 616 3510 754 3562; x_wconf 90' lang='lat' dir='ltr'><strong>mus,</strong></span> <span class='ocrx_word' id='word_1_556' title='bbox 790 3509 925 3564; x_wconf 88' lang='lat' dir='ltr'><strong>quos</strong></span> <span class='ocrx_word' id='word_1_557' title='bbox 973 3495 1220 3563; x_wconf 78' lang='lat' dir='ltr'><strong>superius</strong></span> <span class='ocrx_word' id='word_1_558' title='bbox 1261 3495 1640 3551; x_wconf 79' lang='lat' dir='ltr'><strong>desudavimus</strong></span> <span class='ocrx_word' id='word_1_559' title='bbox 1690 3496 1930 3566; x_wconf 81' lang='lat' dir='ltr'><strong>agones?</strong></span> <span class='ocrx_word' id='word_1_560' title='bbox 1982 3494 2212 3550; x_wconf 79' lang='lat' dir='ltr'><strong>&#39;l&#39;autum</strong></span> 
     </span>
    </p>
   </div>
   <div class='ocr_carea' id='block_1_66' title="bbox 616 3583 2210 3657">
    <p class='ocr_par' dir='ltr' id='par_1_66' title="bbox 616 3583 2210 3657">
     <span class='ocr_line' id='line_1_66' title="bbox 616 3583 2210 3657; baseline 0.004 -21"><span class='ocrx_word' id='word_1_561' title='bbox 616 3586 758 3639; x_wconf 75' lang='lat' dir='ltr'><strong>valet</strong></span> <span class='ocrx_word' id='word_1_562' title='bbox 780 3583 971 3637; x_wconf 78' lang='lat' dir='ltr'><strong>frontis</strong></span> <span class='ocrx_word' id='word_1_563' title='bbox 993 3584 1211 3640; x_wconf 91' lang='lat' dir='ltr'><strong>duritia.</strong></span> <span class='ocrx_word' id='word_1_564' title='bbox 1238 3586 1341 3641; x_wconf 88' lang='lat' dir='ltr'><strong>Sed</strong></span> <span class='ocrx_word' id='word_1_565' title='bbox 1366 3601 1459 3655; x_wconf 82' lang='lat' dir='ltr'><strong>age</strong></span> <span class='ocrx_word' id='word_1_566' title='bbox 1482 3588 1593 3655; x_wconf 85' lang='lat' dir='ltr'><strong>liat,</strong></span> <span class='ocrx_word' id='word_1_567' title='bbox 1626 3588 2028 3657; x_wconf 87' lang='lat' dir='ltr'><strong>acquiescamus</strong></span> <span class='ocrx_word' id='word_1_568' title='bbox 2052 3589 2210 3643; x_wconf 68' lang='lat' dir='ltr'><strong>etiam</strong></span> 
     </span>
    </p>
   </div>
   <div class='ocr_carea' id='block_1_67' title="bbox 614 3675 2209 3747">
    <p class='ocr_par' dir='ltr' id='par_1_67' title="bbox 614 3675 2209 3747">
     <span class='ocr_line' id='line_1_67' title="bbox 614 3675 2209 3747; baseline -0.001 -17"><span class='ocrx_word' id='word_1_569' title='bbox 614 3675 668 3730; x_wconf 86' lang='lat' dir='ltr'><strong>in</strong></span> <span class='ocrx_word' id='word_1_570' title='bbox 699 3676 825 3742; x_wconf 91' lang='lat' dir='ltr'><strong>hoc,</strong></span> <span class='ocrx_word' id='word_1_571' title='bbox 848 3691 955 3731; x_wconf 91' lang='lat' dir='ltr'><strong>non</strong></span> <span class='ocrx_word' id='word_1_572' title='bbox 983 3686 1041 3732; x_wconf 91' lang='lat' dir='ltr'><strong>ut</strong></span> <span class='ocrx_word' id='word_1_573' title='bbox 1066 3692 1173 3743; x_wconf 89' lang='lat' dir='ltr'><strong>res,</strong></span> <span class='ocrx_word' id='word_1_574' title='bbox 1202 3676 1295 3731; x_wconf 85' lang='lat' dir='ltr'><strong>sed</strong></span> <span class='ocrx_word' id='word_1_575' title='bbox 1321 3685 1378 3731; x_wconf 90' lang='lat' dir='ltr'><strong>ut</strong></span> <span class='ocrx_word' id='word_1_576' title='bbox 1408 3678 1523 3747; x_wconf 87' lang='lat' dir='ltr'><strong>ipse</strong></span> <span class='ocrx_word' id='word_1_577' title='bbox 1550 3678 1812 3746; x_wconf 79' lang='lat' dir='ltr'><strong>postulat,</strong></span> <span class='ocrx_word' id='word_1_578' title='bbox 1836 3680 2209 3731; x_wconf 74' lang='lat' dir='ltr'><strong>convincatur.</strong></span> 
     </span>
    </p>
   </div>
   <div class='ocr_carea' id='block_1_68' title="bbox 614 3768 2209 3839">
    <p class='ocr_par' dir='ltr' id='par_1_68' title="bbox 614 3768 2209 3839">
     <span class='ocr_line' id='line_1_68' title="bbox 614 3768 2209 3839; baseline 0.001 -15"><span class='ocrx_word' id='word_1_579' title='bbox 614 3771 688 3824; x_wconf 79' lang='lat' dir='ltr'><strong>Ex</strong></span> <span class='ocrx_word' id='word_1_580' title='bbox 720 3769 805 3825; x_wconf 88' lang='lat' dir='ltr'><strong>liis</strong></span> <span class='ocrx_word' id='word_1_581' title='bbox 843 3768 1252 3826; x_wconf 83' lang='lat' dir='ltr'><strong>Commentariis</strong></span> <span class='ocrx_word' id='word_1_582' title='bbox 1282 3771 1417 3827; x_wconf 90' lang='lat' dir='ltr'><strong>libro</strong></span> <span class='ocrx_word' id='word_1_583' title='bbox 1461 3771 1700 3827; x_wconf 86' lang='lat' dir='ltr'><strong>secundo</strong></span> <span class='ocrx_word' id='word_1_584' title='bbox 1734 3777 1801 3826; x_wconf 86' lang='lat' dir='ltr'><strong>de</strong></span> <span class='ocrx_word' id='word_1_585' title='bbox 1840 3787 1906 3826; x_wconf 86' lang='lat' dir='ltr'><strong>ea</strong></span> <span class='ocrx_word' id='word_1_586' title='bbox 1950 3786 2009 3825; x_wconf 84' lang='lat' dir='ltr'><strong>re</strong></span> <span class='ocrx_word' id='word_1_587' title='bbox 2050 3787 2209 3839; x_wconf 85' lang='lat' dir='ltr'><strong>quam</strong></span> 
     </span>
    </p>
   </div>
   <div class='ocr_carea' id='block_1_69' title="bbox 615 3861 2214 3934">
    <p class='ocr_par' dir='ltr' id='par_1_69' title="bbox 615 3861 2214 3934">
     <span class='ocr_line' id='line_1_69' title="bbox 615 3861 2214 3934; baseline 0.001 -19"><span class='ocrx_word' id='word_1_588' title='bbox 615 3861 867 3931; x_wconf 88' lang='lat' dir='ltr'><strong>proposui</strong></span> <span class='ocrx_word' id='word_1_589' title='bbox 901 3861 1006 3934; x_wconf 82' lang='lat' dir='ltr'>[AL</span> <span class='ocrx_word' id='word_1_590' title='bbox 1036 3861 1361 3934; x_wconf 83' lang='lat' dir='ltr'><strong>prOposuit],</strong></span> <span class='ocrx_word' id='word_1_591' title='bbox 1404 3864 1505 3918; x_wconf 84' lang='lat' dir='ltr'><strong>sub</strong></span> <span class='ocrx_word' id='word_1_592' title='bbox 1543 3879 1611 3918; x_wconf 90' lang='lat' dir='ltr'><strong>co</strong></span> <span class='ocrx_word' id='word_1_593' title='bbox 1640 3863 1895 3932; x_wconf 87' lang='lat' dir='ltr'><strong>capitulo,</strong></span> <span class='ocrx_word' id='word_1_594' title='bbox 1942 3864 2031 3915; x_wconf 90' lang='lat' dir='ltr'><strong>ubi</strong></span> <span class='ocrx_word' id='word_1_595' title='bbox 2077 3869 2214 3917; x_wconf 87' lang='lat' dir='ltr'><strong>scri-</strong></span> 
     </span>
    </p>
   </div>
   <div class='ocr_carea' id='block_1_70' title="bbox 617 3954 2210 4024">
    <p class='ocr_par' dir='ltr' id='par_1_70' title="bbox 617 3954 2210 4024">
     <span class='ocr_line' id='line_1_70' title="bbox 617 3954 2210 4024; baseline 0.002 -20"><span class='ocrx_word' id='word_1_596' title='bbox 617 3966 763 4022; x_wconf 87' lang='lat' dir='ltr'><strong>ptum</strong></span> <span class='ocrx_word' id='word_1_597' title='bbox 796 3964 879 4009; x_wconf 82' lang='lat' dir='ltr'><strong>est</strong></span> <span class='ocrx_word' id='word_1_598' title='bbox 902 3970 917 4007; x_wconf 88' lang='lat'><strong>:</strong></span> <span class='ocrx_word' id='word_1_599' title='bbox 947 3955 1171 4008; x_wconf 81' lang='lat' dir='ltr'><strong>Solliciti</strong></span> <span class='ocrx_word' id='word_1_600' title='bbox 1195 3970 1393 4009; x_wconf 78' lang='lat' dir='ltr'><strong>servare</strong></span> <span class='ocrx_word' id='word_1_601' title='bbox 1418 3956 1661 4008; x_wconf 84' lang='lat' dir='ltr'><strong>unitatem</strong></span> <span class='ocrx_word' id='word_1_602' title='bbox 1684 3956 1892 4024; x_wconf 83' lang='lat' dir='ltr'><strong>spiritus</strong></span> <span class='ocrx_word' id='word_1_603' title='bbox 1920 3954 1972 4007; x_wconf 88' lang='lat' dir='ltr'><strong>in</strong></span> <span class='ocrx_word' id='word_1_604' title='bbox 2006 3954 2210 4007; x_wconf 82' lang='lat' dir='ltr'><strong>vinculo</strong></span> 
     </span>
    </p>
   </div>
   <div class='ocr_carea' id='block_1_71' title="bbox 610 4049 2211 4118">
    <p class='ocr_par' dir='ltr' id='par_1_71' title="bbox 610 4049 2211 4118">
     <span class='ocr_line' id='line_1_71' title="bbox 610 4049 2211 4118; baseline 0.003 -20"><span class='ocrx_word' id='word_1_605' title='bbox 610 4049 755 4116; x_wconf 84' lang='lat' dir='ltr'><strong>pacis</strong></span> <span class='ocrx_word' id='word_1_606' title='bbox 778 4065 797 4101; x_wconf 91' lang='lat'><em>:</em></span> <span class='ocrx_word' id='word_1_607' title='bbox 827 4065 982 4102; x_wconf 80' lang='lat' dir='ltr'><strong>unum</strong></span> <span class='ocrx_word' id='word_1_608' title='bbox 1021 4059 1296 4118; x_wconf 60' lang='lat' dir='ltr'><strong>corpttstet</strong></span> <span class='ocrx_word' id='word_1_609' title='bbox 1345 4065 1475 4103; x_wconf 85' lang='lat' dir='ltr'><strong>unus</strong></span> <span class='ocrx_word' id='word_1_610' title='bbox 1510 4050 1745 4117; x_wconf 85' lang='lat' dir='ltr'><strong>spiritus.</strong></span> <span class='ocrx_word' id='word_1_611' title='bbox 1776 4050 1905 4101; x_wconf 77' lang='lat' dir='ltr'><strong>sicut</strong></span> <span class='ocrx_word' id='word_1_612' title='bbox 1950 4058 1999 4103; x_wconf 86' lang='lat' dir='ltr'><strong>et</strong></span> <span class='ocrx_word' id='word_1_613' title='bbox 2046 4050 2211 4103; x_wconf 73' lang='lat' dir='ltr'><strong>vocati</strong></span> 
     </span>
    </p>
   </div>
   <div class='ocr_carea' id='block_1_72' title="bbox 609 4139 2211 4211">
    <p class='ocr_par' dir='ltr' id='par_1_72' title="bbox 609 4139 2211 4211">
     <span class='ocr_line' id='line_1_72' title="bbox 609 4139 2211 4211; baseline 0.001 -18"><span class='ocrx_word' id='word_1_614' title='bbox 609 4140 729 4194; x_wconf 86' lang='lat' dir='ltr'><strong>estis</strong></span> <span class='ocrx_word' id='word_1_615' title='bbox 760 4142 809 4193; x_wconf 69' lang='lat' dir='ltr'><strong>it</strong></span> <span class='ocrx_word' id='word_1_616' title='bbox 844 4158 945 4195; x_wconf 86' lang='lat' dir='ltr'><strong>una</strong></span> <span class='ocrx_word' id='word_1_617' title='bbox 970 4159 1059 4211; x_wconf 86' lang='lat' dir='ltr'><strong>spe</strong></span> <span class='ocrx_word' id='word_1_618' title='bbox 1088 4142 1371 4195; x_wconf 86' lang='lat' dir='ltr'><strong>vocationis</strong></span> <span class='ocrx_word' id='word_1_619' title='bbox 1401 4154 1578 4193; x_wconf 79' lang='lat' dir='ltr'><strong>restra:</strong></span> <span class='ocrx_word' id='word_1_620' title='bbox 1604 4140 1824 4211; x_wconf 79' lang='lat' dir='ltr'><strong>(Ep/tes.</strong></span> <span class='ocrx_word' id='word_1_621' title='bbox 1850 4139 1903 4194; x_wconf 66' lang='grc'><strong>4.</strong></span> <span class='ocrx_word' id='word_1_622' title='bbox 1936 4140 2018 4209; x_wconf 81' lang='grc'><strong>5,)</strong></span> <span class='ocrx_word' id='word_1_623' title='bbox 2045 4158 2057 4193; x_wconf 91' lang='lat'><strong>:</strong></span> <span class='ocrx_word' id='word_1_624' title='bbox 2092 4152 2211 4210; x_wconf 87' lang='lat' dir='ltr'><strong>post</strong></span> 
     </span>
    </p>
   </div>
   <div class='ocr_carea' id='block_1_73' title="bbox 610 4232 2208 4302">
    <p class='ocr_par' dir='ltr' id='par_1_73' title="bbox 610 4232 2208 4302">
     <span class='ocr_line' id='line_1_73' title="bbox 610 4232 2208 4302; baseline 0.003 -18"><span class='ocrx_word' id='word_1_625' title='bbox 610 4232 916 4302; x_wconf 87' lang='lat' dir='ltr'><strong>aliquanta,</strong></span> <span class='ocrx_word' id='word_1_626' title='bbox 967 4251 986 4285; x_wconf 80' lang='grc'><strong>1</strong></span> <span class='ocrx_word' id='word_1_627' title='bbox 1019 4233 1311 4302; x_wconf 61' lang='lat' dir='ltr'><strong>Quaeritur,</strong></span> <span class='ocrx_word' id='word_1_628' title='bbox 1363 4232 1572 4301; x_wconf 76' lang='lat' dir='ltr'><strong>inquit,</strong></span> <span class='ocrx_word' id='word_1_629' title='bbox 1617 4235 1886 4300; x_wconf 84' lang='lat' dir='ltr'><strong>qtt0uiodo</strong></span> <span class='ocrx_word' id='word_1_630' title='bbox 1929 4249 2032 4285; x_wconf 75' lang='lat' dir='ltr'><strong>una</strong></span> <span class='ocrx_word' id='word_1_631' title='bbox 2082 4248 2208 4301; x_wconf 83' lang='lat' dir='ltr'><strong>spes</strong></span> 
     </span>
    </p>
   </div>
   <div class='ocr_carea' id='block_1_74' title="bbox 608 4322 2210 4393">
    <p class='ocr_par' dir='ltr' id='par_1_74' title="bbox 608 4322 2210 4393">
     <span class='ocr_line' id='line_1_74' title="bbox 608 4322 2210 4393; baseline 0 -17"><span class='ocrx_word' id='word_1_632' title='bbox 608 4325 909 4379; x_wconf 75' lang='lat' dir='ltr'><strong>vocationis</strong></span> <span class='ocrx_word' id='word_1_633' title='bbox 938 4330 1042 4389; x_wconf 71' lang='lat' dir='ltr'><strong>sit,</strong></span> <span class='ocrx_word' id='word_1_634' title='bbox 1076 4339 1202 4379; x_wconf 90' lang='lat' dir='ltr'><strong>cum</strong></span> <span class='ocrx_word' id='word_1_635' title='bbox 1233 4322 1372 4393; x_wconf 85' lang='lat' dir='ltr'><strong>apud</strong></span> <span class='ocrx_word' id='word_1_636' title='bbox 1408 4323 1616 4376; x_wconf 78' lang='lat' dir='ltr'><strong>Patrem</strong></span> <span class='ocrx_word' id='word_1_637' title='bbox 1648 4324 1878 4378; x_wconf 78' lang='lat' dir='ltr'><strong>diversa:</strong></span> <span class='ocrx_word' id='word_1_638' title='bbox 1921 4323 2029 4377; x_wconf 89' lang='lat' dir='ltr'><strong>sint</strong></span> <span class='ocrx_word' id='word_1_639' title='bbox 2060 4339 2210 4377; x_wconf 81' lang='lat' dir='ltr'><strong>tuaa-</strong></span> 
     </span>
    </p>
   </div>
   <div class='ocr_carea' id='block_1_75' title="bbox 608 4414 2205 4488">
    <p class='ocr_par' dir='ltr' id='par_1_75' title="bbox 608 4414 2205 4488">
     <span class='ocr_line' id='line_1_75' title="bbox 608 4414 2205 4488; baseline 0.001 -18"><span class='ocrx_word' id='word_1_640' title='bbox 608 4418 827 4474; x_wconf 85' lang='lat' dir='ltr'><strong>siones?</strong></span> <span class='ocrx_word' id='word_1_641' title='bbox 858 4418 936 4472; x_wconf 80' lang='lat' dir='ltr'><strong>Ad</strong></span> <span class='ocrx_word' id='word_1_642' title='bbox 969 4418 1111 4488; x_wconf 82' lang='lat' dir='ltr'><strong>quod</strong></span> <span class='ocrx_word' id='word_1_643' title='bbox 1143 4434 1303 4471; x_wconf 71' lang='lat' dir='ltr'><strong>unum</strong></span> <span class='ocrx_word' id='word_1_644' title='bbox 1336 4432 1485 4486; x_wconf 72' lang='lat' dir='ltr'><strong>spem</strong></span> <span class='ocrx_word' id='word_1_645' title='bbox 1520 4414 1814 4471; x_wconf 77' lang='lat' dir='ltr'><strong>vocationis</strong></span> <span class='ocrx_word' id='word_1_646' title='bbox 1845 4432 2065 4487; x_wconf 77' lang='lat' dir='ltr'><strong>regnum</strong></span> <span class='ocrx_word' id='word_1_647' title='bbox 2094 4431 2205 4472; x_wconf 41' lang='lat' dir='ltr'><strong>cce.</strong></span> 
     </span>
    </p>
   </div>
   <div class='ocr_carea' id='block_1_76' title="bbox 608 4509 2206 4582">
    <p class='ocr_par' dir='ltr' id='par_1_76' title="bbox 608 4509 2206 4582">
     <span class='ocr_line' id='line_1_76' title="bbox 608 4509 2206 4582; baseline 0 -17"><span class='ocrx_word' id='word_1_648' title='bbox 608 4512 812 4577; x_wconf 89' lang='lat' dir='ltr'><strong>lorum,</strong></span> <span class='ocrx_word' id='word_1_649' title='bbox 846 4513 997 4582; x_wconf 89' lang='lat' dir='ltr'><strong>quasi</strong></span> <span class='ocrx_word' id='word_1_650' title='bbox 1024 4509 1050 4548; x_wconf 70' lang='grc' dir='ltr'>ἀ</span> <span class='ocrx_word' id='word_1_651' title='bbox 1082 4527 1245 4566; x_wconf 91' lang='lat' dir='ltr'><strong>uuam</strong></span> <span class='ocrx_word' id='word_1_652' title='bbox 1290 4512 1507 4565; x_wconf 89' lang='lat' dir='ltr'><strong>domum</strong></span> <span class='ocrx_word' id='word_1_653' title='bbox 1559 4512 1651 4566; x_wconf 87' lang='lat' dir='ltr'><strong>Dei</strong></span> <span class='ocrx_word' id='word_1_654' title='bbox 1698 4512 1871 4567; x_wconf 80' lang='lat' dir='ltr'><strong>Patris</strong></span> <span class='ocrx_word' id='word_1_655' title='bbox 1899 4526 2042 4575; x_wconf 84' lang='lat' dir='ltr'><strong>esse,</strong></span> <span class='ocrx_word' id='word_1_656' title='bbox 2074 4511 2206 4567; x_wconf 89' lang='lat' dir='ltr'><strong>dici-</strong></span> 
     </span>
    </p>
   </div>
   <div class='ocr_carea' id='block_1_77' title="bbox 2318 3312 3910 3386">
    <p class='ocr_par' dir='ltr' id='par_1_77' title="bbox 2318 3312 3910 3386">
     <span class='ocr_line' id='line_1_77' title="bbox 2318 3312 3910 3386; baseline -0.001 -17"><span class='ocrx_word' id='word_1_657' title='bbox 2318 3332 2421 3386; x_wconf 75' lang='lat' dir='ltr'><strong>que</strong></span> <span class='ocrx_word' id='word_1_658' title='bbox 2448 3316 2741 3386; x_wconf 77' lang='lat' dir='ltr'><strong>redigetur,</strong></span> <span class='ocrx_word' id='word_1_659' title='bbox 2782 3313 2855 3368; x_wconf 88' lang='lat' dir='ltr'><strong>ita</strong></span> <span class='ocrx_word' id='word_1_660' title='bbox 2890 3321 2948 3368; x_wconf 92' lang='lat' dir='ltr'><strong>ut</strong></span> <span class='ocrx_word' id='word_1_661' title='bbox 2994 3328 3099 3368; x_wconf 89' lang='lat' dir='ltr'><strong>una</strong></span> <span class='ocrx_word' id='word_1_662' title='bbox 3128 3312 3575 3377; x_wconf 85' lang='lat' dir='ltr'><strong>subministratio,</strong></span> <span class='ocrx_word' id='word_1_663' title='bbox 3612 3313 3910 3383; x_wconf 84' lang='lat' dir='ltr'><strong>eademque</strong></span> 
     </span>
    </p>
   </div>
   <div class='ocr_carea' id='block_1_78' title="bbox 2315 3406 3905 3477">
    <p class='ocr_par' dir='ltr' id='par_1_78' title="bbox 2315 3406 3905 3477">
     <span class='ocr_line' id='line_1_78' title="bbox 2315 3406 3905 3477; baseline -0.002 -13"><span class='ocrx_word' id='word_1_664' title='bbox 2315 3408 2599 3477; x_wconf 82' lang='lat' dir='ltr'><strong>Operatio,</strong></span> <span class='ocrx_word' id='word_1_665' title='bbox 2642 3416 2698 3462; x_wconf 90' lang='lat' dir='ltr'><strong>et</strong></span> <span class='ocrx_word' id='word_1_666' title='bbox 2743 3409 2902 3461; x_wconf 87' lang='lat' dir='ltr'><strong>unius</strong></span> <span class='ocrx_word' id='word_1_667' title='bbox 2948 3406 3120 3462; x_wconf 63' lang='lat' dir='ltr'><strong>aetatis</strong></span> <span class='ocrx_word' id='word_1_668' title='bbox 3156 3406 3175 3445; x_wconf 72' lang='grc' dir='ltr'>ί</span> <span class='ocrx_word' id='word_1_669' title='bbox 3210 3414 3580 3462; x_wconf 89' lang='lat' dir='ltr'><strong>consummata</strong></span> <span class='ocrx_word' id='word_1_670' title='bbox 3624 3406 3905 3476; x_wconf 76' lang='lat' dir='ltr'><strong>perfectio,</strong></span> 
     </span>
    </p>
   </div>
   <div class='ocr_carea' id='block_1_79' title="bbox 2318 3498 3905 3570">
    <p class='ocr_par' dir='ltr' id='par_1_79' title="bbox 2318 3498 3905 3570">
     <span class='ocr_line' id='line_1_79' title="bbox 2318 3498 3905 3570; baseline 0 -17"><span class='ocrx_word' id='word_1_671' title='bbox 2318 3507 2484 3553; x_wconf 89' lang='lat' dir='ltr'><strong>totum</strong></span> <span class='ocrx_word' id='word_1_672' title='bbox 2538 3500 2697 3553; x_wconf 75' lang='lat' dir='ltr'><strong>iaciat</strong></span> <span class='ocrx_word' id='word_1_673' title='bbox 2737 3513 2989 3555; x_wconf 89' lang='lat' dir='ltr'><strong>crescere</strong></span> <span class='ocrx_word' id='word_1_674' title='bbox 3027 3514 3224 3570; x_wconf 88' lang='lat' dir='ltr'><strong>corpus</strong></span> <span class='ocrx_word' id='word_1_675' title='bbox 3271 3498 3572 3569; x_wconf 70' lang='lat' dir='ltr'><strong>mqualiter,</strong></span> <span class='ocrx_word' id='word_1_676' title='bbox 3624 3507 3682 3554; x_wconf 88' lang='lat' dir='ltr'><strong>et</strong></span> <span class='ocrx_word' id='word_1_677' title='bbox 3726 3499 3905 3555; x_wconf 88' lang='lat' dir='ltr'><strong>oumia</strong></span> 
     </span>
    </p>
   </div>
   <div class='ocr_carea' id='block_1_80' title="bbox 2315 3593 3907 3662">
    <p class='ocr_par' dir='ltr' id='par_1_80' title="bbox 2315 3593 3907 3662">
     <span class='ocr_line' id='line_1_80' title="bbox 2315 3593 3907 3662; baseline 0.001 -15"><span class='ocrx_word' id='word_1_678' title='bbox 2315 3594 2555 3649; x_wconf 87' lang='lat' dir='ltr'><strong>membra</strong></span> <span class='ocrx_word' id='word_1_679' title='bbox 2581 3593 2734 3662; x_wconf 81' lang='lat' dir='ltr'><strong>juxta</strong></span> <span class='ocrx_word' id='word_1_680' title='bbox 2767 3609 3072 3649; x_wconf 87' lang='lat' dir='ltr'><strong>mensuram</strong></span> <span class='ocrx_word' id='word_1_681' title='bbox 3118 3608 3269 3648; x_wconf 89' lang='lat' dir='ltr'><strong>suam</strong></span> <span class='ocrx_word' id='word_1_682' title='bbox 3302 3594 3696 3648; x_wconf 86' lang='lat' dir='ltr'><strong>incrementum</strong></span> <span class='ocrx_word' id='word_1_683' title='bbox 3731 3593 3907 3648; x_wconf 70' lang='lat' dir='ltr'><strong>aetatis</strong></span> 
     </span>
    </p>
   </div>
   <div class='ocr_carea' id='block_1_81' title="bbox 2313 3685 3911 3756">
    <p class='ocr_par' dir='ltr' id='par_1_81' title="bbox 2313 3685 3911 3756">
     <span class='ocr_line' id='line_1_81' title="bbox 2313 3685 3911 3756; baseline 0.001 -16"><span class='ocrx_word' id='word_1_684' title='bbox 2313 3686 2607 3756; x_wconf 76' lang='lat' dir='ltr'><strong>accipiant.</strong></span> <span class='ocrx_word' id='word_1_685' title='bbox 2642 3685 2768 3743; x_wconf 67' lang='lat' dir='ltr'><strong>llzcc</strong></span> <span class='ocrx_word' id='word_1_686' title='bbox 2794 3697 2972 3742; x_wconf 87' lang='lat' dir='ltr'><strong>autem</strong></span> <span class='ocrx_word' id='word_1_687' title='bbox 3004 3696 3114 3741; x_wconf 86' lang='lat' dir='ltr'><strong>tota</strong></span> <span class='ocrx_word' id='word_1_688' title='bbox 3145 3687 3449 3752; x_wconf 67' lang='lat' dir='ltr'><strong>aediﬁcatio,</strong></span> <span class='ocrx_word' id='word_1_689' title='bbox 3483 3700 3580 3755; x_wconf 90' lang='lat' dir='ltr'><strong>per</strong></span> <span class='ocrx_word' id='word_1_690' title='bbox 3611 3702 3774 3756; x_wconf 87' lang='lat' dir='ltr'><strong>quam</strong></span> <span class='ocrx_word' id='word_1_691' title='bbox 3809 3685 3911 3741; x_wconf 73' lang='lat' dir='ltr'><strong>Ec«l</strong></span> 
     </span>
    </p>
   </div>
   <div class='ocr_carea' id='block_1_82' title="bbox 2314 3778 3908 3850">
    <p class='ocr_par' dir='ltr' id='par_1_82' title="bbox 2314 3778 3908 3850">
     <span class='ocr_line' id='line_1_82' title="bbox 2314 3778 3908 3850; baseline 0.001 -18"><span class='ocrx_word' id='word_1_692' title='bbox 2314 3778 2493 3833; x_wconf 68' lang='lat' dir='ltr'><strong>clesizc</strong></span> <span class='ocrx_word' id='word_1_693' title='bbox 2527 3794 2624 3849; x_wconf 82' lang='lat' dir='ltr'><strong>per</strong></span> <span class='ocrx_word' id='word_1_694' title='bbox 2657 3791 2837 3849; x_wconf 86' lang='lat' dir='ltr'><strong>partes</strong></span> <span class='ocrx_word' id='word_1_695' title='bbox 2871 3795 3067 3850; x_wconf 91' lang='lat' dir='ltr'><strong>corpus</strong></span> <span class='ocrx_word' id='word_1_696' title='bbox 3096 3792 3341 3850; x_wconf 85' lang='lat' dir='ltr'><strong>augetur,</strong></span> <span class='ocrx_word' id='word_1_697' title='bbox 3372 3789 3552 3834; x_wconf 90' lang='lat' dir='ltr'><strong>mutua</strong></span> <span class='ocrx_word' id='word_1_698' title='bbox 3599 3780 3649 3834; x_wconf 92' lang='lat' dir='ltr'><strong>in</strong></span> <span class='ocrx_word' id='word_1_699' title='bbox 3683 3796 3743 3836; x_wconf 91' lang='lat' dir='ltr'><strong>se</strong></span> <span class='ocrx_word' id='word_1_700' title='bbox 3769 3778 3908 3835; x_wconf 55' lang='lat' dir='ltr'><strong>carie</strong></span> 
     </span>
    </p>
   </div>
   <div class='ocr_carea' id='block_1_83' title="bbox 2316 3871 3909 3940">
    <p class='ocr_par' dir='ltr' id='par_1_83' title="bbox 2316 3871 3909 3940">
     <span class='ocr_line' id='line_1_83' title="bbox 2316 3871 3909 3940; baseline 0.002 -17"><span class='ocrx_word' id='word_1_701' title='bbox 2316 3880 2422 3925; x_wconf 89' lang='lat' dir='ltr'><strong>tate</strong></span> <span class='ocrx_word' id='word_1_702' title='bbox 2462 3872 2845 3940; x_wconf 86' lang='lat' dir='ltr'><strong>complebitur.</strong></span> <span class='ocrx_word' id='word_1_703' title='bbox 2897 3871 3063 3927; x_wconf 83' lang='lat' dir='ltr'><strong>Totas</strong></span> <span class='ocrx_word' id='word_1_704' title='bbox 3094 3872 3444 3927; x_wconf 55' lang='lat' dir='ltr'><strong>rationabiles</strong></span> <span class='ocrx_word' id='word_1_705' title='bbox 3484 3879 3769 3927; x_wconf 89' lang='lat' dir='ltr'><strong>creaturas</strong></span> <span class='ocrx_word' id='word_1_706' title='bbox 3810 3872 3909 3926; x_wconf 85' lang='lat' dir='ltr'><strong>sub</strong></span> 
     </span>
    </p>
   </div>
   <div class='ocr_carea' id='block_1_84' title="bbox 2316 3954 3909 4035">
    <p class='ocr_par' dir='ltr' id='par_1_84' title="bbox 2316 3954 3909 4035">
     <span class='ocr_line' id='line_1_84' title="bbox 2316 3954 3909 4035; baseline 0.001 -19"><span class='ocrx_word' id='word_1_707' title='bbox 2316 3963 2474 4019; x_wconf 88' lang='lat' dir='ltr'><strong>unius</strong></span> <span class='ocrx_word' id='word_1_708' title='bbox 2516 3964 2848 4018; x_wconf 68' lang='lat' dir='ltr'><strong>rationabilis</strong></span> <span class='ocrx_word' id='word_1_709' title='bbox 2877 3964 3125 4018; x_wconf 89' lang='lat' dir='ltr'><strong>animalis</strong></span> <span class='ocrx_word' id='word_1_710' title='bbox 3154 3954 3515 4035; x_wconf 76' lang='lat' dir='ltr'><strong>intelligamus</strong></span> <span class='ocrx_word' id='word_1_711' title='bbox 3556 3964 3830 4032; x_wconf 69' lang='lat' dir='ltr'><strong>exemplo,</strong></span> <span class='ocrx_word' id='word_1_712' title='bbox 3857 3972 3909 4018; x_wconf 81' lang='lat' dir='ltr'><strong>et</strong></span> 
     </span>
    </p>
   </div>
   <div class='ocr_carea' id='block_1_85' title="bbox 2313 4054 3909 4127">
    <p class='ocr_par' dir='ltr' id='par_1_85' title="bbox 2313 4054 3909 4127">
     <span class='ocr_line' id='line_1_85' title="bbox 2313 4054 3909 4127; baseline 0 -17"><span class='ocrx_word' id='word_1_713' title='bbox 2313 4058 2679 4127; x_wconf 83' lang='lat' dir='ltr'><strong>quodcunque</strong></span> <span class='ocrx_word' id='word_1_714' title='bbox 2712 4060 2778 4112; x_wconf 87' lang='lat' dir='ltr'><strong>dc</strong></span> <span class='ocrx_word' id='word_1_715' title='bbox 2820 4057 2979 4127; x_wconf 83' lang='lat' dir='ltr'><strong>hujus</strong></span> <span class='ocrx_word' id='word_1_716' title='bbox 3012 4058 3271 4111; x_wconf 87' lang='lat' dir='ltr'><strong>membris</strong></span> <span class='ocrx_word' id='word_1_717' title='bbox 3311 4057 3612 4111; x_wconf 84' lang='lat' dir='ltr'><strong>dixerimus</strong></span> <span class='ocrx_word' id='word_1_718' title='bbox 3655 4066 3712 4111; x_wconf 90' lang='lat' dir='ltr'><strong>et</strong></span> <span class='ocrx_word' id='word_1_719' title='bbox 3743 4054 3909 4126; x_wconf 83' lang='lat' dir='ltr'><strong>parti-</strong></span> 
     </span>
    </p>
   </div>
   <div class='ocr_carea' id='block_1_86' title="bbox 2315 4148 3904 4225">
    <p class='ocr_par' dir='ltr' id='par_1_86' title="bbox 2315 4148 3904 4225">
     <span class='ocr_line' id='line_1_86' title="bbox 2315 4148 3904 4225; baseline -0.001 -20"><span class='ocrx_word' id='word_1_720' title='bbox 2315 4152 2435 4217; x_wconf 69' lang='lat' dir='ltr'><strong>b115,</strong></span> <span class='ocrx_word' id='word_1_721' title='bbox 2467 4152 2567 4205; x_wconf 89' lang='lat' dir='ltr'><strong>hoc</strong></span> <span class='ocrx_word' id='word_1_722' title='bbox 2591 4151 2703 4225; x_wconf 76' lang='lat' dir='ltr'>[AL</span> <span class='ocrx_word' id='word_1_723' title='bbox 2746 4163 2847 4205; x_wconf 87' lang='lat' dir='ltr'><strong>tac.</strong></span> <span class='ocrx_word' id='word_1_724' title='bbox 2881 4148 3024 4221; x_wconf 87' lang='lat' dir='ltr'><strong>hoc]</strong></span> <span class='ocrx_word' id='word_1_725' title='bbox 3054 4151 3282 4204; x_wconf 80' lang='lat' dir='ltr'><strong>sciamus</strong></span> <span class='ocrx_word' id='word_1_726' title='bbox 3312 4164 3433 4205; x_wconf 88' lang='lat' dir='ltr'><strong>esse</strong></span> <span class='ocrx_word' id='word_1_727' title='bbox 3464 4149 3809 4204; x_wconf 69' lang='lat' dir='ltr'><strong>referendum</strong></span> <span class='ocrx_word' id='word_1_728' title='bbox 3839 4149 3904 4204; x_wconf 86' lang='lat' dir='ltr'><strong>ad</strong></span> 
     </span>
    </p>
   </div>
   <div class='ocr_carea' id='block_1_87' title="bbox 2316 4241 3909 4315">
    <p class='ocr_par' dir='ltr' id='par_1_87' title="bbox 2316 4241 3909 4315">
     <span class='ocr_line' id='line_1_87' title="bbox 2316 4241 3909 4315; baseline -0.001 -17"><span class='ocrx_word' id='word_1_729' title='bbox 2316 4260 2745 4315; x_wconf 84' lang='lat' dir='ltr'><strong>unamquamque</strong></span> <span class='ocrx_word' id='word_1_730' title='bbox 2780 4243 3150 4299; x_wconf 87' lang='lat' dir='ltr'><strong>rationabilem</strong></span> <span class='ocrx_word' id='word_1_731' title='bbox 3175 4254 3495 4296; x_wconf 81' lang='lat' dir='ltr'><strong>creaturam.</strong></span> <span class='ocrx_word' id='word_1_732' title='bbox 3528 4241 3786 4297; x_wconf 82' lang='lat' dir='ltr'><strong>Putemus</strong></span> <span class='ocrx_word' id='word_1_733' title='bbox 3809 4242 3909 4296; x_wconf 84' lang='lat' dir='ltr'><strong>hoc</strong></span> 
     </span>
    </p>
   </div>
   <div class='ocr_carea' id='block_1_88' title="bbox 2319 4332 3918 4407">
    <p class='ocr_par' dir='ltr' id='par_1_88' title="bbox 2319 4332 3918 4407">
     <span class='ocr_line' id='line_1_88' title="bbox 2319 4332 3918 4407; baseline -0.001 -18"><span class='ocrx_word' id='word_1_734' title='bbox 2319 4336 2517 4389; x_wconf 87' lang='lat' dir='ltr'><strong>animal</strong></span> <span class='ocrx_word' id='word_1_735' title='bbox 2550 4344 2616 4388; x_wconf 81' lang='lat' dir='ltr'><strong>ita</strong></span> <span class='ocrx_word' id='word_1_736' title='bbox 2641 4334 2749 4407; x_wconf 82' lang='lat' dir='ltr'>[AL</span> <span class='ocrx_word' id='word_1_737' title='bbox 2796 4344 2899 4388; x_wconf 64' lang='lat' dir='ltr'><strong>ttc.</strong></span> <span class='ocrx_word' id='word_1_738' title='bbox 2926 4332 3035 4404; x_wconf 60' lang='lat' dir='ltr'><strong>,ita]</strong></span> <span class='ocrx_word' id='word_1_739' title='bbox 3070 4348 3162 4403; x_wconf 88' lang='lat' dir='ltr'><strong>per</strong></span> <span class='ocrx_word' id='word_1_740' title='bbox 3192 4348 3358 4403; x_wconf 71' lang='lat' dir='ltr'><strong>artus,</strong></span> <span class='ocrx_word' id='word_1_741' title='bbox 3402 4347 3569 4387; x_wconf 78' lang='lat' dir='ltr'><strong>venas</strong></span> <span class='ocrx_word' id='word_1_742' title='bbox 3609 4341 3918 4401; x_wconf 68' lang='lat' dir='ltr'><strong>carnesque</strong></span> 
     </span>
    </p>
   </div>
   <div class='ocr_carea' id='block_1_89' title="bbox 2314 4424 3903 4493">
    <p class='ocr_par' dir='ltr' id='par_1_89' title="bbox 2314 4424 3903 4493">
     <span class='ocr_line' id='line_1_89' title="bbox 2314 4424 3903 4493; baseline -0.003 -12"><span class='ocrx_word' id='word_1_743' title='bbox 2314 4429 2394 4481; x_wconf 88' lang='lat' dir='ltr'><strong>lac</strong></span> <span class='ocrx_word' id='word_1_744' title='bbox 2432 4438 2625 4490; x_wconf 89' lang='lat' dir='ltr'><strong>ratum,</strong></span> <span class='ocrx_word' id='word_1_745' title='bbox 2674 4436 2731 4479; x_wconf 92' lang='lat' dir='ltr'><strong>ut</strong></span> <span class='ocrx_word' id='word_1_746' title='bbox 2767 4442 2865 4481; x_wconf 89' lang='lat' dir='ltr'><strong>nec</strong></span> <span class='ocrx_word' id='word_1_747' title='bbox 2896 4440 2957 4479; x_wconf 86' lang='lat' dir='ltr'><strong>os</strong></span> <span class='ocrx_word' id='word_1_748' title='bbox 2987 4426 3096 4480; x_wconf 88' lang='lat' dir='ltr'><strong>ossi</strong></span> <span class='ocrx_word' id='word_1_749' title='bbox 3137 4425 3329 4479; x_wconf 70' lang='lat' dir='ltr'><strong>hmreat</strong></span> <span class='ocrx_word' id='word_1_750' title='bbox 3354 4465 3369 4489; x_wconf 91' lang='lat'><strong>,</strong></span> <span class='ocrx_word' id='word_1_751' title='bbox 3417 4440 3517 4479; x_wconf 91' lang='lat' dir='ltr'><strong>nec</strong></span> <span class='ocrx_word' id='word_1_752' title='bbox 3546 4439 3746 4479; x_wconf 77' lang='lat' dir='ltr'><strong>nervus</strong></span> <span class='ocrx_word' id='word_1_753' title='bbox 3782 4424 3903 4493; x_wconf 85' lang='lat' dir='ltr'><strong>jun-</strong></span> 
     </span>
    </p>
   </div>
   <div class='ocr_carea' id='block_1_90' title="bbox 2312 4514 3905 4587">
    <p class='ocr_par' dir='ltr' id='par_1_90' title="bbox 2312 4514 3905 4587">
     <span class='ocr_line' id='line_1_90' title="bbox 2312 4514 3905 4587; baseline -0.002 -17"><span class='ocrx_word' id='word_1_754' title='bbox 2312 4529 2464 4587; x_wconf 66' lang='lat' dir='ltr'><strong>gitur</strong></span> <span class='ocrx_word' id='word_1_755' title='bbox 2494 4518 2560 4572; x_wconf 82' lang='lat' dir='ltr'><strong>ad</strong></span> <span class='ocrx_word' id='word_1_756' title='bbox 2591 4532 2838 4581; x_wconf 75' lang='lat' dir='ltr'><strong>nervum,</strong></span> <span class='ocrx_word' id='word_1_757' title='bbox 2888 4516 3179 4586; x_wconf 82' lang='lat' dir='ltr'><strong>Separatim</strong></span> <span class='ocrx_word' id='word_1_758' title='bbox 3212 4516 3350 4569; x_wconf 89' lang='lat' dir='ltr'><strong>oculi</strong></span> <span class='ocrx_word' id='word_1_759' title='bbox 3377 4514 3618 4584; x_wconf 72' lang='lat' dir='ltr'><strong>jaceaut,</strong></span> <span class='ocrx_word' id='word_1_760' title='bbox 3659 4530 3905 4571; x_wconf 76' lang='lat' dir='ltr'><strong>seorsum</strong></span> 
     </span>
    </p>
   </div>
   <div class='ocr_carea' id='block_1_91' title="bbox 608 4603 3902 4682">
    <p class='ocr_par' dir='ltr' id='par_1_91' title="bbox 608 4603 3902 4682">
     <span class='ocr_line' id='line_1_91' title="bbox 608 4603 3902 4682; baseline 0.001 -24"><span class='ocrx_word' id='word_1_761' title='bbox 608 4621 747 4671; x_wconf 87' lang='lat' dir='ltr'><strong>nius,</strong></span> <span class='ocrx_word' id='word_1_762' title='bbox 775 4607 904 4661; x_wconf 87' lang='lat' dir='ltr'><strong>etin</strong></span> <span class='ocrx_word' id='word_1_763' title='bbox 939 4622 1041 4660; x_wconf 88' lang='lat' dir='ltr'><strong>uua</strong></span> <span class='ocrx_word' id='word_1_764' title='bbox 1071 4607 1234 4661; x_wconf 90' lang='lat' dir='ltr'><strong>domo</strong></span> <span class='ocrx_word' id='word_1_765' title='bbox 1266 4607 1527 4676; x_wconf 82' lang='lat' dir='ltr'><strong>plurimas</strong></span> <span class='ocrx_word' id='word_1_766' title='bbox 1572 4607 1901 4660; x_wconf 80' lang='lat' dir='ltr'><strong>mansiones.</strong></span> <span class='ocrx_word' id='word_1_767' title='bbox 1930 4606 2047 4659; x_wconf 80' lang='lat' dir='ltr'><strong>Alia</strong></span> <span class='ocrx_word' id='word_1_768' title='bbox 2075 4607 2209 4658; x_wconf 85' lang='lat' dir='ltr'><strong>enim</strong></span> <span class='ocrx_word' id='word_1_769' title='bbox 2243 4603 2289 4663; x_wconf 86' lang='lat' dir='ltr'><strong>D</strong></span> <span class='ocrx_word' id='word_1_770' title='bbox 2320 4628 2498 4676; x_wconf 71' lang='lat' dir='ltr'><strong>nares,</strong></span> <span class='ocrx_word' id='word_1_771' title='bbox 2549 4626 2738 4666; x_wconf 85' lang='lat' dir='ltr'><strong>manus</strong></span> <span class='ocrx_word' id='word_1_772' title='bbox 2786 4612 2946 4665; x_wconf 81' lang='lat' dir='ltr'><strong>alium</strong></span> <span class='ocrx_word' id='word_1_773' title='bbox 2993 4611 3170 4666; x_wconf 87' lang='lat' dir='ltr'><strong>locum</strong></span> <span class='ocrx_word' id='word_1_774' title='bbox 3214 4617 3449 4674; x_wconf 83' lang='lat' dir='ltr'><strong>teneant,</strong></span> <span class='ocrx_word' id='word_1_775' title='bbox 3498 4610 3549 4664; x_wconf 85' lang='lat' dir='ltr'><strong>in</strong></span> <span class='ocrx_word' id='word_1_776' title='bbox 3596 4610 3765 4664; x_wconf 83' lang='lat' dir='ltr'><strong>alium</strong></span> <span class='ocrx_word' id='word_1_777' title='bbox 3798 4610 3902 4682; x_wconf 63' lang='lat' dir='ltr'><strong>[Ali</strong></span> 
     </span>
    </p>
   </div>
   <div class='ocr_carea' id='block_1_92' title="bbox 606 4697 2207 4769">
    <p class='ocr_par' dir='ltr' id='par_1_92' title="bbox 606 4697 2207 4769">
     <span class='ocr_line' id='line_1_92' title="bbox 606 4697 2207 4769; baseline 0 -18"><span class='ocrx_word' id='word_1_778' title='bbox 606 4699 772 4767; x_wconf 85' lang='lat' dir='ltr'><strong>gloria</strong></span> <span class='ocrx_word' id='word_1_779' title='bbox 820 4699 963 4762; x_wconf 88' lang='lat' dir='ltr'><strong>solis,</strong></span> <span class='ocrx_word' id='word_1_780' title='bbox 997 4700 1102 4752; x_wconf 87' lang='lat' dir='ltr'><strong>alia</strong></span> <span class='ocrx_word' id='word_1_781' title='bbox 1150 4701 1317 4769; x_wconf 79' lang='lat' dir='ltr'><strong>gloria</strong></span> <span class='ocrx_word' id='word_1_782' title='bbox 1366 4702 1532 4764; x_wconf 77' lang='lat' dir='ltr'><strong>lttttlL’,</strong></span> <span class='ocrx_word' id='word_1_783' title='bbox 1578 4699 1684 4751; x_wconf 86' lang='lat' dir='ltr'><strong>alia</strong></span> <span class='ocrx_word' id='word_1_784' title='bbox 1728 4697 1995 4750; x_wconf 85' lang='lat' dir='ltr'><strong>stellarum</strong></span> <span class='ocrx_word' id='word_1_785' title='bbox 2041 4697 2207 4765; x_wconf 84' lang='lat' dir='ltr'><strong>gloria</strong></span> 
     </span>
    </p>
   </div>
   <div class='ocr_carea' id='block_1_93' title="bbox 607 4788 2204 4861">
    <p class='ocr_par' dir='ltr' id='par_1_93' title="bbox 607 4788 2204 4861">
     <span class='ocr_line' id='line_1_93' title="bbox 607 4788 2204 4861; baseline -0.001 -20"><span class='ocrx_word' id='word_1_786' title='bbox 607 4790 683 4857; x_wconf 87' lang='lat' dir='ltr'><strong>(I.</strong></span> <span class='ocrx_word' id='word_1_787' title='bbox 711 4788 831 4844; x_wconf 88' lang='lat' dir='ltr'><strong>Cor.</strong></span> <span class='ocrx_word' id='word_1_788' title='bbox 868 4790 951 4845; x_wconf 81' lang='grc'><strong>15.</strong></span> <span class='ocrx_word' id='word_1_789' title='bbox 980 4789 1129 4861; x_wconf 67' lang='lat' dir='ltr'><strong>4L).</strong></span> <span class='ocrx_word' id='word_1_790' title='bbox 1163 4789 1267 4843; x_wconf 86' lang='lat' dir='ltr'><strong>Aut</strong></span> <span class='ocrx_word' id='word_1_791' title='bbox 1297 4801 1444 4845; x_wconf 83' lang='lat' dir='ltr'><strong>certe</strong></span> <span class='ocrx_word' id='word_1_792' title='bbox 1468 4790 1597 4843; x_wconf 88' lang='lat' dir='ltr'><strong>illud</strong></span> <span class='ocrx_word' id='word_1_793' title='bbox 1625 4790 1873 4843; x_wconf 88' lang='lat' dir='ltr'><strong>subtilius</strong></span> <span class='ocrx_word' id='word_1_794' title='bbox 1906 4790 2204 4855; x_wconf 83' lang='lat' dir='ltr'><strong>iudicatur,</strong></span> 
     </span>
    </p>
   </div>
   <div class='ocr_carea' id='block_1_94' title="bbox 682 4922 2202 4988">
    <p class='ocr_par' dir='ltr' id='par_1_94' title="bbox 682 4922 2202 4988">
     <span class='ocr_line' id='line_1_94' title="bbox 682 4922 2202 4988; baseline -0.002 -9"><span class='ocrx_word' id='word_1_795' title='bbox 682 4935 707 4961; x_wconf 78' lang='grc' dir='ltr'>ἰ</span> <span class='ocrx_word' id='word_1_796' title='bbox 739 4926 899 4979; x_wconf 75' lang='lat' dir='ltr'><strong>Addit</strong></span> <span class='ocrx_word' id='word_1_797' title='bbox 930 4926 1067 4979; x_wconf 83' lang='lat' dir='ltr'><strong>idem</strong></span> <span class='ocrx_word' id='word_1_798' title='bbox 1099 4939 1199 4977; x_wconf 92' lang='lat' dir='ltr'><strong>ms.</strong></span> <span class='ocrx_word' id='word_1_799' title='bbox 1236 4926 1365 4988; x_wconf 76' lang='lat' dir='ltr'><strong>hoc;</strong></span> <span class='ocrx_word' id='word_1_800' title='bbox 1400 4938 1506 4975; x_wconf 88' lang='lat' dir='ltr'><strong>tutu</strong></span> <span class='ocrx_word' id='word_1_801' title='bbox 1542 4923 1728 4976; x_wconf 78' lang='lat' dir='ltr'><strong>vitiose</strong></span> <span class='ocrx_word' id='word_1_802' title='bbox 1762 4922 1952 4987; x_wconf 79' lang='lat' dir='ltr'><strong>habet,</strong></span> <span class='ocrx_word' id='word_1_803' title='bbox 1982 4923 2202 4976; x_wconf 85' lang='lat' dir='ltr'><strong>circum-</strong></span> 
     </span>
    </p>
   </div>
   <div class='ocr_carea' id='block_1_95' title="bbox 612 4995 2205 5062">
    <p class='ocr_par' dir='ltr' id='par_1_95' title="bbox 612 4995 2205 5062">
     <span class='ocr_line' id='line_1_95' title="bbox 612 4995 2205 5062; baseline -0.001 -12"><span class='ocrx_word' id='word_1_804' title='bbox 612 4998 787 5062; x_wconf 79' lang='lat' dir='ltr'><strong>datur,</strong></span> <span class='ocrx_word' id='word_1_805' title='bbox 824 4999 1037 5052; x_wconf 72' lang='lat' dir='ltr'><strong>necdum</strong></span> <span class='ocrx_word' id='word_1_806' title='bbox 1077 4999 1289 5061; x_wconf 81' lang='lat' dir='ltr'><strong>scimus,</strong></span> <span class='ocrx_word' id='word_1_807' title='bbox 1323 5005 1427 5049; x_wconf 83' lang='lat' dir='ltr'><strong>etc.</strong></span> <span class='ocrx_word' id='word_1_808' title='bbox 1467 4995 1593 5047; x_wconf 83' lang='lat' dir='ltr'><strong>\ide</strong></span> <span class='ocrx_word' id='word_1_809' title='bbox 1644 4995 1818 5061; x_wconf 73' lang='lat' dir='ltr'><strong>i,suut</strong></span> <span class='ocrx_word' id='word_1_810' title='bbox 1863 4996 2205 5049; x_wconf 73' lang='lat' dir='ltr'><strong>Coiuiucuta~</strong></span> 
     </span>
    </p>
   </div>
   <div class='ocr_carea' id='block_1_96' title="bbox 609 5071 769 5123">
    <p class='ocr_par' dir='ltr' id='par_1_96' title="bbox 609 5071 769 5123">
     <span class='ocr_line' id='line_1_96' title="bbox 609 5071 769 5123; baseline -0.013 0"><span class='ocrx_word' id='word_1_811' title='bbox 609 5071 769 5123; x_wconf 75' lang='lat' dir='ltr'><strong>tium.</strong></span> 
     </span>
    </p>
   </div>
   <div class='ocr_carea' id='block_1_97' title="bbox 683 5132 2202 5206">
    <p class='ocr_par' dir='ltr' id='par_1_97' title="bbox 683 5132 2202 5206">
     <span class='ocr_line' id='line_1_97' title="bbox 683 5132 2202 5206; baseline -0.001 -14"><span class='ocrx_word' id='word_1_812' title='bbox 683 5141 709 5178; x_wconf 72' lang='grc' dir='ltr'><strong>ι)</strong></span> <span class='ocrx_word' id='word_1_813' title='bbox 742 5139 909 5195; x_wconf 71' lang='lat' dir='ltr'><strong>Verba</strong></span> <span class='ocrx_word' id='word_1_814' title='bbox 950 5141 1003 5193; x_wconf 85' lang='lat' dir='ltr'><strong>in</strong></span> <span class='ocrx_word' id='word_1_815' title='bbox 1030 5153 1235 5191; x_wconf 84' lang='lat' dir='ltr'><strong>carcere</strong></span> <span class='ocrx_word' id='word_1_816' title='bbox 1275 5148 1447 5206; x_wconf 87' lang='lat' dir='ltr'><strong>neque</strong></span> <span class='ocrx_word' id='word_1_817' title='bbox 1486 5132 1845 5206; x_wconf 64' lang='lat' dir='ltr'><strong>Guarncrian.</strong></span> <span class='ocrx_word' id='word_1_818' title='bbox 1888 5149 1991 5187; x_wconf 73' lang='lat' dir='ltr'><strong>ms.</strong></span> <span class='ocrx_word' id='word_1_819' title='bbox 2028 5150 2202 5206; x_wconf 88' lang='lat' dir='ltr'><strong>neque</strong></span> 
     </span>
    </p>
   </div>
   <div class='ocr_carea' id='block_1_98' title="bbox 613 5204 2201 5282">
    <p class='ocr_par' dir='ltr' id='par_1_98' title="bbox 613 5204 2201 5282">
     <span class='ocr_line' id='line_1_98' title="bbox 613 5204 2201 5282; baseline -0.004 -16"><span class='ocrx_word' id='word_1_820' title='bbox 613 5206 1018 5282; x_wconf 82' lang='lat' dir='ltr'><strong>llierouymiau.</strong></span> <span class='ocrx_word' id='word_1_821' title='bbox 1048 5205 1501 5282; x_wconf 80' lang='lat' dir='ltr'><strong>Commentarios,</strong></span> <span class='ocrx_word' id='word_1_822' title='bbox 1531 5218 1628 5282; x_wconf 77' lang='lat' dir='ltr'><strong>nec</strong></span> <span class='ocrx_word' id='word_1_823' title='bbox 1649 5204 1883 5271; x_wconf 85' lang='lat' dir='ltr'><strong>denique</strong></span> <span class='ocrx_word' id='word_1_824' title='bbox 1912 5220 2066 5259; x_wconf 86' lang='lat' dir='ltr'><strong>sacer</strong></span> <span class='ocrx_word' id='word_1_825' title='bbox 2090 5204 2201 5273; x_wconf 79' lang='lat' dir='ltr'><strong>ipse</strong></span> 
     </span>
    </p>
   </div>
   <div class='ocr_carea' id='block_1_99' title="bbox 611 5277 2204 5354">
    <p class='ocr_par' dir='ltr' id='par_1_99' title="bbox 611 5277 2204 5354">
     <span class='ocr_line' id='line_1_99' title="bbox 611 5277 2204 5354; baseline -0.004 -16"><span class='ocrx_word' id='word_1_826' title='bbox 611 5277 1047 5354; x_wconf 72' lang='lat' dir='ltr'><strong>Apostoiitextus</strong></span> <span class='ocrx_word' id='word_1_827' title='bbox 1073 5280 1293 5354; x_wconf 70' lang='lat' dir='ltr'><strong>habent,</strong></span> <span class='ocrx_word' id='word_1_828' title='bbox 1318 5279 1411 5327; x_wconf 82' lang='lat' dir='ltr'><strong>scd</strong></span> <span class='ocrx_word' id='word_1_829' title='bbox 1438 5277 1549 5341; x_wconf 84' lang='lat' dir='ltr'><strong>pari</strong></span> <span class='ocrx_word' id='word_1_830' title='bbox 1571 5288 1759 5354; x_wconf 77' lang='lat' dir='ltr'><strong>omnes</strong></span> <span class='ocrx_word' id='word_1_831' title='bbox 1778 5289 2047 5354; x_wconf 70' lang='lat' dir='ltr'><strong>consensu</strong></span> <span class='ocrx_word' id='word_1_832' title='bbox 2075 5294 2204 5354; x_wconf 72' lang='lat' dir='ltr'><strong>prte-</strong></span> 
     </span>
    </p>
   </div>
   <div class='ocr_carea' id='block_1_100' title="bbox 611 5346 2200 5415">
    <p class='ocr_par' dir='ltr' id='par_1_100' title="bbox 611 5346 2200 5415">
     <span class='ocr_line' id='line_1_100' title="bbox 611 5346 2200 5415; baseline -0.004 -6"><span class='ocrx_word' id='word_1_833' title='bbox 611 5346 809 5414; x_wconf 73' lang='lat' dir='ltr'><strong>leruut,</strong></span> <span class='ocrx_word' id='word_1_834' title='bbox 849 5352 946 5404; x_wconf 76' lang='lat' dir='ltr'><strong>Vos</strong></span> <span class='ocrx_word' id='word_1_835' title='bbox 977 5362 1143 5403; x_wconf 82' lang='lat' dir='ltr'><strong>autent</strong></span> <span class='ocrx_word' id='word_1_836' title='bbox 1165 5350 1217 5399; x_wconf 84' lang='lat' dir='ltr'><strong>in</strong></span> <span class='ocrx_word' id='word_1_837' title='bbox 1237 5361 1387 5399; x_wconf 76' lang='lat' dir='ltr'><strong>(arth</strong></span> <span class='ocrx_word' id='word_1_838' title='bbox 1411 5362 1509 5397; x_wconf 85' lang='lat' dir='ltr'><strong>non</strong></span> <span class='ocrx_word' id='word_1_839' title='bbox 1535 5348 1651 5398; x_wconf 87' lang='lat' dir='ltr'><strong>estis</strong></span> <span class='ocrx_word' id='word_1_840' title='bbox 1673 5354 1874 5415; x_wconf 72' lang='grc' dir='ltr'><strong>εὟμεῖς</strong></span> <span class='ocrx_word' id='word_1_841' title='bbox 1896 5346 1949 5402; x_wconf 81' lang='grc' dir='ltr'><strong>δὲ</strong></span> <span class='ocrx_word' id='word_1_842' title='bbox 1974 5350 2064 5402; x_wconf 76' lang='grc' dir='ltr'><strong>οὐκ</strong></span> <span class='ocrx_word' id='word_1_843' title='bbox 2085 5350 2200 5403; x_wconf 78' lang='grc' dir='ltr'><strong>ἐστέ</strong></span> 
     </span>
    </p>
   </div>
   <div class='ocr_carea' id='block_1_101' title="bbox 614 5421 2199 5499">
    <p class='ocr_par' dir='ltr' id='par_1_101' title="bbox 614 5421 2199 5499">
     <span class='ocr_line' id='line_1_101' title="bbox 614 5421 2199 5499; baseline -0.006 -22"><span class='ocrx_word' id='word_1_844' title='bbox 614 5429 662 5480; x_wconf 79' lang='grc' dir='ltr'><strong>ἐν</strong></span> <span class='ocrx_word' id='word_1_845' title='bbox 694 5429 868 5499; x_wconf 68' lang='grc' dir='ltr'><strong>σαρκί.</strong></span> <span class='ocrx_word' id='word_1_846' title='bbox 904 5434 919 5470; x_wconf 87' lang='grc'><strong>1</strong></span> <span class='ocrx_word' id='word_1_847' title='bbox 947 5440 1009 5474; x_wconf 89' lang='lat' dir='ltr'><strong>ur</strong></span> <span class='ocrx_word' id='word_1_848' title='bbox 1040 5431 1219 5474; x_wconf 85' lang='lat' dir='ltr'><strong>tamen</strong></span> <span class='ocrx_word' id='word_1_849' title='bbox 1254 5421 1336 5499; x_wconf 63' lang='lat' dir='ltr'><strong>illa</strong></span> <span class='ocrx_word' id='word_1_850' title='bbox 1366 5431 1825 5499; x_wconf 58' lang='grc' dir='ltr'><strong>11111111118111111111111Σὶ</strong></span> <span class='ocrx_word' id='word_1_851' title='bbox 1844 5436 1959 5499; x_wconf 40' lang='lat' dir='ltr'><strong>non.</strong></span> <span class='ocrx_word' id='word_1_852' title='bbox 1987 5422 2116 5473; x_wconf 65' lang='lat' dir='ltr'><strong>Salis</strong></span> <span class='ocrx_word' id='word_1_853' title='bbox 2146 5422 2199 5475; x_wconf 81' lang='lat' dir='ltr'><strong>id</strong></span> 
     </span>
    </p>
   </div>
   <div class='ocr_carea' id='block_1_102' title="bbox 614 5485 2197 5554">
    <p class='ocr_par' dir='ltr' id='par_1_102' title="bbox 614 5485 2197 5554">
     <span class='ocr_line' id='line_1_102' title="bbox 614 5485 2197 5554; baseline 0.001 -10"><span class='ocrx_word' id='word_1_854' title='bbox 614 5485 819 5550; x_wconf 61' lang='lat' dir='ltr'><strong>caussa:</strong></span> <span class='ocrx_word' id='word_1_855' title='bbox 853 5498 1021 5546; x_wconf 76' lang='lat' dir='ltr'><strong>visum</strong></span> <span class='ocrx_word' id='word_1_856' title='bbox 1056 5502 1168 5554; x_wconf 77' lang='lat' dir='ltr'><strong>est,</strong></span> <span class='ocrx_word' id='word_1_857' title='bbox 1199 5485 1587 5551; x_wconf 77' lang='lat' dir='ltr'><strong>refragantibus</strong></span> <span class='ocrx_word' id='word_1_858' title='bbox 1620 5488 1737 5539; x_wconf 81' lang='lat' dir='ltr'><strong>aliis</strong></span> <span class='ocrx_word' id='word_1_859' title='bbox 1790 5488 2082 5545; x_wconf 77' lang='lat' dir='ltr'><strong>Ruliuiauts</strong></span> <span class='ocrx_word' id='word_1_860' title='bbox 2105 5506 2197 5545; x_wconf 88' lang='lat' dir='ltr'><strong>co-</strong></span> 
     </span>
    </p>
   </div>
   <div class='ocr_carea' id='block_1_103' title="bbox 612 5557 2199 5632">
    <p class='ocr_par' dir='ltr' id='par_1_103' title="bbox 612 5557 2199 5632">
     <span class='ocr_line' id='line_1_103' title="bbox 612 5557 2199 5632; baseline 0.001 -17"><span class='ocrx_word' id='word_1_861' title='bbox 612 5569 818 5621; x_wconf 74' lang='lat' dir='ltr'><strong>dicibus</strong></span> <span class='ocrx_word' id='word_1_862' title='bbox 842 5567 1062 5632; x_wconf 82' lang='lat' dir='ltr'><strong>ipsaque</strong></span> <span class='ocrx_word' id='word_1_863' title='bbox 1079 5558 1335 5632; x_wconf 67' lang='grc' dir='ltr'><strong>111.111.111ὶε</strong></span> <span class='ocrx_word' id='word_1_864' title='bbox 1356 5557 1494 5609; x_wconf 83' lang='lat' dir='ltr'><strong>serie</strong></span> <span class='ocrx_word' id='word_1_865' title='bbox 1511 5570 1562 5632; x_wconf 65' lang='lat' dir='ltr'><strong>et</strong></span> <span class='ocrx_word' id='word_1_866' title='bbox 1586 5567 1857 5632; x_wconf 75' lang='lat' dir='ltr'><strong>contextu.</strong></span> <span class='ocrx_word' id='word_1_867' title='bbox 1886 5560 2001 5614; x_wconf 73' lang='lat' dir='ltr'><strong>Mox</strong></span> <span class='ocrx_word' id='word_1_868' title='bbox 2027 5562 2199 5617; x_wconf 68' lang='lat' dir='ltr'><strong>Guar—</strong></span> 
     </span>
    </p>
   </div>
   <div class='ocr_carea' id='block_1_104' title="bbox 615 5626 1767 5697">
    <p class='ocr_par' dir='ltr' id='par_1_104' title="bbox 615 5626 1767 5697">
     <span class='ocr_line' id='line_1_104' title="bbox 615 5626 1767 5697; baseline -0.017 -4"><span class='ocrx_word' id='word_1_869' title='bbox 615 5641 824 5693; x_wconf 84' lang='lat' dir='ltr'><strong>lieriau.</strong></span> <span class='ocrx_word' id='word_1_870' title='bbox 844 5626 906 5685; x_wconf 82' lang='lat' dir='ltr'><strong>tle</strong></span> <span class='ocrx_word' id='word_1_871' title='bbox 932 5626 1164 5697; x_wconf 70' lang='lat' dir='ltr'><strong>Epistula</strong></span> <span class='ocrx_word' id='word_1_872' title='bbox 1194 5626 1351 5697; x_wconf 81' lang='lat' dir='ltr'><strong>habet</strong></span> <span class='ocrx_word' id='word_1_873' title='bbox 1381 5643 1472 5694; x_wconf 89' lang='lat' dir='ltr'><strong>pro</strong></span> <span class='ocrx_word' id='word_1_874' title='bbox 1501 5627 1767 5696; x_wconf 68' lang='grc' dir='ltr'><strong>Ιίρὲδισιω.</strong></span> 
     </span>
    </p>
   </div>
   <div class='ocr_carea' id='block_1_105' title="bbox 693 5696 2200 5774">
    <p class='ocr_par' dir='ltr' id='par_1_105' title="bbox 693 5696 2200 5774">
     <span class='ocr_line' id='line_1_105' title="bbox 693 5696 2200 5774; baseline 0 -15"><span class='ocrx_word' id='word_1_875' title='bbox 693 5720 713 5745; x_wconf 72' lang='grc' dir='ltr'><strong>ε</strong></span> <span class='ocrx_word' id='word_1_876' title='bbox 748 5696 1129 5761; x_wconf 51' lang='grc' dir='ltr'><strong>(ξηατιιθιιιίιηη</strong></span> <span class='ocrx_word' id='word_1_877' title='bbox 1163 5696 1426 5774; x_wconf 68' lang='lat' dir='ltr'><strong>proferre,</strong></span> <span class='ocrx_word' id='word_1_878' title='bbox 1443 5701 1530 5766; x_wconf 89' lang='lat' dir='ltr'><strong>qui</strong></span> <span class='ocrx_word' id='word_1_879' title='bbox 1579 5710 1634 5774; x_wconf 81' lang='lat' dir='ltr'><strong>et</strong></span> <span class='ocrx_word' id='word_1_880' title='bbox 1662 5702 2046 5770; x_wconf 78' lang='lat' dir='ltr'><strong>subsequentes</strong></span> <span class='ocrx_word' id='word_1_881' title='bbox 2091 5713 2200 5759; x_wconf 85' lang='lat' dir='ltr'><strong>tres</strong></span> 
     </span>
    </p>
   </div>
   <div class='ocr_carea' id='block_1_106' title="bbox 615 5768 2204 5840">
    <p class='ocr_par' dir='ltr' id='par_1_106' title="bbox 615 5768 2204 5840">
     <span class='ocr_line' id='line_1_106' title="bbox 615 5768 2204 5840; baseline -0.006 -7"><span class='ocrx_word' id='word_1_882' title='bbox 615 5784 806 5833; x_wconf 45' lang='lat' dir='ltr'><strong>sorsus</strong></span> <span class='ocrx_word' id='word_1_883' title='bbox 836 5785 1115 5840; x_wconf 84' lang='lat' dir='ltr'><strong>perperam</strong></span> <span class='ocrx_word' id='word_1_884' title='bbox 1156 5768 1376 5833; x_wconf 83' lang='lat' dir='ltr'><strong>omittit,</strong></span> <span class='ocrx_word' id='word_1_885' title='bbox 1417 5771 1615 5825; x_wconf 73' lang='lat' dir='ltr'><strong>litu&#39;arii</strong></span> <span class='ocrx_word' id='word_1_886' title='bbox 1663 5768 1961 5827; x_wconf 66' lang='grc' dir='ltr'><strong>υδεὶιςιίιιω.</strong></span> <span class='ocrx_word' id='word_1_887' title='bbox 2006 5778 2109 5832; x_wconf 77' lang='lat' dir='ltr'><strong>Sed</strong></span> <span class='ocrx_word' id='word_1_888' title='bbox 2149 5790 2204 5834; x_wconf 70' lang='grc' dir='ltr'><strong>ει</strong></span> 
     </span>
    </p>
   </div>
   <div class='ocr_carea' id='block_1_107' title="bbox 618 5840 2197 5911">
    <p class='ocr_par' dir='ltr' id='par_1_107' title="bbox 618 5840 2197 5911">
     <span class='ocr_line' id='line_1_107' title="bbox 618 5840 2197 5911; baseline 0.001 -7"><span class='ocrx_word' id='word_1_889' title='bbox 618 5843 865 5903; x_wconf 80' lang='lat' dir='ltr'><strong>suoerius</strong></span> <span class='ocrx_word' id='word_1_890' title='bbox 890 5840 1131 5900; x_wconf 69' lang='lat' dir='ltr'><strong>quaedam</strong></span> <span class='ocrx_word' id='word_1_891' title='bbox 1163 5845 1375 5909; x_wconf 81' lang='lat' dir='ltr'><strong>peccat,</strong></span> <span class='ocrx_word' id='word_1_892' title='bbox 1400 5855 1517 5911; x_wconf 79' lang='lat' dir='ltr'><strong>qua:</strong></span> <span class='ocrx_word' id='word_1_893' title='bbox 1546 5844 1675 5899; x_wconf 86' lang='lat' dir='ltr'><strong>nihil</strong></span> <span class='ocrx_word' id='word_1_894' title='bbox 1701 5843 1909 5902; x_wconf 74' lang='lat' dir='ltr'><strong>intersit</strong></span> <span class='ocrx_word' id='word_1_895' title='bbox 1930 5859 2015 5903; x_wconf 86' lang='lat' dir='ltr'><strong>tua</strong></span> <span class='ocrx_word' id='word_1_896' title='bbox 2040 5850 2197 5905; x_wconf 69' lang='lat' dir='ltr'><strong>scire.</strong></span> 
     </span>
    </p>
   </div>
   <div class='ocr_carea' id='block_1_108' title="bbox 2317 4700 3905 4773">
    <p class='ocr_par' dir='ltr' id='par_1_108' title="bbox 2317 4700 3905 4773">
     <span class='ocr_line' id='line_1_108' title="bbox 2317 4700 3905 4773; baseline 0.001 -18"><span class='ocrx_word' id='word_1_897' title='bbox 2317 4700 2446 4773; x_wconf 81' lang='lat' dir='ltr'><strong>alio]</strong></span> <span class='ocrx_word' id='word_1_898' title='bbox 2488 4702 2713 4773; x_wconf 82' lang='lat' dir='ltr'><strong>projecti</strong></span> <span class='ocrx_word' id='word_1_899' title='bbox 2752 4702 2861 4755; x_wconf 87' lang='lat' dir='ltr'><strong>sint</strong></span> <span class='ocrx_word' id='word_1_900' title='bbox 2906 4702 3089 4771; x_wconf 85' lang='lat' dir='ltr'><strong>pedes,</strong></span> <span class='ocrx_word' id='word_1_901' title='bbox 3133 4701 3295 4772; x_wconf 80' lang='lat'><strong>350</strong></span> <span class='ocrx_word' id='word_1_902' title='bbox 3322 4712 3376 4755; x_wconf 92' lang='lat' dir='ltr'><strong>et</strong></span> <span class='ocrx_word' id='word_1_903' title='bbox 3414 4702 3618 4770; x_wconf 72' lang='lat' dir='ltr'><strong>rcliqm</strong></span> <span class='ocrx_word' id='word_1_904' title='bbox 3663 4705 3905 4757; x_wconf 83' lang='lat' dir='ltr'><strong>membra</strong></span> 
     </span>
    </p>
   </div>
   <div class='ocr_carea' id='block_1_109' title="bbox 2318 4793 3909 4863">
    <p class='ocr_par' dir='ltr' id='par_1_109' title="bbox 2318 4793 3909 4863">
     <span class='ocr_line' id='line_1_109' title="bbox 2318 4793 3909 4863; baseline -0.002 -13"><span class='ocrx_word' id='word_1_905' title='bbox 2318 4798 2371 4850; x_wconf 88' lang='lat' dir='ltr'><strong>in</strong></span> <span class='ocrx_word' id='word_1_906' title='bbox 2407 4798 2545 4849; x_wconf 88' lang='lat' dir='ltr'><strong>hunc</strong></span> <span class='ocrx_word' id='word_1_907' title='bbox 2574 4796 2787 4849; x_wconf 87' lang='lat' dir='ltr'><strong>modum</strong></span> <span class='ocrx_word' id='word_1_908' title='bbox 2821 4793 2960 4848; x_wconf 81' lang='lat' dir='ltr'><strong>iuzer</strong></span> <span class='ocrx_word' id='word_1_909' title='bbox 2987 4808 3047 4849; x_wconf 88' lang='lat' dir='ltr'><strong>se</strong></span> <span class='ocrx_word' id='word_1_910' title='bbox 3070 4793 3311 4863; x_wconf 81' lang='lat' dir='ltr'><strong>diSpersa</strong></span> <span class='ocrx_word' id='word_1_911' title='bbox 3341 4794 3450 4848; x_wconf 83' lang='lat' dir='ltr'><strong>sint</strong></span> <span class='ocrx_word' id='word_1_912' title='bbox 3477 4803 3536 4848; x_wconf 87' lang='lat' dir='ltr'><strong>et</strong></span> <span class='ocrx_word' id='word_1_913' title='bbox 3566 4795 3758 4850; x_wconf 85' lang='lat' dir='ltr'><strong>divisa.</strong></span> <span class='ocrx_word' id='word_1_914' title='bbox 3786 4795 3909 4850; x_wconf 44' lang='lat' dir='ltr'><strong>Pius</strong></span> 
     </span>
    </p>
   </div>
   <div class='ocr_carea' id='block_1_110' title="bbox 2387 4927 3907 4998">
    <p class='ocr_par' dir='ltr' id='par_1_110' title="bbox 2387 4927 3907 4998">
     <span class='ocr_line' id='line_1_110' title="bbox 2387 4927 3907 4998; baseline 0.002 -14"><span class='ocrx_word' id='word_1_915' title='bbox 2387 4928 2413 4966; x_wconf 72' lang='grc' dir='ltr'>ά</span> <span class='ocrx_word' id='word_1_916' title='bbox 2454 4931 2526 4984; x_wconf 90' lang='lat' dir='ltr'><strong>Ita</strong></span> <span class='ocrx_word' id='word_1_917' title='bbox 2573 4942 2625 4984; x_wconf 88' lang='lat' dir='ltr'><strong>et</strong></span> <span class='ocrx_word' id='word_1_918' title='bbox 2662 4928 2905 4983; x_wconf 87' lang='lat' dir='ltr'><strong>laudatus</strong></span> <span class='ocrx_word' id='word_1_919' title='bbox 2946 4945 3046 4984; x_wconf 83' lang='lat' dir='ltr'><strong>ms.</strong></span> <span class='ocrx_word' id='word_1_920' title='bbox 3079 4928 3264 4994; x_wconf 86' lang='lat' dir='ltr'><strong>habet,</strong></span> <span class='ocrx_word' id='word_1_921' title='bbox 3295 4940 3349 4984; x_wconf 92' lang='lat' dir='ltr'><strong>et</strong></span> <span class='ocrx_word' id='word_1_922' title='bbox 3389 4929 3590 4998; x_wconf 75' lang='lat' dir='ltr'><strong>vulgati</strong></span> <span class='ocrx_word' id='word_1_923' title='bbox 3637 4927 3907 4987; x_wconf 84' lang='lat' dir='ltr'><strong>Ruliuiani</strong></span> 
     </span>
    </p>
   </div>
   <div class='ocr_carea' id='block_1_111' title="bbox 2316 5001 3908 5071">
    <p class='ocr_par' dir='ltr' id='par_1_111' title="bbox 2316 5001 3908 5071">
     <span class='ocr_line' id='line_1_111' title="bbox 2316 5001 3908 5071; baseline -0.001 -15"><span class='ocrx_word' id='word_1_924' title='bbox 2316 5002 2459 5056; x_wconf 67' lang='lat' dir='ltr'><strong>libri.</strong></span> <span class='ocrx_word' id='word_1_925' title='bbox 2496 5002 2665 5054; x_wconf 80' lang='lat' dir='ltr'><strong>Minus</strong></span> <span class='ocrx_word' id='word_1_926' title='bbox 2695 5011 2871 5069; x_wconf 75' lang='lat' dir='ltr'><strong>autem</strong></span> <span class='ocrx_word' id='word_1_927' title='bbox 2907 5002 3039 5054; x_wconf 87' lang='lat' dir='ltr'><strong>bene</strong></span> <span class='ocrx_word' id='word_1_928' title='bbox 3069 5001 3121 5053; x_wconf 90' lang='lat' dir='ltr'><strong>iu</strong></span> <span class='ocrx_word' id='word_1_929' title='bbox 3156 5002 3573 5071; x_wconf 87' lang='lat' dir='ltr'><strong>Ilierouynuano</strong></span> <span class='ocrx_word' id='word_1_930' title='bbox 3615 5003 3908 5063; x_wconf 51' lang='lat' dir='ltr'><strong>Columen:</strong></span> 
     </span>
    </p>
   </div>
   <div class='ocr_carea' id='block_1_112' title="bbox 2317 5072 3910 5139">
    <p class='ocr_par' dir='ltr' id='par_1_112' title="bbox 2317 5072 3910 5139">
     <span class='ocr_line' id='line_1_112' title="bbox 2317 5072 3910 5139; baseline 0.001 -14"><span class='ocrx_word' id='word_1_931' title='bbox 2317 5075 2449 5126; x_wconf 88' lang='lat' dir='ltr'><strong>tario</strong></span> <span class='ocrx_word' id='word_1_932' title='bbox 2478 5075 2636 5124; x_wconf 80' lang='lat' dir='ltr'><strong>etiam</strong></span> <span class='ocrx_word' id='word_1_933' title='bbox 2670 5086 2770 5123; x_wconf 72' lang='lat' dir='ltr'><strong>rus.</strong></span> <span class='ocrx_word' id='word_1_934' title='bbox 2800 5081 2914 5133; x_wconf 88' lang='lat' dir='ltr'><strong>est,</strong></span> <span class='ocrx_word' id='word_1_935' title='bbox 2946 5073 3093 5139; x_wconf 84' lang='lat' dir='ltr'><strong>quasi</strong></span> <span class='ocrx_word' id='word_1_936' title='bbox 3126 5088 3280 5124; x_wconf 87' lang='lat' dir='ltr'><strong>unum</strong></span> <span class='ocrx_word' id='word_1_937' title='bbox 3311 5072 3522 5125; x_wconf 85' lang='lat' dir='ltr'><strong>bonum.</strong></span> <span class='ocrx_word' id='word_1_938' title='bbox 3572 5073 3680 5128; x_wconf 87' lang='lat' dir='ltr'><strong>Sed</strong></span> <span class='ocrx_word' id='word_1_939' title='bbox 3729 5085 3783 5127; x_wconf 88' lang='lat' dir='ltr'><strong>ct</strong></span> <span class='ocrx_word' id='word_1_940' title='bbox 3828 5073 3910 5127; x_wconf 58' lang='lat' dir='ltr'><strong>in‘é</strong></span> 
     </span>
    </p>
   </div>
   <div class='ocr_carea' id='block_1_113' title="bbox 2312 5139 3909 5213">
    <p class='ocr_par' dir='ltr' id='par_1_113' title="bbox 2312 5139 3909 5213">
     <span class='ocr_line' id='line_1_113' title="bbox 2312 5139 3909 5213; baseline -0.001 -16"><span class='ocrx_word' id='word_1_941' title='bbox 2312 5143 2477 5197; x_wconf 78' lang='lat' dir='ltr'><strong>ierius</strong></span> <span class='ocrx_word' id='word_1_942' title='bbox 2508 5142 2683 5195; x_wconf 85' lang='lat' dir='ltr'><strong>minus</strong></span> <span class='ocrx_word' id='word_1_943' title='bbox 2710 5152 2873 5213; x_wconf 4' lang='lat' dir='ltr'><strong>[recte</strong></span> <span class='ocrx_word' id='word_1_944' title='bbox 2912 5139 2983 5194; x_wconf 85' lang='lat' dir='ltr'><strong>ibi</strong></span> <span class='ocrx_word' id='word_1_945' title='bbox 3034 5144 3223 5209; x_wconf 71' lang='lat' dir='ltr'><strong>legitur</strong></span> <span class='ocrx_word' id='word_1_946' title='bbox 3256 5144 3308 5195; x_wconf 91' lang='grc'><strong>111</strong></span> <span class='ocrx_word' id='word_1_947' title='bbox 3343 5143 3615 5213; x_wconf 69' lang='lat' dir='ltr'><strong>prmscuti</strong></span> <span class='ocrx_word' id='word_1_948' title='bbox 3636 5144 3909 5213; x_wconf 77' lang='lat' dir='ltr'><strong>efﬁcimur,</strong></span> 
     </span>
    </p>
   </div>
   <div class='ocr_carea' id='block_1_114' title="bbox 2308 5211 3913 5283">
    <p class='ocr_par' dir='ltr' id='par_1_114' title="bbox 2308 5211 3913 5283">
     <span class='ocr_line' id='line_1_114' title="bbox 2308 5211 3913 5283; baseline 0.001 -17"><span class='ocrx_word' id='word_1_949' title='bbox 2308 5214 2672 5283; x_wconf 67' lang='lat' dir='ltr'><strong>reformantur,</strong></span> <span class='ocrx_word' id='word_1_950' title='bbox 2700 5212 2980 5283; x_wconf 65' lang='lat' dir='ltr'><strong>impletur:</strong></span> <span class='ocrx_word' id='word_1_951' title='bbox 3010 5228 3115 5280; x_wconf 79' lang='lat' dir='ltr'><strong>quo</strong></span> <span class='ocrx_word' id='word_1_952' title='bbox 3155 5214 3368 5279; x_wconf 83' lang='lat' dir='ltr'><strong>quidem</strong></span> <span class='ocrx_word' id='word_1_953' title='bbox 3393 5213 3553 5267; x_wconf 90' lang='lat' dir='ltr'><strong>modo</strong></span> <span class='ocrx_word' id='word_1_954' title='bbox 3585 5211 3913 5270; x_wconf 62' lang='lat' dir='ltr'><strong>Gunrtteria-</strong></span> 
     </span>
    </p>
   </div>
   <div class='ocr_carea' id='block_1_115' title="bbox 2311 5281 3910 5353">
    <p class='ocr_par' dir='ltr' id='par_1_115' title="bbox 2311 5281 3910 5353">
     <span class='ocr_line' id='line_1_115' title="bbox 2311 5281 3910 5353; baseline 0.002 -15"><span class='ocrx_word' id='word_1_955' title='bbox 2311 5281 2409 5338; x_wconf 83' lang='lat' dir='ltr'><strong>nus</strong></span> <span class='ocrx_word' id='word_1_956' title='bbox 2436 5299 2649 5353; x_wconf 86' lang='lat' dir='ltr'><strong>quoque</strong></span> <span class='ocrx_word' id='word_1_957' title='bbox 2678 5298 2777 5334; x_wconf 86' lang='lat' dir='ltr'><strong>ms.</strong></span> <span class='ocrx_word' id='word_1_958' title='bbox 2806 5281 3045 5351; x_wconf 64' lang='lat' dir='ltr'><strong>prall&#39;ert,</strong></span> <span class='ocrx_word' id='word_1_959' title='bbox 3073 5294 3201 5336; x_wconf 87' lang='lat' dir='ltr'><strong>utet</strong></span> <span class='ocrx_word' id='word_1_960' title='bbox 3233 5295 3494 5351; x_wconf 72' lang='lat' dir='ltr'><strong>prazterea</strong></span> <span class='ocrx_word' id='word_1_961' title='bbox 3515 5294 3634 5337; x_wconf 83' lang='lat' dir='ltr'><strong>sunt</strong></span> <span class='ocrx_word' id='word_1_962' title='bbox 3662 5303 3759 5353; x_wconf 91' lang='lat' dir='ltr'><strong>pro</strong></span> <span class='ocrx_word' id='word_1_963' title='bbox 3782 5290 3910 5341; x_wconf 86' lang='lat' dir='ltr'><strong>sint.</strong></span> 
     </span>
    </p>
   </div>
   <div class='ocr_carea' id='block_1_116' title="bbox 2387 5353 3910 5424">
    <p class='ocr_par' dir='ltr' id='par_1_116' title="bbox 2387 5353 3910 5424">
     <span class='ocr_line' id='line_1_116' title="bbox 2387 5353 3910 5424; baseline 0.001 -17"><span class='ocrx_word' id='word_1_964' title='bbox 2387 5364 2410 5391; x_wconf 70' lang='grc' dir='ltr'>ε</span> <span class='ocrx_word' id='word_1_965' title='bbox 2437 5353 2644 5407; x_wconf 68' lang='lat' dir='ltr'><strong>Retinet</strong></span> <span class='ocrx_word' id='word_1_966' title='bbox 2685 5353 3047 5407; x_wconf 86' lang='lat' dir='ltr'><strong>Guarueriau.</strong></span> <span class='ocrx_word' id='word_1_967' title='bbox 3088 5356 3291 5409; x_wconf 73' lang='lat' dir='ltr'><strong>artatis:</strong></span> <span class='ocrx_word' id='word_1_968' title='bbox 3327 5366 3435 5407; x_wconf 90' lang='lat' dir='ltr'><strong>tum</strong></span> <span class='ocrx_word' id='word_1_969' title='bbox 3480 5370 3576 5424; x_wconf 89' lang='lat' dir='ltr'><strong>pro</strong></span> <span class='ocrx_word' id='word_1_970' title='bbox 3605 5372 3700 5409; x_wconf 86' lang='lat' dir='ltr'><strong>nos</strong></span> <span class='ocrx_word' id='word_1_971' title='bbox 3738 5371 3910 5409; x_wconf 77' lang='lat' dir='ltr'><strong>omnes</strong></span> 
     </span>
    </p>
   </div>
   <div class='ocr_carea' id='block_1_117' title="bbox 2312 5425 3908 5494">
    <p class='ocr_par' dir='ltr' id='par_1_117' title="bbox 2312 5425 3908 5494">
     <span class='ocr_line' id='line_1_117' title="bbox 2312 5425 3908 5494; baseline -0.001 -15"><span class='ocrx_word' id='word_1_972' title='bbox 2312 5425 2366 5479; x_wconf 89' lang='lat' dir='ltr'><strong>in</strong></span> <span class='ocrx_word' id='word_1_973' title='bbox 2416 5426 2816 5479; x_wconf 83' lang='lat' dir='ltr'><strong>COmmentario</strong></span> <span class='ocrx_word' id='word_1_974' title='bbox 2873 5440 3008 5477; x_wconf 87' lang='lat' dir='ltr'><strong>nunc</strong></span> <span class='ocrx_word' id='word_1_975' title='bbox 3069 5442 3241 5480; x_wconf 88' lang='lat' dir='ltr'><strong>omnes</strong></span> <span class='ocrx_word' id='word_1_976' title='bbox 3298 5427 3508 5494; x_wconf 81' lang='lat' dir='ltr'><strong>legitur.</strong></span> <span class='ocrx_word' id='word_1_977' title='bbox 3565 5427 3776 5480; x_wconf 66' lang='lat' dir='ltr'><strong>Cic-tera</strong></span> <span class='ocrx_word' id='word_1_978' title='bbox 3839 5429 3908 5480; x_wconf 87' lang='lat' dir='ltr'><strong>ita</strong></span> 
     </span>
    </p>
   </div>
   <div class='ocr_carea' id='block_1_118' title="bbox 2311 5497 3908 5566">
    <p class='ocr_par' dir='ltr' id='par_1_118' title="bbox 2311 5497 3908 5566">
     <span class='ocr_line' id='line_1_118' title="bbox 2311 5497 3908 5566; baseline -0.001 -15"><span class='ocrx_word' id='word_1_979' title='bbox 2311 5497 2666 5551; x_wconf 82' lang='lat' dir='ltr'><strong>Guarucriau.</strong></span> <span class='ocrx_word' id='word_1_980' title='bbox 2698 5536 2713 5559; x_wconf 92' lang='lat'><strong>,</strong></span> <span class='ocrx_word' id='word_1_981' title='bbox 2765 5510 2866 5547; x_wconf 82' lang='lat' dir='ltr'><strong>non</strong></span> <span class='ocrx_word' id='word_1_982' title='bbox 2896 5511 2958 5549; x_wconf 76' lang='lat' dir='ltr'><strong>ex</strong></span> <span class='ocrx_word' id='word_1_983' title='bbox 2990 5507 3131 5566; x_wconf 73' lang='lat' dir='ltr'><strong>parte</strong></span> <span class='ocrx_word' id='word_1_984' title='bbox 3158 5500 3221 5549; x_wconf 88' lang='lat' dir='ltr'><strong>sit</strong></span> <span class='ocrx_word' id='word_1_985' title='bbox 3252 5498 3303 5550; x_wconf 88' lang='lat' dir='ltr'><strong>in</strong></span> <span class='ocrx_word' id='word_1_986' title='bbox 3332 5498 3477 5550; x_wconf 79' lang='lat' dir='ltr'><strong>nobis</strong></span> <span class='ocrx_word' id='word_1_987' title='bbox 3499 5537 3512 5555; x_wconf 89' lang='lat'><strong>.</strong></span> <span class='ocrx_word' id='word_1_988' title='bbox 3542 5499 3631 5549; x_wconf 87' lang='lat' dir='ltr'><strong>sed</strong></span> <span class='ocrx_word' id='word_1_989' title='bbox 3658 5509 3829 5561; x_wconf 85' lang='lat' dir='ltr'><strong>totus,</strong></span> <span class='ocrx_word' id='word_1_990' title='bbox 3864 5506 3908 5549; x_wconf 84' lang='lat' dir='ltr'><strong>et</strong></span> 
     </span>
    </p>
   </div>
   <div class='ocr_carea' id='block_1_119' title="bbox 2310 5565 3906 5635">
    <p class='ocr_par' dir='ltr' id='par_1_119' title="bbox 2310 5565 3906 5635">
     <span class='ocr_line' id='line_1_119' title="bbox 2310 5565 3906 5635; baseline -0.001 -15"><span class='ocrx_word' id='word_1_991' title='bbox 2310 5567 2502 5620; x_wconf 85' lang='lat' dir='ltr'><strong>relictis</strong></span> <span class='ocrx_word' id='word_1_992' title='bbox 2541 5565 2672 5619; x_wconf 76' lang='lat' dir='ltr'><strong>vitiis</strong></span> <span class='ocrx_word' id='word_1_993' title='bbox 2713 5565 3039 5635; x_wconf 81' lang='lat' dir='ltr'><strong>parvulorum</strong></span> <span class='ocrx_word' id='word_1_994' title='bbox 3064 5606 3079 5631; x_wconf 89' lang='lat'><strong>,</strong></span> <span class='ocrx_word' id='word_1_995' title='bbox 3123 5569 3426 5621; x_wconf 85' lang='lat' dir='ltr'><strong>creverimus</strong></span> <span class='ocrx_word' id='word_1_996' title='bbox 3467 5568 3520 5620; x_wconf 83' lang='lat' dir='ltr'><strong>in</strong></span> <span class='ocrx_word' id='word_1_997' title='bbox 3559 5584 3677 5620; x_wconf 84' lang='lat' dir='ltr'><strong>eum</strong></span> <span class='ocrx_word' id='word_1_998' title='bbox 3719 5573 3906 5634; x_wconf 77' lang='lat' dir='ltr'><strong>virum,</strong></span> 
     </span>
    </p>
   </div>
   <div class='ocr_carea' id='block_1_120' title="bbox 2310 5637 3811 5708">
    <p class='ocr_par' dir='ltr' id='par_1_120' title="bbox 2310 5637 3811 5708">
     <span class='ocr_line' id='line_1_120' title="bbox 2310 5637 3811 5708; baseline 0 -17"><span class='ocrx_word' id='word_1_999' title='bbox 2310 5640 2372 5692; x_wconf 81' lang='lat' dir='ltr'><strong>de</strong></span> <span class='ocrx_word' id='word_1_1000' title='bbox 2394 5654 2519 5708; x_wconf 78' lang='lat' dir='ltr'><strong>quo,</strong></span> <span class='ocrx_word' id='word_1_1001' title='bbox 2556 5650 2660 5690; x_wconf 84' lang='lat' dir='ltr'><strong>etc.</strong></span> <span class='ocrx_word' id='word_1_1002' title='bbox 2694 5644 2860 5690; x_wconf 88' lang='lat' dir='ltr'><strong>t&#39;orro</strong></span> <span class='ocrx_word' id='word_1_1003' title='bbox 2894 5637 3184 5708; x_wconf 12' lang='lat' dir='ltr'><strong>graviusiiu</strong></span> <span class='ocrx_word' id='word_1_1004' title='bbox 3216 5639 3566 5708; x_wconf 81' lang='lat' dir='ltr'><strong>sequentibus</strong></span> <span class='ocrx_word' id='word_1_1005' title='bbox 3601 5649 3811 5705; x_wconf 83' lang='lat' dir='ltr'><strong>peccat.</strong></span> 
     </span>
    </p>
   </div>
   <div class='ocr_carea' id='block_1_121' title="bbox 2386 5706 3905 5765">
    <p class='ocr_par' dir='ltr' id='par_1_121' title="bbox 2386 5706 3905 5765">
     <span class='ocr_line' id='line_1_121' title="bbox 2386 5706 3905 5765; baseline -0.001 -4"><span class='ocrx_word' id='word_1_1006' title='bbox 2386 5706 2405 5747; x_wconf 72' lang='grc' dir='ltr'>ί</span> <span class='ocrx_word' id='word_1_1007' title='bbox 2439 5708 2634 5763; x_wconf 88' lang='lat' dir='ltr'><strong>lterum</strong></span> <span class='ocrx_word' id='word_1_1008' title='bbox 2668 5709 2831 5761; x_wconf 75' lang='lat' dir='ltr'><strong>letalis</strong></span> <span class='ocrx_word' id='word_1_1009' title='bbox 2875 5721 3069 5760; x_wconf 88' lang='lat' dir='ltr'><strong>uo.neu</strong></span> <span class='ocrx_word' id='word_1_1010' title='bbox 3109 5707 3161 5760; x_wconf 88' lang='lat' dir='ltr'><strong>in</strong></span> <span class='ocrx_word' id='word_1_1011' title='bbox 3204 5706 3576 5763; x_wconf 80' lang='lat' dir='ltr'><strong>Guarueriano</strong></span> <span class='ocrx_word' id='word_1_1012' title='bbox 3626 5719 3905 5765; x_wconf 78' lang='lat' dir='ltr'><strong>reticetur.</strong></span> 
     </span>
    </p>
   </div>
   <div class='ocr_carea' id='block_1_122' title="bbox 2310 5777 3904 5855">
    <p class='ocr_par' dir='ltr' id='par_1_122' title="bbox 2310 5777 3904 5855">
     <span class='ocr_line' id='line_1_122' title="bbox 2310 5777 3904 5855; baseline -0.001 -22"><span class='ocrx_word' id='word_1_1013' title='bbox 2310 5780 2427 5855; x_wconf 68' lang='lat' dir='ltr'><strong>Mes</strong></span> <span class='ocrx_word' id='word_1_1014' title='bbox 2460 5778 2771 5855; x_wconf 28' lang='lat' dir='ltr'><strong>ex‘eodem,</strong></span> <span class='ocrx_word' id='word_1_1015' title='bbox 2804 5786 2863 5831; x_wconf 88' lang='lat' dir='ltr'><strong>ut</strong></span> <span class='ocrx_word' id='word_1_1016' title='bbox 2889 5788 2941 5834; x_wconf 89' lang='lat' dir='ltr'><strong>et</strong></span> <span class='ocrx_word' id='word_1_1017' title='bbox 2966 5777 3388 5849; x_wconf 79' lang='lat' dir='ltr'><strong>Commentario,</strong></span> <span class='ocrx_word' id='word_1_1018' title='bbox 3434 5794 3654 5855; x_wconf 80' lang='lat' dir='ltr'><strong>augetur</strong></span> <span class='ocrx_word' id='word_1_1019' title='bbox 3686 5797 3784 5852; x_wconf 83' lang='lat' dir='ltr'><strong>pro</strong></span> <span class='ocrx_word' id='word_1_1020' title='bbox 3809 5795 3904 5832; x_wconf 85' lang='lat' dir='ltr'><strong>au-</strong></span> 
     </span>
    </p>
   </div>
   <div class='ocr_carea' id='block_1_123' title="bbox 2308 5850 2780 5922">
    <p class='ocr_par' dir='ltr' id='par_1_123' title="bbox 2308 5850 2780 5922">
     <span class='ocr_line' id='line_1_123' title="bbox 2308 5850 2780 5922; baseline -0.002 -17"><span class='ocrx_word' id='word_1_1021' title='bbox 2308 5852 2508 5922; x_wconf 78' lang='lat' dir='ltr'><strong>gebitur</strong></span> <span class='ocrx_word' id='word_1_1022' title='bbox 2537 5850 2780 5920; x_wconf 85' lang='lat' dir='ltr'><strong>legimus.</strong></span> 
     </span>
    </p>
   </div>
  </div>
