4166 6348
273 342 373 399 sill

1463 332 1826 391 APOLOGLE
1866 326 2072 387 LillFR
2114 326 2363 390 ιπιιιιιιῖε

3455 341 3557 396 582

270 475 461 530 gamus
494 456 602 529 [ΑΙ.
662 456 862 527 Finge]
900 453 1131 524 aliquem
1183 450 1366 507 venire
1417 460 1577 506 tanta!
1630 451 1869 505 scientiae
1900 452 1950 510 Α
1977 452 2136 504 etiam
2167 468 2308 505 nunc
2348 460 2401 503 tu
2445 465 2658 519 quoque
2693 449 2851 519 jubes
2886 465 2981 507 eos
3018 452 3235 524 legere,
3276 456 3361 511 ubi
3394 458 3552 527 dicis,

273 552 567 617 medicum,
617 551 705 620 qui
743 550 892 618 juxta
933 548 1136 602 fabulas
1187 546 1555 609 lithnicorutn,
1615 540 1867 597 Escula-

276 648 421 713 pium
457 644 624 714 possit
656 642 877 707 imitari,
911 648 964 697 et
1005 654 1195 694 novam
1239 638 1459 707 ﬁguram
1490 645 1516 674 ⁸
1569 648 1872 703 novumque

280 736 559 792 hominem
614 733 852 787 Virbium
902 732 1186 786 suscitare.
1240 731 1333 784 llic
1383 744 1607 783 necesse
1652 728 1871 783 habebit

291 823 712 894 unumquodque
761 823 1060 876 membrum
1116 836 1216 875 suo
1266 822 1385 875 loco
1436 821 1761 881 restituere,
1817 825 1873 873 et

290 929 607 985 compagem
660 914 915 982 copulare
968 912 1244 980 compagi,
1290 920 1345 965 et
1384 910 1615 979 quodam
1666 909 1873 977 glutino

285 1011 526 1079 partibus
557 1007 841 1070 restitutis,
874 1020 1035 1059 unum
1064 1018 1258 1072 corpus
1289 1002 1530 1057 efﬁcere.
1586 1001 1874 1069 llucusque

290 1101 444 1156 nobis
502 1114 607 1154 una
658 1097 954 1154 similitudo
1004 1098 1345 1168 processerit.
1389 1096 1538 1151 Nunc
1593 1096 1644 1149 in
1683 1099 1872 1151 eailem

286 1194 639 1249 similitudine
670 1192 778 1264 [ΑΙ.
814 1191 1054 1246 eamdem
1079 1176 1513 1261 similitudinem]
1557 1189 1622 1241 ad
1649 1189 1701 1243 id
1734 1187 1874 1257 quod

288 1290 509 1358 intelligi
543 1289 790 1341 volumus
813 1288 954 1341 aliud
985 1286 1228 1340 trahatur
1252 1286 1583 1351 exemplum.
1617 1285 1875 1338 Parvulas

289 1379 487 1433 crescit
518 1378 627 1449 [ΑΙ.
658 1372 928 1447 c:eseat],
979 1386 1026 1431 et
1060 1378 1276 1431 occulto
1325 1392 1440 1430 ervo
1486 1378 1535 1429 in
1582 1375 1873 1445 perfectam

287 1468 552 1523 adolescit
601 1468 706 1538 [AL
740 1467 1034 1539 adolescat]
1078 1477 1288 1521 atatem
1323 1485 1336 1521 :
1367 1483 1519 1522 suum
1554 1479 1741 1522 manus
1779 1468 1877 1520 lia-

288 1560 414 1615 hent
447 1560 555 1632 [ΑΙ.
595 1560 680 1613 bal
702 1559 833 1621 ebit,
866 1569 917 1611 et
952 1556 1208 1629 sentient]
1247 1567 1588 1629 augmentum
1613 1600 1627 1623 ,
1657 1574 1750 1612 sua
1788 1572 1879 1625 pe-

289 1652 383 1706 des
426 1652 666 1705 sentiiint
723 1651 1098 1704 incrementa:
1136 1660 1347 1714 venter,
1395 1650 1519 1702 dum
1578 1664 1871 1713 nescimus,

292 1744 565 1813 impletur,
630 1742 863 1808 humeri,
895 1742 1020 1795 dum
1054 1741 1316 1796 falluntur
1344 1742 1506 1807 oculi,
1563 1741 1875 1804 dilatantur,

1972 539 2112 609 quod
2158 555 2351 595 omnes
2394 541 2743 596 rationabiles
2768 552 3052 610 creatura;
3083 561 3204 613 qua:
3251 549 3352 602 sub
3394 552 3554 606 unius

1975 631 2311 686 rationabilis
2360 632 2608 686 animalis
2636 634 2886 704 exemplo
2916 635 3332 708 :intelliguiitur,
3397 642 3466 694 ita
3500 643 3552 697 in

1975 736 2137 774 unum
2189 735 2385 792 corpus
2445 724 2757 792 reparanda:
2800 726 2946 793 sint,
3002 735 3254 799 tanquam
3302 731 3347 785 si
3399 734 3559 789 unius

1975 811 2209 866 hominis
2232 814 2469 867 membra
2494 815 2728 877 divulsa.
2757 832 2943 872 rursus
2962 818 3013 872 in
3039 818 3281 889 ejusdem
3312 827 3559 892 corporis

1973 905 2300 959 soliditatem
2352 906 2648 978 A‘Zsculapii
2698 918 2813 964 arte
2868 924 3185 981 reparentur
3218 932 3231 968 :
3262 916 3313 970 in
3364 919 3558 987 quibus

1975 999 2190 1069 quidem
2218 997 2432 1055 diversa
2476 1000 2653 1055 futura
2683 1002 2872 1058 deﬁnis
2915 1006 3111 1071 ofﬁcia,
3164 1018 3350 1078 utpote
3380 1027 3554 1065 ntem-

1979 1089 2217 1154 brorum,
2270 1090 2365 1144 sed
2392 1107 2588 1161 corpus
2614 1108 2801 1160 unum,
2828 1093 2855 1131 ιι
2887 1095 2987 1150 hoc
3017 1108 3096 1151 est
3129 1102 3287 1154 unius
3329 1112 3557 1165 natura».

1977 1190 2034 1235 et
2064 1182 2161 1235 boc
2185 1182 2423 1237 omnium
2456 1199 2618 1238 unum
2650 1201 2842 1256 corpus
2865 1228 2880 1253 ,
2911 1190 3229 1256 priiuitivam
3263 1193 3555 1248 Ecclesiaut

1978 1283 2157 1337 vncas.
2201 1285 2254 1328 et
2283 1290 2479 1344 corpus
2506 1292 2628 1331 esse
2655 1281 2899 1332 nominas
2928 1281 3147 1347 Christi,
3180 1286 3333 1356 cujus
3368 1302 3563 1358 corpo-

1979 1368 2053 1422 ris
2085 1381 2248 1419 unum
2291 1367 2593 1422 membrum
2638 1385 2738 1424 suo
2788 1370 2967 1426 ofﬁcio
3023 1376 3433 1444 restituendum,
3491 1382 3571 1436 ais

1978 1472 2101 1512 esse
2135 1460 2382 1527 angelum
2418 1458 2681 1530 refugam,
2713 1462 2802 1531 qui
2834 1474 2918 1519 cst
2945 1464 3125 1535 utique
3148 1466 3413 1536 diabolus,
3438 1476 3567 1525 etin

1983 1547 2085 1601 hoc
2108 1550 2253 1615 quod
2278 1549 2346 1601 ab
2369 1547 2526 1602 initio
2551 1562 2761 1605 creatus
2785 1561 2888 1617 est,
2914 1558 3287 1623 reparandum.
3312 1558 3572 1616 Similiter

1981 1650 2034 1694 et
2069 1639 2364 1706 hominem,
2406 1642 2553 1696 aliud
2596 1645 2918 1713 membrum,
2979 1650 3046 1701 ad
3092 1650 3296 1705 cultum
3339 1655 3571 1721 paradisi

1984 1741 2239 1801 tanquam
2309 1735 2560 1790 colonum
2605 1735 2619 1773 ί
2668 1739 3015 1808 originarium
3083 1746 3440 1801 revocandum
3476 1766 3487 1798 :
3520 1758 3575 1802 et

290 1845 343 1891 et
371 1836 549 1889 mntiii
586 1835 825 1890 membra
869 1851 963 1904 per
989 1845 1168 1903 partes
1192 1834 1342 1903 juxta
1378 1844 1684 1887 mensuram
1729 1849 1879 1889 suam
1914 1823 1960 1882 Β
1990 1826 2103 1881 iure
2136 1827 2298 1892 nulla.
2334 1836 2389 1881 υῑ
2412 1828 2526 1882 ﬁeri
2552 1829 2711 1895 solet,
2750 1847 2869 1885 cum
2895 1833 2965 1886 de
2997 1834 3151 1887 tuitus
3187 1836 3379 1891 talibus
3410 1839 3574 1905 [edes

290 1932 367 1984 sit:
396 1937 672 1994 crescunt,
704 1927 802 1981 uth
830 1934 1009 1981 tamen
1042 1941 1148 1980 non
1180 1925 1280 1979 sibi
1309 1925 1401 1980 sed
1434 1928 1643 1994 corpori
1674 1926 1881 1980 videatis

294 2030 380 2074 tur
429 2021 637 2091 augeri.
693 2021 763 2073 Ita
813 2020 973 2089 igitur
1015 2027 1071 2073 et
1114 2018 1164 2071 in
1221 2019 1563 2072 restitutione
1612 2018 1877 2083 omnium,

291 2115 507 2182 quando
533 2127 731 2181 corpus
755 2112 919 2165 totius
948 2110 1203 2164 Ecclesia:
1228 2125 1371 2163 nunc
1399 2110 1697 2178 dispersum
1719 2120 1881 2180 atque

293 2206 604 2266 laceratum,
633 2218 790 2257 vetus
823 2202 1061 2257 medicus
1094 2202 1253 2256 Jesus
1292 2198 1558 2264 Christus,
1590 2213 1880 2255 sanaturus

293 2295 595 2364 advenerit,
629 2295 993 2363 unusquisque
1016 2293 1309 2346 secundum
1340 2308 1655 2347 mensuram
1686 2294 1805 2346 ﬁdei
1828 2302 1881 2346 et

294 2390 617 2459 agnitionem
651 2387 768 2442 Filii
806 2388 895 2441 Dei
930 2388 1110 2455 (quem
1168 2386 1288 2441 ideo
1327 2401 1620 2455 agnoscere
1654 2387 1879 2451 dicitur,

298 2493 319 2522 ε
347 2486 471 2553 quia
519 2484 667 2553 prius
698 2492 935 2546 noverat,
987 2492 1039 2536 et
1085 2492 1266 2551 postea
1296 2496 1454 2536 nosse
1481 2481 1695 2551 desivit)
1729 2497 1879 2535 suum

298 2578 516 2644 recipiet
558 2576 756 2639 locum,
805 2582 861 2629 et
899 2574 1115 2643 incipiet
1154 2574 1204 2629 id
1235 2589 1355 2629 esse
1383 2576 1523 2645 quod
1568 2574 1744 2630 fuerat
1769 2592 1782 2629 :
1811 2577 1881 2630 ita

298 2678 471 2722 tanien
504 2678 561 2722 ut
589 2684 693 2721 non
730 2666 881 2736 juxta
910 2668 1068 2721 aliam
1092 2665 1117 2703 ά
1147 2668 1394 2722 hiercsim
1447 2683 1636 2723 omnes
1686 2669 1736 2723 in
1772 2686 1878 2724 una

299 2766 456 2812 letale
485 2760 594 2812 sint
636 2758 825 2823 iositi.
879 2759 930 2811 id
972 2768 1075 2822 est,
1126 2773 1314 2812 omnes
1346 2760 1397 2812 in
1429 2759 1664 2829 Angelos
1712 2757 1882 2816 refor-

301 2861 514 2907 mentur
549 2870 562 2904 :
605 2852 700 2906 scd
750 2851 1168 2921 unumquodque
1206 2853 1503 2905 membrum
1545 2852 1697 2923 juxta
1738 2869 1888 2908 men-

301 2955 478 2998 suram
511 2959 662 2997 suam
691 2953 743 2997 ct
774 2941 1015 2997 officium
1047 2951 1070 2979 ο
1095 2958 1251 2997 suum
1279 2944 1576 3013 perfectum
1607 2946 1695 2998 sit.
1725 2944 1883 3001 Verbi

302 3041 492 3112 gvatia,
520 3050 578 3093 ut
608 3039 843 3108 Angelus
872 3040 1052 3108 refuga
1085 3039 1135 3091 id
1162 3053 1283 3093 es~e
1324 3038 1543 3109 lnc’piat
1570 3040 1710 3105 quod
1735 3054 1886 3095 creas

304 3138 387 3187 tus
416 3141 501 3187 est
535 3149 548 3185 :
579 3144 631 3186 et
660 3130 825 3185 homo
855 3132 944 3199 qui
975 3131 1042 3184 de
1076 3130 1324 3199 paradiso
1356 3130 1530 3186 fuerat
1568 3130 1789 3200 ejei-tns,
1818 3130 1886 3185 ad

1990 1919 2178 1972 tcntim
2208 1931 2468 1988 cauteque
2495 1922 2708 1985 dicitur,
2745 1925 2966 1977 alterius
2994 1926 3277 1994 interjecta
3312 1946 3561 1997 persona,

1983 2010 2346 2078 prosequeiis,
2394 2010 2483 2065 uti
2527 2012 2804 2067 dubitasse
2849 2022 2902 2069 te
2943 2016 3137 2084 aliquis
3169 2020 3219 2072 in
3267 2021 3425 2075 rebus
3456 2032 3563 2078 tant

1983 2103 2205 2157 secretis
2231 2114 2286 2159 et
2312 2104 2639 2159 absconditis
2671 2105 2965 2169 ctissiniet,
2995 2109 3132 2163 siciit
3154 2111 3417 2179 Origenes
3445 2115 3567 2178 iste,

1986 2195 2141 2263 cujus
2193 2203 2244 2249 te
2286 2205 2338 2249 et
2380 2195 2699 2262 diseipulum
2751 2212 2858 2251 non
2910 2215 3095 2268 negas,
3145 2211 3199 2254 (ι
3245 2204 3571 2270 proditum."

1983 2286 2210 2349 fateris,
2272 2298 2489 2355 semper
2544 2288 2721 2343 facere
2774 2288 3043 2344 invenitur
3094 2293 3144 2346 in
3192 2295 3429 2351 talibus:
3475 2298 3569 2351 sed

1984 2378 2209 2447 abrupta
2248 2387 2300 2431 et
2327 2378 2543 2434 deﬁnita
2600 2381 2886 2447 sententia,
2944 2392 3193 2451 tanquam
3236 2389 3279 2438 si
3329 2389 3567 2458 Angelus

1989 2469 2300 2539 loqueretur
2330 2471 2383 2525 in
2412 2473 2648 2537 itaiiiefe,
2683 2484 2773 2527 aut
2796 2474 3037 2528 Clitisius
3069 2476 3119 2529 iii
3147 2476 3331 2544 Paulo,
3365 2491 3571 2534 morta-

1988 2561 2115 2615 lium
2148 2562 2367 2616 aurilius
2390 2564 2688 2618 futurorum
2719 2579 2917 2618 ari-ana
2945 2568 3193 2621 rnitntias
3224 2571 3569 2626 smculorunu

1988 2654 2057 2707 Et
2099 2654 2200 2720 ais,
2233 2654 2374 2709 Nulli
2409 2666 2681 2723 veterum,
2722 2659 2891 2712 electa
2924 2676 2949 2711 a
2981 2661 3199 2717 (Ilii-isto
3247 2666 3399 2732 plebs
3442 2666 3573 2721 ﬁle-

1991 2748 2142 2815 littm,
2172 2749 2382 2804 credas.
2417 2751 2471 2805 Si
2502 2750 2760 2820 Origenes
2799 2754 2998 2822 aliquid
3029 2755 3097 2811 de
3136 2758 3207 2809 di.
3229 2757 3329 2812 inte
3358 2761 3575 2831 dispen-

1989 2841 2219 2894 sationis
2248 2842 2631 2897 secretioribns
2657 2844 2962 2913 suspicatus
2986 2858 3090 2913 est,
3132 2865 3164 2903 n
3204 2867 3290 2902 nio
3322 2854 3564 2919 recipiat.

1988 2925 2102 2985 ιΕι
2131 2932 2175 2984 si
2196 2931 2469 2997 Clemens,
2492 2943 2583 2987 aut
2610 2933 2705 2988 ille
2735 2937 3112 3004 Apostolorum
3145 2937 3455 3007 discipulus,
3484 2957 3577 3000 aut

1992 3022 2079 3077 ille
2108 3022 2484 3078 Alexandrina:
2526 3024 2807 3089 Ecclesiae,
2838 3036 2889 3081 et
2921 3027 3087 3098 ipsius
3116 3029 3282 3101 352
3322 3034 3577 3101 magister

1990 3114 2234 3184 Origenis
2265 3115 2371 3170 tale
2391 3115 2594 3185 aliquid
2624 3117 2874 3171 dixerunt
2899 3135 2913 3173 :
2939 3120 3148 3174 etiamsi
3173 3120 3461 3190 Gregorius
3485 3126 3573 3179 ille

305 3224 570 3278 culturam
587 3224 780 3277 iterum
802 3222 1035 3291 paradisi
1054 3222 1381 3275 restituatur.
1414 3223 1517 3276 Ista
1535 3232 1710 3276 autem
1725 3222 1884 3296 35]

1995 3205 2265 3271 Ponticus,
2310 3206 2391 3261 vir
2422 3208 2855 3277 Aposto‘icarum
2898 3211 3150 3266 virtutum
3182 3215 3430 3269 :etiamsi
3474 3216 3575 3272 iste

307 3318 557 3369 universa
599 3315 679 3369 sic
712 3310 731 3350 ί
766 3314 927 3378 lieni,
986 3325 1039 3367 ut
1096 3313 1320 3367 invicem
1371 3313 1512 3367 inter
1561 3329 1621 3368 se
1666 3317 1892 3370 caritate

310 3407 624 3476 iungantur:
646 3416 700 3461 et
724 3406 849 3459 dum
879 3406 1181 3476 eongaudet
1210 3406 1509 3462 membrum
1542 3407 1806 3470 membro,
1838 3415 1891 3463 et

312 3502 363 3555 in
395 3500 620 3555 alterius
650 3500 997 3568 provectione
1029 3500 1269 3566 laetatur,
1319 3499 1516 3556 Christi
1558 3515 1755 3571 corpus
1796 3501 1894 3556 an

312 3595 477 3650 clesia
527 3596 945 3664 priniitivorttn‘t,
992 3593 1193 3649 habitet
1240 3595 1292 3650 in
1332 3596 1531 3650 caelesti
1562 3594 1883 3662 Jerusalem.

313 3696 470 3753 quam
500 3681 553 3740 in
594 3685 699 3740 alio
730 3682 848 3740 loco
876 3682 1167 3753 Apostolus
1200 3695 1355 3741 vocat
1398 3697 1624 3742 matrem
1671 3689 1898 3745 Sancto-

317 3789 506 3828 nun.)

384 3866 477 3921 45.
534 3866 660 3921 liirc
717 3877 801 3920 tua
853 3865 993 3921 dicta
1046 3866 1231 3937 legunt
1275 3883 1463 3924 omnes
1492 3879 1515 3917 Β
1545 3869 1740 3940 Latini,
1782 3887 1901 3942 qua!

392 4009 417 4037 ι
454 4000 704 4054 Fortasse
741 4002 919 4055 verior
948 4001 1468 4057 Commentariorum
1517 4015 1595 4059 est
1639 4006 1814 4070 li-rtio,
1858 4018 1903 4061 et

320 4073 371 4125 itt
402 4088 585 4124 novam
631 4074 863 4143 ﬁguram,
909 4090 1193 4137 not-nmque
1240 4091 1417 4126 nomen
1464 4075 1693 4128 Viibfnin
1736 4095 1822 4129 siis
1855 4080 1902 4130 i-

323 4157 431 4196 tare
455 4158 475 4197 :
506 4143 715 4197 sriiicet
752 4145 865 4213 llipi
887 4144 1056 4213 olyto,
1088 4160 1244 4211 quem
1274 4146 1341 4195 alt
1363 4148 1514 4213 equis
1546 4150 1905 4202 ciittsti-rtiatis

326 4215 677 4267 dilacet'atum
717 4212 781 4267 ad
812 4212 1051 4281 Superos
1080 4214 1290 4271 reduxit
1324 4213 1684 4283 Esculapius,
1717 4218 1908 4271 inimu-

324 4294 492 4360 totum
525 4285 593 4360 ab
621 4299 685 4336 eo
716 4300 910 4360 nomen
934 4285 1105 4360 _t_r_adit
1143 4285 1397 4353 Ovidius,
1429 4303 1586 4356 quem
1631 4303 1796 4360 penes
1827 4298 1910 4344 est
1947 4322 1952 4328 ο

325 4353 497 4409 fabula
532 4354 885 4424 Metamorplt.
932 4354 1046 4409 XV.

568 4446 856 4511 Nomenque
881 4448 1026 4498 simul
1050 4447 1179 4510 quod
1205 4449 1356 4509 possit
1373 4463 1611 4511 equorum

446 4509 685 4558 Admonui
713 4521 788 4567 se,
812 4511 949 4570 jubet
969 4509 1222 4569 depenere
1248 4525 1259 4559 :
1292 4509 1474 4571 quique
1500 4512 1631 4562 fuisti

446 4571 758 4634 Hippolytus.
780 4573 923 4633 dixit,
950 4585 1077 4620 nunc
1100 4573 1231 4621 idem
1260 4572 1458 4621 Virbius
1477 4582 1598 4623 esto.

327 4652 378 4709 8.
400 4653 433 4708 d
467 4654 585 4707 beic
616 4653 878 4723 impressa
918 4654 1078 4710 lectio
1119 4654 1410 4722 hominem,
1443 4656 1558 4726 ipsa
1587 4672 1799 4727 quoque
1829 4656 1912 4714 in-

329 4739 562 4792 Cuttgl‘tta
588 4740 692 4777 non
721 4733 824 4779 est.

400 4794 430 4834 ι’
456 4796 810 4867 Guarnerian.
845 4809 972 4860 ms.,
1004 4806 1060 4849 ut
1081 4798 1198 4867 jam
1227 4812 1330 4849 non
1354 4795 1467 4850 sibi.
1499 4796 1760 4867 Cancrum
1785 4814 1915 4853 eon-

330 4865 546 4922 ferenda
577 4866 886 4935 Hieronymi
921 4865 1175 4936 Apologia
1208 4867 1245 4919 Ι.
1277 4883 1425 4921 num.
1454 4866 1544 4921 26.
1580 4870 1668 4922 ubi
1694 4886 1759 4924 ex
1788 4870 1905 4925 Ori-

333 4938 485 5010 geiiis
513 4952 698 5001 sensu,
732 4953 850 5010 non
874 4953 937 4992 su
963 4962 995 5000 ι,
1051 4938 1167 4991 hinc.
1210 4938 1313 4991 dici
1361 4937 1716 5010 demonstrat,
1746 4955 1914 5010 seque

332 5008 400 5062 ita
430 5017 674 5072 excusat,
715 5008 855 5077 quod
888 5026 951 5061 ex
986 5009 1435 5063 Commentatoris
1478 5009 1655 5064 officio
1690 5008 1911 5067 enarra-

332 5082 521 5152 εει-ιι,⁸
547 5088 605 5132 ιιι
651 5087 829 5152 tamen
866 5080 1078 5145 eulpam
1121 5083 1170 5132 iit
1212 5080 1605 5152 illuinomncm
1648 5081 1908 5152 conferat,

332 5147 684 5215 Latissimam,
717 5150 910 5221 inquit,
944 5152 1134 5221 Urigcn
1156 5168 1180 5203 s
1207 5151 1601 5219 expositionem,
1634 5163 1682 5207 et
1708 5147 1911 5207 eosdem

334 5236 512 5275 sensus
570 5236 659 5288 per
709 5220 904 5274 diversa
964 5222 1111 5274 verba
1166 5223 1441 5275 volventem
1493 5222 1625 5276 brevi
1680 5240 1916 5280 sermone

334 5291 756 5354 constrinximns,
799 5292 928 5344 nihil
967 5291 1232 5360 exemplis,
1276 5303 1322 5345 et
1364 5294 1725 5347 assertionibus
1771 5295 1914 5350 illius

336 5364 645 5432 auferentes.
675 5361 719 5426 Ο
738 5374 943 5431 ιαηιιιιιρ
955 5364 1347 5432 pervenissemus
1366 5364 1432 5416 ad
1463 5363 1638 5431 ﬁnem,
1661 5364 1767 5419 Itan:
1790 5370 1913 5419 sub-

336 5433 572 5514 iecimus.
602 5431 772 5502 Igitur
794 5442 842 5485 et
870 5433 922 5513 in
945 5431 1262 5487 restitutione
1291 5435 1537 5501 omnium,
1569 5448 1675 5491 etc.
1712 5436 1842 5493 Vide
1863 5445 1917 5493 et

340 5503 511 5572 ipsum
536 5505 846 5556 Comttteuta
858 5503 1016 5558 riunt.

411 5572 662 5627 'Vitiose
692 5585 844 5627 antea
877 5584 1009 5635 erat,
1038 5575 1126 5642 qui
1163 5574 1304 5644 prius
1329 5585 1554 5630 noverat.
1597 5572 1711 5631 Mox
1745 5577 1918 5633 Guar-

342 5646 573 5709 ttcrian.,
605 5644 787 5697 desiuit
820 5659 912 5712 pro
942 5645 1140 5698 desivit.

412 5712 438 5751 ἀ
470 5717 580 5768 llac
610 5730 771 5781 porro
811 5715 1124 5781 exceptione
1153 5715 1352 5769 aditum
1384 5715 1665 5770 calumnia:
1699 5719 1922 5785 ωλι-ειη-

344 5797 490 5840 serat
532 5786 593 5840 S.
623 5786 820 5838 Doctor
840 5827 853 5848 ,
885 5798 1143 5852 suumque
1191 5800 1404 5838 sensum
1435 5788 1664 5841 maxime
1698 5788 1919 5841 catholi-

346 5870 466 5912 cum
497 5856 829 5913 ostenderat.
867 5854 1107 5923 Quando,
1140 5856 1309 5926 inquit
1344 5856 1479 5912 libro
1520 5857 1756 5927 laudato,
1806 5858 1921 5912 dico

1994 3297 2132 3352 alitis
2187 3299 2591 3364 Nazianzenus,
2650 3310 2705 3354 et
2756 3301 3010 3374 Didymus
3043 3304 3228 3361 videns
3279 3306 3576 3379 Propheta,

1994 3389 2152 3444 ambo
2185 3392 2424 3460 magistri
2468 3392 2570 3445 mei
2603 3392 2801 3462 quibus
2831 3397 3127 3462 sapientius
3157 3397 3208 3451 in
3242 3398 3343 3454 ﬁde
3372 3400 3574 3455 Christi

1996 3480 2127 3535 nibil
2173 3483 2353 3538 habuit
2386 3483 2640 3537 mundus.
2694 3483 2895 3541 Omnes
2926 3487 3013 3542 isti
3050 3498 3106 3542 ut
3136 3492 3395 3561 Origenes
3426 3508 3581 3548 erra-

1996 3584 2188 3629 verunt
2216 3576 2344 3630 :sed
2376 3575 2642 3643 accipiant
2668 3578 2869 3632 erroris
2899 3581 2979 3632 sui
3007 3581 3240 3646 veniam,
3264 3584 3385 3651 quia
3410 3593 3462 3638 et
3483 3600 3527 3638 e.
3549 3602 3584 3639 ο

1999 3679 2284 3749 aliquando
2306 3679 2502 3746 erravi,
2527 3694 2575 3735 et
2610 3696 2754 3735 nunc
2784 3683 3153 3751 paenitentiam
3181 3700 3330 3754 gero,
3370 3688 3463 3741 sed
3498 3703 3585 3741 τοι

2003 3783 2144 3835 niam
2176 3781 2420 3851 accipere
2449 3783 2643 3837 delico.
2676 3782 2934 3853 Origenes
2958 3797 3087 3838 vero
3112 3800 3231 3839 eum
3262 3787 3448 3841 eadem
3469 3805 3586 3859 quae

2004 3899 2104 3953 ego
2149 3882 2374 3949 dixerit,
2406 3884 2612 3961 etiamsi
2665 3886 3034 3953 paenitentiam
3067 3889 3175 3956 egit
3220 3886 3341 3958 [ΔΙ.
3374 3889 3587 3961 egerit],

2011 4020 2027 4077 (
2055 4021 2123 4069 t’m
2149 4029 2312 4069 tamen
2341 4026 2393 4069 ut
2422 4034 2520 4071 non
2543 4020 2697 4083 juxta
2728 4018 2883 4071 aliam
2911 4035 3171 4085 ιιΑςιιεειιι,
3206 4037 3376 4074 omnes
3404 4023 3454 4075 in
3488 4040 3588 4076 una

2007 4102 2155 4139 (l‘llllo:
2184 4091 2280 4140 sint
2310 4090 2482 4157 positi)
2517 4100 2591 4140 ost
2622 4092 2723 4139 nilo
2753 4102 2797 4142 et
2827 4106 2885 4142 ea
2915 4092 2976 4141 de
3004 4090 3184 4159 quibus
3217 4093 3442 4158 disputo,
3484 4110 3589 4146 esse

2008 4160 2264 4233 lia’retica,
2296 4169 2339 4211 et
2370 4159 2561 4233 nb_t_ilia
2589 4159 3120 4233 Ita't'esiutliscrrpare.
3160 4161 3283 4223 Qum
3310 4173 3426 4214 sunt
3470 4173 3591 4233 (rga

2010 4233 2127 4281 dua:
2147 4228 2399 4281 Iiwreses?
2431 4228 2563 4281 Utta.
2608 4244 2722 4295 qua:
2745 4229 2864 4280 dicit
2894 4245 3065 4281 omnes
3095 4232 3421 4285 rationabiles
3451 4228 3591 4286 ενεὶιδ

2012 4309 2153 4353 turus
2177 4301 2227 4353 in
2257 4298 2477 4369 Angelos
2504 4299 2775 4367 reformari
2798 4314 2816 4351 :
2844 4301 3022 4361 altera,
3057 4316 3169 4367 qua:
3188 4303 3367 4355 asserit
3400 4320 3593 4357 unum-

2011 4370 2248 4440 quodque
2274 4373 2325 4423 in
2350 4370 2673 4424 restitutione
2708 4371 2889 4423 mundi
2918 4371 2971 4423 id
3010 4371 3139 4441 fore,
3171 4374 3304 4440 quod
3333 4375 3592 4428 conditum

2012 4450 2106 4495 εει.

2089 4520 2113 4549 ο
2146 4511 2337 4565 Deerat
2367 4526 2511 4581 nium
2558 4525 2877 4578 pronomen,
2925 4512 3065 4581 quod
3098 4528 3164 4568 ex
3201 4528 3302 4572 ms.
3338 4522 3394 4571 et
3434 4514 3594 4571 Coma

1942 4585 1994 4648 Ι)
2024 4582 2288 4636 uirntario
2313 4580 2636 4635 suifecimus.

2093 4651 2112 4691 Ι
2146 4653 2500 4707 Guarnerian.
2549 4667 2674 4715 ms.,
2718 4652 2868 4720 ﬁant,
2910 4653 3050 4721 quod
3088 4669 3210 4709 cum
3242 4656 3601 4719 subsequentis

2014 4722 2401 4779 Commentarii
2432 4723 2683 4783 lectione.
2716 4733 2761 4775 et
2789 4726 3021 4787 invicem,
3054 4727 3223 4793 magis
3247 4726 3391 4782 facit.
3428 4729 3611 4783 Paulo

2015 4805 2134 4866 post
2161 4796 2296 4866 idem
2326 4811 2432 4866 ms.,
2459 4809 2552 4860 pro
2582 4796 2710 4866 {eth
2731 4810 2755 4847 s
2783 4795 2835 4848 in
2870 4796 2971 4847 alio
2993 4796 3124 4859 loco,
3157 4798 3309 4851 habet
3336 4798 3557 4854 Paulus.

2080 4875 2106 4939 tl
2138 4865 2298 4939 Addit
2327 4864 2539 4939 Coilieis
2567 4864 2918 4939 Gnarneriani
2950 4869 3178 4933 scriptor
3207 4870 3334 4939 fere.

2088 4935 2113 4972 ιι
2138 4937 2449 4989 l‘Lronlrariu
2495 4938 2686 5008 verba,
2726 4936 2821 4990 hoc
2862 4950 2937 4991 est
2975 4942 3128 4993 unius
3178 4935 3396 5008 nurui-ir,
3453 4941 3600 4997 idem

2017 5022 2117 5061 ms.
2171 5008 2288 5061 heic
2329 5016 2511 5083 tacet._
2552 5007 2715 5063 I'aulo
2756 5019 2896 5078 post,
2941 5026 3093 5064 suum
3141 5014 3443 5077 membrum,
3501 5022 3604 5083 pro

2016 5096 2171 5132 unum
2196 5078 2468 5130 membrum
2501 5078 2643 5145 legit.

2093 5146 2300 5223 iAlibi,
2339 5157 2395 5204 et
2443 5164 2607 5223 penes
2649 5148 2889 5223 Martiau.
2924 5167 3167 5223 quoque,
3212 5153 3570 5223 Origenarimn

2094 5184 2109 5186 “
2139 5184 2300 5213 ιἸιΙυΙν
2339 5184 2395 5204 (ου
2444 5184 2607 5215 yol-va
2649 5184 2889 5205 ινιιιιιιιιιι.
2924 5184 3167 5223 ιμιυιιιισ,
3212 5184 3567 5223 υιιυσιιαιιιυη

2018 5221 2159 5291 quod
2192 5237 2295 5275 non
2339 5222 2615 5290 probitur.
2651 5221 3006 5290 Originariam
3040 5239 3230 5291 nempe
3259 5224 3409 5288 dicit,
3450 5184 3600 5291 (ιιιωῖ

2020 5293 2071 5346 in
2097 5291 2353 5365 Paradiso
2374 5291 2438 5344 ad
2467 5306 2590 5345 eum
2620 5295 2972 5365 excolendum
3000 5295 3159 5365 homo
3188 5294 3414 5365 primum
3456 5295 3596 5363 posit

2021 5373 2105 5417 tus
2152 5373 2255 5417 est.
2301 5364 2391 5418 Sic
2432 5371 2487 5415 et
2532 5363 2688 5429 paulo
2727 5362 2983 5429 inferius,
3030 5364 3328 5416 restitna'ur
3358 5362 3497 5414 sicut
3537 5362 3609 5415 all

2017 5434 2165 5487 initio
2190 5432 2306 5504 fuit,
2342 5433 2415 5487 ita
2444 5442 2495 5486 ut
2519 5435 2669 5485 homo
2697 5432 2766 5504 ad
2792 5435 2956 5495 parad
2976 5450 3087 5486 sum
3116 5441 3391 5497 revocetur,
3424 5444 3471 5485 et
3494 5436 3605 5486 Αιιι

2019 5505 2162 5573 gelus
2186 5504 2365 5573 refuga
2387 5504 2460 5573 (in
2490 5505 2621 5557 caelo
2652 5503 2877 5572 scilicet)
2909 5505 3178 5557 cxaltetur.

2098 5575 2114 5625 i
2152 5571 2527 5645 Sig'ttiticanter
2568 5576 2686 5626 cod.
2728 5571 3079 5627 Guariierian.
3121 5572 3296 5645 addita
3328 5571 3408 5625 vel
3435 5574 3605 5642 parti:

2024 5647 2176 5708 eula.
2224 5644 2277 5699 et
2330 5648 2406 5698 vel
2441 5647 2737 5709 duLitasse,
2792 5653 2939 5707 ete.;
2989 5652 3098 5697 tum
3143 5644 3457 5697 existimaret
3508 5661 3606 5715 pro

2024 5718 2294 5783 existimet.

2100 5786 2122 5824 ¹ί
2149 5786 2328 5840 Codex
2361 5785 2498 5838 idem
2523 5783 2906 5859 Giiarnerian..
2936 5785 3133 5839 etiamst
3156 5785 3410 5859 Clemens,
3435 5787 3524 5858 qui
3552 5795 3603 5844 ct

2029 5872 2148 5913 mox
2182 5866 2460 5927 perperam
2492 5870 2682 5910 nomen
2713 5855 2953 5924 tnagistcr
2976 5866 3135 5914 tacet.
