4166 6348
582 302 689 360 5825

1614 290 1841 356 norm
1881 282 2362 366 AQttLEtENSts
2405 280 2832 353 rntasni'rtm

3770 302 3875 367 534.

588 418 801 477 veniam
828 430 932 472 non
951 416 1201 500 accipiet,
1235 416 1399 471 immo
1424 428 1519 484 pro
1550 412 1633 468 bis
1655 428 1773 483 quae
1811 427 1999 466 omnes
2030 410 2171 464 disi—
2202 415 2250 470 Α
2278 410 2378 471 ais.
2437 408 2677 463 doctrina
2728 408 2977 479 decepit?
3033 408 3272 483 Denique
3321 411 3430 485 [ΑΙ.
3478 412 3706 486 Deinde]
3754 418 3872 487 quis

587 527 750 577 tuus,
803 510 953 565 solus
1010 512 1125 579 ipse
1189 510 1493 564 damnetur.
1551 507 1668 575 Ipse
1719 515 1802 560 est
1853 506 1940 575 qui
1997 505 2175 558 omnia

588 606 728 659 tnala
757 601 900 658 fecit.
935 602 1054 671 Ipse
1085 603 1227 657 enim
1258 602 1411 656 nobis
1441 600 1699 667 prodidit,
1732 599 1874 652 unde
1900 608 1979 653 est
2006 606 2174 651 totum

558 695 843 777 [quicquid
892 708 989 750 nos
1033 693 1326 763 loquimur,
1373 693 1623 761 quicquid
1670 692 1979 755 scribimus,
2029 690 2178 757 quic-

590 793 718 859 quid
769 793 895 848 dicti
921 800 945 828 ι
978 802 1191 861 putatur
1226 789 1418 844 eruditi
1447 806 1458 841 :
1490 797 1542 843 et
1570 786 1711 857 quod
1742 786 1809 841 de
1842 784 2041 839 Graecis
2085 784 2177 838 bo-

590 886 674 938 nis
708 884 892 938 Latina
924 885 1143 937 facimus
1175 896 1281 934 non
1315 882 1472 934 bona.
1503 878 1673 933 Nemo
1695 892 1825 946 ergo
1849 890 2176 946 quemquam

592 979 779 1033 horum
812 977 1012 1043 audiat,
1055 976 1148 1030 sed
1184 978 1296 1031 haec
1324 977 1437 1030 sola
1468 976 1725 1043 suscipite
1748 1010 1763 1040 ,
1808 988 1928 1042 qua:
1963 975 2014 1027 in
2044 972 2179 1027 meis

589 1068 996 1123 Commentariis
1039 1068 1308 1132 invenitis,
1361 1078 1414 1121 et
1464 1068 1694 1120 maxime
1738 1065 1789 1119 in
1826 1066 2063 1134 Epistula
2110 1064 2177 1119 ad

592 1159 889 1229 Ephesios,
942 1159 993 1212 in
1025 1158 1218 1228 quibus
1250 1159 1497 1228 Origenis
1527 1160 1665 1212 dicta
1699 1158 2179 1213 vehementissime

588 1251 886 1305 confutavi.
930 1250 1040 1319 Ego
1072 1262 1253 1304 autem
1292 1260 1563 1304 scrutatus
1601 1264 1741 1313 sum,
1776 1260 1830 1302 ut
1880 1249 2101 1303 credere
2127 1257 2181 1303 et

590 1354 773 1399 tenere
819 1338 1062 1398 debeatis
1094 1343 1546 1396 resurrectionem
1584 1342 1764 1396 carnis
1806 1340 1876 1394 ita
1920 1339 2177 1406 futuram,

589 1444 649 1490 ut
677 1450 904 1505 corpora
943 1444 1329 1489 convertantur
1360 1435 1409 1487 in
1443 1435 1671 1496 animas,
1719 1443 1773 1487 et
1821 1445 2015 1486 uxores
2044 1431 2181 1485 diri-

588 1540 783 1598 gantur
806 1530 857 1583 in
894 1525 1038 1582 i'iros
1063 1544 1076 1579 :
1101 1536 1156 1581 et
1186 1526 1330 1596 quod
1364 1538 1487 1580 ante
1518 1526 1695 1578 mundi
1728 1527 2174 1580 cons:itutionem

588 1624 782 1676 anima:
814 1622 866 1675 in
911 1619 1218 1675 cmlestibus
1275 1620 1493 1682 fuerint,
1547 1629 1601 1670 et
1648 1618 1770 1672 inde
1816 1618 1885 1673 ob
1916 1620 2179 1687 quasdam

589 1729 807 1769 caussas
837 1713 941 1767 soli
985 1705 1096 1767 Deo
1141 1716 1415 1782 cogntas,
1452 1713 1503 1764 in
1539 1710 1731 1765 vallem
1767 1711 1902 1765 lianc
1933 1712 2180 1766 deducta:

2280 517 2536 569 umquam
2570 517 2663 571 per
2717 512 2859 559 tuam
2910 506 3278 575 paenitentiam
3309 510 3705 578 emendabitur,
3752 527 3870 568 cum

2281 596 2382 650 iste
2414 598 2527 666 ipse
2563 598 2796 666 libellus,
2822 598 2873 652 in
2901 614 3007 669 quo
3045 611 3099 654 et
3130 601 3399 669 paenitens
3426 613 3477 657 et
3498 615 3780 659 accusator
3822 616 3874 661 et

2275 685 2440 756 judex
2475 705 2553 754 es,
2589 690 2866 745 auditores
2897 700 3017 744 tuos
3053 708 3263 747 rursum
3295 697 3359 747 ad
3386 692 3502 749 haec
3548 697 3662 765 ipsa
3707 706 3763 751 et
3800 697 3873 752 le-

2280 780 2452 848 genda
2482 792 2532 834 et
2568 782 2798 835 tenenda
2827 784 3188 838 transmittat?
3220 784 3300 839 Ad
3333 786 3576 840 ultimum
3622 791 3783 843 etiam
3823 804 3869 844 st

2282 870 2398 926 lucc
2441 872 2513 927 ita
2545 888 2650 927 non
2680 883 2881 939 essent,
2918 876 3032 943 ipse
3064 883 3242 930 tamen
3275 874 3384 948 [ΑΙ.
3412 886 3514 933 tae.
3548 877 3753 950 tamen]
3782 880 3873 935 tibi

2289 966 2453 1020 etiam
2487 976 2606 1036 post
2637 968 3029 1037 paenitentiam,
3065 984 3279 1025 omnem
3310 970 3511 1025 aditum
3545 972 3719 1026 venia:
3743 988 3875 1040 prae-

2282 1058 2512 1111 clusisti.
2558 1060 2650 1112 Ais
2681 1055 2705 1094 d
2732 1060 2876 1114 enim
2908 1060 3081 1128 ipsum
3127 1059 3410 1131 Origenem
3444 1077 3542 1132 pro
3584 1064 3670 1118 bis
3710 1064 3874 1121 dictis

2285 1151 2629 1219 ptenituisse,
2684 1136 2890 1206 Libello
2918 1152 3243 1221 pmniteutia:
3273 1153 3340 1207 ad
3393 1154 3715 1221 Fabianum,
3751 1165 3876 1212 tunc

2283 1244 2430 1298 urbis
2474 1244 2656 1298 Romm
2707 1245 3029 1317 Epismpum
3072 1245 3216 1313 dato,
3249 1255 3303 1301 et
3353 1256 3532 1303 tamen
3582 1257 3706 1317 post
3757 1264 3871 1320 pm-

2283 1336 2590 1405 nitentiam,
2624 1348 2741 1406 post
2765 1348 2982 1392 centum
3010 1347 3065 1393 et
3091 1340 3473 1411 quinquaginta
3512 1354 3687 1396 annos
3733 1358 3879 1398 mor.

2286 1428 2353 1482 lis
2379 1444 2487 1482 sua:
2517 1430 2565 1483 in
2586 1432 2675 1499 jus
2704 1446 2826 1486 eum
2863 1431 3048 1495 trahis,
3082 1440 3135 1487 et
3160 1432 3223 1487 ad
3253 1432 3654 1488 damnationem
3687 1444 3874 1491 v0cas.

2283 1521 2447 1593 354
2473 1523 2757 1589 Quomodo
2799 1539 2929 1592 ergo
2963 1540 3058 1594 pro
3090 1524 3173 1578 his
3203 1524 3359 1580 dictis
3391 1524 3487 1579 tibi
3535 1526 3689 1581 venia
3730 1527 3878 1583 dabi-

2285 1620 2373 1665 tur
2421 1614 2727 1681 paanltenti,
2775 1613 2819 1666 si
2852 1614 2944 1668 ille
2984 1613 3073 1682 qui
3110 1624 3234 1669 ante
3258 1624 3309 1669 te
3340 1630 3438 1685 pro
3469 1615 3556 1671 bis
3601 1618 3872 1685 paenituit,-

2285 1708 2495 1761 veniam
2541 1722 2646 1761 non
2694 1708 2972 1762 meretur?
3003 1707 3261 1763 Similiter
3292 1718 3349 1763 ut
3386 1710 3676 1780 scripsisti,
3706 1713 3880 1781 scrip;

590 1802 693 1860 sint
722 1806 1081 1877 laci-ymarum
1116 1823 1129 1860 :
1162 1818 1211 1860 et
1242 1804 1381 1873 quod
1414 1807 1621 1870 corpori
1665 1801 1690 1841 ι)
1725 1806 1911 1858 mortis
1965 1804 2181 1857 inserta:
2217 1804 2255 1862 Β
2286 1800 2389 1852 sit:
2426 1799 2673 1855 similiter
2704 1810 2761 1853 ut
2791 1801 3113 1870 pmnituisti,
3156 1801 3423 1871 prostituit.
3481 1805 3587 1857 Aut
3626 1804 3880 1858 similiter

591 1897 702 1953 sint
727 1917 738 1950 :
762 1909 812 1953 et
844 1898 988 1968 quod
1016 1899 1067 1950 in
1108 1897 1211 1950 [itte
1240 1895 1560 1950 saeculorum
1591 1898 1769 1948 omnis
1795 1904 1984 1948 natura
2017 1896 2179 1949 ratio~

590 1990 783 2045 nubilis
833 1990 885 2043 in
925 2005 1087 2044 unum
1140 2003 1337 2055 corpus
1377 1985 1690 2041 restituatur
1736 1987 1870 2043 sicut
1912 1985 1983 2039 ab
2031 1986 2182 2041 initio

591 2078 711 2146 fuit,
746 2080 817 2134 ita
848 2088 907 2134 ut
934 2090 987 2135 et
1032 2080 1194 2133 homo
1225 2078 1290 2131 ad
1329 2076 1631 2146 paradisum
1682 2088 1982 2139 revocetur,
2016 2087 2071 2130 et
2094 2093 2185 2130 an-

590 2171 740 2239 gelus
772 2172 952 2241 refuga
986 2185 1147 2239 supra
1174 2170 1389 2226 Petrum
1424 2178 1477 2222 et
1508 2169 1731 2223 Paulum
1775 2170 2061 2235 exaltetnr,
2096 2172 2181 2224 cui

587 2262 687 2332 ipsi
730 2262 795 2315 ad
842 2262 1175 2332 paradisum,
1228 2273 1285 2315 ut
1336 2270 1458 2330 pote
1505 2260 1785 2323 homines,
1832 2263 2183 2329 postponendi

587 2363 736 2421 sum,
786 2356 875 2408 ille
921 2363 1100 2408 autem
1150 2354 1200 2408 in
1245 2355 1294 2406 id
1344 2352 1485 2423 quod
1534 2368 1597 2406 ex
1645 2354 1796 2406 initio
1826 2364 2038 2407 creatus
2078 2362 2181 2419 cst,

588 2454 890 2512 reparetur,
947 2452 1004 2496 ut
1058 2444 1165 2517 [AL
1192 2441 1269 2512 et]
1328 2445 1457 2496 liant
1492 2458 1681 2496 omnes
1731 2445 1891 2498 simul
1942 2445 2183 2499 Ecclesia

590 2520 991 2604 primitivormn
1044 2536 1096 2587 in
1129 2534 1455 2599 emlestibus,
1490 2544 1542 2587 et
1587 2534 1712 2599 sint,
1747 2535 1874 2589 dum
1910 2536 1960 2589 in
1991 2536 2184 2592 olticiis

590 2628 809 2697 duldem
863 2628 1090 2696 singulis
1148 2627 1448 2696 quibusque
1503 2639 1667 2695 sunt,
1727 2631 1965 2682 membra
2022 2630 2184 2683 Clu-i-

589 2722 682 2776 sti.
700 2710 1031 2776 Universitas
1046 2736 1173 2774 vero
1201 2731 1512 2774 cunctorum
1543 2720 1834 2790 perfectum
1852 2723 2011 2794 353
2030 2722 2185 2778 Chri-

596 2815 668 2869 sti
699 2815 770 2869 sit
794 2820 1008 2885 co‘rpus.
1045 2814 1169 2867 llmc
1203 2822 1467 2877 tenentes,
1512 2829 1545 2869 ο
1574 2814 1757 2869 lideles
1790 2818 2190 2886 prudentesque

588 2900 861 2975 discipuli,
893 2914 947 2960 et
970 2905 1097 2960 istas
1120 2921 1265 2959 meas
1286 2905 1607 2959 indubitatas
1635 2906 1978 2962 definitiones
2004 2922 2186 2963 custos

589 2986 819 3066 dientes,
854 3008 875 3037 ε
909 2998 1190 3067 Origenctn
1224 3012 1396 3051 tamen
1448 3013 1541 3065 pro
1576 3001 1656 3053 his
1689 3001 1816 3070 ipsis
1857 3000 2014 3056 dctis
2058 3018 2185 3056 cou—

587 3091 926 3154 demnantes,
964 3089 1100 3144 bene
1130 3092 1321 3159 agetis.
1353 3089 1555 3144 Valete.

2288 1908 2383 1962 pro
2414 1894 2727 1962 ptPnitcnlia
2774 1894 2983 1949 debetis
3003 1895 3232 1961 absolvi,
3262 1905 3351 1949 aut
3372 1897 3416 1951 si
3450 1911 3612 1967 negas
3658 1898 3874 1953 veniam

2287 1987 2564 2055 ptrnitenti
2610 1986 2771 2054 (quod
2803 2003 2903 2057 ego
2934 2004 3038 2042 non
3086 1998 3213 2055 opto
3242 1988 3348 2060 [ΑΙ.
3383 1988 3553 2061 peto],
3586 1999 3643 2045 tu
3689 2006 3883 2061 peruri

2286 2078 2424 2148 ges),
2476 2094 2573 2132 nos
2620 2080 2818 2147 pariter
2857 2081 3202 2134 comlemnari
3249 2082 3545 2136 secundum
3602 2083 3877 2153 quandam

2290 2168 2565 2238 Evangelii
2610 2169 2947 2235 parabolam:
2982 2171 3170 2225 Oblata
3216 2180 3301 2225 est
3350 2172 3579 2227 Domino
3612 2188 3642 2227 a
3672 2173 3877 2229 Julia-is

2287 2266 2549 2330 adultera,
2590 2277 2647 2320 ut
2689 2265 2936 2320 viderent
2974 2267 3103 2335 quid
3156 2266 3220 2320 de
3242 2281 3303 2319 ea
3352 2268 3651 2323 secundum
3706 2268 3879 2339 legem

2283 2358 2571 2428 judicaret.
2636 2358 2728 2412 Ille
2754 2369 2777 2395 ε
2808 2358 3120 2411 misericors
3161 2368 3214 2411 et
3262 2359 3549 2413 miserator
3592 2361 3878 2426 Dominus,

2287 2452 2443 2514 dixit,
2480 2451 2540 2506 Si
2591 2451 2705 2520 quis
2756 2459 2977 2503 uestrum
3029 2458 3293 2518 peccatum
3324 2465 3426 2503 non
3480 2450 3654 2518 habet,
3713 2454 3881 2509 mittat

2288 2560 2439 2612 super
2478 2560 2588 2597 eam
2642 2542 2868 2610 lapidem
2900 2542 3081 2608 (Joan.
3125 2541 3178 2594 8.
3210 2540 3313 2608 5.).
3368 2542 3432 2597 Et
3488 2551 3616 2598 tunc
3661 2526 3878 2613 omnes,

2290 2634 2486 2703 inquit,
2518 2633 2907 2687 discesserunt.
2942 2633 3007 2685 lit
3057 2629 3222 2684 .Iudzei
3254 2631 3465 2699 quidem
3496 2631 3622 2688 licet
3650 2632 3803 2703 impii
3828 2644 3883 2691 et.

2289 2726 2573 2791 increduli,
2613 2735 2790 2779 tamen
2843 2724 3175 2777 erulmcrunt
3220 2722 3578 2777 conscientias
3621 2737 3774 2791 suas,
3816 2739 3883 2781 ne

2289 2836 2409 2876 cunt
2443 2821 2541 2885 ipsi
2569 2828 2753 2873 essent
2799 2826 3129 2885 peccatores,
3184 2817 3235 2870 in
3288 2824 3599 2885 peccatores
3630 2820 3885 2874 videren-

2292 2923 2374 2967 tur
2415 2913 2626 2969 ulcisci.
2664 2912 2728 2966 Et
2751 2910 2889 2965 latro
2918 2910 3006 2963 ille
3033 2910 3100 2964 de
3132 2924 3290 2965 cruce
3316 2910 3528 2965 dicebat
3556 2912 3623 2966 ad
3651 2912 3881 2969 alterum

2292 3006 2577 3065 latronem.
2620 3003 2713 3072 qui
2742 3002 2903 3056 simul
2934 3001 3197 3069 pendebat
3230 3003 3278 3055 in
3311 3017 3490 3069 cruce,
3536 3012 3591 3059 et
3629 3003 3883 3075 blaspheé

2292 3100 2494 3162 maltat,
2528 3097 2664 3165 Quia
2709 3112 2799 3150 nec
2828 3104 2883 3149 tu
2922 3094 3089 3149 Deum
3133 3095 3298 3161 times,
3346 3096 3423 3149 vel
3452 3097 3592 3165 quod
3620 3098 3676 3151 in
3703 3100 3887 3154 eodem

668 3181 760 3235 44.
800 3182 962 3236 Vides
993 3182 1111 3249 quia
1146 3190 1312 3234 totum
1341 3196 1459 3233 cum
1491 3182 1735 3237 irrisione
1759 3184 1892 3252 agis,
1920 3193 1973 3239 et
2007 3186 2177 3254 paeni-

2287 3209 2379 3245 nos
2424 3207 2598 3246 sumus
2644 3189 2898 3259 supplicio
2925 3186 3076 3257 (Luc.
3104 3186 3195 3242 25.
3231 3187 3366 3258 40.).
3422 3188 3528 3244 Nos
3567 3187 3585 3228 ί
3612 3206 3736 3246 cunt
3767 3192 3885 3249 haec

588 3283 702 3331 tere
762 3284 814 3329 te
873 3274 996 3328 ideo
1050 3273 1210 3339 dicis,
1267 3281 1324 3326 ut
1374 3273 1523 3326 fallas
1569 3289 1661 3326 eos
1707 3276 1902 3343 quibus
1947 3277 2179 3331 scribis?

584 3362 717 3420 Nam
750 3372 806 3420 ct
852 3364 899 3420 si
932 3379 1055 3419 vere
1097 3374 1146 3417 te
1189 3367 1463 3432 pmuitcat,
1492 3375 1546 3416 ut
1578 3364 1739 3418 debet
1768 3365 1876 3435 ιΑι.
1908 3366 2181 3439 deberet],

585 3459 714 3531 quid
766 3459 931 3512 facies
986 3469 1202 3527 propter
1254 3458 1360 3528 [Αν.
1411 3455 1499 3527 ad]
1531 3472 1718 3510 omnes
1767 3458 1883 3512 illas
1947 3462 2179 3525 animas,

587 3566 721 3621 quas
765 3566 862 3621 per
894 3558 971 3604 tot
1019 3566 1190 3603 annos
1228 3550 1338 3602 bzec
1371 3557 1459 3602 tua
1502 3559 1606 3601 tant
1656 3559 1944 3619 venenata,
1977 3564 2031 3605 ut
2062 3553 2180 3621 ipse

657 3698 686 3726 ι
719 3688 861 3741 Idem
890 3732 903 3753 ,
937 3687 1185 3757 quidquid
1229 3686 1352 3739 dicti
1392 3697 1635 3754 putamur
1676 3688 1882 3744 eruditi.
1920 3698 2028 3745 tum
2061 3692 2185 3761 feci-

585 3777 701 3814 mus
738 3774 835 3827 pro
868 3762 1107 3827 furimus.

662 3827 688 3868 ιι
724 3822 987 3903 Ιὶιμξέιίίιιξ
1030 3822 1197 3903 ferme
1232 3843 1301 3903 Aac
1334 3830 1532 3881 rectius
1564 3830 1614 3882 in
1646 3830 1835 3885 eodem
1884 3846 2011 3895 ms.,
2044 3838 2184 3903 quod

587 3901 793 3969 corpori
824 3901 942 3951 huic
965 3898 1287 3961 humilitatis,
1323 3910 1368 3952 et
1391 3904 1592 3970 corpori
1627 3905 1804 3955 mortis
1828 3906 2030 3956 insertre
2054 3898 2176 3962 sint.

586 3973 707 4097 Ibitis
736 3973 1026 4025 restituetur
1049 3986 1145 4041 pro
1168 3972 1486 4037 restituatur,
1508 3982 1700 4027 caetera
1727 3977 1900 4029 minus
1930 3977 1999 4029 ibi
2033 3991 2181 4034 recte

605 4053 655 4097 la
679 4057 805 4097 nen'.

605 4044 805 4097 laben'.

660 4125 683 4152 ο
725 4114 992 4192 l’rmpopit
1043 4114 1184 4170 idem
1237 4130 1338 4168 ms.
1385 4123 1430 4168 et
1486 4115 1822 4185 particulam,
1890 4119 2180 4192 ὶμφατικὼὁ

586 4198 756 4261 τερον,
808 4195 856 4240 et
900 4184 1171 4257 Origenem
1219 4200 1411 4241 tamen.

2288 3284 2477 3341 cadem
2508 3299 2629 3353 qua:
2671 3281 2724 3336 in
2770 3280 2923 3335 nobis
2969 3290 3112 3346 sunt,
3162 3280 3585 3337 condemnemus
3628 3284 3682 3338 in
3736 3285 3885 3352 aliis;

2284 3394 2385 3433 nec
2448 3393 2567 3432 cum
2617 3375 2818 3432 Judaeis
2864 3374 3255 3443 erubescimus,
3324 3389 3427 3431 nec
3475 3392 3597 3431 cum
3669 3377 3882 3436 latrone

2286 3474 2643 3529 mitescimus.

2367 3694 2392 3730 (⁸
2428 3695 2597 3748 Antea
2644 3689 2795 3743 etiam
2826 3698 2924 3757 pro
2972 3688 3126 3755 enim,
3176 3686 3314 3755 quod
3344 3702 3408 3741 ex
3449 3703 3550 3744 ms.
3605 3690 3882 3746 substitttis

2293 3782 2433 3822 mus.
2502 3764 2664 3816 νυνι-η
2711 3770 2948 3813 notatum
2981 3768 3063 3813 est
3103 3761 3256 3813 nobis
3279 3758 3577 3824 alibi,vera
3621 3763 3877 3831 Origeuis

2292 3842 2357 3893 ad
2402 3836 2693 3892 Fabianum
2730 3831 2964 3899 Epistula
3019 3831 3316 3895 deperdita,
3363 3845 3482 3897 qua:
3529 3846 3671 3887 ttttnc
3718 3834 3882 3889 liabe-

2295 3919 2400 3971 tur,
2432 3920 2478 3959 cl
2508 3916 2778 3957 attctorrttt
2813 3902 3023 3956 mentiri
3077 3901 3472 3969 Adamantium,
3523 3910 3577 3957 et
3612 3904 3883 3974 interpre-

2296 3992 2400 4035 tetn
2446 3978 2845 4041 llietouytnum.

2366 4060 2388 4089 ε
2426 4057 2476 4103 ιη
2512 4044 2866 4100 Guarnerinn.
2898 4056 3023 4109 ms.,
3051 4041 3153 4096 Ille
3181 4052 3421 4111 tanquam
3439 4043 3751 4113 misericors,
3773 4054 3881 4100 etei

2366 4120 2385 4158 τ
2434 4120 2645 4172 ()ntisSo
2692 4130 2971 4186 pet-perant
3025 4116 3311 4186 scriptura:
3360 4123 3531 4183 textu,
3574 4114 3710 4186 legit
3757 4117 3881 4172 cod;

2296 4190 2647 4247 Guarneriau.
2681 4185 2793 4240 Nos
2833 4195 2964 4259 etut
2995 4185 3197 4250 eadem,
3226 4194 3329 4238 etc.

1204 4328 1209 4331 ς
1345 4328 1349 4348 ,
1658 4328 1667 4333 ,
1912 4330 1917 4335 .
3816 4322 3833 4347 ε
3850 4326 3857 4347 ,

1461 4445 1939 4554 LIBER
2021 4447 2872 4555 SECUNDUS
2950 4457 3021 4550 ³.

666 4660 718 4713 l.
752 4659 1043 4729 Superiora
1073 4657 1290 4725 quidem
1336 4651 1518 4708 libello
1550 4651 1882 4722 dogmatieas
1914 4652 2054 4706 illius
2086 4654 2181 4705 οὺ-
2213 4657 2264 4716 D
2289 4656 2433 4709 enim
2490 4654 2885 4711 confoederatos
2916 4660 3037 4711 esse
3067 4653 3327 4725 quosdam
3380 4644 3598 4723 Origeni
3641 4655 3708 4709 ad
3755 4659 3881 4729 per-’-

582 4751 845 4820 jectiones
868 4760 999 4821 quas
1034 4750 1154 4803 aliis
1195 4746 1441 4816 impingit
1486 4746 1755 4800 immerito
1776 4786 1792 4809 ,
1822 4746 1871 4798 in
1902 4761 1980 4810 se,
2010 4744 2036 4783 ι)
2066 4747 2181 4815 ipso

589 4848 730 4897 teste
778 4843 1121 4897 retorsimus:
1158 4855 1302 4895 nunc
1336 4854 1466 4894 vero
1509 4838 1619 4907 jam
1664 4838 1933 4907 explicitis
1975 4848 2030 4892 et
2060 4848 2182 4908 post

588 4947 797 5006 tergum
845 4935 1061 5002 rejectis
1111 4934 1212 4995 his,
1251 4948 1370 5001 qua:
1418 4931 1539 4985 ﬁdei
1586 4931 1777 4985 vicinae
1816 4942 1940 4984 sunt
1973 4942 2179 4986 ccaus-

586 5029 908 5093 sationibus,
944 5026 1301 5081 conﬁdentius
1322 5026 1372 5080 ei
1410 5025 1476 5079 de
1503 5026 1718 5079 czeteris
1775 5025 2177 5079 criminatiooi-

588 5120 690 5175 bus
727 5117 1190 5188 respondebimus.
1242 5117 1335 5171 Est
1363 5118 1507 5171 enim
1531 5114 1691 5170 etiam
1723 5110 1851 5169 illud
1882 5117 2176 5171 accusatio-

587 5214 672 5265 nis
703 5210 821 5281 ejus
845 5209 1220 5280 gravissimum
1264 5216 1446 5277 caput,
1478 5206 1622 5276 quod
1667 5204 1936 5269 similiter,
1984 5218 2037 5260 ut
2069 5223 2173 5262 cae-

589 5312 703 5358 tera
762 5301 1068 5369 mendacia,
1107 5300 1348 5355 veritatis
1390 5298 1526 5353 falce
1558 5298 1910 5353 reserandum
1940 5308 2044 5354 est.
2084 5302 2174 5355 Ait

656 5442 681 5474 κ
710 5436 1059 5490 Gttaruerian.
1088 5450 1212 5501 ms.,
1238 5432 1478 5501 Ejusdem
1514 5432 1687 5498 Rufini
1715 5434 2169 5487 controuersiarum

585 5508 711 5561 liber
738 5509 987 5562 secundus
1010 5509 1186 5573 incip't
1219 5506 1453 5571 feliciter.
1487 5503 1684 5558 Recole
1713 5519 1831 5573 qua:
1860 5506 1924 5557 ad
1955 5506 2164 5560 initium

586 5580 939 5647 pra-cedentis
979 5579 1123 5631 Libri
1167 5577 1415 5630 dixitnus.

659 5648 685 5687 δ
720 5650 884 5715 idem,
918 5650 967 5700 in
1000 5661 1046 5700 te
1073 5650 1239 5716 ipsum
1273 5657 1484 5700 testem:
1514 5645 1644 5698 etin
1674 5663 1728 5699 se
1750 5646 1916 5715 ipsum
1948 5647 2166 5717 quidem

584 5719 677 5772 alii
724 5722 883 5773 etiam
919 5719 1037 5771 libri
1085 5718 1211 5771 olim
1243 5717 1618 5785 przel'erebant.

661 5798 683 5826 ε
712 5790 782 5842 lto
815 5802 868 5845 et
918 5790 1271 5844 Guarnerian.
1307 5802 1406 5841 ms.
1446 5798 1497 5842 et
1551 5797 1698 5845 vetus
1729 5787 1892 5844 editio
1958 5805 2166 5845 caussa-

2286 4747 2508 4814 jurium,
2546 4757 2598 4802 et
2630 4747 2772 4802 istud
2816 4748 3059 4819 mystica:
3107 4746 3225 4816 ejus
3268 4746 3571 4802 traditionis
3620 4764 3881 4807 arcanum

2286 4838 2653 4895 absconditum
2698 4856 2820 4897 esse
2871 4843 2923 4895 in
2972 4848 3126 4896 sexto
3202 4839 3531 4894 Stromatum
3565 4841 3733 4897 libro:
3779 4855 3884 4900 nec

2284 4932 2353 4987 ab
2401 4934 2512 4986 ttllo
2551 4934 2659 4989 alio
2689 4930 2716 4970 ⁸⁸
2775 4936 2828 4988 in
2879 4939 2956 4988 tot
2992 4930 3204 4986 saeculis
3232 4930 3396 5002 355
3421 4931 3521 4985 nisi
3570 4948 3599 4986 a
3650 4948 3711 4989 se
3760 4936 3882 4991 solo

2281 5025 2695 5094 deprehensum.
2726 5026 2927 5081 Verum
2958 5039 3025 5078 ne
3046 5024 3211 5079 risum
3240 5025 3287 5077 ei
3318 5039 3589 5090 tiioveam,
3631 5025 3677 5079 si
3712 5024 3882 5095 jurisé

2275 5115 2493 5186 jurandi
2544 5127 2882 5174 sacramento
2932 5116 3164 5172 alienum
3233 5128 3319 5172 me
3362 5130 3481 5171 esse
3536 5119 3880 5186 conﬁrmem;

2278 5224 2309 5263 a
2350 5208 2817 5265 canl'mderatione
2846 5208 3069 5279 periurii
3101 5207 3345 5278 planiore
3388 5210 3470 5263 via
3503 5211 3569 5263 ad
3614 5211 3881 5267 manifes—

2280 5302 2535 5354 tationem
2563 5302 2803 5356 veritatis
2854 5300 3120 5367 incedam,
3150 5310 3214 5355 ex
3245 5316 3308 5354 eo
3338 5297 3451 5373 [ΑΙ.
3511 5311 3567 5357 et
3623 5300 3879 5375 eiﬂquod

2278 5439 2526 5504 tionibus,
2564 5440 2911 5493 rnncinniore
2956 5452 3145 5492 sensu:
3178 5438 3375 5510 vulgati
3424 5439 3514 5493 alii
3546 5443 3879 5499 cautionibus

2282 5511 2545 5581 legt'rant.
2598 5512 2701 5564 5rd
2736 5522 2785 5562 ct
2816 5527 2933 5561 mox
2973 5526 3066 5577 pro
3094 5511 3555 5581 criminationibus,
3589 5513 3731 5568 idem
3768 5531 3875 5571 tus.

2281 5580 2598 5645 criminibus,
2647 5592 2799 5635 vetus
2839 5592 3014 5633 autem
3053 5580 3216 5633 editio
3248 5583 3711 5637 terminationibus.

2350 5650 2373 5687 ἀ
2401 5654 2536 5706 Oliut
2576 5662 2633 5706 ut
2663 5666 2711 5705 et
2744 5655 2794 5705 in
2840 5650 3194 5703 Guaruerian.
3224 5668 3348 5718 ms.,
3384 5654 3513 5707 inter
3536 5662 3609 5708 tot
3637 5656 3875 5720 sa’cula;

2280 5734 2389 5777 ttttn
2418 5738 2543 5789 ms.,
2576 5725 2674 5777 nisi
2701 5723 2759 5775 ab
2787 5739 2843 5777 eo
2874 5723 3249 5791 reprehensum.
