4166 6348
320 368 422 427 585

1436 377 1811 437 APULOGLE
1849 376 2058 431 LIBER
2099 373 2482 433 SECUNDUS.

3491 371 3597 427 586

317 483 571 541 facillime
597 484 829 556 probare
856 499 1093 557 possum,
1129 500 1229 543 nec
1252 486 1507 543 habuisse
1539 503 1626 543 me
1648 503 1903 560 umquam
1929 493 1981 552 Α
2011 490 2126 558 ipse
2163 491 2449 547 adversum
2482 502 2563 557 se,
2599 496 2848 560 tanquam
2897 489 3155 545 adversus
3205 488 3371 575 alios.
3394 491 3595 547 utitur?

315 578 480 634 libros
524 581 681 649 istos,
743 595 844 635 nec
886 579 996 654 [AL
1021 578 1131 651 aut]
1172 580 1368 651 legisse
1401 596 1431 636 a
1459 596 1727 651 quoquam
1758 596 1901 652 prte-

312 671 489 727 stitos.
528 670 596 727 Et
621 673 758 728 sicut
785 687 873 727 me
897 688 1001 727 non
1034 686 1249 742 possum
1276 687 1535 728 excusare
1559 672 1625 728 de
1653 688 1739 737 eo,
1762 673 1904 742 quod

312 762 472 833 quale
512 766 584 818 sit
622 764 827 830 nescio,
871 765 941 818 ita
971 779 1039 820 ne
1064 764 1307 819 accusari
1337 764 1551 833 quidem
1584 777 1798 833 possum
1827 765 1896 821 de

311 871 379 913 eo
424 856 589 926 quod,
618 856 751 912 ﬂvel
780 857 827 913 si
873 858 962 925 sit,
1012 858 1227 927 penitus
1275 856 1485 927 ignoro.
1533 857 1640 911 Isle
1699 865 1901 923 tamen,

312 948 405 1017 qui
437 948 617 1018 arguit
643 949 730 1004 vel
759 949 826 1005 ab
852 948 947 1004 illo
987 950 1262 1015 traditum,
1286 948 1373 1003 vel
1400 963 1432 1002 a
1460 947 1740 1018 discipulis
1786 948 1904 1016 ejus

315 1039 445 1106 diei,
475 1044 621 1109 quod
668 1052 925 1110 scriptum
956 1052 1056 1108 est,
1105 1043 1207 1107 Qui
1234 1040 1462 1111 loquitur
1487 1043 1747 1096 veritatem
1785 1056 1903 1095 cum

314 1132 551 1201 proximo
597 1148 691 1185 suo
732 1130 900 1200 (Psal.
950 1133 1033 1186 14.
1068 1131 1172 1202 2.),
1237 1133 1512 1202 proximus
1543 1134 1651 1187 non
1678 1132 1772 1198 sit,
1802 1132 1907 1187 nisi

314 1221 406 1276 ille
450 1223 541 1291 qui
594 1221 861 1291 perfectus
900 1222 991 1288 sit,
1037 1234 1091 1277 ct
1148 1233 1494 1295 symmystes.
1549 1223 1614 1278 Et
1706 1223 1903 1278 iterum

312 1311 455 1381 quod
488 1313 780 1381 Apostolus
805 1312 961 1366 dicit:
998 1312 1130 1378 Quia
1151 1314 1458 1385 sapientiam
1485 1312 1744 1384 loquimur
1771 1315 1903 1369 inter

312 1405 561 1475 perfectos
610 1405 687 1476 (l.
718 1403 837 1459 Cor.
868 1406 918 1461 2.
945 1400 1081 1473 '6.):
1115 1406 1330 1476 etquod
1351 1408 1609 1476 scriptum
1642 1416 1754 1463 est:
1789 1407 1905 1463 No-

313 1496 401 1550 lite
444 1498 642 1550 mittere
674 1495 923 1551 Sanctum
962 1498 1193 1563 canibus,
1224 1514 1383 1570 neque
1408 1496 1435 1537 b
1460 1500 1671 1553 mittatis
1699 1516 1904 1571 marga-

311 1590 444 1642 ritas
472 1599 661 1643 vestras
691 1598 808 1643 ante
836 1605 1016 1660 porcos
1069 1589 1284 1662 (Matth.
1319 1591 1372 1644 7.
1404 1589 1509 1660 6.),
1541 1599 1599 1646 ut
1636 1601 1900 1659 asserant,

312 1678 508 1750 inquit,
557 1695 651 1749 per
702 1679 805 1736 hoc
852 1680 961 1754 [AL
996 1678 1134 1752 haec]
1183 1681 1461 1738 veritatem
1504 1696 1612 1738 non
1657 1683 1904 1739 omnibus

313 1769 683 1839 operiendam.

381 1861 439 1920 2.
478 1862 764 1919 Videamus

313 1962 340 1993 ο
369 1954 483 2009 suis
522 1954 922 2010 commentariis
967 1956 1105 2011 libro
1149 1957 1407 2022 secundo,
1449 1957 1551 2013 sub
1572 1972 1638 2013 eo
1667 1958 1904 2028 capitulo

312 2045 403 2100 ubi
448 2046 706 2115 scriptum
737 2055 821 2101 est
856 2062 869 2099 :
900 2044 1122 2116 Pr0pter
1169 2048 1306 2118 quod
1350 2049 1660 2118 deponentes
1692 2053 1904 2105 menda-

314 2141 474 2209 cium,
505 2140 778 2211 loquimini
823 2141 1087 2195 veritatem
1131 2142 1477 2211 unusquisque
1506 2158 1621 2196 cum
1668 2145 1903 2213 proximo

310 2249 426 2299 suo,
454 2234 700 2303 quoniam
727 2247 900 2287 sumus
923 2232 1135 2286 invicem
1164 2235 1390 2287 membra
1420 2231 1637 2304 (Ephes.
1668 2234 1721 2287 4.
1753 2232 1900 2302 ‘25.):

311 2334 434 2393 post
458 2339 649 2394 pauca,
691 2343 710 2376 ι
742 2324 967 2393 Pr0pter
989 2324 1154 2394 quod,
1188 2324 1376 2393 inquit,
1412 2323 1607 2378 Paulus
1636 2324 1749 2393 ipse
1777 2339 1903 2395 per-

315 2417 492 2472 lectus
519 2417 572 2472 in
600 2418 839 2487 Epistula
864 2418 966 2473 alia
998 2419 1344 2488 loquebatur:
1377 2418 1701 2487 Sapientiam
1728 2430 1902 2474 autem

308 2509 569 2581 loquimur
607 2512 739 2565 inter
766 2512 1017 2580 perfectos
1045 2510 1121 2583 (1.
1150 2509 1273 2565 Cor.
1298 2509 1353 2565 2.
1382 2508 1485 2579 6.).
1518 2510 1661 2580 Ergo
1689 2510 1792 2566 hoc
1820 2521 1905 2567 cst

308 2603 453 2673 quod
497 2605 668 2673 jubet,
715 2614 770 2659 ut
801 2606 1164 2675 unusquisque
1210 2606 1434 2676 mystica
1483 2621 1709 2676 quaeque
1744 2616 1903 2678 atque

308 2703 546 2774 secreta,
598 2704 654 2749 et
682 2710 742 2749 ea
774 2711 891 2764 quae
925 2696 1019 2750 Dei
1047 2698 1274 2751 veritate
1312 2705 1438 2751 sunt
1466 2696 1621 2766 plena
1653 2697 1903 2767 loquatur

312 2801 435 2841 cum
488 2786 737 2856 proximo
763 2802 884 2853 suo,
912 2785 939 2824 ἀ
966 2797 1021 2842 ut
1049 2788 1166 2843 dies
1194 2788 1297 2843 diei
1338 2800 1545 2844 eructet
1575 2790 1819 2858 verbum,
1851 2800 1904 2846 et
1945 2856 1951 2863 ,

308 2892 418 2931 nox
468 2878 612 2933 noeti
665 2877 866 2933 iudicet
915 2879 1196 2933 scientiam
1251 2878 1422 2950 (Psal.
1470 2881 1609 2950 18.),
1666 2880 1767 2937 hoc
1794 2891 1899 2948 est,

310 2968 455 3024 clara
487 2984 712 3039 quaeque
750 2982 803 3024 et
833 2968 1065 3023 lucentia
1103 2972 1299 3026 indicet
1347 2971 1456 3039 his,
1495 2972 1585 3041 qui
1626 2980 1899 3027 merentur

311 3060 530 3114 audire:
571 3058 676 3114 Vos
704 3061 824 3115 estis
850 3061 941 3114 tua:
989 3062 1169 3115 mundi
1215 3060 1433 3130 (Matth.
1465 3062 1516 3116 5.
1563 3062 1701 3132 14.).
1735 3063 1903 3119 Porro

314 3151 603 3207 tenebrosa
629 3160 684 3207 et
734 3153 997 3218 involuta,
1023 3162 1075 3206 et
1113 3152 1261 3207 omni
1287 3162 1745 3209 sacramentorum
1773 3169 1901 3210 noc-

2007 580 2399 637 Condemnutio
2429 580 2715 637 adversum
2746 581 2908 637 istum
2943 580 3053 654 [AL
3077 577 3221 651 eum]
3251 582 3296 637 si
3319 580 3599 651 proferen-

2008 672 2072 726 da
2099 673 2192 739 sit,
2221 673 2459 743 Epistula
2485 687 2580 729 sua
2604 674 2823 741 sufﬁcit,
2842 674 2886 728 si
2910 674 3082 729 solum
3102 688 3294 729 nomen
3321 673 3592 741 immutes,

2009 775 2190 822 textus
2218 767 2363 822 enim
2410 766 2696 822 criminum
2729 782 2826 822 nec
2868 767 2921 821 in
2949 767 3110 822 alium
3151 768 3370 823 omnino
3400 783 3593 838 quem-

2008 871 2169 926 quam
2196 858 2336 913 sicut
2377 858 2429 912 in
2473 858 2648 928 ipsum
2675 859 2931 914 convenit
2958 859 3154 914 solum.
3190 859 3321 927 Quae
3349 858 3593 914 damnari

2004 948 2176 1019 jubet,
2222 950 2383 1004 limes
2412 950 2604 1005 iterum
2647 951 2924 1006 observari
2948 952 3126 1021 jubet:
3161 965 3282 1021 qua:
3329 949 3459 1022 agit,
3501 965 3591 1005 ar-

2010 1040 2153 1110 guit:
2181 1056 2302 1111 qua:
2330 1041 2650 1108 detestatur,
2694 1050 2966 1111 operatur.
3003 1043 3149 1097 Beati
3180 1042 3423 1112 discipuli
3452 1043 3592 1114 ejus,

2009 1132 2099 1202 qui
2134 1147 2259 1187 eum
2292 1133 2374 1186 vel
2407 1133 2629 1187 audiunt
2668 1133 2753 1188 vel
2801 1134 3093 1189 imitantur.

2082 1223 2136 1279 5.
2192 1225 2551 1280 Veruutamen
2579 1226 2831 1295 quoniam
2865 1227 3081 1297 perjurii
3112 1226 3228 1295 ejus
3257 1226 3446 1296 dogma
3472 1239 3596 1295 pro-

2008 1316 2224 1384 ponitur
2260 1314 2365 1388 [ΑΙ.
2422 1315 2790 1387 praeponitur],
2835 1315 2963 1371 nihil
3023 1318 3088 1371 ad
3134 1334 3218 1372 me
3259 1318 3304 1372 si
3362 1317 3465 1373 iste
3510 1317 3597 1371 vel

2008 1416 2129 1475 agat
2168 1406 2257 1462 vel
2282 1405 2502 1472 scribat,
2530 1407 2653 1475 quia
2673 1408 2809 1476 apud
2862 1406 3148 1462 nonnullos
3179 1408 3399 1462 fratrum
3432 1411 3595 1463 etiam

2008 1498 2037 1538 δ
2068 1499 2206 1555 hanc
2253 1499 2412 1554 nobis
2456 1500 2671 1555 inurere
2697 1510 2921 1553 conatus
2948 1509 3031 1553 cst
3053 1499 3338 1568 maculam,
3369 1510 3423 1555 et
3454 1514 3597 1554 nunc.

2009 1590 2207 1645 iterare
2234 1603 2328 1659 per
2357 1589 2563 1655 literas,
2596 1591 2889 1644 secundum
2917 1589 2983 1643 ab
3008 1589 3099 1642 illo
3124 1589 3302 1644 datam
3327 1590 3596 1659 regulam:

2009 1681 2137 1751 quid
2185 1696 2285 1751 ego
2320 1681 2438 1751 ipse
2480 1680 2547 1735 de
2589 1680 2825 1750 perjuriu
2872 1683 3124 1748 sentiam,
3168 1680 3404 1750 profero,
3428 1692 3488 1738 ut
3527 1681 3598 1737 de

2008 1788 2129 1829 sese
2169 1775 2359 1829 iterum
2389 1774 2491 1828 sibi
2522 1774 2625 1842 ipsi
2653 1772 2912 1843 judicium
2940 1773 3332 1844 derelinquam.
3385 1774 3600 1829 Etenim

874 1866 1016 1934 quod
1068 1865 1181 1935 ipse
1229 1866 1283 1921 in
1338 1865 1455 1921 istis
1508 1867 1638 1935 ipsis
1713 1866 1899 1923 electis
1935 1868 1977 1927 Β
2008 1879 2130 1920 cum
2156 1864 2412 1920 Dominus
2442 1873 2496 1920 et
2521 1865 2765 1919 Salvator
2790 1875 2971 1921 noster
2997 1865 3141 1921 dicat
3169 1867 3220 1921 in
3263 1864 3588 1937 Evangeliis,

2009 1956 2220 2010 Dictum
2257 1968 2333 2012 est
2358 1959 2605 2028 antiquis,
2639 1974 2742 2013 non
2772 1959 3080 2030 perjurabis,
3113 1960 3293 2015 reddes
3324 1962 3458 2016 enim
3492 1958 3601 2017 Do-

2010 2049 2148 2102 mino
2166 2051 2467 2121 juramenta
2499 2059 2623 2104 tua:
2653 2066 2745 2120 ego
2773 2060 2939 2105 autem
2966 2052 3082 2104 dico
3110 2051 3268 2119 vobis,
3308 2053 3463 2107 nolite
3501 2056 3601 2125 ju-

2008 2153 2124 2192 rare
2160 2140 2368 2193 omnino
2407 2137 2624 2209 (Matth.
2671 2142 2726 2195 5.
2759 2139 2910 2211 54.):
2953 2141 3128 2197 omnis
3155 2142 3243 2210 qui
3273 2142 3429 2199 docet
3467 2161 3599 2214 qua-

2009 2244 2219 2299 cunque
2248 2244 2316 2285 ex
2358 2245 2549 2285 caussa
2590 2230 2933 2300 pejeraudum
2977 2248 3116 2299 esse,
3151 2248 3251 2305 ego
3288 2234 3409 2290 dico
3454 2237 3599 2304 quod

2010 2320 2217 2375 alienus
2256 2322 2326 2376 sit
2382 2322 2489 2395 [AL
2522 2321 2621 2393 εει]
2658 2337 2686 2376 a
2720 2323 2825 2379 [ide
2853 2322 3073 2391 Christi,
3116 2334 3171 2380 et
3217 2324 3284 2381 ab
3341 2325 3599 2383 Ecclesia:

2010 2414 2215 2469 unitate
2260 2415 2560 2470 catholicae.

2078 2504 2135 2559 4.
2152 2504 2258 2560 Sed
2288 2506 2446 2560 velim
2474 2520 2617 2561 nunc
2640 2514 2983 2576 posteaquam
3011 2507 3099 2562 de1
3126 2522 3264 2575 meo,
3281 2517 3341 2564 ut
3364 2509 3479 2579 ipse
3497 2520 3598 2567 sta.

2010 2595 2107 2661 tui,
2133 2595 2475 2651 anathemate
2506 2596 2763 2665 satisfeci,
2795 2598 3076 2653 elaborare
3104 2600 3399 2669 paululum,
3432 2602 3477 2657 si
3507 2617 3598 2672 pa-

2011 2688 2206 2742 tienter
2233 2688 2500 2757 accipitis,
2539 2698 2592 2744 et
2615 2689 2716 2744 hoc
2743 2690 2886 2759 quod
2929 2690 3030 2745 iste
3057 2705 3156 2760 per
3177 2691 3323 2760 orgia
3352 2694 3597 2764 quaedam

2007 2786 2063 2831 et
2084 2780 2336 2849 mysticas
2359 2778 2737 2835 fmderationes
2754 2780 2861 2853 [AL
2880 2781 3400 2856 cunfmderationis],
3418 2786 3599 2859 perju-

2008 2872 2146 2925 rium
2162 2870 2436 2925 observari
2453 2870 2604 2936 dicit,
2624 2886 2759 2940 quos
2775 2872 2966 2928 habeat
2986 2874 3226 2930 cultores
3255 2886 3310 2930 et
3330 2891 3597 2948 symmys-

2010 2970 2111 3027 tas,
2129 2966 2360 3030 aperire.
2379 2963 2536 3017 Certa
2558 2972 2640 3018 est
2658 2964 2802 3018 enim
2823 2965 3016 3019 etsatis
3037 2980 3156 3020 vera
3171 2953 3269 3022 [Dei
3287 2967 3377 3022 illa
3391 2979 3597 3026 senten-

2007 3054 2079 3107 tia
2108 3054 2271 3126 357
2299 3068 2417 3123 qua:
2439 3053 2603 3129 dicit,
2639 3054 2772 3122 Quia
2799 3072 2862 3110 ea:
2899 3057 3153 3127 fructibus
3194 3076 3373 3115 eorum
3402 3078 3596 3133 cogno-

2008 3145 2156 3198 scetis
2182 3160 2266 3198 eos
2295 3142 2521 3214 (Matth.
2557 3146 2607 3197 7.
2643 3144 2770 3214 16.)
2799 3164 2810 3198 :
2858 3156 2913 3203 et
2940 3148 3131 3203 iterum
3159 3166 3173 3206 :
3211 3149 3292 3206 Ea:
3319 3153 3596 3226 fructibus,

314 3251 367 3299 te
410 3245 585 3300 velata
666 3245 788 3299 aliis
815 3244 921 3317 [AL
955 3242 1062 3315 his]
1093 3254 1117 3282 ο
1146 3246 1362 3313 referat,
1404 3247 1495 3316 qui
1525 3256 1578 3303 et
1626 3248 1728 3316 ipsi
1774 3262 1901 3316 nox,

2010 3235 2204 3305 inquit,
2237 3236 2389 3290 arbor
2414 3238 2738 3308 cognoscitur
2772 3236 2921 3308 (Luc.
2954 3239 3006 3293 6.
3040 3239 3177 3309 44.).
3219 3243 3285 3297 Et
3314 3258 3414 3300 nos
3445 3261 3595 3316 ergo,

318 3340 576 3403 tenebrre,
597 3337 682 3393 vel
711 3338 882 3409 caligo
910 3348 1055 3394 sunt.
1084 3339 1158 3395 De
1187 3339 1380 3408 quibus
1401 3339 1611 3406 dicitur,
1650 3340 1716 3395 Et
1741 3341 1908 3414 caligo

315 3427 409 3481 sub
455 3426 668 3498 pedibus
696 3429 809 3499 ejus
840 3426 1011 3497 (PsaL
1060 3429 1148 3483 17.
1184 3428 1321 3499 10.),
1354 3429 1497 3484 haud
1526 3430 1749 3485 dubium
1780 3432 1907 3500 quin

317 3516 434 3572 Dei.
483 3518 616 3572 Nam
653 3528 709 3574 et
737 3519 790 3572 in
835 3529 1020 3574 monte
1065 3518 1457 3591 SinaVMoyses
1513 3522 1810 3591 ingreditur
1851 3522 1907 3577 in

317 3611 588 3666 turbinem
634 3619 690 3666 et
730 3611 1034 3681 caliginem,
1066 3612 1156 3667 ubi
1185 3621 1303 3668 erat
1332 3613 1475 3669 Deus
1517 3612 1717 3685 (Exod.
1768 3612 1904 3684 19.).

318 3700 387 3755 Et
426 3701 494 3756 de
521 3701 638 3771 ipso
671 3700 778 3757 Deo
807 3703 1063 3772 scriptum
1093 3711 1177 3759 est
1215 3719 1230 3756 :
1264 3702 1444 3759 Posuit
1470 3702 1490 3742 ί
1518 3706 1746 3761 tenebras
1776 3705 1904 3760 lati-

319 3791 503 3846 bulum
540 3808 694 3847 suum
746 3793 865 3864 (Ps.
900 3794 984 3849 17.
1021 3793 1157 3862 12.).
1188 3796 1352 3867 356
1393 3796 1666 3868 Loquatur
1723 3798 1902 3869 itaque

317 3886 601 3942 veritatem
631 3898 789 3960 atque
814 3891 1071 3962 mysteria
1101 3894 1466 3963 unusquisque
1502 3908 1623 3948 cum
1657 3894 1905 3964 proximo

315 3988 436 4041 suo,
467 3992 567 4032 nec
599 3978 688 4034 det
714 3990 959 4036 sanctum
984 3982 1233 4048 canibus,
1270 3998 1445 4053 neque
1476 3984 1655 4038 mittat
1694 3999 1903 4054 marga-

318 4064 449 4120 ritas
493 4077 619 4123 ante
668 4084 892 4139 porcos:
941 4071 1037 4127 sed
1085 4071 1387 4142 quicunque
1438 4072 1616 4127 oleum
1664 4072 1904 4128 veritatis

318 4157 620 4225 habuerint,
696 4163 815 4219 illos
839 4163 946 4235 [AL
978 4173 1033 4219 et
1081 4161 1237 4234 illud]
1281 4164 1335 4218 in
1392 4164 1688 4219 thalamum
1715 4165 1899 4235 sponsi

316 4256 370 4303 et
395 4264 592 4318 penum
631 4252 738 4324 [AL
772 4253 933 4325 penu]
986 4256 1127 4325 regis
1166 4255 1406 4311 inducat.
1448 4274 1466 4307 ι
1506 4255 1713 4321 Videte,
1757 4270 1904 4325 quae-

317 4350 379 4391 so
426 4354 546 4407 vos,
594 4352 651 4397 et
692 4344 1002 4414 diligentius
1042 4346 1351 4415 perspicite,
1386 4346 1431 4401 si
1459 4346 1621 4401 alium
1670 4348 1899 4417 aliquem

313 4428 368 4483 in
400 4431 647 4487 omnibus
676 4433 757 4489 his
786 4450 904 4505 quae
932 4437 1143 4503 scribit,
1173 4438 1274 4492 nisi
1311 4452 1370 4493 se
1395 4446 1449 4493 et
1476 4453 1570 4493 sua
1603 4438 1743 4493 dicta
1771 4454 1900 4494 cou-

312 4519 553 4578 demnet.
604 4525 658 4581 Si
706 4525 911 4581 inimici
954 4528 1037 4582 sui
1084 4528 1328 4585 lacerare
1393 4545 1540 4594 eum,
1588 4540 1643 4586 et
1669 4546 1896 4601 arguere

2010 3328 2150 3383 sicut
2179 3329 2280 3384 iste
2307 3328 2472 3397 dicit,
2502 3329 2721 3400 perjurii
2755 3330 2946 3401 dogma
2984 3332 2997 3381 i
3034 3335 3388 3404 suscepimus.
3442 3338 3500 3394 Si
3529 3340 3597 3397 ad

2012 3421 2116 3476 hoc
2160 3419 2339 3477 edocti
2382 3436 2568 3478 sumus
2593 3464 2608 3490 ,
2639 3430 2695 3477 et
2739 3423 2859 3477 talis
2886 3424 2939 3478 in
2986 3424 3138 3480 nobis
3169 3427 3332 3483 arbor
3359 3429 3595 3499 plantata

2010 3523 2115 3581 est,
2146 3529 2252 3570 non
2278 3524 2453 3583 potest
2480 3514 2618 3581 fieri,
2651 3524 2836 3570 utnon
2871 3518 3000 3572 tales
3025 3517 3190 3588 aliqui
3216 3535 3281 3575 ex
3313 3520 3468 3578 nobis
3495 3537 3596 3579 sat-

2012 3607 2129 3676 pius
2184 3607 2608 3677 germinaverint
2656 3607 2861 3663 fructus
2889 3653 2903 3673 ,
2965 3624 3149 3665 verum
3181 3611 3342 3667 etiam
3384 3614 3596 3684 mystici

2008 3699 2279 3772 dogmatis
2324 3700 2643 3756 auctoritate
2692 3702 2989 3757 coaluerint
3042 3701 3152 3775 [AL
3180 3705 3593 3781 coalescerent}.

2011 3791 2079 3846 Et
2107 3792 2322 3863 quidem
2366 3802 2626 3861 quantum
2665 3792 2732 3847 ad
2784 3809 3064 3863 personam
3116 3812 3289 3852 meam
3337 3801 3597 3869 pertinet,

2009 3900 2167 3955 quem
2200 3886 2375 3941 solum
2423 3902 2488 3943 ex
2541 3885 2625 3942 his
2670 3888 2920 3943 omnibus
2950 3905 3069 3959 quas
3100 3892 3322 3961 scribit,
3353 3895 3596 3952 lacerare

2008 3993 2070 4033 se
2100 3987 2269 4047 putat,
2304 3995 2409 4033 non
2441 3977 2572 4033 mihi
2603 3979 2706 4048 ipsi
2737 3980 2900 4035 feram
2938 3985 3298 4041 testimonium
3323 4026 3340 4055 ,
3370 4004 3472 4044 nec
3515 3990 3595 4044 di-

2008 4082 2128 4122 cam
2156 4068 2298 4139 quod
2322 4070 2484 4124 etiam
2512 4068 2583 4124 sit
2607 4068 2895 4139 jurandum
2921 4111 2936 4135 ,
2968 4088 3088 4127 cum
3116 4074 3257 4131 forte
3298 4080 3594 4135 necessitas

2007 4160 2204 4227 exigit:
2252 4168 2307 4215 et
2335 4160 2382 4215 si
2414 4175 2520 4215 non
2551 4158 2579 4197 ιι
2606 4169 2794 4215 cautus
2844 4177 2960 4216 sum
3008 4164 3116 4237 [AL
3149 4164 3316 4237 sim],
3361 4178 3418 4223 at
3446 4181 3595 4228 certe

2010 4249 2228 4306 timidus
2271 4264 2395 4306 esse
2438 4250 2616 4317 cupio.
2668 4251 2953 4309 Postremo
2983 4264 3037 4309 et
3076 4256 3121 4310 si
3162 4257 3451 4317 observare
3482 4280 3591 4321 non

2008 4356 2464 4411 possum,errasse
2488 4356 2575 4398 me
2601 4343 2841 4398 noverim
2868 4344 2977 4415 [AL
3001 4347 3290 4421 noverint].
3324 4351 3447 4407 Hmc
3463 4369 3592 4427 ergo

2005 4448 2113 4487 non
2141 4433 2318 4487 dicam
2344 4472 2359 4497 ,
2406 4442 2581 4488 tamen
2624 4433 2740 4489 sive
2766 4448 2942 4490 errem
2973 4435 3028 4491 iu
3060 4437 3175 4507 his,
3208 4440 3322 4497 sive
3347 4457 3588 4513 caveam,

2006 4524 2105 4578 iste
2148 4524 2363 4579 interim
2410 4536 2655 4578 caussam
2696 4525 2972 4583 commissi
3012 4527 3258 4601 alicujus,
3289 4547 3389 4602 qua
3417 4551 3504 4593 me
3534 4539 3586 4593 in

312 4623 412 4679 pro
460 4613 678 4685 scriptis
717 4616 829 4671 suis
872 4616 1093 4684 vellent,
1145 4634 1252 4689 quo
1279 4618 1387 4673 alio
1444 4620 1654 4685 ordine,
1705 4623 1899 4692 quibus

2010 4614 2204 4671 talibus
2224 4623 2409 4685 arguat
2434 4656 2448 4680 ,
2482 4628 2589 4670 non
2614 4614 2777 4671 habet
2815 4616 2921 4688 [AL
2956 4616 3217 4692 habebit].
3264 4622 3380 4696 Ego
3406 4638 3585 4685 autem

309 4701 432 4759 aliis
459 4704 747 4767 adversum
779 4723 901 4764 eum
925 4711 1205 4765 sententiis
1233 4719 1530 4777 uterentur,
1574 4713 1673 4767 nisi
1703 4713 1895 4784 quibus

382 4858 745 4935 fTacet_ms.-_
772 4861 851 4915 vel
871 4934 876 4935 γ
898 4862 1234 4935 particulam,
1279 4878 1399 4917 mox
1426 4866 1730 4921 econtrario
1778 4867 1896 4935 plus

306 4926 493 5006 habet,
545 4928 623 4985 vel
674 4932 777 5006 alio
826 4926 1038 5006 abii/lo
1102 4936 1368 5006 traditum,
1404 4944 1686 5004 etc.,puta
1732 4926 1892 5006 quem

308 5002 472 5075 toties
518 5001 821 5075 superiore
850 5003 1055 5075 [libello
1107 5004 1331 5058 Rufinus
1370 5001 1633 5075 exagitat,
1688 5001 1890 5064 et'non

303 5070 468 5144 alium
511 5072 676 5144 fuisse
722 5073 817 5144 abs
844 5072 1175 5144 Hieronymo
1218 5075 1334 5142 ipso
1369 5070 1668 5130 contendit.
1700 5078 1802 5132 Sed
1835 5090 1889 5133 et

303 5141 566 5216 tertioab
616 5132 905 5216 hoc'versu
954 5132 1072 5213 plus
1105 5132 1268 5201 habet
1295 5160 1422 5214 ms.,
1449 5147 1587 5215 quod
1626 5132 1887 5216 proximus

301 5225 404 5265 non
434 5214 520 5280 sit,
551 5223 657 5269 etc.
684 5212 909 5269 fortasse
939 5212 1136 5270 verius.

371 5281 399 5319 ι’
434 5283 622 5338 Denuo
676 5292 816 5339 tacet
846 5300 949 5340 ms.
978 5286 1209 5341 mittatis.

375 5362 399 5422 ς
430 5356 604 5422 Atque
635 5354 754 5407 heic
788 5357 892 5409 suis
922 5364 1078 5410 tacet.

369 5421 477 5477 dIn
522 5421 914 5479 commentario
955 5430 1050 5479 hoc
1095 5428 1231 5493 iubet
1268 5443 1286 5481 :
1327 5436 1436 5481 tum
1484 5444 1587 5483 ms.
1623 5430 1781 5484 tertio
1821 5444 1890 5486 ao

299 5491 402 5548 hoc
464 5509 623 5569 versu
674 5502 720 5546 et
746 5496 852 5548 dies
906 5497 1030 5563 diei,
1077 5491 1125 5550 et
1154 5515 1256 5553 nos:
1301 5500 1458 5566 nocti,
1489 5502 1882 5569 praetermissis,

297 5572 485 5617 cructet
512 5564 740 5618 verbum.

360 5644 397 5758 ιτ
422 5635 519 5688 Ms.
546 5635 745 5758 lfuerat,
788 5643 843 5690 et
886 5648 1012 5691 mox
1054 5638 1111 5693 in
1164 5637 1362 5694 Psalmi
1420 5647 1567 5695 textu
1628 5638 1806 5696 Nubes
1836 5653 1886 5697 et

381 5722 482 5758 tao.
510 5720 537 5758 θ
565 5720 616 5758 c.

296 5715 482 5771 caligo,
510 5715 616 5760 etc.

376 5723 825 5855 :get’ufgfiiantea
866 5774 1006 5831 Deus
1034 5792 1228 5855 nomen
1276 5779 1691 5855 interserebaut,
1734 5784 1880 5855 quod

296 5859 472 5917 neque
512 5860 617 5901 ms.
652 5844 832 5905 habet,
862 5861 1034 5915 neque
1075 5848 1195 5904 libri
1242 5849 1353 5905 ulli.

577 5939 857 6002 PATROL.
904 5939 1083 6003 XXI.

2004 4706 2236 4779 qualiter
2262 4706 2404 4778 apud
2451 4707 2613 4763 istum
2658 4709 3024 4767 sacratissima
3068 4713 3139 4768 sit
3163 4713 3325 4786 hujus
3356 4735 3462 4775 non
3492 4723 3587 4780 do-

2075 4865 2228 4952 s-Me.
2259 4864 2599 4952 verbaphwc.
2616 4866 2800 4952 iterum
2836 4867 3096 4952 observari
3130 4873 3296 4943 jubet,
3329 4883 3451 4952 tum
3478 4884 3587 4952 agit

2001 4937 2382 5011 praetermittit,
2416 4950 2519 4990 non
2584 4936 2928 5011 incommodo
2972 4936 3212 5011 quidem,
3248 4936 3342 5001 aut
3402 4936 3582 5010 hiulco

1999 5023 2183 5077 sensu,
2215 5007 2310 5060 sed
2339 5020 2443 5061 non
2480 5015 2654 5060 tamen
2687 5007 2916 5077 integro.

2072 5076 2099 5113 δ
2122 5078 2263 5160 [dem
2296 5078 2449 5164 etiam
2469 5077 2737 5164 adverbio
2787 5076 3171 5164 praetermisso,
3200 5087 3582 5164 injiceredegit

1995 5163 2093 5231 pro
2130 5150 2361 5231 inurere;
2394 5159 2503 5231 tum
2536 5149 2688 5231 male.
2706 5165 2838 5231 nunc
2863 5152 3047 5206 iterum
3076 5149 3284 5231 iterare,
3308 5168 3361 5213 et
3381 5160 3444 5212 ab
3466 5149 3579 5231 ipvso

1995 5221 2189 5284 datam,
2217 5227 2347 5300 (ῃ,ᾳά
2379 5221 2627 5300 denique
2656 5220 2717 5300 de
2743 5238 2796 5275 se
2815 5225 2999 5300 iterum
3039 5239 3135 5291 pro
3161 5228 3225 5280 de
3250 5220 3304 5281 se
3347 5246 3419 5297 se,
3443 5220 3578 5300 δία,

1994 5299 2147 5361 vetus
2177 5291 2340 5344 editio
2380 5291 2443 5361 de
2469 5306 2521 5343 se
2551 5289 2777 5361 interim,
2811 5306 2908 5361 pro
2948 5289 3152 5359 iterum,
3179 5307 3285 5351 etc.

2072 5359 2087 5397 ί
2125 5361 2288 5415 Vetus
2328 5360 2513 5431 editio,
2558 5360 2620 5413 de
2648 5377 2745 5427 me,
2777 5359 2830 5414 ut
2871 5364 2980 5430 ipse
3024 5366 3223 5431 statuit,
3257 5368 3577 5425 anathemati

1993 5431 2239 5507 satisfeci.
2293 5430 2454 5507 l’ejus
2509 5431 2562 5483 in
2604 5432 2959 5507 Guarnerian.
2992 5430 3218 5507 ms.,de
3269 5438 3460 5507 medio,
3516 5450 3577 5495 ut

1994 5502 2102 5572 ipse
2150 5502 2366 5567 statuit,
2417 5511 2534 5573 tum
2571 5501 2827 5556 elaborate
2877 5502 3165 5573 paululum,
3208 5515 3263 5559 et
3303 5521 3397 5573 per
3445 5501 3575 5567 odia

1994 5570 2249 5650 quietiam,
2294 5581 2455 5640 atque
2486 5571 2539 5625 id
2580 5587 2749 5641 geuus
2789 5573 2892 5627 alia
2932 5570 3156 5628 interius
3195 5570 3411 5644 menda,
3445 5597 3568 5650 quae

1990 5645 2238 5714 persequi
2269 5658 2377 5695 non
2418 5652 2589 5714 vacat.

2063 5713 2077 5765 i
2129 5709 2183 5768 In
2212 5728 2314 5766 ius.
2339 5712 2557 5781 perjurii
2581 5709 2767 5779 dogma
2795 5709 2937 5782 illius
2956 5711 3218 5782 caepimus,
3243 5723 3347 5770 etc.

2059 5787 2085 5821 ιι
2124 5780 2524 5861 ιάθιιιξιδὶφιοη
2562 5790 2730 5861 tantus
2769 5780 2887 5848 sim,
2911 5792 2997 5836 aut
3026 5792 3159 5837 certe
3179 5780 3212 5857 ρ’
3230 5796 3336 5842 etc.
3370 5788 3560 5861 Spha].

1985 5866 2125 5911 mata
2154 5851 2514 5912 manifestiora
2543 5858 2823 5915 praetereo.

3135 5948 3205 6008 19
