4166 6348
577 393 677 449 587

576 506 915 581 gmatismed
950 500 1225 558 fwdissimi
1259 510 1309 553 et
1348 497 1608 549 verissimi
1643 494 1755 546 vitii
1799 488 2152 551 observantia,
2192 492 2227 543 .-\

580 578 773 656 iterum
808 614 873 655 ex
902 595 1116 661 scriptis
1143 590 1257 659 ejus
1288 587 1541 658 probabo.
1583 584 1723 639 Nihil
1752 584 1893 639 enim
1929 597 1993 636 ex
2022 578 2157 635 livo-

579 711 639 751 re
668 701 721 748 ct
760 689 955 746 invidia
1001 684 1286 739 conﬁctam
1340 679 1444 750 [AL
1492 674 1817 743 confectum]
1870 672 2155 728 adversum

579 803 700 843 eum
737 782 1030 853 proferam,
1074 786 1127 831 ut
1169 776 1281 840 ipse
1323 780 1507 824 contra
1541 784 1636 823 nos
1668 768 1821 832 facit;
1860 765 1953 821 sed
1986 765 2155 833 ipsum

581 892 640 932 se
671 885 855 931 testem
888 881 940 924 et
986 869 1183 934 scripta
1226 878 1316 916 sua
1349 864 1625 915 adversum
1659 874 1779 912 eum
1827 856 2114 927 producam
2142 869 2155 905 :

587 979 643 1023 ut
664 970 799 1023 Sciat
838 980 897 1018 se
948 977 1049 1015 non
1092 960 1157 1013 ab
1208 956 1436 1011 inimicis
1468 954 1613 1022 argui
1648 994 1660 1015 ,
1695 952 1784 1005 sed
1817 967 1843 1002 a
1872 948 2159 1015 semetipso

583 1060 845 1127 redargui.

652 1154 707 1207 5.
752 1149 1014 1204 Libellum
1049 1142 1331 1213 quemdam
1371 1140 1438 1193 de
1464 1136 1827 1191 conservanda
1865 1132 2161 1201 tirginilalc

579 1242 766 1296 Romae
798 1239 1002 1309 positus
1031 1235 1263 1301 scripsit,
1295 1245 1457 1300 quem
1478 1228 1712 1283 libellum
1746 1238 1932 1280 omnes
1968 1224 2158 1293 Pagani

581 1341 635 1387 et
658 1330 857 1386 inimici
890 1328 1006 1396 Dei,
1042 1335 1066 1361 ⁸
1096 1333 1351 1393 apostata:
1402 1328 1457 1373 et
1510 1325 1876 1387 persecutores
1898 1356 1910 1377 ,
1962 1323 2016 1367 et
2047 1314 2161 1382 qui-

579 1438 789 1494 cunque
819 1430 943 1477 sunt
970 1464 983 1484 ,
1036 1417 1123 1487 qui
1156 1414 1516 1468 Christianum
1550 1422 1743 1464 nomen
1788 1407 1911 1461 odio
1942 1406 2158 1494 habent,

578 1492 823 1565 certatim
852 1508 953 1562 sibi
1002 1504 1379 1559 describebant
1428 1513 1522 1568 pro
1553 1510 1636 1560 eo,
1670 1495 1809 1562 quod
1844 1507 2057 1548 omnem
2090 1492 2161 1546 ibi

580 1605 1009 1659 Christianorum
1060 1597 1337 1659 ordinem,
1392 1606 1605 1645 omnem
1653 1588 1905 1657 gradum,
1950 1599 2162 1640 omnem

582 1694 1004 1764 professiopem,
1040 1687 1451 1751 universumque
1491 1680 1688 1749 pariter
1720 1674 2029 1731 foedissimis
2071 1689 2162 1727 ex-

584 1784 1014 1859 probrationibus
1044 1778 1317 1835 infamavit
1346 1774 1663 1836 Ecclesiam;
1696 1779 1750 1826 et
1778 1782 1836 1824 ea
1872 1785 1989 1839 qua:
2025 1767 2165 1821 Gen-

1594 374 1822 431 RUFINI
1868 368 2345 440 AQUIIﬁll‘lNSls
2387 364 2807 423 PRESBYTERI

3745 368 3844 425 538

2335 486 2386 538 6.
2434 485 2613 540 Redeo
2662 486 2801 539 enim
2847 493 2965 554 post
3007 498 3293 541 excessum
3337 487 3619 555 quemdam
3648 488 3713 541 ad
3748 488 3845 545 hoc

2266 576 2404 643 quod
2458 590 2839 645 proposueram
2869 617 2883 642 ,
2937 586 3160 647 propter
3206 578 3347 645 quod
3375 587 3428 632 et
3470 577 3657 634 Libelli
3690 579 3844 650 hujus

2262 682 2349 721 res
2399 668 2646 736 poposcit
2693 667 2807 723 fieri
2856 669 3219 735 mentionem,
3281 679 3331 723 et
3377 670 3658 725 ostendam
3705 672 3845 741 apud

2264 762 2422 815 istum
2458 770 2564 816 tam
2594 762 2735 817 licita
2767 762 2952 818 haberi
2987 764 3219 833 perjuria
3247 803 3264 829 ,
3310 773 3366 817 ut
3396 764 3608 832 scriptis
3631 780 3847 835 quoque

2266 854 2377 909 suis
2426 854 2759 922 deprehendi
2809 870 2871 911 ea
2919 870 3024 910 non
3071 855 3374 911 erubescat.
3440 856 3602 924 Igitur
3653 856 3706 910 in
3749 858 3849 911 hoc

2264 948 2379 1015 ipso
2411 947 2615 1001 Libello
2640 988 2653 1011 ,
2703 962 2822 1001 cum
2855 957 3101 1003 moneret
3128 990 3142 1012 ,
3188 948 3475 1004 saeculares
3500 948 3716 1003 codices
3747 948 3845 1019 legi

2266 1052 2369 1093 non
2399 1038 2594 1093 debere
2635 1048 2688 1093 et
2738 1038 2962 1103 diceret,
3021 1058 3038 1090 ι
3073 1040 3208 1106 Quid
3241 1039 3398 1094 faciet
3426 1054 3545 1094 cum
3578 1039 3843 1095 Psalterio

2267 1127 2546 1191 Horatius,
2582 1141 2709 1182 cum
2754 1128 3057 1198 Evangeliis
3094 1129 3269 1189 Maro.
3299 1145 3419 1183 cum
3452 1130 3712 1198 Apostolo
3738 1131 3847 1204 [Αι.
3884 1166 3887 1169 ν

2266 1217 2559 1289 Apestolis]
2589 1217 2815 1273 Cicero?
2864 1234 3041 1273 nonne
3088 1220 3546 1275 scandalizabitur
3582 1222 3769 1287 frater,
3803 1238 3840 1277 s.

2267 1317 2317 1361 te
2348 1308 2540 1363 viderit
2587 1309 2637 1362 in
2673 1308 2835 1363 idolio
2868 1310 3304 1364 recumbentem?
3335 1331 3351 1362 ι
3404 1323 3455 1366 ct
3501 1321 3696 1367 caetera
3724 1328 3845 1368 cum

2267 1399 2499 1453 dixisset
2530 1400 2817 1468 ejusmodi,
2849 1400 3042 1471 quibus
3070 1402 3299 1455 alienam
3330 1417 3450 1457 esse
3481 1417 3509 1456 a
3542 1403 3848 1459 Christiano

2268 1500 2535 1544 assereret
2583 1492 2838 1546 librorum
2890 1492 3229 1546 szecularium
3279 1493 3605 1547 lectionem:
3665 1496 3852 1550 inserit

2270 1582 2428 1635 etiam
2454 1584 2834 1638 revelationem
2866 1584 3133 1654 quandam
3164 1585 3229 1638 ad
3259 1599 3318 1641 se
3347 1586 3602 1641 divinitus
3629 1584 3845 1655 factam,

2269 1672 2398 1727 satis
2429 1672 2456 1711 ι)
2491 1673 2755 1728 horrificis
2805 1674 3057 1730 refertam
3107 1677 3404 1745 praeceptis.
3461 1678 3625 1749 359
3667 1678 3852 1734 ltefert

2271 1764 2411 1817 enim
2440 1807 2454 1829 ,
2484 1764 2623 1833 quod
2659 1776 3005 1836 posteaquam
3051 1770 3249 1823 sarculo
3279 1773 3634 1827 renuntiasset
3659 1814 3673 1837 ,
3706 1782 3758 1827 et
3786 1772 3851 1827 ad

590 1856 709 1934 tiles
739 1878 873 1931 falso
904 1878 954 1928 in
998 1887 1094 1926 nos
1124 1869 1369 1926 conferre
1417 1866 1521 1937 [ΑΙ.
1558 1863 1718 1931 ferrel
1750 1863 1971 1916 crimina
2007 1867 2160 1928 puta-
2200 1860 2237 1912 li
2274 1856 2437 1911 Deum
2492 1857 2678 1912 fuisset
2725 1873 3044 1925 conversus,
3072 1875 3254 1916 amore
3307 1874 3482 1917 tamen
3509 1865 3850 1920 saecularium

589 1975 800 2034 bantur,
836 1972 934 2023 iste
959 1981 1080 2020 vera
1109 1978 1249 2027 esse,
1283 1962 1445 2016 immo
1486 1958 1651 2013 multo
1692 1956 1871 2026 pejora
1910 1970 1938 2007 a
1970 1952 2165 2006 nostris

588 2064 719 2128 geri,
753 2074 909 2130 quatn
941 2058 1011 2110 illi
1048 2051 1488 2114 criminabantur,
1524 2046 1769 2101 asseruit.
1832 2044 1961 2097 Nam
1993 2044 2165 2111 primo

586 2155 705 2206 illas
732 2153 872 2221 ipsas
904 2148 1153 2216 virgines,
1185 2144 1249 2197 de
1277 2155 1499 2213 quarum
1529 2141 1724 2192 virtute
1756 2136 1991 2190 scribere
2020 2133 2167 2187 vidc-

591 2245 765 2305 batnr,
813 2241 1029 2294 infatuat
1056 2279 1070 2301 ,
1119 2245 1173 2290 et
1202 2235 1331 2289 dicit
1374 2234 1442 2287 de
1486 2233 1563 2285 eis
1610 2232 1689 2284 his
1734 2229 1947 2283 verbis:
1988 2245 2005 2277 ι
2038 2226 2167 2279 Alite

588 2338 725 2389 virili
774 2336 952 2388 habitu
983 2376 995 2396 ,
1040 2339 1189 2383 veste
1237 2335 1435 2381 mutata
1457 2367 1470 2389 ,
1500 2323 1825 2378 erubescunt
1856 2335 1913 2374 se
1943 2318 2167 2373 feminas

588 2444 729 2491 esse,
762 2426 903 2494 quod
933 2434 1069 2476 nata:
1103 2430 1263 2480 sunt,
1308 2418 1513 2493 crinem
1562 2420 1877 2482 amputant,
1907 2420 1960 2465 et
1991 2408 2167 2477 impu-

588 2520 779 2573 denter
806 2516 1017 2582 erigunt
1044 2512 1204 2565 facies
1232 2510 1580 2564 eunuchinas.
1622 2506 1751 2561 Sunt
1775 2504 1882 2575 [ΑΙ.
1907 2499 2167 2571 Suntque]

591 2627 707 2679 qua:
736 2608 924 2662 ciliciis
960 2607 1287 2664 vestiuntur,
1322 2600 1487 2671 358
1515 2608 1569 2652 et
1593 2596 1815 2651 cucullis
1845 2592 2166 2656 fabrefactis,

590 2714 645 2756 ut
677 2703 739 2755 ad
773 2699 1048 2754 infantiam
1077 2697 1298 2751 redeant
1320 2736 1333 2759 ,
1366 2694 1642 2746 imitantur
1674 2700 1897 2744 noctuas
1924 2696 1978 2741 et
2005 2686 2171 2741 bubo-

590 2810 703 2847 nes.
742 2812 758 2843 ι
797 2790 932 2844 Dicit
960 2800 1013 2843 et
1040 2788 1182 2842 mille
1211 2786 1310 2839 alia
1336 2784 1405 2840 de
1437 2786 1517 2837 his
1549 2783 1741 2853 probra
1763 2781 2029 2852 graviora.
2063 2778 2167 2834 Sed

591 2902 687 2940 nec
716 2884 889 2937 viduis
919 2882 1134 2951 quidem
1167 2881 1357 2947 parcit.
1397 2878 1484 2931 Ait
1528 2890 1756 2946 namque
1787 2875 1897 2947 [ΑΙ.
1929 2870 2166 2944 quidem]

590 2978 654 3029 de
686 2976 836 3044 ipsis,
869 2992 887 3024 ‹
919 2973 1071 3026 Nulla
1104 2971 1206 3025 illis
1240 2969 1337 3023 nisi
1374 2968 1573 3023 ventris
1604 2980 1729 3021 cura
1754 3010 1767 3034 ,
1802 2975 1857 3020 et
1900 2979 2019 3035 quae
2042 2978 2168 3018 ven-

590 3071 653 3123 tri
701 3068 939 3135 rroxima
994 3073 1138 3119 sunt.
1169 3082 1186 3114 ι
1258 3062 1369 3115 Alia
1418 3074 1632 3129 quoque
1682 3058 1876 3127 ingerit
1916 3057 2168 3112 obscmna

590 3158 1003 3230 quamplurima.
1081 3154 1187 3210 Sed
1235 3162 1289 3207 et
1336 3152 1713 3206 Monachorum
1764 3162 1923 3203 omne
1974 3160 2164 3218 genus,

586 3220 917 3319 qttam-fmde
942 3290 955 3310 ,
990 3262 1149 3317 quam
1197 3243 1424 3312 turpiter
1473 3243 1669 3295 laceret
1692 3279 1707 3303 ,
1760 3238 1976 3307 longum
2009 3236 2167 3292 estsi
2198 3220 2242 3282 (ἶ

594 3344 761 3410 ipsius
792 3340 973 3394 verbis
1006 3338 1089 3391 vel
1118 3336 1331 3403 scriptis
1362 3333 1519 3389 velim
1546 3331 1795 3402 probare.
1827 3331 1898 3384 De
1924 3329 2171 3385 Diaconis

590 3450 717 3490 vero
741 3443 794 3488 et
820 3432 1174 3501 l’rcsbyteris,
1207 3444 1326 3498 qua:
1357 3427 1619 3481 dedecora
1651 3424 2038 3494 descripserit,
2078 3437 2173 3491 pu-

591 3528 678 3580 det
728 3533 991 3579 retexere.
1035 3521 1245 3575 Initium
1290 3530 1466 3572 tamen
1518 3516 1854 3571 Iacerationis
1885 3514 2051 3583 ipsius
2081 3527 2174 3582 po-

595 3633 715 3670 nam
747 3658 759 3678 ,
809 3631 878 3667 ex
912 3630 1017 3682 quo
1050 3614 1252 3665 facilius
1297 3610 1485 3679 conjici
1536 3608 1702 3677 possit
1752 3608 1858 3679 [ΑΙ.
1905 3604 2176 3674 conjicere

597 3703 863 3777 po-sitisj,
915 3712 1170 3772 quantum
1220 3705 1271 3755 in
1319 3698 1774 3769 consequentibus
1822 3695 2178 3765 angescatin-

597 3800 789 3854 vectio.
830 3817 847 3849 ι
881 3798 1016 3853 Sunt
1042 3795 1158 3863 alii,
1188 3796 1379 3866 inquit,
1409 3797 1476 3851 de
1504 3795 1607 3849 mei
1638 3794 1844 3848 ordinis
1873 3792 2179 3847 hominibus

597 3886 705 3965 [Λὶ.
742 3890 1067 3961 nominibus]
1117 3892 1325 3960 loquor,
1380 3890 1468 3959 qui
1519 3889 1641 3944 ideo
1690 3886 2086 3957 Presbyterium
2126 3894 2179 3939 et

599 3972 945 4040 Diaconatum
991 3986 1264 4045 ambiunt,
1322 3995 1377 4037 ut
1416 3982 1668 4036 mulieres
1696 3979 1943 4033 licentius
1966 3977 2182 4031 videant

596 4079 703 4150 [AL
738 4075 977 4147 adeant].
1030 4077 1215 4131 Omnis
1266 4076 1347 4130 his
1390 4090 1516 4129 cura
1545 4074 1611 4128 de
1652 4074 1891 4127 vestitus
1918 4111 1931 4133 ,
1968 4071 2012 4125 si
2044 4070 2182 4127 bene

600 4176 805 4235 oleant,
837 4175 881 4228 si
915 4188 1003 4239 pes
1033 4174 1146 4226 laxa
1186 4171 1321 4240 pelle
1354 4186 1458 4225 non
1494 4167 1695 4225 folleat.
1745 4170 1931 4225 Crines
1962 4170 2181 4225 calami-

604 4269 698 4319 stri
731 4266 954 4334 vestigio
988 4272 1249 4327 rotantur,
1283 4261 1429 4331 digiti
1471 4262 1537 4317 de
1567 4261 1743 4316 anulis
1770 4263 2007 4327 radiant,
2037 4270 2090 4316 et
2118 4276 2184 4316 ne

608 4359 814 4425 plantas
870 4356 1135 4411 llllilitlillr
1187 4356 1291 4427 (Al.
1344 4354 1616 4423 humiliorl
1671 4356 1753 4409 via
1800 4365 2047 4425 spargat,
2096 4355 2183 4410 vix

609 4451 919 4519 imprimunt
942 4463 1146 4502 summa
1171 4447 1411 4517 vestigia.
1446 4446 1604 4501 Tales
1627 4462 1749 4500 cum
1780 4447 1999 4508 videris,
2024 4460 2187 4515 spon-

604 4555 694 4595 sos
728 4541 895 4608 magis
925 4540 1157 4593 restitues
1190 4554 1309 4593 csse
1357 4552 1514 4607 quam
1564 4538 1852 4592 Clericos.»
1885 4538 1948 4591 Et
1976 4546 2187 4606 postea-

2273 1947 2529 2001 librorum
2562 1948 2715 2003 valde
2744 1960 3035 2017 teneretur,
3079 1968 3177 2007 nec
3222 1953 3377 2009 facile
3420 1964 3601 2023 posset
3645 1957 3736 2011 tali
3768 1972 3851 2012 ca-

2272 2054 2388 2092 rere
2416 2040 2707 2103 desiderio,
2750 2060 2767 2092 ι
2797 2042 2859 2095 Et
2909 2058 3006 2111 pro
3056 2045 3156 2098 hoc
3204 2046 3396 2110 subito,
3428 2047 3629 2116 inquit,
3671 2058 3854 2117 raptus

2274 2133 2323 2186 in
2356 2134 2570 2203 spiritu,
2603 2134 2665 2188 ad
2699 2134 2926 2190 tribunal
2959 2135 3164 2193 Judicis
3196 2138 3504 2209 pertrahor,
3532 2140 3621 2195 ubi
3651 2148 3852 2195 tantum

2272 2224 2485 2279 luminis
2506 2238 2560 2280 et
2584 2236 2788 2281 tantum
2806 2236 2922 2282 erat
2939 2242 3004 2282 ex
3018 2228 3477 2284 circumstantium
3492 2231 3735 2287 claritate
3757 2231 3853 2287 ful-

2271 2316 2434 2384 goris,
2461 2326 2515 2370 ut
2544 2318 2812 2387 projectus
2836 2335 2885 2373 tn
2913 2328 3134 2389 terram,
3156 2335 3364 2375 sursum
3384 2323 3623 2391 aSpicere
3643 2337 3747 2377 non
3772 2336 3856 2377 au-

2272 2408 2475 2462 derem.
2506 2408 2865 2480 lnterrogatus
2890 2412 3250 2466 conditionem
3276 2413 3382 2485 [AL
3408 2414 3475 2469 de
3498 2413 3850 2486 conditione],

2272 2500 2630 2555 Christianum
2664 2519 2747 2557 me
2770 2519 2889 2559 esse
2912 2504 3182 2573 respondi.
3204 2506 3262 2559 Et
3284 2506 3490 2577 ille,qui
3511 2508 3851 2577 praesidebat,

2275 2594 2512 2650 Mentiris
2542 2596 2615 2650 ait
2639 2637 2652 2661 ,
2685 2596 3067 2652 Ciceronianus
3102 2614 3179 2664 es,
3210 2614 3313 2653 non
3343 2600 3713 2666 Christianus;
3764 2601 3852 2656 ubi

2285 2690 2565 2744 thesaurus
2588 2698 2708 2743 tuus
2736 2700 2836 2756 est,
2863 2690 2934 2745 ibi
2962 2703 3013 2745 et
3043 2706 3137 2745 cor
3157 2700 3322 2745 tuum.
3354 2692 3498 2747 Illico
3516 2693 3856 2759 obmutui,et

2274 2784 2413 2838 inter
2440 2784 2663 2839 verbera
2716 2786 2844 2855 (jam
2874 2783 3015 2839 enim
3058 2784 3190 2839 caedi
3239 2784 3358 2856 [ΑΙ.
3394 2801 3518 2839 num
3550 2786 3722 2859 caedi]
3772 2803 3855 2843 me

2269 2876 2527 2942 jusserat.
2548 2874 2895 2930 conscientia:
2928 2876 3095 2943 magis
3122 2875 3244 2945 igne
3278 2876 3586 2945 torquebar.
3614 2878 3858 2933 Clamare

2275 2976 2449 3029 tamen
2478 2968 2619 3035 cepi,
2647 2977 2700 3021 et
2726 2964 2934 3035 ejulans
2963 2966 3167 3031 dicere,
3200 2965 3454 3021 Miserere
3484 2968 3624 3033 mei,
3675 2969 3855 3024 Domi-

2274 3074 2358 3122 ne,
2392 3059 2651 3113 miserere
2679 3059 2804 3113 mei.
2857 3059 2980 3113 ll;ec
3012 3074 3111 3113 vox
3143 3060 3278 3114 inter
3307 3058 3512 3127 ﬂagella
3551 3062 3853 3116 resonabat.

2276 3149 2512 3205 Tandem
2539 3150 2604 3204 ad
2638 3150 2974 3219 prmsidentis
3014 3164 3185 3219 genua
3232 3152 3529 3220 provoluti,
3561 3157 3648 3221 qtti
3675 3154 3857 3208 adsta-

2279 3242 2405 3296 bant
2447 3239 2554 3313 [ΑΙ.
2587 3240 2928 3311 astiterant],
2980 3241 3357 3310 precabantur,
3405 3252 3463 3295 ut
3508 3244 3717 3297 veniant
3767 3243 3860 3299 tri-

2280 3334 2467 3389 bueret
2514 3334 2933 3396 adolescentiae,
2986 3344 3040 3388 et
3084 3333 3253 3389 errori
3307 3334 3479 3389 locum
3531 3335 3859 3404 poenitentia:

2279 3427 2684 3492 commodaret,
2714 3438 2999 3483 exacturus
3030 3426 3223 3483 deinde
3243 3428 3531 3481 cruciatum
3551 3468 3566 3494 ,
3597 3428 3641 3482 si
3671 3429 3859 3484 Genti-

2283 3522 2409 3577 lium
2448 3533 2469 3560 °
2506 3522 2780 3576 literarum
2814 3521 2980 3578 libros
3011 3520 3296 3591 aliquando
3328 3521 3601 3592 legissem.
3632 3521 3745 3591 Ego
3774 3524 3860 3593 qui

2284 3625 2432 3669 tanto
2450 3613 2785 3670 constrictus
2813 3613 3064 3679 articulo,
3092 3612 3287 3667 vellem
3314 3614 3475 3667 etiam
3509 3613 3716 3683 majora
3746 3628 3864 3682 pro-

2284 3708 2515 3772 mittere,
2540 3704 2786 3774 dejerare
2828 3706 2947 3774 cepi
2974 3746 2990 3771 ,
3039 3713 3093 3761 et
3116 3719 3308 3760 nomen
3338 3705 3455 3773 ejus
3480 3704 3756 3760 obtestans
3782 3706 3865 3759 di-

2282 3811 2426 3862 cere,
2465 3796 2691 3852 Domine
2714 3835 2728 3861 ,
2774 3795 2818 3849 si
2864 3811 3101 3867 unquam
3134 3797 3369 3852 habuero
3394 3795 3610 3851 codices
3637 3798 3863 3850 szecula-

2284 3904 2390 3955 res,
2422 3886 2449 3926 ἀ
2481 3899 2569 3943 aut
2600 3890 2643 3941 si
2673 3888 2853 3956 legero
2873 3927 2889 3952 ,
2924 3896 2977 3943 te
3004 3887 3211 3959 negavi.
3254 3886 3312 3941 ln
3337 3886 3451 3941 lucc
3482 3886 3651 3940 verba
3683 3886 3865 3942 dimis-

2287 3999 2399 4044 sus,
2432 3990 2694 4046 revertor,
2726 3981 2915 4049 inquit,
2946 3982 3014 4037 ad
3044 3984 3299 4053 Superos.
3334 3999 3352 4032 ι
3672 3980 3679 3987 ’

2358 4076 2410 4129 7.
2455 4074 2664 4129 Audisti
2690 4087 2847 4143 quam
2884 4088 3079 4129 novum
3102 4115 3117 4139 ,
3147 4088 3304 4145 quam
3330 4081 3355 4111 ε
3388 4072 3699 4128 horrificum
3723 4073 3868 4143 jura~

2288 4170 2449 4222 menti
2470 4169 2549 4222 sui
2574 4168 2880 4237 exposuerit
2906 4168 3109 4237 genus?
3138 4164 3425 4222 Residente
3448 4166 3497 4220 in
3519 4167 3871 4221 tribunalibus

2284 4264 2464 4332 judice
2505 4261 2522 4299 ί
2553 4262 2782 4316 Domino
2812 4262 2939 4317 Jesu
2970 4262 3202 4327 Christo,
3228 4262 3601 4317 assistentibus
3631 4264 3865 4332 Angelis,

2288 4365 2340 4410 et
2368 4353 2822 4408 intercedentibus
2855 4369 2951 4421 pro
2981 4369 3038 4409 se
3062 4395 3075 4418 ,
3110 4355 3245 4408 inter
3269 4352 3489 4408 verbera
3522 4361 3577 4409 et
3605 4354 3873 4409 cruciatus

2286 4446 2429 4515 jurat
2448 4459 2507 4499 se
2533 4447 2817 4500 saeculares
2846 4445 3011 4501 libros
3036 4460 3132 4501 nec
3155 4444 3459 4500 habiturum
3492 4461 3749 4516 unquam,
3781 4462 3876 4503 nec

2292 4541 2578 4595 lecturum.
2620 4537 2943 4608 “elegantur
2973 4554 3141 4605 nunc,
3172 4553 3390 4610 quaeso,
3417 4555 3537 4609 quae
3569 4542 3759 4596 scribit
3786 4584 3797 4605 ,
3830 4543 3874 4596 si

603 4647 760 4701 quam
793 4631 1072 4700 speciatim
1103 4645 1203 4683 non
1236 4639 1341 4682 tam
1374 4631 1495 4682 vitia
1524 4644 1681 4698 quam
1727 4630 1951 4683 crimina
1989 4630 2180 4685 Sacer-
2216 4613 2266 4672 Ῑ)
2300 4645 2401 4683 una
2428 4628 2547 4698 ejus
2600 4630 2793 4698 Opetis
2848 4630 3035 4699 pagina
3085 4638 3167 4685 est
3190 4668 3204 4693 ,
3237 4644 3355 4699 quae
3386 4644 3490 4685 non
3522 4645 3644 4687 eum
3685 4634 3877 4688 iterum

606 4722 906 4787 dotum,vel
936 4721 1304 4774 ministrorum
1324 4720 1851 4788 exprobrans,etiam
1881 4722 2179 4791 ingressum

608 4826 792 4864 eorum
824 4818 878 4864 et
906 4809 1252 4863 salutationes
1282 4810 1346 4863 ad
1376 4818 1664 4876 matronas,
1688 4826 1792 4865 non
1815 4812 1988 4865 solum
2016 4811 2178 4867 deco-

612 4901 801 4955 loravit
826 4941 839 4962 ,
870 4914 1051 4953 verum
1076 4901 1234 4952 etiam
1271 4900 1655 4955 exsecrabilem
1707 4903 1864 4956 fecit:
1916 4902 2184 4972 quomodo

613 5002 959 5061 posteaquam
1009 5005 1169 5045 omne
1208 5005 1376 5058 genus
1422 4990 1785 5048 Cltristianum
1825 4995 2086 5048 conscidit
2131 5005 2185 5051 et

613 5083 909 5146 infamavit,
941 5082 1038 5135 sibi
1064 5096 1273 5151 quoque
1299 5097 1402 5135 non
1426 5093 1607 5149 parcat
1635 5084 1749 5152 ipse
1776 5085 1882 5155 [ΑΙ.
1901 5096 2001 5139 (ac.
2028 5086 2183 5157 ipse],

608 5175 803 5228 andzte.

690 5321 714 5347 δ
761 5308 925 5365 Tacet
955 5308 1093 5362 idem
1118 5322 1225 5361 ms.
1252 5314 1519 5376 apostalw,
1546 5317 1600 5363 et
1623 5309 1779 5364 tertio
1802 5310 1869 5364 ab
1902 5311 2002 5366 hoc
2034 5328 2191 5369 versu

612 5397 807 5434 omnem
818 5421 830 5433 .

688 5453 711 5489 δ
754 5452 1019 5507 llactenns
1058 5448 1288 5503 obtinuit
1326 5447 1621 5515 honoriﬁcis
1648 5488 1663 5510 ,
1712 5464 1809 5519 pro
1836 5467 1940 5520 quo
1969 5454 2193 5509 rescribi

620 5523 811 5590 placuit
839 5538 901 5577 ex
933 5521 1053 5576 end.
1087 5520 1455 5574 Cuarneriano
1482 5520 1735 5587 horriﬁcis
1756 5562 1769 5583 ,
1807 5524 2014 5577 veriore
2034 5538 2195 5580 sensu

616 5602 670 5646 et
692 5594 858 5661 magis
894 5600 1243 5659 congruente.
1295 5590 1490 5643 Eadem
1525 5590 1675 5645 initio
1714 5593 2084 5662 subsequentis
2123 5597 2197 5651 le-

621 5665 812 5715 ctionis
840 5663 1143 5716 etnendatio
1174 5670 1433 5713 recurret.

698 5745 715 5767 ε
761 5734 922 5786 Tacet
952 5733 1303 5784 Gnarnerian.
1334 5747 1432 5782 ms.
1464 5730 1742 5785 literarum.

691 5824 715 5859 ,ι
760 5806 931 5869 Atque
965 5804 1080 5853 lteic
1106 5812 1240 5853 tacet
1264 5802 1637 5871 autvocnlam.
1688 5804 1849 5858 Porro
1881 5806 2049 5871 ipsum
2071 5822 2197 5861 con-

628 5869 705 5925 fer
733 5872 789 5925 S.
828 5872 1036 5925 Patrem
1072 5872 1121 5924 in
1151 5870 1406 5940 Apologia
1442 5872 1523 5925 lll.
1548 5888 1691 5928 num.
1725 5875 1814 5929 5‘2.
1846 5869 1933 5931 ubi
1968 5878 2104 5935 hanc
2128 5879 2194 5933 ab

2298 4721 2708 4776 Ciceronianum
2739 4722 3065 4790 pronuntiet,
3090 4721 3178 4775 ubi
3210 4737 3315 4775 non
3342 4721 3520 4776 dicat:
3555 4724 3645 4777 sed
3677 4722 3877 4779 Tullius

2300 4823 2489 4878 noster,
2522 4820 2609 4865 sed
2656 4812 2877 4866 Flaccus
2918 4822 3107 4878 noster,
3150 4814 3238 4866 sed
3277 4813 3382 4882 IAl.
3416 4812 3491 4885 et]
3534 4812 3706 4869 Maro.
3760 4818 3876 4872 1am

2299 4920 2427 4959 vero
2474 4902 2831 4973 Chrysippum
2879 4914 2931 4957 et
2980 4903 3269 4958 Aristidem
3302 4947 3317 4971 ,
3352 4904 3730 4974 Empedoclem
3761 4947 3776 4972 ,
3825 4915 3881 4963 et

2298 5003 2495 5049 caetera
2540 4992 2848 5048 Graecorum
2881 5005 3155 5049 auctorum
3192 4993 3407 5048 nomina
3436 5035 3448 5058 ,
3500 5003 3559 5047 ut
3586 4996 3777 5052 doctus
3806 4999 3881 5052 vi-

2298 5084 2505 5146 deatur,
2523 5093 2576 5138 et
2601 5083 2843 5152 plurima:
2869 5081 3137 5149 lectionis,
3163 5092 3413 5153 tanquam
3430 5083 3617 5140 fumos
3645 5088 3808 5159 360
3828 5098 3880 5143 et

2299 5176 2519 5235 nebulas
2576 5175 2869 5231 lectoribus
2924 5177 3147 5246 spargit.
3211 5175 3450 5246 Denique
3504 5179 3645 5233 inter
3688 5192 3880 5237 caetera

2297 5329 2357 5368 se
2398 5313 2718 5386 calumniam
2764 5311 2981 5386 perjurii
3024 5311 3263 5382 repellit,
3308 5324 3476 5382 seque
3506 5326 3613 5369 non
3657 5314 3762 5371 nisi
3788 5330 3880 5386 per

2300 5385 2565 5438 somnium
2590 5382 2800 5451 jnrasse
2825 5382 3121 5450 profitetur.

2378 5462 2400 5490 ε
2446 5453 2835 5522 llescripsimus
2882 5453 3000 5508 heic
3044 5467 3259 5524 quoque
3296 5452 3497 5508 codicis
3529 5452 3877 5509 Guarneriani

2302 5525 2623 5579 aucroritate
2656 5524 2960 5592 horriﬁcum
2993 5539 3091 5592 pro
3120 5523 3486 5590 Itouoriﬁcum,
3519 5525 3661 5592 quod
3689 5526 3877 5592 vulgati

2301 5605 2453 5648 antea
2488 5596 2605 5648 libri
2639 5609 2941 5663 perperam,
2976 5609 3071 5648 nec
3111 5594 3243 5649 satis
3291 5610 3530 5662 congruo
3584 5596 3875 5661 intellectu,

2303 5664 2555 5785 pra-fezre
2582 5665 2677 5718 visi
2715 5673 2858 5717 sunt.
2903 5664 3098 5719 Recole
3120 5675 3174 5719 et
3209 5665 3542 5731 superiorem
3571 5664 3878 5719 adnotatio-

2308 5751 2428 5785 llelll
2503 5774 2514 5785 .

2308 5751 2428 5788 llClll
2466 5751 2514 5786 υ.

2380 5803 2395 5839 ί
2443 5804 2605 5858 Tacet
2635 5817 2732 5855 ms.
2769 5805 2925 5857 verba
2976 5802 3191 5857 Domino
3222 5802 3377 5866 Jesu;
3421 5817 3543 5856 mox
3580 5806 3878 5860 econtrario

2304 5876 2419 5943 plus
2446 5875 2619 5940 habet,
2652 5873 2780 5927 inter
2811 5874 2955 5926 verba
2985 5885 3028 5929 ct
3058 5876 3311 5928 cruciatus
3341 5873 3534 5943 positus
3550 5877 3699 5945 jurat
3719 5919 3733 5943 ,
3766 5884 3870 5929 etc.
