4166 6348
337 382 442 438 ῧ89
1447 378 1810 438 ΑΡΟΙιΟΟΙιΕ
1850 377 1934 433 Lll

2039 381 2050 431 ἱ
2094 377 2472 434 SECUNDUS.

3517 385 3622 442 590

338 506 498 552 etiam
552 492 862 564 Pythagora:
912 492 1074 546 libros
1119 491 1311 558 legisse
1359 505 1416 546 se
1460 493 1624 561 iactat
1645 534 1658 555 ,
1693 507 1828 563 quos
1858 509 1926 550 ne
1956 498 2003 554 A
2033 494 2100 548 de
2123 510 2187 549 eo
2211 536 2226 560 ,
2271 495 2413 564 quod
2457 509 2644 550 omnes
2676 505 2972 564 noverant,
3005 514 3224 555 caussas
3251 501 3621 570 dubitationis,

337 600 552 646 exstare
579 588 826 657 quidem,
875 585 1066 640 eruditi
1106 586 1350 640 homines
1382 597 1650 640 asserunt.
1693 585 1798 640 Sed
1830 587 1930 640 iste

340 695 406 736 ne
436 680 614 748 aliqua
650 693 712 732 ex
760 684 906 744 [arte
931 677 1294 747 juramentum
1329 693 1485 732 suum
1515 678 1582 730 de
1619 677 1932 733 auctoribus

340 769 633 828 Gentilium
667 768 986 837 praeteriret,
1022 769 1180 822 etiam
1213 782 1300 833 ea,
1333 783 1453 837 quae
1483 783 1589 823 non
1614 776 1739 822 sunt
1761 769 1933 838 scrip-

341 874 416 930 ta,
450 865 643 932 legisse
672 877 729 917 se
752 862 960 918 scribit.
997 861 1102 916 Sed
1135 862 1184 915 iu
1215 863 1465 918 omnibus
1500 872 1524 898 κ
1550 863 1663 917 fere
1692 861 1934 931 Opuscu-

342 958 406 1013 lis
428 957 544 1012 suis
571 957 743 1012 multo
771 957 920 1026 plura
940 997 955 1022 ,
1005 967 1056 1010 et
1089 957 1375 1025 prolixiora
1407 956 1716 1011 testimonia
1747 957 1814 1010 de
1850 956 1935 1010 his

342 1048 473 1112 suis,
498 1063 660 1118 quam
688 1049 754 1104 dc
787 1048 1072 1118 Prophetis
1101 1049 1298 1102 nostris
1330 1049 1411 1102 vel
1441 1050 1721 1116 Apostolis
1758 1052 1932 1117 ponit.

342 1142 542 1196 Puellis
582 1156 794 1212 quoque
842 1142 948 1215 [ΑΙ.
978 1138 1126 1211 vero]
1181 1149 1235 1195 et
1294 1141 1624 1196 mulierculis
1670 1141 1934 1207 scribens,

340 1249 459 1302 qua:
491 1251 595 1287 non
644 1235 830 1302 utique
879 1234 977 1288 nisi
1009 1233 1075 1288 de
1123 1234 1323 1288 neStris
1353 1234 1646 1304 Seripturis
1681 1234 1936 1290 mdilicari

342 1336 394 1380 et
421 1327 646 1396 cupiunt
673 1336 727 1381 et
751 1326 974 1392 debent,
1007 1325 1251 1394 exirmpla
1284 1326 1361 1380 cis
1391 1324 1566 1380 Flacci
1595 1326 1697 1393 sui,
1735 1336 1788 1380 et
1813 1325 1936 1380 Tul-

342 1418 418 1483 lii,
443 1420 530 1473 vel
566 1419 797 1473 Maronis
826 1420 1036 1476 intexit.

409 1506 462 1562 8.
505 1509 622 1564 Jam
650 1525 777 1564 vero
809 1511 862 1564 in
899 1511 992 1563 illo
1024 1510 1206 1565 libello
1234 1551 1248 1574 ,
1299 1526 1458 1581 quem
1505 1511 1573 1566 de
1602 1511 1816 1581 Optimo
1841 1527 1933 1581 ge-

348 1618 476 1658 nere
526 1605 912 1673 interpretandi
946 1605 1267 1665 intitulavit,
1313 1605 1403 1659 ubi
1445 1614 1640 1674 praeter
1670 1605 1802 1659 tituli
1832 1619 1932 1658 an-

343 1698 675 1752 notationem
706 1697 834 1751 nihil
868 1697 1164 1768 optimum,
1188 1697 1282 1752 sed
1317 1706 1484 1752 totum
1519 1698 1807 1766 pessimum
1850 1708 1934 1753 est

344 1786 438 1854 (ibi
471 1788 612 1841 enim
659 1796 936 1842 asseverat
979 1787 1264 1843 bmrcticos
1295 1788 1413 1843 illos
1439 1829 1455 1855 ,
1496 1790 1688 1858 quibus
1733 1804 1872 1844 nunc
1903 1789 1928 1828 δ

2036 603 2194 652 quam
2219 603 2245 639 a
2280 603 2364 642 me
2391 588 2718 657 probationis
2750 600 3001 658 Oportcre
3031 591 3285 660 depasci?
3312 593 3418 650 Sed
3446 597 3498 650 in
3522 597 3626 651 hoc

2038 679 2159 733 licet
2191 696 2380 735 omnes
2428 682 2603 736 sciant
2649 697 2769 738 esse
2815 697 3000 738 verum
3033 681 3058 721 ά
3099 686 3238 756 quod
3284 687 3540 754 dicimus,
3572 700 3628 746 et

2037 785 2225 824 omnes
2271 773 2609 843 intelligant:
2666 784 2843 830 tamen
2891 777 3013 846 quia
3058 779 3126 834 de
3175 781 3351 836 anima
3393 783 3628 840 hominis

2039 877 2126 916 res
2155 863 2348 932 agitur,
2379 864 2445 918 de
2477 865 2692 934 perjurii
2723 867 2970 934 crimine,
2998 869 3066 924 de
3097 872 3396 940 negationis
3423 875 3626 929 Christi

2039 954 2322 1023 sacrilegio
2349 996 2363 1019 ,
2415 970 2519 1008 non
2569 966 2747 1025 potest
2793 958 2966 1013 facilis
3006 960 3189 1016 haberi
3221 962 3620 1019 condemnatio.

2040 1045 2289 1114 Nunquid
2320 1050 2470 1104 illum
2510 1051 2854 1116 imitabimur,
2899 1054 2989 1125 qui
3018 1071 3138 1112 reos
3160 1097 3174 1121 ,
3206 1073 3303 1112 nec
3330 1059 3628 1129 interroga-

2042 1146 2144 1201 tos,
2177 1155 2277 1194 nec
2308 1143 2696 1213 respondentes
2725 1147 3070 1215 condemnat,
3101 1158 3156 1204 et
3182 1165 3288 1205 non
3317 1151 3488 1206 solum
3519 1166 3625 1206 non

2039 1231 2467 1301 rcSpondentes,
2521 1237 2614 1290 sed
2662 1252 2760 1291 nec
2807 1249 3129 1307 praesentes;
3198 1251 3253 1298 et
3302 1258 3407 1297 non
3450 1245 3624 1299 solum

2041 1330 2064 1358 ο
2095 1337 2197 1376 non
2229 1327 2643 1392 praesentes,si'd
2674 1335 2726 1382 et
2756 1339 3027 1395 mot=tuos;
3056 1340 3110 1386 et
3139 1347 3242 1387 non
3277 1334 3446 1388 solum
3477 1350 3625 1390 mor-

2037 1423 2157 1468 tuos
2179 1455 2194 1479 ,
2242 1418 2332 1470 scd
2362 1427 2415 1470 et
2445 1432 2539 1472 eos
2562 1463 2574 1485 ,
2609 1435 2744 1487 quos
2783 1435 3000 1489 semper
3041 1432 3163 1476 ante
3197 1425 3528 1490 laudaverat;
3570 1435 3627 1480 et

2036 1524 2140 1562 non
2173 1509 2343 1563 solum
2372 1525 2464 1565 eos
2490 1526 2626 1581 quos
2653 1512 2959 1566 laudaverat
2988 1557 3001 1578 ,
3051 1515 3142 1569 sed
3173 1525 3227 1570 et
3254 1531 3346 1571 eos
3373 1532 3507 1587 quos
3538 1534 3627 1572 se-

2034 1608 2192 1654 cutus
2215 1600 2410 1666 fuerat,
2433 1611 2488 1657 et
2511 1603 2796 1670 magistros
2823 1603 3097 1658 habuerat.
3127 1605 3627 1664 TimeaturDomiui

2035 1695 2322 1764 sententia,
2354 1698 2530 1767 primo
2554 1697 2640 1751 illa
2670 1714 2789 1768 qur:
2822 1699 2991 1754 dicit:
3025 1701 3204 1772 Nolite
3220 1703 3478 1772 judicare,
3517 1703 3534 1742 τ
3570 1715 3626 1758 ut

2037 1803 2136 1840 non
2157 1788 2465 1859 judicemini
2495 1788 2710 1860 (Matth.
2745 1792 2796 1844 7.
2839 1791 2952 1863 1.);
2993 1804 3042 1848 el
3071 1793 3262 1848 iterum
3291 1811 3306 1849 :
3341 1795 3453 1862 Qua
3480 1813 3624 1850 mett-

341 1881 702 1935 communicat
729 1922 742 1946 ,
785 1890 840 1935 et
887 1881 1112 1935 incurrit
1161 1879 1303 1934 illam
1336 1882 1654 1936 sententiam
1689 1881 1929 1950 Apostoli
1960 1871 2006 1929 Β
2034 1895 2154 1932 sura
2180 1882 2340 1933 mensi
2371 1883 2570 1949 fueritis
2594 1923 2608 1947 ,
2655 1884 2831 1935 eadem
2877 1895 2924 1938 et
2965 1887 3256 1940 remetietur
3300 1888 3435 1940 vobis
3467 1888 3619 1958 (Luc.

339 1973 506 2029 nostri
537 2015 552 2036 ,
607 1989 711 2028 non
742 1975 823 2028 sui
846 2016 861 2041 ,
892 1973 983 2028 ille
1016 1971 1157 2028 enim
1189 1988 1345 2026 suum
1377 1981 1470 2026 aut
1495 1973 1744 2027 Flaccum
1776 1972 1925 2038 dicit,

339 2076 427 2120 aut
451 2066 706 2130 Tullium,
738 2066 830 2135 qui
869 2066 984 2120 ait:
1043 2066 1144 2131 Qui
1192 2074 1362 2119 autent
1394 2064 1502 2136 [AL
1541 2063 1706 2136 enim]
1735 2065 1928 2118 discer-

339 2159 433 2221 nit,
481 2158 525 2211 si
566 2157 844 2211 numdttcat
866 2196 883 2224 ,
914 2157 1190 2210 damnatus
1216 2165 1289 2210 est
1343 2155 1515 2227 ilium.
1546 2157 1634 2211 M.
1665 2154 1780 2227 25.]
1808 2157 1848 2225 ),
1874 2157 1928 2210 in

339 2250 430 2302 illo
462 2264 592 2318 ergo
638 2248 844 2315 libello,
892 2259 914 2287 ο
957 2248 1102 2318 quod
1158 2249 1304 2302 nullo
1341 2263 1540 2318 genere
1588 2247 1812 2302 verbum
1861 2248 1930 2301 de

339 2344 510 2397 verbo
556 2342 899 2411 interpretari
932 2342 1069 2395 ratio
1099 2342 1241 2395 sinat
1274 2341 1442 2411 (quod
1475 2339 1633 2394 modo
1657 2341 1703 2395 ei
1736 2340 1929 2396 iterum

339 2433 656 2488 rationabile
687 2432 858 2488 visum
887 2435 1018 2501 est),
1046 2433 1216 2502 capita
1249 2433 1454 2502 integra
1493 2433 1691 2488 dictata
1739 2447 1802 2486 ex
1840 2446 1932 2487 co—

337 2521 457 2577 dice
480 2522 758 2577 Ciceronis
799 2523 1045 2578 inseruit.
1090 2521 1276 2576 Nonne
1307 2522 1421 2591 ipse
1448 2521 1695 2586 dixerat,
1745 2539 1763 2570 ι
1793 2519 1929 2588 Quid

338 2614 496 2670 faciet
528 2630 648 2670 cum
679 2615 942 2670 Psalterio
973 2615 1242 2677 Horatius,
1277 2630 1396 2669 cum
1431 2613 1735 2684 Evangeliis
1756 2613 1928 2677 Maro,

337 2721 457 2760 cum
486 2707 744 2777 Apostolo
767 2706 874 2778 [AL
905 2707 1192 2776 Apostolisj
1219 2705 1450 2760 Cicero?
1482 2705 1669 2759 Nonne
1704 2703 1931 2758 scanda-

303 2798 587 2864 Vlizabitur
638 2798 826 2864 frater,
877 2797 923 2853 si
953 2806 1006 2853 te
1054 2797 1243 2852 viderit
1290 2797 1343 2851 in
1392 2796 1556 2850 idolio
1605 2794 1930 2850 recumbeu~

339 2890 486 2945 tem?
516 2909 533 2940 ι
590 2890 645 2944 In
686 2905 790 2960 quo
819 2890 1000 2960 utique
1032 2891 1146 2960 ipse
1183 2905 1244 2944 se
1295 2888 1607 2944 idololatriae
1640 2903 1792 2942 reum
1823 2895 1933 2942 sta-

343 2984 464 3037 tuit.
511 2982 566 3038 Si
599 2985 743 3037 enim
777 2983 865 3053 qui
910 2981 1109 3038 viderit
1138 2983 1402 3053 legentem
1434 2980 1565 3046 hoc,
1599 2978 1931 3062 scandaliza—

342 3088 454 3145 tur,
505 3080 675 3135 rnulto
705 3080 933 3151 amplius
974 3080 1067 3151 qui
1115 3080 1464 3135 scribentem.
1524 3080 1628 3136 Sed
1677 3077 1929 3148 quoniam

340 3175 428 3241 qui
460 3172 526 3226 ad
566 3172 927 3228 idololatriam
971 3172 1292 3240 devolvitur,
1340 3188 1445 3226 nun
1485 3172 1644 3238 plene
1675 3186 1773 3226 nec
1804 3171 1938 3226 inte-

2033 1968 2084 2022 6.
2120 1969 2262 2039 58.).
2311 1970 2449 2034 Quid
2482 1988 2608 2042 ergo
2651 1972 2775 2028 licet
2802 1989 2863 2027 ex
2903 1979 3175 2045 superfluo
3203 2019 3216 2041 ,
3251 1994 3411 2032 unum
3443 1988 3622 2033 tamen

2035 2061 2300 2128 proferant
2333 2071 2520 2117 testem
2569 2065 2852 2119 adversum
2899 2083 3021 2122 eum
3057 2071 3384 2138 pervalidum
3409 2114 3422 2137 ,
3455 2083 3507 2126 ct
3537 2074 3624 2127 cui

2035 2153 2388 2221 pra‘scribere
2415 2172 2518 2208 non
2554 2166 2727 2223 putt-st
2767 2157 2872 2227 [AL
2901 2158 3114 2230 possit],
3145 2161 3313 2230 ipsum
3347 2164 3540 2217 iterum
3563 2179 3625 2219 se

2035 2252 2088 2298 et
2119 2259 2212 2297 sua
2247 2245 2518 2313 proferam
2552 2249 2772 2316 scripta.
2815 2250 3068 2316 Quamvis
3099 2268 3428 2323 crgoomncs
3461 2255 3623 2310 libelli

2033 2338 2150 2407 ejus
2182 2339 2283 2394 hoc
2318 2348 2603 2406 testentur,
2635 2355 2689 2398 ct
2713 2345 2982 2413 superflua
3013 2347 3079 2401 de
3107 2348 3208 2402 hoc
3235 2363 3350 2404 mea
3381 2349 3625 2405 videatur

2034 2432 2299 2486 assertio:
2353 2443 2526 2487 tamen
2559 2436 2814 2490 utendum
2856 2439 3036 2505 aiiquo
3066 2439 3281 2508 speciali
3315 2441 3624 2496 testimonio

2034 2530 2137 2588 est,
2172 2537 2238 2576 ne
2264 2523 2438 2578 minus
2464 2524 2680 2593 plenum
2733 2525 2815 2580 his
2852 2528 2939 2595 qui
2978 2528 3110 2582 forte
3138 2530 3334 2600 scripta
3365 2531 3487 2602 ejus
3517 2547 3624 2587 non

2035 2611 2307 2679 legerunt,
2343 2613 2590 2670 videatur
2618 2630 2738 2672 esse
2763 2620 2903 2688 quod
2936 2619 3182 2674 dicimus.

2106 2703 2158 2758 9.
2176 2704 2309 2760 Cum
2326 2705 2534 2763 libellos
2547 2708 2663 2779 ejus
2677 2725 2813 2780 quos
2831 2711 3440 2771 ath'rSUSJthllllianﬂ]
3455 2718 3624 2790 scrip-

2034 2795 2134 2861 sit,
2169 2805 2193 2842 8
2224 2800 2665 2866 reprehendisset
2703 2802 2955 2872 quidam;
2994 2805 3274 2861 Domnioni
3308 2809 3477 2864 beata:
3507 2825 3628 2868 meo

2035 2886 2221 2942 moriae
2249 2891 2408 2955 seni,
2456 2890 2618 2962 362
2661 2893 2750 2962 qui
2781 2893 2880 2948 sibi
2912 2894 3013 2950 hoc
3054 2898 3227 2965 ipsum
3273 2900 3626 2971 indicaverat,

2035 2979 2139 3035 iste
2185 2981 2492 3037 rescribens
2541 2992 2804 3053 excusat,
2837 2994 2893 3040 et
2918 2987 3086 3042 dicit:
3119 2989 3280 3045 Nullo
3309 3006 3508 3062 genere
3531 3008 3629 3064 ρο⁴

2038 3071 2203 3128 tuisse
2227 3073 2342 3127 fieri
2368 3087 2428 3128 se
2455 3090 2670 3130 errasse
2693 3118 2708 3143 ,
2745 3075 3048 3144 hominem,
3080 3081 3167 3150 qui
3197 3083 3436 3138 onmium
3465 3085 3629 3140 habe-

2036 3171 2122 3218 ret
2168 3163 2474 3220 scientiam.
2516 3164 2652 3221 Cum
2699 3181 2830 3238 ergo
2872 3182 3243 3228 enumerasset
3267 3175 3354 3229 vel
3377 3175 3630 3246 syllogis-

339 3278 435 3332 gre
470 3263 780 3333 prophanus
830 3264 1086 3331 efficitur,
1136 3264 1238 3318 nisi
1285 3264 1430 3334 prius
1459 3265 1739 3335 negaverit
1770 3263 1930 3319 Chri-
1963 3253 2010 3316 C
2041 3270 2249 3310 lterum
2275 3271 2472 3326 genera
2497 3299 2511 3322 ,
2543 3257 2626 3312 vel
2650 3257 2891 3314 discendi
2921 3276 2984 3316 ac
3010 3263 3280 3319 scribendi
3305 3275 3470 3334 artes,
3497 3282 3631 3337 quas

342 3364 527 3408 stum:
571 3356 685 3425 ipse
711 3355 924 3412 Christo
974 3357 1026 3411 in
1069 3356 1257 3411 faciem
1302 3371 1485 3411 coram
1517 3355 1724 3410 sedenti
1757 3357 1806 3410 in
1841 3357 1938 3411 tri-

347 3446 666 3511 bunalibus,
697 3446 1073 3503 assistentibus
1101 3463 1317 3518 quoque
1345 3447 1664 3502 clarissimis
1692 3448 1938 3504 ministe-

343 3536 438 3591 riis
462 3535 992 3607 Angelorum,dicit:
1026 3556 1046 3590 ‹
1067 3538 1121 3593 Si
1147 3539 1343 3608 legero,
1365 3539 1446 3594 vel
1477 3537 1582 3610 [Αι.
1609 3538 1680 3610 si]
1702 3540 1938 3596 habuero

345 3630 637 3686 Gentilium
670 3634 835 3688 libros
859 3672 877 3699 ,
932 3641 984 3689 te
1013 3635 1224 3704 negavi.
1257 3653 1275 3685 ι
1326 3633 1394 3688 Ει
1434 3649 1578 3688 nunc
1626 3648 1732 3688 non
1763 3634 1936 3689 solum

347 3724 478 3794 lcgit
509 3732 566 3778 ct
594 3724 771 3790 habet,
797 3741 902 3781 non
933 3725 1108 3782 solum
1134 3726 1393 3781 describit
1421 3736 1475 3781 et
1503 3736 1812 3792 comi-arat;
1844 3741 1939 3783 ve-

347 3818 633 3872 rumetiam
663 3818 860 3874 divinis
890 3834 986 3874 eos
1012 3821 1193 3874 verbis
1220 3829 1273 3874 et
1305 3821 1640 3874 sermonibus
1674 3819 1940 3875 Ecclesia-

346 3912 498 3966 stictn
525 3912 896 3968 :edificatiunis
936 3914 1095 3985 361
1127 3915 1422 3968 interserit.
1470 3913 1575 3969 Res
1603 3929 1761 3983 quam
1793 3914 1935 3975 dico,

347 4004 599 4057 omnibus
628 4005 719 4074 qui
767 4004 952 4074 legunt
980 4005 1189 4060 libellos
1215 4004 1331 4073 ejus
1357 4045 1371 4068 ,
1422 4005 1552 4059 satis
1583 4015 1708 4058 nota
1739 4015 1819 4058 est
1840 4047 1853 4069 ,
1885 4013 1940 4058 et

350 4104 487 4150 teste
515 4110 620 4150 non
653 4095 881 4166 indiget.
922 4096 1028 4152 Sed
1056 4107 1142 4152 est
1180 4095 1413 4149 hominis
1441 4095 1510 4151 de
1541 4104 1646 4149 tam
1678 4097 1940 4164 sacrilego

354 4184 577 4255 perjurii
603 4186 861 4241 barathro
902 4199 961 4242 se
988 4187 1252 4256 cupientis
1279 4189 1513 4254 eripere,
1559 4187 1813 4241 adbibere
1839 4185 1940 4242 sibi

349 4276 566 4345 aiiquod
621 4277 984 4332 excusationis
1031 4285 1435 4337 commentum,
1476 4285 1530 4329 et
1571 4277 1792 4330 dicere:
1825 4277 1940 4331 Non

351 4366 513 4422 modo
558 4366 698 4437 lego,
731 4367 828 4423 sed
860 4382 921 4421 ea
946 4381 1067 4436 qua:
1113 4368 1164 4419 iu
1207 4366 1569 4421 adolescentia
1598 4367 1793 4435 didici,
1818 4371 1939 4436 quia

355 4474 474 4512 sum
507 4461 710 4515 tenacis
743 4460 1020 4516 memoriae
1043 4499 1056 4522 ,
1085 4459 1154 4512 ita
1185 4471 1240 4512 ut
1275 4460 1471 4526 possim
1501 4459 1652 4528 plura
1683 4461 1843 4514 simul
1875 4462 1942 4516 de

354 4547 582 4605 diversis
613 4551 786 4620 capita
831 4552 1187 4608 continuare.
1247 4551 1358 4619 ipsa
1401 4564 1544 4604 nunc
1592 4552 1826 4620 protero.
1886 4551 1938 4608 Si

2039 3345 2290 3402 videlicet
2318 3348 2410 3403 ille
2447 3348 2539 3418 qui
2566 3365 2688 3405 eum
2721 3350 2834 3424 [AL
2863 3360 2964 3406 tae.
2991 3353 3138 3427 eum]
3186 3358 3630 3428 reprehenderat,

2039 3437 2351 3509 ignoraret;
2397 3441 2656 3496 continuo
2712 3441 2828 3498 haec
2865 3444 3173 3516 subjungit:
3231 3467 3250 3499 ‹
3277 3447 3631 3516 Stultus,in-

2039 3530 2178 3600 quit,
2208 3545 2329 3601 ego,
2355 3531 2447 3601 qui
2481 3547 2567 3587 me
2596 3535 2897 3602 putaveritn
2930 3537 3031 3592 hoc
3072 3537 3276 3609 absque
3298 3541 3633 3611 phllOSOpltlS

2039 3623 2182 3678 scire
2213 3639 2318 3677 non
2352 3638 2530 3694 posse,
2561 3629 2650 3694 qui
2684 3627 2964 3683 meliorem
2992 3629 3099 3684 stili
3135 3640 3338 3700 partem
3375 3635 3633 3704 elegeritu

2040 3729 2181 3780 eam,
2203 3730 2323 3785 quae
2345 3715 2574 3783 deleret,
2600 3733 2761 3786 quam
2789 3735 2910 3791 quae
2941 3721 3219 3778 scriberet.
3255 3723 3474 3781 Frustra
3505 3743 3635 3798 ergo

2041 3807 2335 3862 Alexandri
2360 3809 2492 3862 verti
2523 3807 2982 3880 Commentarios,
3030 3815 3387 3886 nequicquam
3423 3834 3508 3873 me
3532 3822 3634 3874 do-

2040 3905 2160 3952 ctus
2191 3898 2446 3967 magister
2473 3915 2567 3968 per
2605 3905 2893 3974 εἰσαγωγήν
2927 3902 3208 3975 Porphyrii
3248 3907 3542 3964 introduxit
3567 3913 3636 3966 ad

2045 3990 2292 4059 Logicam
2322 4009 2335 4045 :
2371 4000 2426 4046 et
2469 4003 2527 4046 ut
2569 3993 2796 4049 humana
2847 4006 3190 4053 contemnam
3218 4039 3234 4065 ,
3279 4002 3396 4056 sine
3445 4017 3635 4059 caussa

2046 4079 2362 4151 Gregorium
2407 4081 2806 4140 Nazianzenum
2849 4097 2904 4141 et
2949 4087 3228 4159 Didymutn
3259 4091 3314 4144 in
3344 4091 3637 4161 Scripturis

2043 4177 2386 4244 κατηχηστάς
2415 4173 2525 4244 [ΑΙ.
2553 4174 2853 4247 εἰσαγητὰς]
2887 4176 3067 4234 habui.
3091 4198 3107 4230 ι
3144 4179 3240 4234 Hic
3265 4191 3348 4235 est
3374 4182 3636 4252 quiChri‘

2045 4275 2128 4316 sto
2155 4264 2316 4328 dixit,
2351 4271 2402 4318 te
2433 4266 2656 4333 negavi,
2688 4265 2734 4320 si
2766 4266 2851 4320 vel
2897 4266 3135 4322 habuero
3165 4268 3456 4326 Gentilium
3486 4273 3637 4328 codi-

2043 4369 2162 4420 ces,
2189 4355 2267 4408 vel
2291 4356 2486 4423 legero.
2510 4354 2568 4408 Si
2591 4355 2723 4408 nihil
2751 4355 2914 4418 aliud,
2941 4357 3024 4411 vel
3054 4357 3123 4413 de
3145 4359 3441 4432 Porphyrio
3469 4362 3632 4418 silere

2045 4451 2343 4512 debuerat,
2392 4452 2484 4518 qui
2515 4450 2766 4519 specialis
2799 4450 2972 4506 hostis
2996 4448 3193 4508 Christi
3221 4464 3340 4520 est,
3387 4456 3477 4525 qui
3509 4457 3635 4512 reli-

2047 4543 2258 4612 gionem
2305 4539 2665 4595 Christianam
2707 4551 2967 4611 quantum
3026 4544 3079 4598 in
3121 4558 3180 4600 se
3228 4544 3369 4614 fuit,
3423 4551 3636 4616 penitus

349 4640 470 4710 quis
491 4655 520 4694 a
541 4656 627 4697 me
652 4641 816 4723 modo
857 4643 1130 4720 exigeret,
1163 4650 1220 4695 ut
1253 4641 1554 4710 probarem,
1584 4642 1626 4694 si
1659 4641 1816 4696 hodie
1843 4659 1938 4696 au-
1968 4626 2014 4682 Ι)
2047 4636 2363 4690 subvertere
2389 4640 2614 4688 conatus
2635 4645 2721 4689 est
2749 4635 2966 4704 scriptis
2995 4637 3108 4691 suis
3133 4654 3146 4691 :
3178 4652 3337 4708 quem
3370 4641 3469 4695 istc
3491 4656 3633 4696 nunc

352 4744 565 4804 tequam
595 4735 676 4790 sul
727 4734 983 4801 oriretur,
1033 4749 1137 4797 nox
1184 4732 1372 4786 fuisset
1419 4733 1471 4785 in
1525 4733 1713 4786 terris:
1758 4742 1849 4786 aut
1892 4733 1938 4787 si

357 4841 529 4895 usque
555 4828 624 4882 ad
654 4828 784 4882 solis
819 4841 1070 4882 occasum
1103 4826 1219 4879 dies
1264 4825 1612 4880 illustraverit
1657 4826 1936 4889 mundum,

353 4919 480 4989 quid
509 4919 652 4975 aliud
683 4921 916 4976 dicerem
939 4961 955 4985 ,
988 4920 1088 4974 nisi
1120 4919 1288 4990 magis
1314 4920 1380 4973 ab
1406 4919 1496 4973 illo
1516 4959 1530 4982 ,
1562 4919 1650 4989 qui
1673 4919 1941 4974 dubitaret

426 5085 452 5113 ⁸³
493 5078 566 5132 Ita
598 5093 660 5132 ex
708 5077 1073 5133 Gnarnrriano
1113 5091 1214 5130 ms.
1248 5085 1402 5129 antea
1428 5074 1555 5127 illud
1585 5073 1690 5142 fere
1720 5083 1939 5143 postpo-

351 5148 601 5211 nebatur,
645 5150 696 5201 in
739 5149 972 5203 omnibus
1001 5147 1261 5211 apusculis
1289 5147 1395 5200 suis
1436 5146 1539 5214 fere
1569 5143 1730 5196 multo
1753 5145 1937 5213 plura;

353 5219 496 5284 quod
529 5220 768 5288 sequitur
799 5230 846 5272 et
885 5219 1168 5289 proliaiora
1191 5257 1204 5282 ,
1242 5229 1352 5271 tum
1395 5225 1448 5270 ct
1479 5217 1702 5270 alterum
1747 5230 1940 5283 prono-

353 5303 475 5342 men
509 5291 636 5358 suis,
667 5291 805 5343 idem
840 5306 938 5342 ms.
972 5298 1150 5345 tacet-

425 5358 454 5398 δ
497 5357 627 5414 Puta
655 5362 912 5415 Joannem
944 5357 1400 5428 Jerosolymorum
1425 5357 1769 5425 Episc0pum,
1798 5360 1941 5428 ejus-

353 5444 460 5499 que
490 5433 852 5501 presbyteros,
885 5430 1199 5497 quibuscum
1229 5444 1413 5501 pacem
1440 5429 1649 5482 inierat.

433 5511 456 5539 °
493 5499 776 5556 'lnterscrit
804 5501 1156 5555 Guaruerian.
1188 5499 1308 5552 cod.
1354 5508 1408 5550 nt
1433 5501 1668 5565 asserat‘,
1714 5513 1821 5554 tum
1864 5501 1940 5553 al-

357 5580 474 5627 tero
504 5573 570 5624 ab
597 5572 700 5625 hoc
725 5587 881 5625 versu
909 5571 1098 5633 habet;
1126 5568 1379 5636 quomodo
1400 5570 1446 5620 ei
1468 5570 1671 5637 iterum,
1699 5582 1802 5625 etc.
1823 5571 1940 5636 qui-

356 5645 456 5696 bus
510 5644 726 5716 videtur
787 5656 1038 5716 nuperum
1101 5640 1222 5692 libri
1275 5639 1640 5716 mpi_‘Apzc:w
1700 5642 1939 5695 Latinam

356 5715 763 5767 translatioaetn
828 5713 922 5765 abs
971 5711 1296 5779 Hieronymo
1343 5708 1670 5767 'adoriia'tam
1720 5726 1939 5781 sumque

357 5785 657 5849 oppositam
685 5783 994 5852 suggillare.
1204 5849 1212 5852 _
1267 5849 1296 5852 __
1335 5851 1342 5852 ί
1545 5811 1553 5819 “

431 5853 478 5889 δ’
500 5849 842 5908 [δεδίιιρτςιίυῖ
869 5854 921 5905 iu
953 5867 1052 5907 ms.
1079 5849 1212 5919 quod
1243 5849 1476 5903 dicimus.

2049 4730 2472 4786 introductorem
2529 4741 2582 4784 et
2633 4731 3012 4787 instructorem
3042 4733 3108 4786 ad
3137 4731 3387 4804 Logieam
3433 4734 3635 4787 habere

2045 4821 2327 4890 gloriatur.
2370 4819 2478 4873 Nec
2506 4821 2866 4888 argumentari
2897 4829 3112 4890 potest,
3145 4835 3206 4877 se
3251 4829 3376 4876 ante
3403 4821 3517 4876 hinc
3548 4823 3635 4876 di-

2047 4912 2263 4966 dicisse.
2307 4913 2446 4965 Ante
2474 4911 2620 4964 enim
2651 4925 2811 4980 quam
2842 4921 3263 4983 converteretur,
3297 4927 3508 4968 mecum
3543 4929 3636 4982 pa-

2120 5088 2143 5116 ε
2187 5079 2376 5132 Deerat
2406 5076 2532 5131 olim
2562 5075 2789 5144 negandi
2835 5075 3087 5144 particula
3109 5117 3124 5141 ,
3155 5084 3265 5130 tum
3309 5074 3471 5130 habet
3499 5088 3632 5140 tns.,

2043 5165 2133 5203 nec
2162 5150 2329 5203 solum
2359 5157 2606 5212 mortuos,
2633 5146 2725 5201 sed
2753 5157 2798 5200 et
2824 5163 2908 5200 eos
2933 5164 3056 5217 quos
3077 5162 3275 5214 semper
3295 5157 3341 5200 et
3369 5155 3486 5199 ante
3517 5147 3634 5198 lau-

2043 5223 2272 5280 daverat,
2302 5229 2348 5272 et
2377 5235 2459 5272 eos
2489 5234 2615 5286 quos
2637 5227 2837 5270 secutus
2869 5221 3058 5287 fuerat,
3093 5227 3196 5270 etc.

2121 5289 2138 5327 τ
2184 5292 2235 5343 ltt
2269 5306 2397 5356 ms.,
2427 5298 2471 5341 et
2500 5283 2603 5342 non
2620 5283 2982 5358 judicabiinini
2999 5304 3017 5350 ;
3041 5297 3176 5354 tum,
3198 5286 3375 5338 eadem
3398 5283 3633 5336 remetie-

2043 5370 2148 5427 tur,
2179 5371 2286 5415 etc.

2120 5421 2146 5476 σέ
2185 5433 2298 5486 Νοη
2329 5438 2543 5485 veteres
2571 5429 2730 5484 modo
2761 5427 2955 5496 vulgati
2989 5426 3132 5491 libri,
3167 5424 3260 5496 sed
3293 5432 3346 5476 et
3377 5421 3623 5496 Guarne-

2045 5502 2184 5556 rian.
2218 5518 2320 5555 ms.
2357 5504 2648 5568 praeferunt
2673 5493 3348 5568 reprehendisseinrnirlum
3378 5493 3630 5545 Domnic-

2044 5573 2096 5643 ni
2121 5613 2136 5636 ,
2181 5573 2332 5642 quasi
2359 5565 2478 5643 ipse
2510 5565 2740 5623 Ruﬁnus
2780 5583 2838 5621 sc
2868 5568 3032 5620 libros
3076 5565 3194 5617 illos
3219 5565 3422 5643 diceret
3451 5577 3628 5643 repre:

2045 5631 2314 5696 hendisse.
2373 5631 2534 5694 Paulo
2579 5649 2697 5707 post
2747 5653 2851 5690 ms.
2905 5651 3078 5707 errare
3126 5650 3179 5707 se
3223 5631 3632 5707 ltont_inent,_qui

2045 5715 2276 5764 omnium
2331 5703 2593 5762 habuisset
2645 5709 2927 5760 scientiam.
3002 5704 3281 5759 Manifesta
3333 5703 3630 5759 identidem

2051 5783 2240 5837 tuenda
2268 5781 2684 5836 dissimulamus.
