4166 6348
574 366 669 418 591

1603 365 1827 421 RCFINI
1874 366 2353 434 AQUILEIENSIS
2396 366 2819 424 PRESBYTEliI

3733 377 3834 438 592

576 480 706 533 riter
732 488 785 533 et
816 479 995 534 literas
1021 478 1231 535 Grtecas
1267 490 1318 535 et
1350 480 1581 550 linguam
1615 483 1825 551 penitus
1852 484 2148 553 ignorabat.
2186 488 2232 547 Α
2265 486 2531 556 codicem,
2568 498 2619 543 et
2644 489 2949 559 aliquandiu
2982 488 3140 545 fuerit
3164 489 3300 559 apud
3330 505 3449 560 me,
3477 492 3622 549 nullo
3643 509 3838 565 genere

580 573 705 626 Post
746 569 1108 640 juramcntum
1152 572 1329 625 omnia
1357 574 1468 626 lucc
1495 611 1509 636 ,
1541 585 1661 640 post
1690 575 2014 628 sacramenti
2045 574 2153 629 dati

576 650 941 729 eponsiouem.
1001 662 1129 717 Sine
1173 676 1358 716 caussa
1405 672 1862 731 argumentamur,
1897 666 2153 720 continuo

599 750 785 809 licetur
812 755 962 810 nobis
989 772 1000 807 :
1038 755 1201 809 Erras
1230 755 1412 811 homo.
1457 754 1597 809 Deus
1620 774 1719 809 non
1746 758 1987 812 irridetur
2009 758 2149 830 (Gal.

588 846 629 901 5.
663 848 776 917 7.),
826 861 923 900 nec
969 846 1266 916 syllogismi
1320 855 1348 884 ι
1396 846 1535 916 apud
1583 862 1705 903 eum
1748 847 1815 902 de
1866 850 2151 904 Alexandri

573 935 985 992 Commentariis
1034 937 1370 991 intexuntur.
1428 938 1495 991 Ut
1538 938 1731 1006 video,
1783 940 1965 1005 frater,
2017 942 2152 996 male

573 1028 667 1082 tibi
700 1028 1005 1097 auspicatus
1034 1041 1112 1093 es,
1142 1029 1282 1097 quod
1310 1028 1642 1083 introductor
1670 1040 1789 1083 tuus
1819 1030 1886 1084 sit
1914 1031 2152 1101 Porphy-

567 1123 707 1176 rius.
748 1120 866 1185 Quo
897 1127 947 1174 te
975 1119 1267 1173 introduxit
1302 1120 1569 1188 perfidus?
1612 1120 1666 1175 Si
1699 1122 1764 1175 ad
1796 1121 1941 1175 illum
1977 1123 2148 1175 lecunt

570 1212 655 1265 ubi
688 1212 803 1280 ipse
820 1221 945 1265 est:
974 1210 1044 1263 ibi
1075 1222 1129 1265 et
1159 1210 1316 1264 fletus
1337 1218 1391 1265 et
1425 1210 1623 1264 stridor
1661 1210 1896 1265 dentium
1926 1220 2006 1264 t-st
2077 1209 2149 1264 lbi

567 1302 708 1356 enim
755 1310 810 1355 et
858 1309 1115 1370 apostatte
1160 1309 1215 1353 ct
1242 1298 1441 1355 inimici
1477 1299 1570 1353 Dei
1604 1300 1845 1355 fortassis
1872 1310 1924 1355 et
1955 1302 2149 1370 pcrjuri

567 1393 638 1445 ibi
667 1391 924 1445 habitant.

642 1485 728 1539 10.
770 1484 887 1538 Non
917 1486 1111 1538 bonum
1146 1484 1564 1540 iutroductorem
1596 1486 1688 1539 tibi
1719 1485 1941 1555 elcgisti.
1986 1486 2149 1555 Magis

570 1576 614 1629 si
643 1576 845 1643 accipis
874 1575 1156 1628 consilium
1193 1591 1388 1638 mcmn,
1420 1577 1484 1630 ad
1514 1577 1660 1630 illum
1696 1594 1792 1631 nos
1822 1578 2148 1632 introducto-

569 1687 679 1725 rem
713 1671 914 1739 pariter
941 1679 1311 1743 cqnvertatnus
1331 1710 1348 1734 ,
1376 1671 1465 1738 qui
1495 1671 1783 1725 introducit
1812 1673 1874 1725 ad
1908 1670 2143 1739 Patrem,

564 1761 651 1828 qui
684 1760 855 1814 dixit:
892 1758 1058 1812 Nemo
1083 1758 1109 1797 ¹³
1141 1763 1272 1813 venit
1311 1761 1379 1813 ad
1410 1759 1614 1814 Patrem
1645 1763 1803 1834 363
1826 1764 1923 1815 nisi
1951 1780 2041 1833 per
2069 1780 2146 1817 me

2260 592 2455 649 negare
2487 588 2681 648 potest.
2728 580 2833 637 Sed
2871 579 2997 651 quid
3030 581 3286 636 immoror
3316 581 3497 636 tandiu
3529 584 3581 637 in
3610 598 3688 652 re,
3720 602 3836 653 quas

2257 672 2374 727 lucc
2402 682 2485 728 est
2515 672 2751 727 clarior?
2783 689 2905 729 cum
2950 673 3015 727 ad
3059 673 3175 728 haec
3204 675 3380 728 omnia
3409 689 3530 743 quae
3568 690 3728 746 supra
3757 676 3839 734 di-

2258 765 2433 822 ximus
2462 807 2475 833 ,
2528 766 2687 822 etiam
2719 767 2846 822 illud
2876 767 3123 834 addatur,
3175 766 3263 822 ubi
3295 779 3467 823 cesset
3508 784 3665 826 omne
3692 785 3836 826 com-

2259 867 2497 913 mentum
2522 900 2537 922 ,
2586 860 2726 930 quod
2772 862 2825 915 in
2853 860 3184 916 monasterio
3217 862 3424 929 positus
3453 862 3509 915 in
3534 862 3831 928 Bethleem,

2256 961 2381 1005 ante
2409 966 2516 1005 non
2542 960 2566 988 θ
2595 951 2763 1005 multo
2791 952 2963 1007 adhuc
2994 961 3263 1021 tempore,
3298 960 3478 1022 partes
3518 952 3837 1009 Grammati-

2256 1056 2347 1096 cas
2372 1051 2658 1097 exsecutus
2692 1044 2798 1109 sit,
2849 1052 2906 1098 et
2943 1044 3211 1100 Maronem
3241 1060 3396 1101 suum
3421 1085 3437 1112 ,
3485 1044 3833 1115 Comicosque

2253 1134 2415 1206 364
2440 1150 2501 1187 ac
2532 1134 2754 1205 Lyricos
2780 1146 2831 1190 et
2865 1136 3158 1191 Historicos
3188 1140 3466 1206 Auctores,
3499 1138 3708 1192 traditis
3734 1139 3834 1194 sibi

2253 1228 2317 1280 ad
2348 1228 2663 1283 discendum
2698 1228 2792 1283 Dei
2827 1230 3072 1282 timorem
3100 1229 3340 1298 puerulis
3369 1230 3694 1298 exponebat,
3733 1232 3841 1286 sci-

2252 1319 2376 1373 licet
2397 1328 2451 1374 et
2478 1328 2535 1374 ut
2567 1330 2866 1388 praeceptor
2887 1320 3038 1375 fieret
3065 1319 3357 1378 A‘bctorum
3387 1324 3676 1379 Gentilium
3699 1328 3841 1396 quos

2252 1412 2294 1467 si
2328 1412 2546 1482 legisset
2579 1415 2945 1468 tantummodo
2966 1455 2981 1482 ,
3013 1414 3280 1470 Christum
3310 1432 3370 1472 se
3399 1427 3715 1487 negaturum
3742 1419 3829 1489 ju-

2252 1513 2483 1558 raverat.

2321 1596 2372 1651 9.
2418 1594 2521 1651 Sed
2556 1596 2831 1652 videamus
2855 1597 2981 1666 quid
3022 1597 3194 1653 adhuc
3224 1598 3365 1653 aliud
3408 1599 3605 1669 culpet.
3651 1600 3831 1655 Genti-

2250 1684 2376 1739 lium
2410 1702 2531 1741 cssc
2558 1688 2690 1741 dicit
2724 1688 2840 1743 haec
2869 1688 3111 1757 dogmata
3145 1705 3159 1743 :
3192 1703 3317 1744 ecce
3348 1704 3448 1759 qua
3480 1692 3743 1747 sententia
3774 1707 3832 1747 se

2252 1775 2367 1844 ipse
2394 1778 2739 1834 condemnet.
2783 1778 3072 1833 Gentilium
3105 1780 3235 1834 dicit
3262 1780 3508 1849 dogmata
3530 1823 3546 1847 ,
3577 1798 3697 1852 qua:
3720 1783 3833 1851 ipse

568 1850 747 1920 (Joml-
796 1848 894 1917 ¹·)ο
947 1851 1129 1917 001⁸0»
1180 1850 1360 1917 frater.
1408 1852 1451 1905 Si
1485 1852 1660 1907 credis
1681 1894 1694 1917 ν
1727 1862 1780 1907 ει
1810 1854 1851 1906 εί
1886 1869 1989 1907 n0n
2021 1869 2140 1909 Cl'e-
2176 1853 2220 1913 Β
2250 1868 2578 1922 conscribit:
2610 1869 2833 1935 labitur;
2867 1870 2960 1925 sed
2990 1868 3008 1909 ί
3039 1848 3352 1939 porrigenda
3380 1888 3567 1927 manus
3595 1848 3700 1939 est,
3726 1848 3830 1929 non

562 1943 672 2009 dis,
717 1943 874 1997 doleo
923 1953 973 1997 te
1024 1942 1355 2011 suSpiciones
1382 1944 1542 1999 alieni
1574 1945 1794 2014 perjurii
1832 1946 1883 1999 in
1914 1946 2148 2015 antiquis

564 2046 619 2089 ct
649 2037 904 2091 vetcrulis
934 2036 1191 2091 chartulis
1220 2037 1539 2104 perscrutari
1564 2077 1579 2102 ,
1612 2053 1730 2091 cum
1765 2039 1814 2091 in
1840 2048 1928 2093 tuo
1950 2054 2043 2094 ore
2062 2039 2149 2109 ju-

560 2128 644 2196 gis
670 2142 731 2181 ac
759 2127 875 2181 sine
894 2127 995 2180 ﬁne
1019 2127 1234 2194 perjurii
1267 2127 1584 2196 inexpiabile
1602 2128 1936 2198 sacrilegium
1967 2145 2147 2197 perse-

562 2227 729 2273 veret.
790 2218 977 2273 Nonne
1026 2229 1165 2273 recte
1218 2219 1307 2273 tibi
1343 2220 1627 2274 conveniet
1674 2220 1803 2275 illud
1832 2221 1973 2287 dici,
2003 2221 2145 2289 quod

560 2312 849 2382 Apostolus
877 2312 1006 2366 dicit
1033 2332 1043 2363 :
1076 2311 1156 2366 Tu
1184 2323 1353 2366 autem
1388 2314 1473 2378 qui
1500 2312 1718 2367 Juda'us
1741 2317 2141 2385 coquomiuaris,

557 2412 603 2455 et
630 2404 901 2471 requiescit
932 2404 983 2455 in
1016 2403 1123 2474 lege
1151 2446 1165 2471 ,
1217 2413 1261 2458 et
1292 2405 1529 2475 gloriaris
1569 2405 1622 2458 in
1656 2414 1678 2442 ο
1710 2406 1837 2471 Deo,
1869 2408 2145 2462 instructus

559 2509 648 2559 per
675 2493 871 2562 legem,
914 2493 1131 2560 con/idis
1172 2494 1388 2561 teipsum
1416 2494 1600 2547 ducem
1624 2510 1730 2548 esse
1764 2512 2034 2561 caecorum,
2058 2498 2141 2551 lu-

556 2603 668 2638 men
697 2602 893 2651 corum,
926 2586 1013 2655 qui
1048 2587 1101 2638 in
1129 2586 1346 2640 tenelris
1376 2595 1526 2652 sunt,
1566 2588 1872 2643 eruditorem
1894 2590 2139 2661 insipien-

557 2681 705 2741 tium,
739 2681 1035 2751 magistrum
1060 2680 1354 2751 infantium,
1382 2681 1641 2736 habentem
1674 2687 1894 2752 formam
1921 2685 2143 2739 scientia:

560 2774 786 2826 veritatis
808 2774 860 2826 in
891 2772 997 2844 lege
1020 2768 1201 2845 (Rom.
1231 2772 1287 2826 2.
1320 2773 1471 2843 17.)?
1498 2775 1595 2842 Qui
1618 2790 1743 2847 ergo
1767 2777 1927 2833 doces
1952 2779 2134 2847 alium,

557 2865 783 2933 teipsum
836 2881 940 2919 non
991 2865 1189 2921 doces?
1257 2864 1355 2933 Qui
1402 2866 1535 2921 dicis
1586 2883 1692 2923 non
1738 2869 2135 2937 tumchandum,

557 2957 887 3012 mtecharis?
921 2957 1021 3024 Qui
1056 2956 1313 3025 prmdicas
1344 2956 1450 3029 [AL
1482 2955 1639 3027 dicis]
1687 2974 1791 3013 non
1824 2958 2133 3028 furandum,

557 3050 785 3104 ftn‘aris?
832 3050 931 3117 Qui
965 3048 1290 3103 abominaris
1322 3048 1462 3103 idola
1489 3090 1504 3115 ,
1554 3051 1891 3119 sacrilegium
1918 3052 2137 3121 periurii

554 3140 876 3196 committis?
936 3141 1003 3194 Et
1046 3140 1314 3211 quod-est
1347 3142 1686 3197 ultimumet
1736 3145 2137 3213 gravissimum,

2251 1968 2329 2014 est
2360 1960 2522 2014 nimie
2555 1962 2945 2031 perurgendus.
3000 1964 3130 2018 Dum
3164 1964 3305 2018 enim
3334 1973 3475 2019 totus
3505 1966 3557 2020 in
3586 1966 3831 2036 eloquen-

2254 2052 2323 2105 tia
2352 2051 2581 2118 volitat,
2628 2063 2682 2108 et
2716 2053 3191 2122 vituperationibus
3240 2064 3397 2124 atque
3441 2057 3830 2112 invectionibus

2252 2140 2438 2211 fertur,
2484 2144 2765 2199 immemor
2804 2145 2883 2199 sui
2934 2146 3027 2212 fit,
3078 2154 3131 2199 et
3189 2160 3218 2198 a
3259 2148 3462 2200 ratione
3504 2148 3827 2202 devolvitur.

2250 2232 2405 2300 ΝυΙί,
2460 2236 2647 2300 frater,
2698 2237 3036 2305 temetipsum
3067 2237 3227 2292 etiam
3260 2240 3463 2303 innon
3514 2239 3829 2295 necessariis

2251 2336 2451 2381 temere
2495 2327 2875 2383 condemnare.
2938 2328 3056 2383 Non
3107 2331 3359 2385 continuo
3408 2333 3546 2386 inter
3590 2329 3827 2387 Gentiles

2248 2419 2585 2487 deputandus
2613 2434 2696 2487 es,
2726 2420 2812 2474 vel
2848 2431 2901 2475 tu
2926 2421 3009 2475 vel
3038 2422 3296 2490 Origenes
3316 2463 3329 2487 ,
3364 2424 3406 2477 si
3434 2422 3541 2495 [AL
3571 2422 3689 2495 sed]
3710 2465 3726 2489 ,
3770 2433 3828 2477 ut

2250 2508 2363 2579 ipse
2393 2508 2615 2576 dixisti,
2676 2511 2916 2565 volentes
2964 2511 3061 2565 Dei
3100 2512 3356 2581 justitiam
3410 2513 3729 2578 defendere,
3773 2523 3828 2568 et

2248 2601 2573 2669 respondere
2603 2612 2789 2656 contra
2821 2617 2917 2657 eos
2942 2644 2958 2670 ,
2990 2604 3081 2673 qui
3112 2605 3193 2658 vel
3223 2604 3328 2657 fato
3361 2605 3441 2659 vel
3486 2619 3613 2659 casu
3636 2614 3827 2661 cuncta

2249 2694 2452 2747 moveri
2505 2693 2725 2747 dicunt:
2757 2701 2812 2747 et
2857 2694 3098 2748 volentes
3140 2696 3428 2750 ostendere
3469 2694 3667 2765 justam
3716 2695 3822 2768 [ΑΙ.

2242 2785 2620 2857 justissimam]
2652 2802 2773 2841 esse
2801 2787 2891 2841 Dei
2925 2787 3336 2854 providentiam,
3367 2805 3484 2859 qua:
3515 2790 3821 2845 moderatur

2246 2876 2493 2931 universa
2522 2875 2740 2929 :dixisti
2773 2876 3144 2944 inaequalitatis
3178 2892 3394 2930 caussas
3434 2890 3594 2932 unam
3628 2893 3818 2948 quem-

2244 2983 2347 3037 que
2390 2968 2488 3022 sibi
2518 2968 2751 3022 animam
2797 2968 2907 3038 jam
2941 2983 3005 3024 ex
3052 2971 3338 3025 anterioris
3377 2971 3538 3036 vitae,
3571 2986 3729 3041 quam
3768 2974 3820 3027 in

2245 3061 2546 3115 ctelestibus
2577 3060 2756 3115 habuit
2776 3103 2791 3127 ,
2823 3062 3054 3117 motibus
3081 3076 3143 3115 ac
3172 3064 3420 3117 sensibus
3449 3078 3822 3133 comparasse;

2245 3153 2325 3207 vel
2346 3153 2505 3207 etiant
2527 3154 2569 3207 si
2595 3152 2968 3219 dixisd,bon:c
2998 3154 3072 3208 illi
3099 3152 3583 3209 et'incommutabili
3613 3170 3674 3210 ac
3697 3155 3825 3211 sim-

554 3253 748 3292 uumen
778 3238 872 3293 Dei
907 3252 1000 3306 per
1047 3247 1105 3291 te
1127 3245 1182 3292 et
1223 3237 1519 3309 φιληνετκίαν
1551 3234 1659 3309 [ΑΙ.
1691 3238 2045 3293 contendendi
2078 3238 2141 3293 li-
2169 3238 2212 3298 C
2247 3244 2367 3313 plici
2394 3254 2599 3299 naturae
2627 3244 2904 3299 Trinitatis
2932 3246 3252 3314 convenire,
3286 3254 3346 3301 ut
3378 3262 3592 3302 omnem
3614 3254 3825 3302 creatu-

551 3326 808 3399 bidinem]
840 3340 979 3382 tuam
1009 3327 1403 3397 blasphematur
1434 3328 1573 3382 inter
1599 3328 1816 3384 Gentes.

621 3418 677 3476 8.
720 3420 827 3475 Sed
876 3430 1211 3474 transeamus
1256 3418 1366 3487 jam
1414 3418 1537 3475 hinc
1580 3419 1645 3473 ad
1687 3421 1907 3476 alterius
1937 3421 2138 3491 objecti

551 3514 945 3584 purgationem,
978 3513 1022 3566 si
1054 3521 1230 3565 tamen
1254 3509 1554 3567 cont-ictum
1583 3526 1643 3567 se
1675 3512 1891 3583 perjurii
1922 3522 1977 3568 et
1998 3528 2138 3582 prte-

552 3606 900 3661 varicationis
930 3604 1110 3672 simul,
1135 3613 1455 3674 perurgente
1484 3606 1645 3660 etiam
1674 3606 1998 3662 conscientia
2017 3620 2133 3671 sua,

553 3704 807 3755 fateatur.
852 3698 1103 3769 Alioquin
1135 3699 1180 3755 si
1202 3700 1404 3754 inficias
1435 3709 1543 3766 eat,
1572 3700 1732 3756 etiam
1759 3709 1924 3756 testes
1954 3714 2141 3769 quam-

556 3794 817 3862 plurimas
868 3792 1091 3847 fratrum
1146 3791 1343 3847 habere
1373 3808 1587 3863 possum
1615 3834 1629 3859 ,
1657 3794 1749 3864 qui
1782 3797 1830 3847 in
1865 3793 1998 3847 meis
2025 3792 2139 3846 cel-

556 3886 685 3941 lulis
717 3894 1030 3949 manentes,
1083 3884 1134 3939 in
1184 3893 1366 3939 monte
1404 3885 1596 3940 Olivcti
1641 3885 2061 3954 quamplurimos
2090 3883 2139 3937 ei

552 3983 830 4038 Ciceronis
878 3982 1127 4052 Dialogos
1175 3980 1617 4050 descripserunt,
1667 3993 1892 4047 quorum
1942 3985 1998 4033 et
2041 3992 2141 4047 ego

557 4075 939 4145 quaterniones
965 4114 979 4139 ,
1015 4088 1135 4128 cum
1166 4073 1466 4129 scriberent
1489 4118 1502 4140 ,
1551 4073 1857 4141 frequenter
1888 4073 1937 4125 in
1971 4072 2141 4125 mani-

550 4166 648 4222 bus
681 4166 846 4231 tenni,
879 4175 932 4221 et
958 4166 1144 4235 relegi,
1179 4164 1322 4233 quod
1354 4165 1628 4219 mercedes
1657 4164 1825 4218 multo
1856 4163 2137 4240 largiores,

553 4275 713 4330 quam
748 4275 845 4330 pro
872 4260 991 4315 aliis
1036 4259 1162 4324 scrit
1184 4259 1318 4313 turis
1339 4259 1524 4313 solent
1545 4298 1559 4323 ,
1610 4257 1677 4312 ab
1709 4257 1811 4312 isto
1836 4256 1912 4311 eis
1943 4257 2142 4312 daren-

557 4362 662 4413 tur.
716 4350 929 4420 agnovi.
992 4349 1122 4404 Mihi
1170 4364 1382 4419 quoque
1426 4348 1526 4416 ipsi
1577 4348 1865 4419 aliquando
1906 4362 2025 4402 cum
2076 4347 2141 4403 de

552 4441 832 4496 Bethleem
858 4439 1244 4509 Jerosulymam
1274 4440 1544 4504 venisset,
1580 4448 1633 4493 ct
1671 4438 1910 4494 codicem
1960 4452 2142 4492 secum

556 4536 840 4591 detulisset
868 4575 883 4599 ,
941 4536 993 4589 in
1024 4550 1131 4605 quo
1174 4544 1289 4589 erat
1337 4548 1473 4588 unus
1499 4529 1525 4568 ά
1556 4532 1806 4602 Dialogus
1846 4530 2137 4595 Ciceronis,

2244 3350 2356 3389 ram
2381 3350 2532 3389 suam
2580 3335 2632 3389 in
2681 3336 2788 3391 fine
2830 3338 3067 3391 omnium
3096 3338 3340 3392 restituat
3368 3341 3419 3393 in
3448 3339 3548 3395 hoc
3586 3340 3729 3410 quod
3757 3355 3823 3396 ex

2242 3426 2393 3481 initio
2415 3436 2591 3482 creata
2620 3436 2703 3483 est
2724 3468 2738 3493 ,
2787 3436 2841 3483 et
2885 3439 3003 3497 post
3032 3428 3184 3499 longa
3213 3439 3269 3484 et
3299 3432 3484 3499 spatiis
3507 3432 3823 3487 saeculorum

2242 3528 2520 3591 exaequata
2562 3520 2821 3588 supplicia
2849 3561 2864 3586 ,
2904 3536 3023 3589 quae
3053 3521 3192 3575 Deus
3238 3536 3343 3576 non
3397 3532 3500 3576 tam
3546 3522 3825 3577 irascentis

2242 3629 2401 3681 quam
2440 3613 2677 3667 curantis
2699 3613 2897 3667 affectu
2925 3612 3086 3667 infert
3112 3622 3138 3660 8
3173 3614 3487 3683 unicuique,
3514 3615 3708 3685 quippe
3736 3614 3825 3684 qui

2242 3705 2678 3761 commonitionis
2718 3714 2868 3760 caret
2897 3705 3049 3771 vitio,
3093 3716 3145 3760 ct
3190 3707 3451 3762 medentis
3494 3714 3550 3761 et
3589 3706 3825 3762 curantis

2245 3799 2360 3852 vice
2390 3798 2548 3851 finem
2599 3805 2795 3852 statuat
2840 3797 3125 3867 aliquando
3174 3813 3477 3866 pmnarum.
3547 3800 3670 3853 Ηωο
3697 3813 3826 3869 ergo

2244 3907 2401 3963 quam
2432 3906 2556 3946 vera
2585 3891 2861 3959 dixeritis,
2900 3892 3039 3947 Deus
3077 3892 3299 3958 viderit;
3330 3902 3505 3947 tamen
3537 3892 3825 3961 impietatis

2247 4000 2349 4039 non
2378 3985 2601 4038 multum
2633 3984 2764 4037 mihi
2807 3984 3083 4038 continere
3124 3984 3368 4038 videntur
3409 3983 3459 4037 in
3494 3984 3659 4038 Deum
3680 4024 3695 4048 ,
3728 3996 3826 4038 nec

2245 4075 2572 4131 Gentilitatis
2621 4075 2859 4146 aliquid,
2905 4076 3137 4129 maxime
3184 4076 3226 4129 si
3278 4076 3375 4129 hac
3402 4083 3581 4129 mente
3625 4073 3825 4141 dicitis,

2245 4169 2433 4238 quavis
2463 4166 2674 4224 ratione
2719 4168 2813 4225 Dei
2843 4167 3049 4222 scilicet
3091 4165 3353 4235 justitiam
3401 4164 3696 4221 defendere
3733 4178 3826 4220 cu-

2246 4259 2476 4329 pientes.

2319 4352 2409 4407 10.
2470 4351 2576 4408 Pro
2616 4351 2699 4409 his
2739 4366 2871 4423 ergo
2912 4351 3023 4406 noli
3062 4358 3116 4406 te
3154 4350 3286 4405 satis
3323 4350 3645 4406 conturbare
3669 4390 3683 4412 ,
3734 4363 3826 4405 ne-

2246 4458 2349 4513 que
2410 4443 2637 4511 teipsum
2693 4442 2963 4514 superﬂuo
3021 4452 3111 4497 aut
3166 4443 3494 4511 poenitentiae
3532 4440 3822 4511 subjicias,

2250 4544 2343 4588 aut
2399 4534 2854 4589 condemnationi.
2930 4534 3034 4589 Sed
3095 4534 3226 4589 illud
3280 4543 3367 4590 est
3416 4549 3645 4599 revera,
3687 4533 3826 4587 unde

557 4641 609 4685 ct
640 4629 780 4684 idem
811 4629 926 4698 ipse
955 4627 1177 4683 Graecus
1223 4625 1502 4695 Platonis,
1538 4626 1680 4696 quod
1730 4625 1938 4681 dederit
1972 4626 2142 4693 ipsum
2173 4608 2222 4666 D
2255 4634 2303 4678 te
2341 4623 2626 4681 defendere
2648 4663 2663 4689 ,
2708 4634 2797 4679 aut
2834 4639 3092 4679 excusare
3127 4638 3231 4678 non
3295 4638 3575 4693 possumus
3601 4663 3615 4687 ,
3665 4622 3823 4693 365

634 4753 661 4781 ι
704 4742 930 4796 Voculas
961 4742 1099 4812 apud
1120 4756 1239 4812 eum
1262 4746 1566 4812 msstacet:
1599 4745 1706 4812 tum
1729 4737 2139 4812 inteagenturpro

554 4818 850 4869 intexuntur
894 4805 1075 4866 habet.
1119 4810 1281 4864 Paulo
1312 4810 1535 4864 inferius
1561 4848 1575 4871 ,
1610 4808 1722 4873 Quo
1761 4816 1807 4859 te
1852 4805 2138 4858 introduxit

559 4884 904 4952 Porphyrius,
938 4898 1034 4949 pro
1066 4882 1336 4950 perﬁdus;
1363 4878 1558 4952 deinde
1578 4917 1592 4938 ,
1622 4877 1761 4952 si‘ad
1792 4874 1945 4952 illum
1970 4876 2138 4952 locum

557 4973 630 5015 es,
663 4946 900 5027 ubi'ipse,
923 4946 990 5027 ibi
1018 4946 1073 5006 et
1097 4946 1276 5027 ﬂetus.
1307 4960 1414 5027 et_c.
1457 4950 1600 5027 sane
1618 4948 1687 5026 itii
1720 4963 1815 5013 pro
1844 4946 1962 5013 tibi,
1998 4946 2138 5016 quod

558 5036 711 5080 antea
741 5017 1032 5086 obtinebat,
1066 5017 1462 5075 rescribendum
1492 5017 1798 5070 didicimus.

631 5093 655 5134 δ
697 5095 816 5160 Ms.,
860 5094 1025 5148 Nemo
1056 5094 1195 5146 vadit
1232 5092 1299 5143 ad
1334 5089 1677 5160 Patrem_;Aet_
1696 5086 1852 5160 paulo
1884 5094 2031 5160 post,
2056 5101 2139 5140 ve-

557 5167 735 5220 terulis
762 5155 971 5218 rliartis.
1017 5166 1133 5230 Quo
1161 5177 1279 5214 cum
1312 5168 1364 5211 et
1395 5172 1491 5230 nos
1519 5155 1715 5210 deinde
1741 5157 1966 5230 legimus
1994 5157 2137 5210 inea:-

561 5238 744 5304 piabile
768 5226 1118 5307 sacrilegium,
1150 5246 1245 5299 pro
1272 5243 1378 5307 quo
1403 5227 1574 5279 minus
1596 5235 1749 5307 antea
1778 5228 1914 5307 bene
1942 5226 2135 5307 lectum

560 5296 1085 5373 inexplicabitefetc.
1106 5296 1129 5373 ;_
1153 5296 1272 5369 quas
1291 5296 1351 5352 in
1378 5296 1724 5365 sequentibus
1756 5296 1945 5351 vitiose
1975 5297 2138 5352 habet

560 5371 702 5434 haud
733 5392 895 5446 pauca
923 5371 1277 5449 przeteritnus.
1417 5437 1428 5449 .
1498 5437 1509 5449 .
1578 5437 1589 5449 .
1650 5437 1661 5448 ι
1755 5437 1788 5449 ἢ
1886 5437 1953 5449 η

637 5461 658 5488 ε
699 5437 754 5503 ni
785 5437 1142 5501 Guarnerian.
1183 5452 1284 5492 ms.
1312 5478 1328 5503 ,
1376 5437 1615 5507 gloriaris
1643 5437 1699 5491 in
1743 5437 1953 5491 Domini
1992 5437 2137 5507 lege;

561 5519 838 5587 subjungit
874 5512 1131 5587 Apos_toli_
1165 5518 1339 5587 textus
1370 5522 1486 5575 qua:
1515 5507 1631 5587 heic
1659 5516 1762 5586 tam
1802 5509 1857 5560 in
1887 5508 2133 5587 vulgatis,

560 5578 720 5661 quain
745 5578 874 5641 mss.
909 5578 1057 5661 libris
1101 5578 1508 5661 desiderantur,-
1536 5586 1583 5629 et
1621 5578 1787 5630 noscis
1829 5579 2137 5661 voluntatem

560 5647 674 5730 ἐλαι
696 5700 710 5719 .
755 5669 800 5713 et
831 5655 1016 5730 probas
1036 5647 1448 5730 _util'_i‘ora.hMo'x
1476 5647 1667 5730 iterum
1700 5663 1842 5730 nim,
1874 5647 2137 5730 conﬁdens

563 5716 661 5799 ρ’το
691 5716 908 5794 conﬁdis
948 5722 1094 5799 legit.
1134 5716 1660 5799 ‘Tum_Pauliutextus
1686 5718 1864 5799 addit,
1897 5728 1943 5799 et
1975 5720 2139 5769 noscis

538 5786 873 5853 'ivoluntatem
912 5786 1024 5857 ejus
1047 5830 1062 5855 ,
1094 5797 1141 5841 et
1170 5788 1353 5856 probas
1383 5786 1590 5841 utiliora
1613 5829 1627 5857 ,
1662 5803 1780 5858 quae
1819 5789 2046 5843 fortasse
2075 5801 2139 5841 ex

566 5871 667 5923 hoc
693 5868 809 5921 loco
834 5861 1164 5920 exciderunt.

2319 4736 2346 4772 ιι
2389 4735 2582 4790 Vocula
2617 4752 2750 4789 unus
2778 4735 2983 4790 deerat.
3020 4735 3198 4791 Fuerit
3228 4749 3355 4788 vero
3383 4734 3472 4801 qui
3509 4732 3824 4804 Protagoras

2248 4807 2554 4861 Inscribitur
2585 4806 2832 4876 Dialogus
2865 4806 3166 4876 Platonisia
3206 4804 3465 4876 Cicerone
3497 4804 3682 4876 Latine
3704 4805 3827 4859 red-

2247 4877 2389 4929 ditus
2410 4916 2425 4941 ,
2456 4879 2545 4944 qui
2574 4875 2794 4943 utinam,
2820 4891 2942 4933 cum
2974 4886 3078 4932 tota
3111 4875 3283 4929 Rufini
3313 4875 3709 4941 criminatione,
3738 4890 3827 4929 su-

2283 4957 2506 5001 θτθεςρι.

2246 4962 2732 5072 Ρθξθῗξζτηθτίθη.
2763 5031 2891 5081 ms.,
2914 5015 3134 5069 multum
3153 5014 3322 5067 adhuc
3344 5015 3603 5085 temporis,
3620 5022 3676 5068 et
3696 5030 3824 5083 pau-

2249 5087 2299 5140 lo
2326 5086 2547 5142 inferius
2570 5128 2585 5151 ,
2609 5089 2677 5140 ad
2703 5087 3070 5142 addisceudum
3094 5125 3109 5148 ,
3158 5096 3211 5139 et
3240 5086 3428 5139 scilicet
3460 5095 3513 5138 ut
3544 5097 3817 5155 pra’cepta,

2242 5167 2346 5212 etc.
2376 5160 2601 5213 Errores
2633 5160 2827 5227 passim
2857 5156 3046 5210 obvios
3076 5171 3498 5227 nonmoramur.

2317 5227 2337 5266 ί
2368 5228 2506 5282 ldcm
2537 5238 2713 5282 tamen
2741 5230 2840 5282 etsi
2868 5228 3078 5289 vitiose,
3104 5226 3193 5278 sed
3224 5226 3350 5295 proli
3377 5227 3681 5295 corrigenda
3711 5242 3821 5279 ma-

2242 5316 2335 5351 nus
2361 5308 2433 5352 est
2459 5316 2477 5353 :
2499 5315 2596 5352 non
2620 5307 2693 5353 est
2721 5299 2873 5351 inme
2900 5297 3269 5367 perurgendus.
3327 5296 3489 5351 Tacet
3524 5298 3679 5367 paulo
3704 5306 3821 5367 post

2268 5379 2419 5421 rater.

2268 5386 2292 5419 r
2377 5386 2419 5421 r.

2244 5371 2373 5484 “ita
2393 5439 2750 5496 Maleiterum
2781 5439 2832 5492 in
2874 5436 3238 5491 Guarneriano
3275 5448 3377 5488 ms.
3418 5438 3512 5491 sed
3544 5435 3613 5490 ita
3644 5445 3822 5491 tamen

2244 5508 2472 5562 describi
2503 5518 2557 5562 ut
2600 5517 2853 5576 prastet,
2896 5509 3051 5577 infert
3099 5505 3369 5577 unicuique
3412 5509 3819 5569 commotionem,

2243 5579 2433 5646 quippe
2460 5579 2545 5647 qui
2571 5588 2704 5631 curet
2734 5579 2830 5632 ltoc
2858 5576 3009 5643 vitio,
3040 5592 3194 5646 quam
3225 5576 3467 5630 medentis
3494 5588 3539 5630 et
3567 5580 3823 5647 causantis

2248 5650 2397 5714 ﬁnem
2426 5646 2617 5701 statuat
2642 5690 2655 5711 ,
2688 5664 2751 5703 ex
2799 5650 2993 5718 quibus
3037 5646 3231 5718 siquid»
3259 5649 3423 5711 possit
3453 5647 3576 5701 boni
3606 5646 3817 5718 excudi.

2249 5719 2569 5785 periclitare.
2615 5716 2873 5787 Equidem
2905 5716 3257 5772 commotionis
3292 5729 3388 5784 pro
3415 5717 3820 5771 commonitionis

2251 5787 2427 5842 malim
2453 5789 2695 5844 rescribi.
