4166 6348
371 346 478 403 593

1474 347 1841 405 APOLOGUE
1886 348 2087 404 LIBER
2127 350 2506 411 SECUNDUS.

3546 363 3616 418 59
3626 362 3653 414 ιι

359 462 510 535 quod
570 462 699 534 [ΑΙ.
745 465 908 536 quia]
950 477 1054 519 non
1085 462 1257 520 solum
1298 462 1570 534 gentiliter
1603 502 1619 528 ,
1667 477 1854 518 verum
1904 472 1957 519 et
1990 468 2040 525 Α
2142 465 2306 537 366
2348 468 2437 521 il.
2488 468 2640 534 Quod
2680 470 2723 524 si
2756 485 2880 525 vere
2914 484 3009 540 pro
3065 471 3363 528 maledictis
3428 475 3531 531 tuis
3569 480 3652 531 vis

370 570 535 626 super
580 570 792 613 omnem
836 556 1223 627 gentilitatem,
1274 554 1383 609 imo
1450 554 1780 621 impietatem
1830 568 1860 607 a
1909 563 1962 609 te

368 647 573 703 dictum
602 647 880 716 probatur,
930 646 1072 718 quod
1120 647 1174 701 in
1214 644 1316 699 hoc
1359 645 1477 714 ipso
1519 644 1704 699 libello
1756 644 1956 715 (Epist.

369 737 461 792 22.
493 737 562 791 ad
612 736 912 807 Eustoch.),
962 737 1114 805 cuius
1166 735 1415 805 superius
1466 732 1690 789 fecimus
1727 736 1962 788 mentio-

371 843 497 885 nem
535 870 551 895 ,
592 827 761 883 Deum
819 843 1030 882 socrum
1070 827 1267 882 habere
1315 825 1517 879 dixisti.
1572 825 1640 878 Et
1682 825 1807 893 quid
1853 836 1960 878 tam

366 928 394 957 ⁸
421 918 646 987 impium
677 919 757 974 vel
783 917 1062 989 profanum
1089 932 1117 971 a
1157 930 1420 987 quoquam
1446 915 1739 971 Gentilium
1771 916 1960 970 Poeta-

370 1026 490 1068 rum
519 1012 711 1068 saltem
750 1012 852 1068 dici
881 1012 1082 1080 potuit?
1121 1009 1352 1066 Stultum
1391 1016 1475 1063 est
1502 1008 1649 1064 enim
1702 1008 1749 1063 si
1781 1009 1963 1079 requi-

373 1118 487 1160 ram
536 1103 606 1159 de
653 1112 727 1172 te,
782 1104 869 1157 ubi
914 1102 1016 1157 hoc
1059 1102 1109 1155 in
1158 1098 1453 1168 Scripturis
1499 1100 1705 1154 sanctis
1744 1100 1959 1170 legeris.

374 1195 572 1262 Quaero
605 1192 653 1248 si
694 1192 780 1249 vel
817 1193 1006 1247 Flacus
1043 1203 1164 1247 tuus
1189 1231 1208 1257 ,
1239 1198 1330 1245 aut
1378 1190 1546 1257 Maro,
1604 1189 1652 1242 si
1703 1188 1920 1244 Plautus
1946 1229 1961 1253 ,

375 1287 517 1344 ltaut
564 1286 869 1351 Terentius,
914 1294 1083 1353 certe,
1114 1284 1157 1338 si
1209 1282 1291 1337 vel
1334 1282 1608 1352 Satyricus
1648 1283 1766 1351 quis
1822 1283 1962 1337 inter

366 1381 548 1438 omnia
587 1394 778 1451 spurca
811 1392 906 1433 sua
930 1385 984 1432 et
1027 1376 1293 1445 impudica
1314 1375 1485 1450 ,istud
1529 1373 1683 1430 nefas
1714 1375 1766 1431 in
1793 1376 1956 1431 Deum

364 1488 437 1529 ex
478 1487 577 1529 suo
623 1486 720 1527 ore
762 1470 1065 1541 protulerit.
1127 1468 1336 1525 Fefellit
1376 1479 1429 1524 te
1457 1469 1626 1525 credo
1656 1469 1743 1523 illa
1794 1485 1878 1525 res
1904 1480 1957 1524 et

365 1567 600 1636 decepit,
643 1564 785 1635 quod
838 1564 1015 1633 puella
1062 1563 1127 1617 ad
1160 1576 1317 1632 quam
1356 1576 1533 1617 sermo
1560 1574 1581 1602 ε
1624 1563 1717 1618 Dei
1769 1562 1948 1630 fiebat,

364 1673 562 1730 sponsa
604 1657 803 1712 Christi
850 1655 1159 1711 dicebatur:
1207 1665 1265 1709 ut
1313 1666 1595 1724 propterea
1629 1657 1790 1710 etiam
1838 1671 1949 1709 ma-

365 1763 500 1808 trem
548 1748 846 1814 carnalem,
889 1761 1102 1801 socrum
1151 1746 1241 1800 Dei
1288 1746 1660 1815 appellandam
1708 1755 1947 1815 putares.

2066 569 2226 623 agere
2267 557 2660 629 paenitentiam,
2694 560 2875 617 sinon
2920 560 3114 617 irridcs
3158 562 3259 617 ista
3302 562 3554 632 dicendo,
3604 568 3650 622 si

2067 662 2172 702 non
2218 659 2398 705 mente
2443 653 2709 724 φιλόνεικος
2748 663 2802 709 et
2839 656 3228 712 contentiosius
3281 668 3500 729 propter
3545 659 3649 717 hoc

2067 739 2243 795 solum
2282 742 2443 796 etiam
2474 751 2527 799 te
2574 743 2830 801 infamare
2862 761 2968 800 non
3008 746 3229 818 refugis,
3262 748 3553 806 dummodo
3592 768 3648 806 a-

2070 831 2198 887 lium
2229 834 2539 891 decolores:
2567 836 2613 892 si
2644 851 2748 892 non
2779 849 2913 905 arte,
2964 840 3057 894 sed
3088 840 3192 896 fide
3222 841 3486 898 dictorum
3532 855 3647 899 ttto-

2068 939 2187 977 rum
2236 926 2619 993 pmniludinem
2675 931 2848 998 egeris
2880 930 2988 1003 [AL
3019 930 3206 1002 geris],
3269 948 3366 1002 pro
3408 934 3515 991 hac
3538 947 3642 989 tam

2065 1016 2215 1083 gravi
2265 1014 2513 1085 turpique
2553 1018 2883 1087 blasphemia
2914 1035 3012 1090 age
3043 1022 3433 1091 paenitentiam,
3465 1035 3489 1063 ⁶
3517 1026 3640 1080 hinc

2065 1108 2211 1160 enim
2244 1107 2293 1160 in
2340 1107 2504 1162 Deum
2540 1109 2942 1180 blasphemaSti.
2973 1113 3102 1167 Nam
3142 1115 3209 1170 de
3248 1118 3508 1172 creaturis
3541 1118 3641 1171 ali-

2065 1196 2191 1265 quid
2240 1196 2422 1253 dicere
2447 1207 2502 1253 et
2541 1214 2746 1269 errare,
2799 1203 3032 1259 maxime
3060 1203 3105 1258 si
3138 1220 3243 1259 non
3296 1208 3637 1261 contumelia:

2066 1296 2209 1353 voto,
2251 1288 2344 1344 sed
2374 1288 2498 1345 dum
2544 1290 2808 1360 justitiam
2860 1293 2975 1361 Dei,
3024 1303 3082 1350 u-t
3120 1296 3277 1361 dicis,
3308 1300 3451 1364 cupit
3496 1312 3643 1352 asse-

2064 1393 2205 1445 rere,
2227 1383 2344 1447 quis
2366 1380 2568 1447 eflluat,
2597 1396 2703 1437 non
2729 1392 2812 1438 est
2840 1384 2999 1439 nimis
3025 1386 3355 1441 exsecrabile
3384 1387 3641 1442 commis-

2062 1484 2211 1524 sum.
2268 1470 2326 1525 In
2373 1472 2561 1527 caelum
2618 1481 2837 1530 tendere
2867 1490 2950 1545 os,
3003 1492 3165 1547 grave
3190 1489 3290 1533 est.
3325 1479 3641 1549 lnjnstitiam

2061 1563 2149 1619 vel
2197 1566 2575 1621 contumeliam
2611 1568 2663 1622 in
2713 1568 2987 1625 excelsum
3020 1571 3184 1641 loqui,
3223 1571 3241 1609 τ
3282 1575 3641 1641 perniciosum

2060 1663 2165 1711 est.
2201 1657 2313 1713 Hoc
2357 1659 2600 1729 lugeatur
2628 1662 2769 1731 quod
2798 1662 3019 1718 difﬁcile
3063 1674 3302 1721 curatur.
3349 1664 3477 1719 Nam
3524 1666 3643 1735 quis

2060 1759 2142 1805 est
2169 1752 2259 1821 qui
2296 1766 2415 1808 cum
2449 1755 2637 1810 morbo
2676 1756 2826 1825 regio
2854 1756 3079 1823 laboret,
3111 1767 3162 1811 et
3190 1756 3254 1811 de
3288 1759 3404 1824 ipso
3445 1760 3639 1828 capite,

364 1843 433 1900 Et
461 1843 738 1899 nesciebas
769 1839 911 1909 quod
952 1838 1068 1893 haec
1110 1854 1213 1893 non
1245 1839 1539 1893 secundum
1591 1840 1767 1894 carnis
1805 1840 1949 1894 ordi-
1986 1844 2029 1904 Β
2060 1851 2113 1897 et
2158 1844 2309 1898 vultu
2361 1860 2423 1898 ac
2483 1845 2593 1899 vita
2651 1845 3003 1913 periclitetur,
3059 1862 3384 1918 magnopere
3423 1849 3640 1909 clamet.

364 1952 487 1993 nem
510 1936 786 2001 dicuntur,
814 1933 909 1989 sed
939 1931 1231 1986 secundum
1257 1930 1477 1999 spiritus
1505 1932 1752 2001 gratiam.
1783 1932 1949 2002 Spon-

359 2042 419 2084 sa
472 2028 617 2083 enim
649 2040 717 2082 ex
765 2040 832 2081 eo
870 2024 1193 2093 appellatur,
1234 2023 1375 2090 quod
1422 2038 1602 2079 sermo
1656 2022 1749 2079 Dei
1796 2025 1947 2093 quasi

360 2130 573 2178 sacrato
602 2120 832 2190 quodam
873 2120 1143 2174 connubio
1165 2118 1420 2189 jungatur
1446 2119 1640 2174 animat:
1670 2121 1941 2175 humanas.

360 2212 420 2271 Si
436 2221 612 2268 autem
639 2212 728 2267 tali
754 2209 1131 2279 conjunctione
1146 2209 1305 2265 etiam
1328 2218 1499 2264 mater
1520 2210 1713 2280 puella
1735 2207 1949 2265 Christo

360 2316 457 2375 per
506 2301 665 2356 fidem
730 2302 967 2357 sociatur
997 2300 1107 2373 [AL
1158 2298 1452 2370 sacratur],
1510 2301 1710 2356 rectius
1782 2302 1945 2357 etiam

360 2394 532 2467 ipsam
564 2409 818 2465 sponsam
863 2393 1085 2460 Christi,
1115 2409 1272 2465 quam
1304 2409 1521 2449 socrum
1552 2395 1645 2451 Dei
1674 2397 1947 2467 appellare

358 2488 652 2558 potuisses.
677 2485 828 2541 Nunc
857 2485 964 2558 [AL
994 2484 1149 2555 Nam]
1200 2493 1365 2540 restat
1393 2484 1507 2551 tibi,
1539 2495 1596 2540 ut
1639 2494 1694 2540 et
1739 2496 1945 2555 patrem

358 2577 572 2647 puellas,
616 2590 860 2632 socerum
892 2576 986 2632 Dei
1015 2576 1183 2642 dicas,
1212 2583 1268 2630 et
1296 2591 1513 2631 sorores
1562 2577 1702 2647 ejus,
1745 2592 1943 2647 cogna-

359 2680 439 2726 tas
470 2686 483 2724 :
524 2671 685 2725 etiam
716 2668 945 2739 puellam
974 2682 1166 2723 nurum
1198 2666 1289 2723 Dei
1336 2668 1672 2737 pronunties.
1705 2668 1793 2723 Sic
1814 2669 1941 2723 dum

359 2773 501 2820 totus
533 2764 789 2819 Plautinae
816 2770 871 2818 et
906 2762 1168 2817 Tulliana:
1218 2760 1372 2830 cupis
1400 2761 1720 2830 eloquentiae
1769 2775 1943 2817 secta-

358 2865 443 2911 tor
475 2855 669 2922 videri,
701 2854 899 2909 oblitus
947 2867 1027 2917 es,
1078 2850 1347 2921 quomodo
1387 2850 1681 2920 Apostolus
1726 2866 1939 2907 omnem

356 2947 686 3009 Ecclesiam,
743 2946 795 3001 id
843 2955 924 3001 est
974 2954 1223 3015 parentes
1270 2958 1390 2999 cum
1436 2944 1618 2999 liberis
1648 2986 1661 3009 ,
1718 2953 1941 2999 matrem

360 3038 470 3112 [ΑΙ.
504 3036 699 3109 matre]
750 3052 870 3093 cum
928 3036 1159 3105 filiabus,
1216 3051 1337 3092 cum
1416 3036 1695 3091 sororibus
1752 3035 1942 3092 fratres

356 3144 546 3185 omnes
574 3129 733 3185 simul
762 3143 920 3183 unam
962 3126 1200 3183 nominet
1230 3125 1517 3200 virginem,
1549 3127 1632 3181 vel
1660 3141 1936 3197 sponsam,

2054 1934 2199 2005 quod
2264 1950 2372 1990 non
2422 1936 2540 1991 leve
2592 1940 2979 2010 Βπαρωνύχιον
3025 1939 3196 2008 pedis,
3242 1948 3332 1994 aut
3372 1939 3640 2008 perfacilis

2056 2027 2264 2098 ungulae
2304 2042 2414 2082 sua:
2444 2026 2647 2083 oll‘ensa
2680 2029 2934 2091 curetur?

2126 2138 2213 2194 12.
2247 2138 2383 2195 Illud
2412 2149 2589 2195 autem
2624 2141 2904 2195 minimum
2945 2141 3157 2214 quidem
3208 2151 3310 2207 est,
3340 2152 3394 2198 et
3422 2158 3639 2212 respon-

2054 2229 2204 2283 sione
2253 2230 2337 2283 vix
2365 2228 2605 2299 dignum,
2648 2229 2787 2300 quod
2832 2245 3158 2286 enumerans
3206 2232 3458 2287 doctores
3486 2248 3636 2295 suos,

2050 2334 2186 2390 quos
2209 2333 2264 2374 se
2297 2318 2363 2374 de
2393 2334 2659 2391 synagoga
2706 2320 2839 2375 dicit
2867 2334 2987 2376 esse
3016 2317 3042 2356 ¹³
3072 2329 3394 2388 mercatum,
3450 2323 3637 2376 stimu-

2053 2408 2172 2464 lans
2204 2424 2323 2478 nos,
2367 2409 2669 2480 subjungit:
2706 2409 2891 2481 Neque
2941 2410 3112 2478 enim,
3163 2411 3355 2481 inquit,
3393 2412 3506 2481 ipse
3550 2426 3635 2465 me

2052 2500 2235 2570 docui,
2278 2503 2417 2557 sicut
2459 2502 2710 2573 quidam;
2763 2517 2862 2558 nos
2912 2503 3029 2557 sine
3082 2503 3243 2558 dubio
3292 2503 3526 2567 intuens,
3580 2505 3632 2558 in

2052 2609 2187 2666 quos
2237 2610 2397 2650 omne
2451 2595 2520 2651 ab
2556 2595 2709 2651 initio
2758 2594 3103 2651 lacerationis
3146 2609 3257 2650 suas
3305 2596 3514 2664 pondus
3555 2596 3634 2650 iu-

2051 2687 2215 2742 vexit.
2266 2685 2334 2741 Et
2383 2685 2551 2741 miror
2600 2686 2702 2742 hoc
2736 2685 2749 2722 ί
2787 2700 2911 2742 eum
2963 2685 3145 2741 dicere
3205 2686 3459 2755 voluisse,
3513 2703 3632 2742 cum

2052 2780 2310 2849 majorem
2362 2780 2415 2835 in
2462 2793 2548 2835 me
2602 2789 2657 2835 et
2702 2780 2969 2835 veriorem
3010 2778 3232 2836 haberet
3299 2779 3629 2835 obtrectandi

2051 2872 2353 2937 materiam,
2404 2873 2546 2942 quod
2592 2874 2761 2944 magis
2816 2873 2956 2930 inter
3004 2872 3202 2928 multos
3252 2882 3306 2930 et
3346 2874 3630 2943 praeclaros

2050 2964 2336 3034 tnagistros
2389 2964 2480 3019 diu
2532 2974 2791 3029 moratus,
2846 2964 2978 3019 nihil
3008 2965 3228 3035 dignum
3284 2979 3494 3031 eorum,
3546 2964 3629 3018 vel

2049 3057 2379 3128 magisterio,
2432 3057 2518 3113 vel
2571 3058 2999 3114 institutionibus
3052 3058 3300 3113 habeam.
3358 3057 3624 3113 Caeterum

2051 3152 2152 3207 iste
2201 3153 2292 3222 qui
2344 3152 2398 3207 in
2447 3160 2556 3207 tota
2604 3153 2712 3208 vita
2740 3166 2834 3207 sua
2900 3166 3006 3206 non
3060 3159 3201 3206 totos
3246 3151 3459 3220 triginta
3509 3149 3628 3203 dies

357 3221 569 3276 dicen"
608 3221 778 3277 smmi
822 3232 993 3314 am"?
1025 3221 1313 3314 “opimum
1351 3236 1527 3314 9m?“
1575 3236 1662 3275 υ⁰⁸
1707 3220 1800 3314 in".
1828 3222 1935 3314 ’ἶίτο
1966 3211 2011 3274 C
2044 3211 2401 3312 Alexandrire,
2428 3244 2520 3299 ubi
2548 3252 2683 3313 erat,
2710 3244 2967 3314 Didymus
2999 3250 3360 3298 commoratus
3388 3249 3492 3307 est,
3530 3254 3627 3309 per

357 3314 603 3385 uirginem
634 3322 825 3367 castam
853 3312 1087 3367 exhibere
1105 3312 1306 3367 Christo
1339 3312 1551 3383 (2.Cor.
1584 3314 1671 3368 ll.
1698 3313 1801 3382 2.).
1834 3311 1938 3368 Sed

356 3412 411 3460 tu
451 3403 577 3459 dum
619 3419 726 3459 non
776 3405 1022 3470 Paulum,
1053 3404 1147 3459 sed
1199 3405 1549 3476 Porphyrium
1603 3405 1937 3460 introducto-

358 3514 470 3554 rem
511 3506 562 3553 te
590 3495 615 3535 δ
650 3497 849 3553 habere
876 3497 1145 3567 gloriaris,
1204 3499 1376 3567 ipsum
1444 3500 1794 3570 Porphyrium
1847 3514 1937 3554 se-

356 3589 593 3660 quendo,
617 3589 705 3659 qui
736 3590 1019 3646 adversum
1054 3588 1349 3655 Christum,
1380 3598 1433 3645 et
1455 3590 1739 3645 adversum
1772 3590 1937 3646 Deum

357 3682 525 3738 libros
574 3682 767 3752 impios
805 3697 867 3738 ac
904 3682 1196 3752 sacrilegos
1237 3683 1476 3752 scripsit,
1526 3692 1575 3738 et
1615 3685 1682 3738 ab
1714 3686 1849 3753 ipso,
1884 3693 1939 3738 ut

356 3773 458 3839 ais,
512 3773 845 3830 introductus
903 3774 956 3829 in
1012 3772 1153 3829 istud
1210 3773 1558 3844 blasphemiae
1629 3774 1937 3831 barathrum

355 3864 601 3922 decidisti

428 3996 648 4073 llVetus
678 3997 806 4073 edit.
866 4014 986 4054 cum
1045 4001 1415 4073 Guarneriano
1467 4017 1592 4066 ms.,
1624 4012 1727 4056 tam
1773 4004 1939 4073 impu-

357 4085 493 4192 Ium,
525 4070 987 4190 t'eltprOphanum.
1038 4072 1159 4126 Mox
1191 4072 1353 4135 idem,
1386 4088 1418 4125 a
1446 4090 1702 4143 quoquam
1758 4070 1937 4127 Centi-

381 4154 485 4192 mm
516 4156 608 4192 uoe
632 4156 684 4191 a.

381 4148 485 4193 ium
516 4148 684 4204 poeta.

432 4207 461 4248 δ
490 4208 643 4282 Quod
700 4210 818 4265 heic
841 4210 896 4265 in
939 4210 1167 4282 vulgatis
1202 4220 1358 4267 antea
1390 4213 1664 4281 superfluo
1710 4214 1941 4268 addeba-

358 4288 446 4335 tur
494 4280 728 4334 Comicus
758 4295 975 4348 nomen,
1005 4280 1210 4337 codicis
1236 4280 1589 4338 Cuarneriani
1622 4288 1941 4339 auctoritate

358 4350 487 4406 hinc
521 4352 836 4405 amovimus.

435 4432 458 4459 ε
490 4424 666 4489 Atque
697 4421 818 4475 heic
846 4420 941 4475 Dei
964 4438 1157 4476 nomen
1188 4423 1385 4479 rectius
1409 4424 1529 4479 cod.
1584 4423 1939 4480 Guarnerian.

358 4498 530 4563 tacet:
552 4492 711 4563 quod
726 4502 779 4545 et
807 4492 989 4547 malim
1022 4494 1273 4563 expungi.

430 4560 459 4599 (ι
484 4561 647 4633 Addit
677 4561 1032 4633 Guarnerian.
1067 4560 1296 4630 ms.,}:d
1320 4561 1585 4633 Logiram.

432 4641 457 4670 ο
485 4632 651 4687 Vacat
680 4631 733 4686 in
787 4632 1157 4687 Guarneriano
1187 4648 1284 4702 pro
1322 4631 1526 4687 voculis
1571 4634 1778 4688 duabus
1818 4636 1935 4689 hinc

364 4702 520 4757 etiam
553 4705 829 4771 plusquam
859 4706 1015 4757 unius
1044 4719 1229 4758 versus
1258 4704 1479 4768 lacuna;
1513 4704 1626 4771 ipsa
1675 4707 1936 4760 orationis

360 4774 530 4830 series
576 4774 694 4842 plus
720 4774 917 4843 aliquid
946 4774 1209 4829 excidisse
1238 4774 1362 4828 hinc
1392 4774 1606 4828 indicat.

435 4843 598 4898 'Plus
620 4843 781 4899 habet
805 4858 933 4909 ms.,
960 4846 1379 4899 contumeliosum
1400 4855 1471 4897 est
1500 4853 1547 4897 et
1575 4846 1934 4913 perniciosum.

430 4923 457 4963 s
485 4914 540 4969 In
572 4927 674 4968 ms.
705 4914 907 4970 Latinis
937 4916 1108 4969 literis
1136 4915 1541 4986 parauit/ritum;
1572 4919 1728 4970 male.

486 4987 561 5039 Ita
604 4999 707 5039 ms.
738 4995 891 5039 antea
921 4986 1097 5039 minus
1129 4989 1264 5040 bene
1288 4992 1409 5039 erat
1430 4995 1698 5042 mercatus.

438 5054 452 5093 ί
481 5055 605 5122 Ms.,
637 5056 732 5108 hoc
767 5072 869 5109 non
908 5056 1073 5110 dicere
1094 5056 1331 5111 voluisse.

434 5126 450 5177 i
490 5126 686 5191 Verba,
718 5126 850 5197 idest
880 5136 1257 5197 prazceptorem,
1302 5140 1420 5196 qum
1462 5126 1513 5179 in
1561 5126 1785 5194 vulgatis
1811 5128 1937 5182 sub-

354 5195 739 5267 jungebantnr,
800 5196 852 5250 in
882 5195 983 5252 ms.
1025 5195 1354 5267 reticentur,
1408 5211 1611 5267 nosque
1665 5207 1775 5251 tum
1818 5198 1935 5267 ejus

358 5265 698 5331 auctoritate,
750 5274 859 5321 tum
899 5265 1039 5336 quod
1072 5272 1139 5321 ab
1179 5269 1283 5322 alio
1313 5281 1470 5336 quam
1522 5266 1696 5320 Ruﬁni
1729 5265 1934 5322 calamo

359 5339 596 5408 profecta
634 5336 863 5391 omnino
913 5337 1239 5403 viderentur,
1271 5336 1644 5406 expunximus.

433 5407 650 5490 l‘Digna
706 5408 1040 5490 cumprimis,
1104 5408 1575 5490 quae_aec_uratiu5
1633 5409 1933 5479 explicetur

358 5479 476 5534 haec
519 5486 607 5533 est
631 5476 828 5532 codicis
870 5476 1225 5533 Guarneriani
1253 5479 1435 5544 lectio,
1489 5494 1648 5548 quam
1695 5476 1793 5534 nos
1822 5497 1935 5535 res-

359 5551 625 5616 tituimus,
668 5548 853 5619 iterum
880 5556 990 5617 post
1032 5550 1357 5603 intervallum
1386 5550 1618 5619 aliquod,
1648 5551 1766 5605 aliis
1807 5552 1936 5605 duo-

359 5621 475 5687 bus,
527 5635 625 5689 pro
662 5633 766 5689 qua
811 5618 1068 5674 hactenus
1116 5621 1169 5674 in
1220 5620 1446 5690 vulgatis
1476 5618 1652 5675 libris
1681 5623 1931 5686 obtinuit,

359 5699 473 5761 post
513 5690 838 5761 interuallum
885 5690 1094 5758 aliquod
1130 5692 1246 5746 aliis
1284 5691 1481 5744 diebus.
1525 5690 1631 5745 Res
1660 5694 1935 5747 enimvero

361 5759 610 5816 narratur
663 5759 800 5813 haud
844 5773 1030 5828 parum
1073 5761 1141 5816 ab
1187 5769 1396 5830 recepta
1464 5761 1622 5831 vulgo
1679 5763 1933 5830 opinione

362 5830 597 5898 diversa,
627 5844 726 5888 nec
753 5843 880 5887 sane
900 5842 1086 5900 parum
1136 5840 1317 5887 nostra
1361 5830 1584 5888 interest
1612 5832 1772 5903 scire,
1806 5848 1931 5888 num

2044 3344 2182 3391 totos
2213 3351 2350 3406 pene
2400 3335 2614 3391 libellos
2658 3350 2785 3391 suos
2834 3336 2994 3406 longe
3053 3336 3270 3405 lateque
3318 3348 3378 3388 se
3434 3332 3623 3402 jactat.

2044 3426 2257 3498 Didymi
2307 3425 2539 3482 videntis
2584 3439 2705 3481 esse
2741 3425 3055 3495 dicipulum,
3087 3433 3142 3480 et
3168 3426 3481 3496 καθηγητήν,
3518 3432 3529 3469 t
3570 3420 3621 3474 id

2042 3532 2125 3577 cst
2170 3530 2561 3591 praeceptorem,
2596 3520 2648 3575 in
2680 3520 2964 3591 scripturis
3002 3518 3204 3575 sanctis
3253 3516 3502 3572 habuisse
3534 3515 3623 3568 Di-

2041 3617 2280 3686 dymum.
2334 3615 2399 3669 Et
2426 3614 2600 3669 omnis
2630 3614 2726 3669 ista
2754 3613 3008 3684 jactantia
3036 3613 3088 3668 in
3131 3627 3236 3667 uno
3265 3625 3449 3666 mense
3477 3624 3621 3679 quac-

2040 3708 2141 3761 sita
2172 3715 2273 3762 cst.
2320 3706 2432 3776 Ego
2461 3707 2551 3776 qui
2585 3721 2676 3760 sex
2710 3706 2863 3759 annis
2895 3705 2995 3769 Dei
3025 3718 3213 3760 caussa
3263 3709 3623 3758 commoratus

2042 3814 2181 3865 sum,
2228 3806 2281 3853 et
2323 3798 2518 3853 iterum
2573 3798 2731 3869 367
2766 3805 2886 3866 post
2940 3795 3285 3853 intervallum
3316 3793 3340 3830 ι
3377 3793 3615 3862 aliquod,

2042 3891 2159 3946 aliis
2182 3890 2408 3957 duobus,
2452 3890 2538 3944 ubi
2572 3889 2850 3962 Didymus,
2882 3888 2949 3946 de
2972 3904 3079 3961 quo
3119 3898 3173 3945 tu
3212 3888 3325 3944 solo
3354 3896 3405 3941 te
3428 3887 3618 3957 jactas,

2044 4002 2197 4057 annis
2228 4018 2415 4058 revera
2445 4002 2670 4067 duobus,
2697 4020 2763 4057 an
2788 4003 2975 4058 diebus
2997 4010 3197 4058 tantum
3230 4002 3432 4071 aliquot
3461 4002 3617 4055 Alex-

2042 4074 2242 4127 andria:
2271 4074 2578 4128 demoratus
2616 4075 2685 4126 sit
2717 4075 2959 4136 Rufinus,
2987 4089 3147 4142 quum
3181 4088 3244 4127 eo
3297 4074 3487 4125 iterum
3516 4071 3611 4123 ad-

2044 4145 2211 4197 venit.
2266 4144 2333 4195 l't
2364 4156 2539 4198 autem
2586 4148 2765 4209 paucis
2805 4144 3101 4209 absolvam,
3149 4144 3306 4195 unice
3338 4142 3450 4195 haec
3492 4156 3612 4193 vera

2044 4214 2154 4267 visa
2201 4221 2283 4267 est
2322 4215 2523 4267 codicis
2563 4229 2663 4265 ms.
2700 4214 2878 4267 lectio.
2924 4211 3060 4280 Quid
3092 4211 3383 4266 enimdies
3410 4210 3643 4277 aliqunt-

2045 4282 2097 4336 in
2142 4284 2378 4338 secundo
2422 4283 2653 4337 adventu
2704 4290 3055 4337 memorasset
3125 4282 3343 4344 Auctor,
3400 4295 3616 4334 eorum.

2044 4368 2150 4421 que
2183 4352 2365 4406 haberi
2407 4354 2666 4407 rationem
2698 4354 2979 4418 voluisset,
3014 4366 3134 4405 cum
3167 4353 3217 4405 in
3265 4351 3442 4421 primo
3482 4350 3611 4405 solio

2045 4420 2142 4477 dos
2165 4421 2275 4492 jam
2307 4438 2403 4477 sex
2456 4438 2625 4475 annos
2652 4424 2749 4479 abs
2795 4437 2855 4477 se
2900 4423 2973 4477 ibi
3022 4432 3319 4479 transactos
3366 4420 3612 4492 dixisset,

2046 4494 2113 4547 ad
2142 4490 2299 4562 quam
2355 4496 2609 4560 temporis
2636 4508 2896 4546 summum
2931 4492 3199 4546 levissima
3233 4492 3323 4545 illa
3356 4506 3454 4546 nec
3505 4490 3615 4545 fcr-

1972 4578 2132 4639 Dme
2162 4561 2348 4639 notato
2395 4563 2551 4639 digna
2598 4564 2804 4617 dierum
2852 4562 3094 4639 accessio
3146 4562 3426 4617 videatur?
3478 4561 3612 4639 Quid

2047 4634 2190 4703 quod
2240 4634 2358 4688 aliis
2406 4633 2554 4699 dicit,
2588 4648 2695 4702 quo
2722 4634 3036 4701 pronomine
3081 4643 3383 4702 respectum
3428 4634 3494 4687 ad
3524 4647 3613 4687 su-

2044 4706 2252 4773 periora
2299 4704 2518 4758 omnino
2572 4704 2765 4758 habet?
2809 4704 3054 4773 superius
3081 4712 3258 4757 autem
3300 4717 3471 4757 annos
3519 4718 3614 4755 no-

2042 4775 2285 4839 minavit,
2314 4790 2418 4827 non
2448 4773 2584 4829 dies.
2618 4775 2696 4828 Re
2719 4776 2879 4828 etiam
2910 4788 3036 4829 vera
3062 4775 3106 4828 si
3130 4774 3265 4839 dies,
3291 4789 3396 4829 non
3420 4788 3613 4839 annos,

2044 4846 2222 4899 dicere
2276 4845 2553 4912 voluisset,
2605 4859 2937 4914 nequaquam
2991 4844 3289 4899 addidisset
3333 4844 3471 4911 aliis,
3517 4846 3610 4898 sed

2045 4915 2236 4981 aliquot
2287 4916 2466 4968 diebus
2540 4915 2816 4969 dumtaxat
2871 4916 3193 4982 scripsisset.
3245 4914 3443 4971 ludicio
3507 4914 3608 4969 hoc

2045 4994 2223 5057 autem
2273 4994 2371 5057 est
2402 4984 2706 5046 manifesto.
2760 5001 2864 5040 non
2904 4987 3098 5057 aliquot
3136 4987 3393 5054 scriptum
3423 4986 3491 5040 ab
3545 4999 3610 5057 eo

2047 5056 2230 5123 fuisse,
2280 5054 2375 5111 sed
2425 5057 2666 5125 aliquod,
2708 5058 2912 5112 scilicet
2954 5054 3305 5118 intervallum.
3354 5057 3419 5111 ad
3471 5056 3612 5122 quod

2053 5127 2212 5181 etiam
2266 5127 2453 5180 referri
2507 5141 2799 5192 pronomen
2839 5128 3037 5197 ipsum,
3080 5144 3167 5184 res
3195 5130 3411 5183 clamat.
3479 5126 3609 5180 Nam

2042 5206 2097 5251 et
2140 5197 2465 5251 intervallum
2503 5198 2677 5258 ἁπλῶς
2729 5199 2929 5267 absque
2974 5201 3077 5253 ulla
3128 5201 3310 5267 quanti
3355 5197 3613 5267 temporis

2042 5267 2431 5339 significatione
2456 5268 2636 5323 dicere
2676 5266 3028 5339 incongruum
3060 5266 3352 5336 est,ethoc
3380 5266 3610 5339 maxime

2041 5335 2160 5392 loco
2203 5339 2299 5392 abs
2345 5339 2519 5393 Rufini
2566 5354 2653 5393 res
2696 5354 2820 5393 suas
2843 5335 3172 5393 'enarrantis
3216 5337 3427 5407 ingenio
3481 5335 3607 5407 alie-

2041 5425 2192 5462 num.
2243 5409 2530 5463 Historiam
2561 5410 2704 5477 quod
2745 5417 2969 5476 spectat,
3020 5411 3233 5463 tametsi
3264 5405 3357 5475 Qui
3385 5406 3452 5459 de
3472 5405 3605 5477 iliu-

2047 5480 2134 5532 fini
2163 5481 2328 5548 gestis
2350 5476 2681 5535 recentiores
2731 5483 3079 5548 scripserunt,
3109 5487 3266 5548 atque
3308 5478 3426 5548 ipse
3465 5476 3605 5529 Fou-

2044 5545 2257 5604 taninus
2302 5551 2353 5603 in
2407 5548 2546 5617 Vita,
2595 5550 2807 5603 nonnisi
2836 5545 2950 5602 dies
2997 5547 3117 5617 illos
3143 5546 3363 5613 aliquot,
3396 5545 3606 5617 decepti

2044 5620 2254 5690 vulgata
2297 5616 2547 5683 lectione,
2594 5626 2912 5690 supputeut;
2956 5616 3081 5669 nihil
3124 5625 3209 5670 est
3236 5628 3435 5679 tamen,
3466 5616 3606 5684 quod

2043 5687 2394 5745 vetustiorum
2445 5689 2740 5742 rationibus
2770 5687 3102 5751 adversetur,
3132 5695 3225 5739 aut
3264 5701 3383 5739 cum
3417 5701 3604 5741 eorum

2045 5761 2367 5815 testimoniis
2430 5757 2648 5811 difficile
2701 5756 2946 5823 componi
3017 5756 3204 5823 possit.
3256 5757 3310 5810 In
3358 5758 3603 5813 confesso

2044 5840 2145 5899 est,
2186 5830 2266 5887 bis
2299 5829 2459 5885 fuisse
2501 5827 2787 5883 Auctorem
2820 5825 3183 5891 Alexandriae;
3217 5841 3315 5884 nec
3337 5827 3402 5884 de
3434 5830 3603 5891 primo
