4166 6348
588 320 696 375 5535

1612 327 1841 383 RUFINI
1882 324 2348 392 AQUILEIENSIS
2393 327 2817 388 PRESBYTER]

3748 344 3846 405 596

595 448 646 494 et
679 440 765 492 ubi
827 440 916 495 alii
970 442 1320 496 nihilominus
1369 443 1461 496 illo
1518 457 1621 496 non
1674 441 1975 505 inferiores,
2018 438 2420 510 quosAnibus
2493 442 2632 512 ejus,
2698 446 2765 498 ad
2815 446 2958 513 quod
3010 462 3142 517 opus
3196 454 3434 521 quotidie
3498 458 3683 513 stilum
3735 462 3849 531 ejus

588 543 643 587 tu
678 549 747 588 ne
784 532 920 588 facie
951 544 1104 590 tenus
1134 536 1355 604 quidem
1410 536 1572 599 nosti,
1632 535 1912 603 Serapion,
1957 546 2010 589 et
2058 534 2166 589 Me-

597 626 760 694 ttites,
790 627 888 681 viri
919 638 1105 682 natura
1139 638 1191 683 et
1221 628 1457 683 moribus
1486 637 1539 682 et
1568 628 1867 682 eruditione
1895 628 2161 698 germani:

597 720 688 774 ubi
737 720 933 774 Paulus
982 735 1145 775 senex
1187 720 1329 775 Petri
1383 720 1631 790 Martyris
1673 720 1996 789 discipulus:
2026 731 2080 777 et
2108 732 2167 777 ut

589 811 655 865 ad
686 813 852 865 eremi
890 812 1171 881 magistros
1218 812 1447 878 veniam,
1503 811 1701 881 quibus
1728 822 1783 868 et
1810 816 2069 869 attentius
2112 822 2166 869 et

590 903 916 972 frequentius
951 902 1289 969 vacabamus,
1322 903 1411 958 ubi
1459 902 1719 959 Macarius
1761 904 1973 960 Antonii
2005 904 2165 959 disci-

600 997 754 1063 pulus
782 1003 835 1050 et
863 995 1001 1049 alter
1054 996 1337 1065 Macarius,
1376 1005 1431 1051 et
1475 996 1730 1063 Isidorus,
1759 1005 1863 1051 etﬂ
1916 998 2162 1064 Pambas,

588 1101 779 1141 omnes
803 1086 959 1141 amici
984 1086 1102 1153 Dei,
1130 1087 1220 1156 qui
1253 1102 1350 1142 nos
1384 1088 1497 1143 hac
1541 1088 1829 1153 docebant,
1859 1105 1974 1158 qua?
2006 1090 2101 1158 ipsi
2134 1104 2163 1142 a

592 1176 705 1231 Deo
734 1178 1041 1233 discebant:
1072 1191 1325 1250 quantam
1356 1196 1475 1250 ego,
1508 1180 1554 1235 si
1586 1180 1686 1234 hoc
1713 1183 1782 1234 ita
1807 1181 2040 1247 deceret,
2075 1189 2165 1235 aut

585 1268 884 1337 expediret,
928 1273 996 1326 de
1026 1270 1109 1325 his
1136 1272 1389 1327 omnibus
1443 1272 1642 1327 habere
1676 1272 1949 1341 jactantiac
1998 1283 2164 1329 mate-

584 1364 720 1415 riam
753 1364 1000 1430 possem?
1029 1364 1139 1420 Sed
1180 1366 1465 1435 erubesco,
1514 1367 1629 1421 hrec
1677 1368 1837 1421 etiam
1887 1376 2159 1436 retexens,

583 1449 710 1504 dum
742 1452 865 1507 volo
895 1453 988 1509 tibi
1018 1455 1332 1521 ostendere,
1386 1472 1514 1522 non,
1561 1467 1618 1511 ut
1669 1467 1722 1511 tu
1770 1456 1924 1524 dicis,
1978 1468 2162 1513 nostro

584 1542 803 1610 ingenio
846 1546 1153 1615 magistros,
1195 1546 1290 1601 sed
1323 1548 1462 1617 quod
1506 1548 1622 1617 plus
1662 1547 1839 1613 doleo,
1895 1547 2161 1616 magistris

583 1633 818 1691 defuisse
845 1639 1015 1707 magis
1044 1638 1317 1708 ingenium
1350 1649 1610 1695 nostrum.
1649 1640 1841 1695 Verum
1874 1639 1997 1709 quid
2027 1639 2158 1694 stul-

592 1739 679 1781 tus
718 1741 820 1796 ego
868 1738 1087 1785 sanctos
1145 1745 1402 1786 enumero
1448 1731 1778 1786 Christianos
1817 1731 1999 1785 viros?
2043 1730 2161 1785 Non

592 1828 811 1885 propter
841 1818 974 1873 istos
1029 1819 1180 1886 dicit,
1236 1821 1359 1890 quia
1415 1823 1512 1891 ipsi
1562 1837 1659 1876 nos
1708 1823 2011 1887 docuimus,
2064 1821 2161 1877 sed

584 1908 710 1975 quia
736 1906 1076 1965 bBarrabam
1121 1911 1237 1982 ejus
1259 1913 1326 1967 de
1372 1912 1649 1983 Synagoga
1701 1913 2013 1982 magistrum
2056 1928 2160 1969 non

588 1997 944 2067 suscepimus,
971 2010 1026 2056 et
1055 2016 1150 2071 per
1176 2006 1456 2077 εἰσαχωγήν
1481 2001 1787 2073 Porphyrii,
1817 2003 1884 2058 ad
1914 2004 2160 2075 Logicam

583 2103 692 2143 non
730 2104 915 2145 sumus
965 2092 1278 2153 introducti.
1334 2094 1554 2165 Ignosce
1585 2095 1715 2150 mihi
1748 2111 1845 2166 pro
1875 2096 1976 2152 hoc
2020 2098 2161 2167 quod

583 2180 746 2237 malui
799 2191 923 2239 ante
986 2184 1265 2254 imperitus
1307 2195 1361 2242 et
1409 2185 1658 2241 indoctus
1694 2197 1715 2224 ε
1744 2187 1936 2253 videri,
1996 2203 2157 2257 quam

578 2271 828 2330 Barraba:
857 2275 1151 2345 discipulus
1176 2276 1303 2331 dici.
1334 2277 1621 2347 Proposito
1648 2278 1811 2333 etiam
1842 2276 2057 2334 Christo
2086 2279 2161 2334 si-

578 2365 687 2418 mul
741 2374 795 2421 et
854 2366 1110 2435 Barraba,
1181 2382 1281 2437 ego
1331 2370 1483 2439 quasi
1536 2369 1819 2437 imperitus
1892 2369 2159 2426 Christum

577 2457 735 2525 elegi.
793 2458 895 2526 Tu,
928 2467 987 2513 ut
1026 2460 1209 2528 video,
1234 2474 1354 2515 cum
1399 2459 1505 2515 illis
1553 2462 1758 2515 clamas
1805 2461 1895 2531 qui
1948 2461 2160 2515 dicunt:

582 2546 703 2602 Non
733 2547 885 2615 hunc,
929 2550 1018 2603 sed
1048 2548 1332 2604 Barrabam
1362 2547 1541 2621 (Joan.
1578 2550 1666 2605 18.
1696 2551 1840 2618 40.).
1874 2550 2004 2604 Nam
2033 2551 2163 2606 Por-

579 2638 800 2708 phyrius
832 2647 974 2707 tuus,
1016 2640 1181 2711 368
1202 2640 1289 2695 dic
1332 2654 1536 2711 quaso,
1569 2642 1695 2710 quid
1728 2648 1780 2697 te
1827 2642 2029 2709 docuit,
2071 2644 2163 2714 qui

581 2728 865 2783 adversum
907 2729 1262 2799 Christianos,
1295 2740 1350 2787 et
1378 2732 1662 2788 adversum
1696 2733 2005 2803 religionem
2038 2748 2163 2790 nos-

578 2828 718 2873 tram
764 2820 1108 2890 blasphemize
1154 2823 1423 2879 volumina
1491 2825 1850 2891 conscripsit?
1923 2826 2061 2894 Quid
2111 2836 2162 2883 te

580 2912 670 2967 isti
705 2915 757 2966 in
804 2914 997 2983 quibus
1046 2921 1250 2970 tantum
1274 2924 1327 2972 te
1348 2917 1541 2987 jactas,
1573 2932 1710 2974 unus
1752 2918 1821 2973 ab
1860 2918 2014 2973 idolis
2040 2919 2161 2974 dae-

580 3017 822 3070 monum,
875 3012 929 3059 et
959 3002 1238 3063 aliusdde
1287 3009 1588 3081 Synagoga,
1638 3022 1696 3067 ut
1740 3013 1894 3081 dicis,
1946 3013 2159 3069 Satanae

578 3093 820 3164 magistri
852 3093 1150 3152 docuerunt
1178 3099 1343 3153 boni?
1379 3100 1519 3155 Nihil
1551 3102 1706 3157 video
1736 3103 1841 3157 nisi
1883 3104 1983 3157 hoc
2014 3103 2155 3172 quod

577 3194 629 3237 et
686 3184 789 3253 ipsi
849 3199 1128 3243 noverant.
1193 3189 1325 3245 Nam
1382 3191 1713 3264 Porphyrius
1770 3202 1823 3248 te
1867 3170 2046 3248 docuit
2091 3170 2231 3249 deC

577 3275 901 3334 Christianis
944 3280 1084 3337 male
1124 3281 1293 3352 loqui,
1339 3284 1624 3339 concidere
1682 3285 1935 3355 virgines,
1990 3286 2156 3339 conti-

579 3378 792 3439 nentes,
837 3372 1117 3439 Diaconos,
1167 3374 1540 3445 Presbyteros,
1582 3386 1637 3431 et
1676 3392 1887 3432 omnem
1937 3394 2157 3447 prorsus

578 3458 1009 3519 Christianorum
1061 3466 1286 3536 gradum
1319 3476 1374 3522 et
1426 3468 1669 3522 ordinem
1745 3469 1938 3523 libellis
1994 3470 2156 3524 editis

576 3553 853 3609 infamare.
894 3556 990 3612 Ille
1036 3571 1166 3613 vero
1196 3558 1263 3614 de
1291 3559 1567 3630 Synagoga
1618 3560 1881 3614 Barrabas
1910 3570 2030 3614 tuus
2062 3577 2157 3631 pro

578 3641 793 3698 Christo
847 3647 1074 3716 electus,
1142 3650 1324 3705 docuit
1375 3660 1426 3705 te
1466 3654 1917 3707 resurrectionem
1958 3654 2154 3720 carnis,

580 3747 687 3785 non
736 3736 790 3788 in
842 3737 1064 3803 virtute,
1114 3739 1210 3793 sed
1258 3740 1314 3793 in
1356 3740 1645 3810 fragilitate
1697 3756 1945 3810 Sperare:
1990 3743 2156 3797 litera:

579 3825 876 3881 occidentis
904 3830 1136 3884 amicum
1165 3830 1303 3898 ﬁeri,
1337 3838 1391 3885 et
1438 3832 1714 3886 inimicum
1756 3832 1973 3901 spiritus
2023 3833 2157 3887 vivi-

578 3916 805 3971 ﬁcantis.
839 3919 905 3974 Et
949 3920 1053 3975 alia
1083 3921 1326 3991 quoidam
1369 3921 1680 3988 secretiora,
1720 3938 1837 3991 quae
1865 3923 1909 3976 si
1938 3936 2024 3976 res
2065 3937 2156 3991 po-

579 4009 835 4075 poscerit,
869 4012 1213 4079 postmodum
1263 4010 1602 4079 proferentur
1648 4013 1700 4065 in
1732 4020 1989 4080 tempore.

651 4101 736 4154 l5.
780 4102 886 4157 Sed
917 4103 1042 4172 quid
1086 4104 1140 4158 in
1188 4104 1404 4173 longum
1438 4116 1616 4158 sermo
1644 4102 1987 4171 producitur?
2018 4102 2157 4157 Con-

578 4192 730 4247 viciis
762 4194 877 4263 ejus
911 4207 961 4250 et
994 4196 1202 4266 injuriis
1250 4210 1357 4251 non
1396 4194 1837 4266 respondeamus,
1872 4195 2155 4250 laceratio-

578 4335 696 4403 ejus
743 4336 977 4392 incolatu
1027 4339 1094 4393 ab
1124 4352 1265 4392 anno
1314 4336 1436 4391 572.
1472 4336 1539 4391 ad
1569 4337 1693 4391 577.
1745 4344 1829 4390 est
1856 4333 2020 4388 ferme
2066 4334 2157 4401 qui

578 4406 804 4479 dubitet.
847 4407 1086 4479 Alterum
1119 4409 1372 4479 colligere
1409 4408 1533 4463 licet
1561 4422 1628 4479 ex
1656 4406 1982 4479 Ilieﬁronylno
2019 4405 2156 4471 Apo-

581 4478 693 4543 log.
748 4477 841 4532 iib.
898 4478 980 4532 IIl.
1038 4480 1126 4534 ubi
1178 4474 1443 4550 postquam
1501 4476 1817 4550 Theon/tiles
1870 4474 2156 4550 Epi500p_us

581 4551 750 4616 factmt
797 4558 889 4616 est,
942 4551 1270 4605 Alexandrire
1320 4567 1419 4603 non

580 4614 909 4693 Theophilus
947 4630 1127 4693 autem
1152 4635 1180 4693 a
1211 4622 1296 4693 die
1337 4620 1436 4693 2οτΔ
1464 4614 1749 4693 'Juliianni
1801 4614 1924 4693 €385.
1961 4614 2150 4693 sedere

580 4691 741 4758 erepit
772 4727 807 4765 ._
830 4689 959 4765 Post
989 4691 1118 4743 illud
1166 4691 1336 4765 igitur
1368 4689 1581 4765 aliquod
1605 4687 1948 4765 intervallum,
1995 4687 2149 4765 unius

586 4769 709 4825 puta
762 4761 1048 4836 alteriusve
1096 4762 1243 4824 anni,
1293 4758 1608 4836 siven__579.
1667 4758 1783 4836 plus
1845 4758 2045 4836 minus,
2100 4764 2153 4809 et

584 4838 707 4883 ante
757 4847 911 4889 quem
941 4832 1169 4884 diximus
1219 4831 1344 4883 anni
1381 4830 1507 4884 585.
1555 4828 1839 4883 terminum
1869 4839 1934 4878 eo
1961 4828 2151 4878 iterum

587 4899 821 4959 advenit,
851 4911 905 4953 et
938 4901 1153 4954 biennio
1205 4900 1514 4954 demoratus
1558 4907 1662 4953 est.
1706 4898 1932 4951 Possent
1961 4904 2016 4949 et
2060 4894 2153 4948 de-

578 4972 873 5022 monstrari
926 4972 1143 5035 prepius
1191 4971 1409 5037 suisque
1456 4970 1691 5022 numeris
1734 4967 1841 5020 duo
1870 4966 1969 5030 ipsi
2012 4965 2152 5037 anni

585 5055 649 5088 es
694 5038 912 5091 Palladii
945 5040 1247 5094 testimonio
1278 5038 1630 5103 iurLausiaca
1673 5052 1791 5103 cap.
1840 5038 1927 5089 10.
1974 5036 2058 5088 ubi
2091 5036 2156 5088 de

588 5107 812 5184 Melania
863 5108 1040 5163 Rufini
1072 5110 1287 5175 comite,
1324 5102 1380 5162 e‘t
1405 5108 1687 5184 I’antbonis
1716 5102 1862 5184 obitu
1894 5106 2152 5184 loquitur;

586 5178 682 5231 sed
722 5177 1001 5233 doctorum
1046 5190 1169 5234 tunc
1199 5190 1341 5233 esset
1380 5179 1686 5233 criticorum
1738 5176 1959 5245 objectis
1999 5178 2158 5229 satis-

590 5249 910 5315 Iaciendttm,
956 5250 1095 5319 quod
1138 5266 1232 5319 per
1258 5252 1512 5305 Natarum
1544 5246 1814 5316 angustias
1859 5261 1965 5319 non
2012 5247 2154 5299 licet.

586 5321 726 5375 Satis
770 5318 1043 5390 preposito
1086 5318 1184 5383 est,
1235 5322 1377 5390 quod
1433 5320 1633 5387 Optime
1672 5318 1922 5390 convenit
1977 5324 2154 5390 rerum

588 5388 784 5445 series.
827 5393 1002 5447 Unum
1035 5388 1446 5459 addere-placet
1475 5405 1540 5444 ex
1584 5390 1697 5458 ipsa
1739 5388 1935 5452 indole,
1989 5398 2059 5459 ut,
2086 5389 2154 5440 ita

589 5463 762 5516 dicam
794 5464 997 5517 codicis
1045 5458 1416 5523 Guarneriani,
1458 5460 1547 5528 qui
1590 5474 1710 5513 cum
1761 5459 2008 5511 omnibus
2040 5458 2149 5511 fere

591 5534 744 5599 locis,
814 5534 1006 5601 quibus
1037 5548 1067 5586 a
1096 5544 1306 5609 recepta
1348 5532 1578 5609 lectione
1625 5530 1895 5609 dissentit,
1938 5538 2149 5607 peccet,

590 5600 866 5679 exaratutn
926 5620 985 5659 se
1044 5600 1315 5679 proditab
1362 5602 1609 5679 imperito
1674 5600 2006 5679 Antiquario,
2064 5600 2151 5679 qui

593 5673 730 5727 Itane
759 5676 927 5729 multo
956 5668 1677 5734 concinnioremlectionem,
1710 5670 1809 5723 nisi
1838 5671 1887 5721 in
1920 5684 1982 5722 eo
2014 5668 2155 5737 quod

593 5743 931 5799 describebat
991 5754 1201 5801 vetusto
1245 5743 1541 5812 exemplari
1593 5740 1901 5809 reperisset,
1941 5740 2006 5796 de
2058 5756 2156 5795 suo

598 5814 713 5880 ipse
759 5817 1084 5874 substituere
1138 5814 1356 5873 omnino
1396 5830 1511 5888 non
1539 5814 1810 5871 valuisset.

1464 4550 1621 4618 fuisse
1670 4546 1917 4618 Reliquit}
1968 4545 2147 4618 tradit.
2184 4549 2231 4607 ι)

2272 532 2600 605 Porphyrius
2646 536 2879 604 exacuit,
2931 552 3037 594 non
3093 540 3392 599 obviemus.
3440 544 3524 601 Ad
3576 548 3677 604 hoc
3705 554 3845 608 enim

2270 624 2427 679 Jesus
2483 635 2686 693 noster,
2741 644 2847 684 non
2903 630 3169 687 Barrabas
3215 634 3492 704 magister,
3546 641 3712 697 silere
3753 660 3849 700 nos

2271 715 2474 772 docuit.
2538 716 2621 773 Ad
2685 718 2815 773 illud
2869 719 3171 787 veniamus,
3218 731 3278 778 ut
3325 728 3643 785 ostendatur
3693 748 3848 803 quam

2271 823 2398 865 vera
2446 819 2591 875 sunt,
2636 826 2757 880 quae
2788 813 2874 869 vel
2924 829 3020 884 pro
3071 831 3168 871 sua
3217 823 3585 890 excusatione,
3628 827 3716 882 vel
3756 845 3849 898 pro

2272 908 2458 955 nostra
2487 902 2829 959 accusatione
2856 907 3195 977 conscripsit.
3223 911 3312 966 Ait
3341 922 3364 949 ο
3389 914 3523 970 duas
3564 933 3685 975 esse
3710 924 3848 979 solas

2272 991 2709 1054 Praefatiunculas
2732 1016 2877 1067 suas,
2904 1003 2957 1056 in
2988 1003 3181 1073 quibus
3208 1006 3427 1066 laudare
3448 1012 3593 1068 visus
3617 1026 3701 1070 est
3738 1019 3848 1075 Ori-

2268 1103 2489 1156 genem:
2523 1091 2578 1145 in
2610 1106 2675 1146 eo
2698 1100 2877 1148 tamen
2904 1095 3368 1167 interpretationis
3389 1117 3552 1172 opere
3577 1121 3701 1162 eum
3733 1110 3847 1166 lau-

2270 1181 2493 1251 daverit,
2535 1184 2697 1255 369
2725 1186 2778 1241 in
2806 1201 2909 1256 quo
2938 1188 3071 1244 nihil
3099 1193 3317 1248 omnino
3343 1195 3728 1267 dogmaticum,
3761 1206 3844 1257 ni-

2270 1273 2343 1327 hil
2371 1276 2439 1329 de
2492 1275 2596 1331 Iide
2626 1276 2828 1332 dictum
2877 1278 2974 1343 sit,
3005 1290 3060 1335 et
3106 1283 3248 1353 quod
3282 1287 3490 1354 penitus
3520 1290 3572 1343 in
3622 1292 3704 1347 his
3736 1309 3848 1363 qua:

2266 1367 2384 1433 ejus
2412 1367 2526 1436 ipse
2548 1369 2929 1439 interpretatus
2952 1382 3053 1439 est,
3091 1375 3222 1429 nihil
3247 1379 3353 1433 tale
3382 1379 3664 1451 inferatur,
3693 1390 3846 1455 quale

2269 1477 2408 1516 nunc
2434 1463 2499 1517 ad
2528 1462 2824 1536 Synagogaa
2874 1468 3122 1538 gratiam,
3157 1487 3260 1525 non
3311 1475 3376 1529 ad
3424 1477 3845 1536 Christianorum

2267 1553 2673 1610 aedificationem
2716 1558 3079 1626 reprehendit.
3113 1562 3178 1616 Et
3216 1566 3459 1633 quamvis
3504 1569 3552 1623 ei
3600 1569 3847 1629 sufﬁcere

2266 1646 2331 1699 ad
2361 1647 2628 1703 silentium
2653 1650 2915 1719 agendum
2947 1652 3161 1720 debeat,
3218 1658 3360 1725 quod
3388 1673 3449 1713 ea
3480 1660 3531 1713 in
3564 1661 3759 1719 alienis
3789 1664 3848 1718 li-

2269 1737 2395 1792 teris
2442 1740 2644 1808 culpat,
2675 1757 2793 1811 quce
2836 1743 3179 1810 proferuntur
3217 1761 3282 1801 ex
3327 1750 3469 1815 suis;
3502 1760 3683 1808 tamen
3708 1762 3764 1809 et
3794 1755 3847 1811 in

2268 1828 2369 1883 hoc
2410 1845 2567 1898 quam
2615 1846 2796 1886 verum
2828 1832 3042 1902 dixerit,
3079 1836 3379 1893 videamus.
3416 1842 3494 1895 Ex
3530 1842 3849 1903 Prtefatione

2266 1921 2766 1991 interpretationum
2796 1926 2847 1980 in
2884 1928 3184 1998 Ezechiele,
3219 1935 3628 2001 quatuordecim
3659 1939 3844 1995 Homi-

2266 2014 2367 2077 liis,
2401 2016 2516 2071 sive
2546 2016 2901 2074 Oratiunculis
2928 2021 3452 2091 0rigenis,scribens
3479 2029 3690 2084 cuidam
3724 2032 3846 2085 Vin-

2265 2108 2502 2164 cention
2523 2110 2769 2180 Magnum
2799 2119 2903 2177 est,
2928 2112 3118 2182 inquit,
3142 2111 3161 2150 ί
3190 2117 3261 2170 ttti
3289 2118 3635 2189 amice,quod
3667 2132 3848 2190 postn-

2266 2198 2366 2265 las,
2400 2207 2457 2253 ut
2486 2201 2768 2269 Origenem
2789 2200 2980 2257 faciam
3015 2203 3284 2272 Latinum,
3312 2218 3366 2262 et
3398 2209 3669 2266 hominem
3692 2212 3845 2283 juxta

2267 2292 2477 2363 Didymi
2504 2294 2732 2349 videntis
2762 2296 3106 2362 sententiam,
3137 2298 3360 2354 alterum
3388 2309 3508 2369 post
3555 2306 3844 2372 Apostolos

2266 2384 2623 2439 Ecclesiarum
2653 2386 2963 2455 magistrum
3000 2389 3161 2443 etiam
3211 2390 3467 2448 Romanis
3496 2396 3714 2452 auribus
3745 2398 3841 2454 do-

2266 2489 2409 2529 nem.
2432 2492 2451 2526 ι
2484 2476 2550 2530 Et
2571 2477 2979 2546 postaliquanta
3014 2496 3027 2532 :
3062 2497 3080 2530 ι
3126 2479 3191 2534 Et
3214 2481 3363 2550 illud,
3395 2483 3585 2555 inquit,
3612 2487 3844 2544 breviter

2266 2567 2581 2635 admonens,
2616 2577 2673 2623 ut
2717 2569 2875 2634 scias,
2920 2569 3167 2640 Origenis
3216 2574 3475 2642 epuseula
3523 2577 3576 2632 in
3626 2592 3840 2634 omnem

2267 2660 2599 2728 Scripturam
2655 2675 2777 2715 esse
2825 2662 3072 2730 triplicia.
3130 2664 3368 2720 Primum
3420 2669 3539 2736 ejus
3589 2672 3845 2740 opuscula

2266 2752 2522 2823 Excerpta
2572 2765 2716 2817 sunt,
2760 2771 2877 2824 qua)
2919 2756 3106 2812 Grzece
3133 2760 3322 2830 σχόλια
3351 2773 3755 2832 nuncupantur,
3788 2766 3843 2820 in

2264 2846 2458 2916 quibus
2501 2861 2563 2901 ea
2610 2862 2728 2916 qua:
2773 2848 2875 2902 sibi
2923 2848 3242 2905 videbantur
3271 2850 3519 2917 obscura,
3554 2864 3579 2901 Β
3608 2863 3699 2909 aut
3724 2871 3839 2925 qua:

2266 2940 2465 2996 habere
2516 2940 2714 3009 aliquid
2756 2940 3109 3005 difficultatis,
3156 2945 3463 2999 summatim
3506 2946 3845 3018 breviterque

2265 3033 2592 3102 perstrinxit.
2636 3032 2937 3089 Secundum
2995 3035 3278 3104 ὁμηλιτικόν
3326 3052 3494 3105 genus
3515 3078 3529 3102 ,
3562 3038 3629 3093 de
3660 3054 3764 3109 quo
3791 3047 3845 3095 et

2265 3141 2503 3195 praesens
2549 3127 2923 3196 interpretatio
2970 3136 3075 3182 est.
3138 3127 3374 3183 Tertium
3427 3131 3569 3200 quod
3628 3132 3843 3202 scripsit

2262 3218 2377 3288 ipse
2405 3221 2613 3293 τόμους,
2644 3234 2742 3274 nos
2788 3220 3047 3273 t'olumina
3087 3235 3371 3288 possumus
3421 3239 3753 3293 nuncupare,
3787 3226 3837 3280 in

2260 3332 2368 3386 quo
2415 3332 2578 3387 opere
2629 3327 2737 3372 tota
2783 3318 2978 3387 ingenii
3026 3320 3108 3372 sui
3154 3318 3272 3373 vela
3313 3319 3638 3389 spirantibus
3669 3322 3841 3376 ventis

2262 3410 2408 3463 dedit
2433 3425 2450 3465 :
2474 3418 2527 3463 et
2552 3408 2809 3463 recedens
2836 3423 2865 3462 a
2899 3416 3060 3473 terra,
3095 3409 3146 3464 in
3178 3409 3409 3465 medium
3443 3411 3662 3480 pelagus
3692 3412 3842 3466 aufu-

2262 3506 2356 3574 git.
2382 3502 2507 3559 Seio
2536 3512 2587 3557 te
2614 3516 2830 3571 cupere,
2855 3512 2915 3556 ut
2944 3518 3103 3558 omne
3120 3518 3287 3572 genus
3317 3501 3632 3556 transferam
3652 3504 3839 3558 dictio-

2265 3600 2346 3652 nis
2373 3616 2385 3651 :
2415 3597 2645 3666 praemisi
2678 3610 2945 3661 caussam,
2974 3610 3068 3651 cur
3108 3596 3283 3651 facere
3326 3610 3431 3651 non
3463 3608 3672 3664 possem
3700 3614 3712 3648 :
3743 3597 3841 3651 hoc

2267 3701 2441 3745 tamen
2486 3688 2745 3757 spondeo,
2780 3688 2899 3757 quia
2928 3688 2998 3752 si,
3027 3695 3215 3743 orante
3247 3697 3317 3753 te,
3348 3686 3502 3741 Jesus
3552 3686 3842 3741 reddiderit

2265 3781 2569 3847 sanitatem,
2594 3796 2699 3834 non
2728 3778 2901 3835 dicam
2930 3790 3139 3845 cuncta,
3171 3780 3294 3849 quia
3326 3779 3424 3833 hoc
3446 3778 3646 3833 dixisse
3679 3789 3843 3833 teme-

2265 3872 2463 3927 rarium
2494 3878 2599 3938 est,
2626 3870 2720 3925 sed
2752 3871 3018 3939 permulta
3065 3872 3166 3926 sim
3195 3870 3582 3938 ftranslaturus,
3617 3886 3677 3924 ea
3726 3872 3842 3940 lege

2265 3962 2539 4035 quam‘tihi
2565 3978 2705 4032 saepe
2735 3964 3010 4029 constitui,
3038 3973 3094 4018 ut
3124 3978 3223 4033 ego
3255 3978 3438 4018 vocem
3468 3964 3758 4031 prmbeam,
3785 3971 3837 4016 tu

2264 4058 2549 4111 notarium.
2573 4074 2591 4107 ι

2340 4172 2426 4229 14.
2468 4171 2595 4226 Item
2622 4172 2688 4225 de
2717 4169 2947 4225 Canticis
2969 4167 3312 4222 Canticorum
3342 4166 3628 4223 Prtefatio:
3660 4186 3679 4220 ι
3711 4168 3842 4225 Bea-

2339 4340 2362 4367 °
2395 4331 2518 4396 Ms.,
2544 4328 2822 4392 Parrabas,
2857 4328 3021 4389 male;
3077 4342 3194 4379 nam
3224 4333 3277 4379 et
3302 4338 3395 4391 pro
3416 4322 3730 4396 Bartjaba‘in
3759 4335 3842 4396 se-

2265 4391 2551 4471 quentibus
2607 4391 2858 4455 continuo
2914 4397 3184 4450 Parraban
3227 4402 3412 4459 vocat;
3464 4393 3584 4448 aliis
3641 4391 3839 4445 Pambo

2264 4474 2481 4527 dicitur.
2760 4538 2793 4543 _
2940 4539 2949 4543 _
3226 4536 3235 4543 ,
3360 4533 3397 4543 __
3441 4534 3453 4543 _
3495 4540 3500 4543 ,
3550 4530 3737 4543 -......

2331 4542 2357 4581 δ
2378 4543 2728 4611 Hieronymus
2756 4538 3071 4612 Baraninam
3096 4536 3335 4612 nominat
3360 4530 3839 4612 Episl._LXXXlV:

2263 4618 2393 4673 etin
2448 4604 2703 4681 Apologia
2745 4624 2841 4663 sua
2868 4610 3087 4682 acriter_
3120 4606 3366 4682 Rufinum
3410 4604 3668 4682 c_astigat,_
3691 4604 3840 4682 quasi

2265 4701 2463 4745 nomen
2498 4673 2763 4736 inaliiiose
2816 4678 3113 4745 corruperit
3144 4677 3209 4728 ad
3252 4675 3536 4729 creandum
3566 4673 3838 4745 invidiam.

2333 4770 2354 4797 ο
2380 4757 2569 4808 Ferme
2602 4751 2796 4805 rectius
2825 4750 2877 4803 in
2904 4741 3028 4813 ms},
3077 4748 3315 4800 indoctus
3341 4746 3539 4809 audire,
3571 4752 3682 4797 tuti:
3707 4741 3835 4795 Pro-

2262 4824 2579 4899 positoenim
2602 4820 2867 4899 ¢_t_Christo
2891 4817 3202 4899 etBar‘rqba.
3406 4885 3417 4896 _
3453 4894 3462 4899 ι
3500 4885 3511 4895 ι

2332 4901 2359 4935 α
2386 4896 2589 4949 Vitiose
2621 4892 2892 4953 Martian.,
2921 4890 2983 4943 de
3022 4887 3235 4942 Satanae
3279 4887 3558 4955 magistris,
3588 4892 3695 4938 etc.

2342 4980 2366 5006 ⁸
2392 4968 2494 5021 Pro
2525 4966 2653 5017 duas
2681 4977 2783 5015 ms.
2839 4951 2999 5013 habet
3026 4960 3180 5012 enim.
3236 4957 3301 5010 Et
3344 4951 3473 5009 sane
3503 4957 3632 5008 duas
3678 4951 3837 5006 modo

2261 5042 2365 5095 dici
2424 5035 2771 5090 Praefationes
2823 5030 3156 5104 Hieronymi,
3206 5042 3289 5104 ex.
3322 5026 3602 5094 ipsiusmet
3649 5038 3837 5104 sensu,

2264 5123 2316 5167 et
2350 5108 2526 5164 Rufini
2570 5118 2816 5167 censura,
2875 5100 3070 5154 favoris
3119 5100 3169 5151 in
3200 5097 3486 5171 Qrigenem
3536 5097 3841 5171 suspicione

2265 5184 2529 5243 laborare,
2571 5191 2667 5244 par
2721 5166 2937 5226 minime
2989 5178 3073 5246 est
3119 5166 3527 5246 credi."Neqt_te
3574 5166 3707 5217 adeo
3770 5166 3844 5246 ita

2262 5232 2484 5306 Iliilinus
2515 5232 2825 5313 scripserit,
2868 5240 3006 5310 apud
3054 5254 3210 5309 quem
3257 5236 3346 5313 vel
3394 5238 3551 5301 enim,
3582 5232 3843 5313 quemad-

2262 5303 2479 5377 modum
2532 5303 2693 5371 habet
2737 5303 2941 5368 in'ms.
2996 5303 3364 5378 reponendum
3414 5316 3517 5371 est,
3580 5303 3661 5358 vel
3707 5303 3842 5356 duas

2262 5407 2454 5448 nomen
2494 5389 2706 5456 penitus
2754 5380 3137 5456 inducendum.
3281 5449 3329 5456 η
3620 5444 3631 5455 .

2338 5443 2384 5498 ἶ
2402 5443 2846 5527 Hieronymianus
2868 5453 2983 5527 ipse
3012 5449 3410 5527 textus-quidem
3436 5460 3532 5515 pro
3560 5444 3631 5497 mi
3653 5443 3838 5527 habet.

2334 5543 2357 5580 ὅ
2404 5514 2741 5585 Ιιιὶιὶθιηύηο
2770 5514 2956 5585 verbo,
2983 5532 3153 5590 atque.
3188 5514 3285 5574 Ms.
3318 5514 3502 5575 Cum
3552 5514 3714 5570 verba
3747 5515 3843 5567 La—

2222 5588 2225 5591 Α
2265 5605 2387 5657 linis
2437 5600 2602 5655 literis
2650 5596 2887 5651 e'xhibet.
2920 5588 3055 5647 Mox'
3095 5591 3327 5655 praefert,
3359 5591 3423 5641 de
3467 5603 3569 5659 quo
3628 5600 3848 5659 presens

2265 5656 2612 5740 interpretatio
2652 5675 2877 5724 :textus
2919 5666 3165 5730 Ilicron.,
3196 5672 3241 5717 ct
3285 5656 3512 5730 pra’sen's
3554 5662 3664 5728 ejus
3694 5656 3843 5709 inter-

2268 5749 2497 5816 pretatio-
