4166 6348
558 302 666 356 59‘.)

1567 300 1791 359 RUFINI
1836 294 2313 367 AQUILEIENSIS
2354 296 2783 355 PRESBYTER!

3734 316 3834 375 600

557 427 711 486 putat
748 419 801 472 in
828 432 1015 472 caussa
1043 419 1334 474 observare
1362 418 1653 487 Scriptura
1700 425 1899 472 sancta
1942 417 2141 471 debere
2167 416 2221 474 Δ
2249 413 2299 469 in
2333 412 2726 471 damnationem
2756 415 2876 485 ejus
2895 418 3163 475 consentit
3184 418 3316 477 urbs
3345 420 3538 480 Roma.
3571 425 3690 496 Ipsa
3717 442 3838 485 con-

552 507 905 573 sententiam,
929 522 1048 578 qua
1067 506 1222 577 jubet
1241 509 1442 578 absque
1463 522 1809 576 personarum
1830 507 2147 575 acceptione

548 601 783 671 iudicari
810 619 821 653 :
850 616 954 656 non
986 610 1043 656 ut
1083 601 1335 671 aquitas,
1367 599 1462 655 sed
1493 607 1547 652 nt
1578 600 1691 668 ipse
1720 600 1851 665 vult,
1886 598 1956 652 ita
1982 597 2142 653 satis-

556 693 817 749 faciamus
844 707 941 763 pro
971 692 1147 747 nobis.
1179 692 1267 746 Ait
1292 690 1466 756 enim,
1500 691 1578 744 τυ
1607 689 1653 745 si
1680 690 2060 760 interpretatus
2086 706 2146 746 es

556 786 874 858 Origenem,
906 784 1201 856 culpandus
1230 800 1323 840 es:
1349 799 1449 855 ego
1496 784 1657 839 etiam
1690 784 1734 839 si
1778 784 1963 839 eadem
2012 783 2142 849 dixi,

555 895 656 946 pro
677 880 870 951 quibus
900 881 992 936 ille
1016 880 1285 950 culpatur,
1320 880 1460 936 bene
1504 878 1626 939 feci.
1660 888 1714 934 et
1739 878 1843 949 legi
1868 878 2066 934 debent
2091 887 2147 934 et
2180 948 2183 951 η

557 971 748 1027 teneri.
795 971 874 1026 Tu
903 972 948 1027 si
982 972 1208 1027 laudasti
1256 973 1527 1041 ingenium
1558 971 1697 1042 ejus,
1732 972 1816 1027 vel
1841 972 2144 1040 scientiam,

555 1068 582 1096 ³
616 1076 738 1116 reus
762 1075 821 1116 es
846 1079 859 1116 :
882 1076 982 1133 ego
1011 1063 1055 1117 si
1085 1062 1359 1133 ingenium
1390 1063 1621 1129 laudavi,
1645 1063 1778 1119 nihil
1807 1074 1910 1120 est.

624 1152 719 1208 20.
753 1152 855 1208 Sed
889 1154 1086 1224 profer,
1115 1154 1307 1225 inquit,
1340 1154 1430 1210 ubi
1460 1169 1584 1211 eum
1614 1156 1685 1211 ita
1712 1156 2063 1223 laudaverim,
2088 1166 2148 1211 ut

554 1241 714 1296 ﬁdem
742 1243 859 1312 ejus
887 1259 1222 1302 excusarem.
1255 1247 1369 1301 Non
1413 1262 1566 1318 aque
1610 1247 1863 1318 quidem;
1891 1248 1985 1304 sed
2016 1265 2139 1325 quo<

553 1347 767 1404 cunque
788 1334 1003 1392 duxeris
1034 1352 1248 1407 sequar.
1274 1338 1539 1394 Libellum
1563 1340 1850 1410 quemdam
1880 1342 2144 1405 scribens,

553 1426 1014 1495 comprehendere
1041 1430 1194 1499 quasi
1216 1430 1453 1487 indiculo
1477 1432 1709 1502 quodam
1737 1433 1923 1498 voluit,
1950 1442 2145 1503 quanta

551 1519 691 1586 apud
721 1520 939 1576 Latinos
961 1521 1130 1577 Varro
1151 1524 1453 1593 scripserit,
1470 1534 1526 1580 et
1549 1533 1746 1595 quanta
1770 1526 1907 1595 apud
1933 1534 2145 1580 nostros

551 1610 812 1683 Origenes
840 1612 895 1667 in
927 1613 1154 1681 Graeis,
1182 1616 1234 1670 in
1264 1631 1368 1686 qua
1398 1617 1467 1671 ita
1496 1617 1590 1683 ait,
1621 1636 1639 1668 ι
1678 1617 1915 1674 Marcum
1944 1617 2140 1673 Teren-

552 1704 687 1759 tium
722 1705 1018 1761 Varronem
1063 1708 1285 1763 miratur
1313 1710 1632 1780 antiquitas,
1663 1710 1805 1780 quod
1830 1710 1970 1780 apud
1999 1710 2142 1765 Lati—

2252 510 2329 555 tra
2360 502 2503 559 hunc
2531 505 2675 573 cogit
2702 505 2986 576 Senatum,
3022 523 3126 564 non
3161 521 3381 581 propter
3402 513 3715 585 dogmatum
3744 535 3835 575 no-

2249 594 2487 663 vitatem,
2530 610 2635 649 non
2665 606 2887 668 propter
2928 599 3200 667 haresim,
3232 612 3289 658 ut
3316 619 3460 660 nunc
3502 606 3831 664 adversumt

2249 700 2371 740 eum
2396 686 2569 741 rabidi
2595 702 2757 743 canes
2778 689 3053 756 simulant,
3074 692 3167 747 sed
3192 694 3312 763 quia
3331 695 3559 766 gloriam
3585 700 3839 770 eloquen-

2249 778 2336 831 tia
2354 777 2469 846 ejus
2485 786 2540 832 et
2563 779 2806 834 scientia
2832 779 2973 837 ferre
2996 796 3099 837 non
3120 793 3388 853 poterant,
3411 794 3466 841 et
3484 787 3577 843 illo
3603 789 3836 858 dicente,

2249 885 2439 926 omnes
2468 872 2603 926 muti
2635 873 2979 941 putabantur.
3011 875 3138 931 Hae
3164 892 3332 947 quare
3356 880 3667 950 scripserim
3692 891 3747 937 et
3774 886 3839 939 ad

2250 964 2497 1033 pauperis
2517 965 2748 1019 lucerna
2773 964 3085 1035 igniculum,
3110 968 3218 1023 cito
3246 984 3520 1037 sermone,
3556 980 3583 1019 ε
3609 973 3707 1027 sed
3735 989 3839 1029 non

2248 1064 2407 1111 cauto
2435 1057 2770 1124 dictaverim,
2818 1059 3041 1127 potestis
3072 1059 3394 1132 intelligere,
3427 1063 3473 1117 si
3502 1062 3769 1134 Epicuros
3787 1074 3842 1121 et

2254 1150 2557 1220 Aristippos
2579 1152 2851 1222 cogitetis.
2885 1170 2905 1204 ι

2321 1244 2411 1297 21.
2439 1244 2493 1299 Si
2516 1246 2635 1315 quis
2667 1246 2761 1300 tibi
2781 1242 2810 1282 ιι
2834 1254 2960 1303 tunc
2986 1262 3171 1318 quaso
3200 1265 3321 1305 cum
3347 1252 3448 1307 ista
3470 1252 3536 1307 ad
3565 1255 3839 1324 pauperis,

2249 1345 2307 1390 ut
2334 1336 2413 1391 ais
2438 1376 2454 1403 ,
2495 1336 2727 1393 lucerna
2759 1338 3082 1409 igniculum,
3124 1342 3231 1397 cito
3274 1342 3368 1397 sed
3401 1358 3509 1399 non
3538 1352 3701 1400 cauto
3730 1360 3843 1403 ser—

2250 1443 2410 1483 mone
2426 1428 2683 1497 dictares,
2704 1429 3001 1485 adstitisset
3022 1431 3308 1501 Propheta,
3338 1441 3394 1488 et
3414 1434 3704 1491 clamasset
3733 1435 3838 1508 [ΑΙ.

2252 1519 2649 1592 exclamasset],
2674 1536 2707 1577 ο
2732 1522 2984 1592 scriptor,
3007 1524 3201 1579 cohibe
3221 1524 3359 1581 hanc
3381 1540 3592 1597 vocem,
3608 1530 3843 1600 reprime

2246 1613 2452 1678 stilum,
2484 1614 2587 1668 erit
2615 1613 2758 1668 enim
2806 1624 3016 1685 tempus
3044 1624 3098 1671 et
3126 1630 3233 1671 non
3262 1618 3430 1673 multo
3460 1628 3602 1688 post,
3631 1634 3754 1675 cum
3786 1628 3840 1677 tn

2247 1704 2481 1760 scliisma
2509 1704 2577 1759 ah
2609 1705 2845 1761 Ecclesia
2873 1706 3059 1776 facies,
3100 1718 3155 1763 et
3186 1718 3243 1763 ut
3284 1726 3382 1780 pro
3404 1711 3519 1780 ipso
3547 1712 3841 1769 schismate

553 1812 655 1854 nos
681 1806 788 1854 tam
818 1800 1239 1857 innumerabiles
1269 1801 1434 1857 libros
1463 1803 1758 1871 scripserit.
1786 1802 1961 1858 Graci
1985 1801 2145 1857 Chal-
2174 1795 2223 1855 B
2249 1795 2485 1850 colorem
2530 1797 2760 1866 aliquem
2798 1799 3163 1855 excusationis
3207 1800 3449 1855 invenias
3468 1845 3483 1870 ,
3531 1804 3664 1859 istos
3702 1818 3837 1873 quos

553 1898 834 1944 centerum
868 1891 1019 1945 miris
1049 1890 1278 1947 elTerunt
1304 1891 1575 1958 laudibus,
1606 1893 1748 1962 quod
1777 1900 1954 1947 tantos
1978 1892 2145 1949 libros

553 1982 938 2050 composuerit,
988 1994 1219 2053 quantos
1268 1984 1441 2054 quivis
1496 1993 1739 2039 nostrum
1792 1984 1997 2039 alienos
2049 1999 2144 2039 sua

553 2085 720 2126 manu
757 2072 1065 2129 describere
1095 2089 1201 2129 non
1232 2075 1419 2144 possit.
1461 2074 1528 2130 Et
1571 2075 1695 2145 quia
1742 2090 1884 2130 nunc
1912 2076 2143 2130 Otiosum

552 2170 640 2218 est
688 2165 828 2235 apud
885 2164 1105 2221 Latinos
1153 2167 1463 2223 Gracorum
1523 2169 1856 2224 voluminum
1913 2168 2143 2224 indicem

552 2256 756 2321 texere,
772 2256 840 2312 de
853 2272 918 2312 eo
934 2260 1021 2328 qui
1046 2258 1235 2314 Latine
1251 2261 1467 2331 scripsit
1486 2260 1661 2329 aliqua
1684 2262 2142 2327 commemorabo,

553 2353 614 2400 ut
638 2345 1002 2419 intelligamus
1030 2365 1131 2406 nos
1161 2351 1497 2421 Epimenidis
1526 2352 1764 2409 dormire
1789 2368 2062 2420 somnum,
2090 2364 2148 2411 et

549 2437 787 2493 studium
810 2441 952 2510 quod
976 2442 1049 2496 illi
1077 2452 1368 2512 posuerunt
1392 2443 1445 2498 in
1469 2443 1771 2500 eruditione
1801 2445 2142 2500 saeularium

550 2525 581 2566 δ
609 2528 1020 2600 scripturarum,
1045 2549 1145 2589 nos
1173 2534 1227 2588 in
1268 2535 1657 2606 congregandis
1700 2537 1893 2607 opibus
1922 2553 2141 2608 ponere.

551 2620 781 2691 Scripsit
829 2622 1011 2693 itaque
1059 2624 1229 2680 Varro
1280 2628 1632 2699 quadraginta
1693 2630 1929 2700 quinque
1978 2631 2145 2685 libros

549 2712 964 2782 Antiquitatnm,
980 2726 1207 2785 quatuor
1224 2717 1290 2775 de
1312 2718 1429 2773 Vita
1450 2720 1629 2790 populi
1644 2719 1890 2776 Romani.
1906 2740 1924 2774 ι
1944 2722 2145 2777 Etcum

553 2802 717 2874 373
756 2819 1123 2864 enumerasset
1172 2824 1267 2880 per
1312 2809 1522 2883 singula
1570 2812 1749 2867 omnia
1804 2830 1922 2883 qua
1978 2815 2145 2873 Varro

553 2896 804 2965 scripsit,
835 2899 1050 2956 'addidit
1089 2912 1211 2971 post
1240 2905 1393 2959 haec:
1428 2923 1448 2957 ‹
1489 2905 1755 2973 Quorsum
1785 2906 2045 2963 Varronis
2090 2919 2144 2963 et

551 2986 891 3047 Chalcenteri
919 2995 1121 3049 mentio
1149 2994 1287 3050 facta
1317 2996 1385 3050 sit
1416 2997 1677 3066 quaeritis,
1712 2997 1961 3053 videlicet
1983 3010 2038 3054 ut
2075 2999 2142 3055 ad

550 3079 931 3138 Adamantium
964 3095 985 3123 ε
1011 3096 1358 3157 nostrumque
1380 3088 1792 3145 Chalcenterum
1826 3092 2139 3158 veniamus,

2253 1902 2393 1943 nunc
2419 1889 2667 1945 omnibus
2697 1890 2968 1945 mirabiles
3016 1890 3148 1945 iacis
3197 1891 3386 1959 libros,
3432 1893 3660 1965 incipies
3706 1896 3842 1952 infa-

2250 1994 2421 2045 mare,
2454 1990 2507 2035 et
2539 1980 2697 2034 istum
2729 1994 2887 2050 quem
2918 1980 3080 2036 modo
3106 1981 3523 2039 Chalcenterum
3571 1996 3721 2040 tuum
3750 2002 3842 2042 vo-

2250 2085 2361 2136 cas,
2393 2078 2449 2124 et
2477 2085 2573 2139 pro
2602 2072 2793 2125 merito
2822 2071 2987 2143 37a
3017 2071 3297 2127 laudabilis
3324 2074 3548 2141 laboris,
3572 2076 3673 2142 ais,
3704 2076 3842 2132 Ada-

2251 2160 2511 2214 mantium
2567 2160 2924 2230 nominatum,
2972 2162 3216 2219 dicturus
3242 2179 3336 2233 es,
3383 2181 3492 2222 non
3541 2175 3649 2222 tam
3676 2169 3843 2226 libros

2251 2251 2317 2305 ad
2348 2251 2631 2306 utilitatem
2676 2254 2900 2320 anima,
2931 2266 3089 2322 quam
3119 2264 3382 2311 venenata
3412 2257 3665 2327 dogmata
3714 2274 3842 2315 con-

2252 2343 2553 2412 scripsisse.
2586 2343 2743 2398 Hnne
2778 2360 2934 2414 quem
2980 2360 3143 2413 negas
3172 2344 3190 2382 ί
3216 2346 3359 2417 juste
3401 2363 3432 2401 a
3477 2348 3750 2405 Demetrio
3790 2352 3841 2406 in

2250 2447 2441 2489 caussa
2473 2433 2595 2489 ﬁdei
2626 2448 2746 2489 esse
2797 2434 3140 2504 damnatum,
3188 2447 3243 2493 et
3298 2439 3440 2493 hunc
3469 2430 3631 2509 quém
3678 2456 3842 2512 negas

2252 2540 2350 2596 pro
2371 2518 2673 2593 dogmatum
2702 2526 2935 2582 novitate
2974 2537 3306 2598 accusatum,
3358 2537 3416 2584 tu
3446 2533 3837 2588 exsecrandum

2252 2631 2349 2687 pro
2375 2617 2612 2672 novitate
2633 2616 2940 2689 dogmatum
2963 2618 3109 2675 dices
3139 2636 3157 2673 :
3184 2628 3237 2675 et
3257 2635 3319 2676 ea
3348 2636 3466 2691 qua
3496 2621 3635 2678 dicis
3656 2663 3673 2689 ,
3703 2639 3842 2679 nunc

2250 2710 2532 2763 adversum
2556 2723 2678 2764 eum
2707 2724 2871 2765 canes
2899 2709 3118 2765 rabidos
3142 2711 3403 2769 simulare
3430 2753 3447 2782 ,
3501 2714 3619 2770 hac
3644 2724 3700 2770 tu
3729 2716 3843 2785 ipse

2250 2802 2553 2858 simulabis.
2585 2802 2889 2857 Romanum
2915 2818 3129 2873 quoque
3152 2814 3419 2873 senatum,
3450 2815 3510 2861 ut
3538 2823 3684 2864 nunc
3704 2808 3839 2867 scri-

2250 2894 2351 2961 bis,
2385 2895 2641 2964 Epistolis
2668 2895 2770 2949 tuis
2800 2897 3257 2965 commonitoriis,
3278 2898 3632 2968 juramentis,
3680 2901 3841 2958 satel-

2253 2988 2439 3044 litibus
2460 2989 2997 3057 circumvolantibus,
3026 2990 3186 3047 etiam
3212 3000 3267 3046 tu
3295 3006 3456 3063 coges
3481 3003 3666 3050 contra
3695 3010 3839 3062 eum,

2252 3090 2307 3139 et
2326 3083 2489 3140 talem
2510 3083 2685 3139 vicem
2726 3098 2823 3153 pro
2852 3083 3104 3141 omnibus
3151 3085 3426 3142 laboribus
3452 3087 3563 3143 suis
3594 3088 3828 3144 Chalcen

550 3172 644 3241 qui
685 3182 833 3229 tanto
877 3177 1055 3232 studio
1102 3180 1155 3233 in
1178 3190 1485 3234 sanctarum
1530 3180 1927 3251 Scripturarum
1959 3182 2144 3240 labore
2171 3178 2216 3241 C
2250 3183 2363 3231 ιθτο
2393 3182 2483 3230 ῑυο
2532 3175 2747 3231 τθάἀθεο
2773 3174 2841 3230 Et
2863 3175 2984 3232 ideo
3009 3190 3142 3231 cave
3169 3178 3286 3232 hinc
3310 3192 3450 3232 nunc
3477 3179 3741 3247 scribere.
3772 3196 3840 3236 ηο

551 3262 793 3332 sudavit,
828 3276 885 3321 ut
907 3266 1050 3336 juste
1080 3269 1388 3339 Adamantii
1417 3287 1615 3329 nomen
1645 3278 1937 3345 acceperit.
1969 3276 2142 3332 Vultis

548 3372 778 3415 nnscere
809 3372 1007 3432 quanta
1034 3364 1229 3434 ingenii
1258 3367 1338 3420 sui
1367 3368 1641 3437 reliquerit
1662 3368 2033 3426 monimenta?
2061 3386 2146 3425 se-

551 3466 731 3522 quens
770 3455 956 3510 titulus
1014 3457 1272 3512 oetendit.
1314 3458 1543 3528 Scripsit
1587 3460 1638 3514 in
1696 3460 1947 3515 Genesim
1979 3460 2142 3515 libros

550 3545 849 3611 tredecim;
880 3546 1225 3615 Mysticarum
1254 3548 1609 3605 Homiliarum
1657 3550 1826 3606 libros
1870 3551 2045 3618 duos;
2089 3553 2141 3606 in

552 3634 742 3691 Exodo
775 3635 1067 3707 Excerpta,
1124 3655 1180 3694 in
1236 3639 1476 3695 Levitieo
1519 3641 1808 3711 Excerpta.
1841 3661 1860 3695 ι
1912 3643 1977 3697 Et
2025 3653 2145 3713 post

551 3727 724 3782 multa
750 3744 763 3780 :
790 3746 810 3779 ‹
836 3727 996 3797 item,
1023 3730 1215 3799 inquit,
1244 3731 1571 3787 Monobiblia
1604 3751 1617 3786 :
1644 3730 1673 3770 τι
1702 3737 1820 3808 Περὶ
1844 3732 2048 3810 Ἀρχῶν
2078 3734 2144 3788 li-

550 3817 683 3874 bros
703 3827 951 3889 quatuor,
971 3822 1039 3876 de
1065 3820 1480 3879 Resurrectione
1501 3825 1666 3880 libros
1695 3825 1866 3893 duos,
1900 3836 1954 3881 et
2001 3827 2140 3883 alios

553 3910 623 3967 de
648 3910 1062 3969 Resurrectioue
1092 3914 1342 3984 Dialogos
1367 3914 1527 3981 duos,
1558 3934 1576 3967 ι
1611 3926 1807 3971 etcum
1833 3933 2141 3975 enumeras-

552 4013 637 4060 set
655 4007 832 4062 omnia
856 4007 974 4078 ejus
992 4008 1281 4073 Opuscula,
1305 4009 1598 4064 secundum
1622 4009 1841 4066 indiculi
1866 4011 2026 4068 ﬁdem
2049 4014 2143 4068 ad-

553 4098 689 4155 didit
712 4110 767 4155 et
788 4099 935 4167 dicit,
967 4119 985 4151 ι
1006 4100 1286 4155 Videtisne
1309 4111 1361 4155 et
1384 4098 1600 4155 Gracos
1628 4101 1826 4171 pariter
1846 4114 1902 4159 et
1922 4103 2141 4160 Latinos

555 4191 714 4247 unius
746 4192 864 4265 [ΑΙ.
908 4191 1091 4264 hujus]
1130 4193 1313 4247 labore
1340 4193 1654 4261 superatos?
1684 4193 1814 4259 Quis
1854 4195 1994 4250 enim
2026 4211 2142 4250 nm-

553 4300 715 4354 quam
747 4293 891 4339 tanta
922 4286 1101 4356 legere
1128 4284 1335 4354 potuit,
1382 4291 1580 4355 quanta
1627 4285 1741 4354 ipse
1785 4287 2140 4356 conscripsit?

552 4377 659 4432 Pro
686 4376 811 4450 [AL
836 4375 1036 4447 Porro]
1068 4377 1170 4431 hoc
1191 4376 1392 4431 sudore
1419 4376 1545 4446 quid
1593 4377 1800 4444 accepit
1835 4384 1858 4413 ο
1894 4377 2141 4445 praemii?

554 4468 846 4523 Damnatur
871 4483 901 4523 a
934 4468 1203 4524 Demetrio
1234 4466 1525 4536 Episcopo,
1573 4469 1819 4536 exceptis
1841 4467 2141 4523 Palastina

2244 3284 2369 3326 cum
2400 3269 2517 3324 hac
2549 3269 2833 3339 scripseris
2856 3309 2871 3336 ,
2902 3279 2958 3324 et
3002 3269 3089 3325 illa
3118 3273 3294 3341 egeris
3322 3311 3337 3337 ,
3366 3270 3536 3327 multo
3562 3272 3743 3328 verius
3784 3282 3840 3328 tu

2252 3361 2359 3416 tuis
2404 3360 2694 3417 sententiis
2730 3361 3110 3416 condemneris
3134 3403 3151 3429 ,
3178 3377 3336 3432 quam
3369 3362 3458 3418 ille
3497 3364 3712 3420 alienis.
3741 3366 3841 3421 Pu-

2248 3464 2399 3510 tasne
2420 3453 2699 3510 habuisses
2742 3454 3024 3525 Propheta
3048 3455 3125 3510 illi
3149 3457 3262 3511 hac
3302 3458 3397 3513 tibi
3418 3457 3621 3513 dicenti
3647 3458 3839 3523 ﬁdem,

2246 3556 2301 3603 et
2331 3562 2437 3602 non
2466 3548 2637 3618 magis
2680 3548 2832 3603 illum
2881 3549 3128 3603 insanum
3173 3556 3336 3616 tunc,
3369 3565 3525 3621 quam
3561 3558 3614 3606 te
3642 3551 3695 3606 in
3725 3551 3839 3605 haec

2245 3647 2526 3693 venturum
2559 3638 2850 3709 putasses?
2902 3639 3009 3694 Sed
3030 3639 3307 3695 contentio
3338 3640 3351 3690 i
3397 3641 3512 3696 hac
3551 3651 3669 3710 est,
3722 3656 3840 3713 qua

2246 3744 2348 3785 nec
2378 3728 2567 3783 amicis
2594 3729 2784 3797 parcit,
2816 3727 3109 3785 dummodo
3133 3730 3291 3785 ladat
3312 3731 3580 3787 inimicos.
3604 3731 3684 3787 Tu
3710 3748 3838 3787 vero

2252 3821 2354 3877 hoc
2385 3835 2769 3892 supergressus
2794 3862 2809 3885 ,
2864 3821 2956 3876 tibi
2988 3820 3091 3891 ipsi
3119 3837 3225 3878 non
3272 3825 3448 3893 parcis
3471 3865 3487 3889 ,
3540 3826 3831 3881 dummodo

2246 3928 2353 3968 non
2378 3913 2624 3968 inimicos
2656 3912 2933 3978 conﬁcias,
2958 3914 3053 3969 sed
3078 3914 3299 3968 amicos.

2315 4004 2406 4058 22.
2434 4005 2563 4059 Item
2596 4020 2659 4059 ex
2692 4002 3015 4060 Prafatione
3058 4005 3439 4061 Iiehraicarnm
3464 4006 3834 4073 Quaestionum

2245 4104 2366 4167 post
2387 4094 2553 4150 multa
2577 4112 2593 4151 :
2622 4113 2642 4147 ‹
2666 4094 2741 4150 De
2764 4094 2991 4165 Origene
3017 4106 3221 4163 autem,
3252 4096 3443 4165 inquit,
3470 4098 3603 4153 sileo
3640 4117 3653 4153 :
3686 4100 3839 4168 cujus

2244 4204 2462 4252 nomen,
2489 4189 2533 4242 si
2561 4203 2723 4257 parva
2743 4187 2859 4241 licet
2888 4203 3186 4259 componere
3213 4189 3437 4260 magnis,
3468 4204 3592 4245 meo
3617 4192 3837 4247 nomine

2245 4284 2370 4357 [ΑΙ.
2406 4281 2748 4350 invidiosius]
2777 4282 3096 4338 invidiosum
3127 4292 3230 4340 est.
3255 4282 3496 4349 Quicum
3520 4283 3572 4338 in
3596 4284 3840 4339 llomiliis

2243 4377 2357 4432 suis
2386 4392 2519 4447 quas
2550 4376 2619 4429 ad
2641 4374 2833 4444 vulgus
2862 4379 3119 4444 loquitur,
3161 4389 3503 4431 communem
3545 4374 3837 4432 editionem

2243 4476 2519 4538 sequatur,
2550 4466 2603 4521 in
2631 4466 2819 4522 Tomis
2843 4463 2871 4503 κ
2901 4465 3158 4520 Hebraiea
3184 4464 3424 4520 Veritate
3451 4475 3760 4535 superatus,
3786 4474 3839 4520 et

553 4572 609 4619 et
632 4562 844 4619 Arabia
873 4573 926 4619 et
955 4562 1249 4630 Phanicis,
1284 4569 1444 4632 atque
1466 4562 1681 4618 Achaia
1707 4561 2087 4617 Sacerdotibus
2121 4580 2133 4615 :
2168 4556 2221 4616 D
2245 4576 2464 4617 suorum
2496 4559 2857 4615 circumdatus
2880 4559 3204 4629 agminibus,
3232 4557 3501 4613 interdum
3528 4559 3724 4629 lingua
3746 4573 3839 4629 pe-

628 4718 654 4747 ι
694 4709 1003 4765 Delevimus
1051 4721 1155 4763 ms.
1189 4721 1290 4773 cpe
1332 4707 1442 4776 ejus
1486 4719 1812 4776 pronomen,
1846 4703 1986 4771 quod
2021 4701 2139 4755 heic

554 4782 825 4849 superﬂuo
856 4783 1219 4849 repetebatur,
1253 4774 1373 4829 mox
1422 4776 1729 4849 econtrario
1756 4774 2133 4849 ejusdemms.

553 4864 609 4907 et
624 4843 826 4907 veteris
842 4843 1094 4904 editionis
1113 4848 1364 4915 suffragio
1384 4846 1688 4900 addidimus
1708 4847 1781 4897 ita
1802 4843 2135 4908 adverbium,

554 4923 697 4992 quod
725 4921 929 4992 deerat.
957 4921 1098 4974 Idem
1128 4917 1507 4992 infratroxeris
1528 4917 1695 4992 habet
1719 4929 1814 4984 pro
1836 4915 2067 4992 duxeris.

629 4992 657 5032 δ
698 4994 872 5060 Atque
906 4991 1009 5045 hoc
1039 4991 1237 5044 rectius
1264 4989 1462 5060 habere
1488 4984 1698 5060 videtur
1741 4999 1842 5038 ms.
1869 4984 2138 5060 liter-orum

536 5065 592 5118 in
616 5054 799 5132 quam'
822 5076 918 5131 pro
951 5056 1525 5132 scripturarumaﬂaud
1571 5060 1641 5108 ita
1672 5054 1728 5107 in
1769 5055 2135 5122 sequentibus,

536 5134 575 5190 S
603 5129 778 5205 cripsit
825 5129 998 5205 Varro
1034 5133 1196 5205 igitur
1221 5129 1588 5205 quadraginta,
1630 5131 1762 5205 etczi
1790 5133 1903 5177 tum
1932 5138 2136 5205 enume.

534 5222 561 5255 r
583 5193 716 5259 asset
741 5221 831 5275 per
870 5193 1082 5275 singula"
1110 5193 1291 5271 opera,
1332 5193 1538 5267 singula
1576 5209 1688 5263 quae
1724 5193 1889 5248 Varro
1917 5194 2134 5263 scripsit,

555 5277 1206 5412 adftﬁgtciidamantium
1234 5344 1467 5412 nostrum
1487 5380 1500 5402 ,
1535 5329 2138 5412 nostrumqueChalcen-

555 5430 720 5471 terum
748 5402 1030 5479 veniamus,
1052 5414 1139 5479 qui
1169 5409 1393 5483 tauto__in
1424 5414 1717 5458 sanctarum
1754 5402 2138 5483 Scripturarum

553 5489 749 5551 labore,
766 5495 896 5549 ete.;
926 5475 1026 5538 nos
1055 5475 1180 5537 illud
1204 5478 1372 5555 studio
1395 5490 1598 5555 nomen
1615 5487 1721 5555 quo
1745 5475 1862 5555 sine
1883 5475 2142 5555 sensuia-

554 5543 801 5625 liorahat,
827 5543 1135 5626 su'ﬁ'ecimus
1164 5548 1425 5626 ex_ipsius
1457 5543 1982 5626 EpistOIa‘editione.
2016 5545 2134 5626 Pla-

556 5638 708 5683 ρθτθι
746 5615 877 5682 νέπο
915 5622 1083 5693 magis
1109 5662 1126 5688 ,
1154 5615 1432 5696 quitum?
1470 5616 1526 5696 in
1573 5615 2139 5696 sanctarumnstudiunt

545 5700 583 5749 S
601 5702 946 5764 cripturarum
969 5682 1141 5749 lavbor'e
1160 5682 1383 5745 sudavit.
1409 5684 1547 5741 Infra
1569 5682 1811 5755 quaedam
1844 5684 1947 5741 alia
1974 5686 2135 5741 casti-

543 5784 608 5839 ga
627 5782 745 5822 mus

2314 4695 2339 4733 ἀ
2373 4698 2545 4762 Idem,
2579 4696 2895 4750 Monobibla.
2929 4694 3267 4757 Periarchon,
3295 4693 3519 4764 reliquis
3549 4694 3831 4754 librorum,

2242 4768 2333 4836 qui
2362 4770 2777 4836 subsequuntur,
2810 4767 2980 4821 titulis
3010 4765 3406 4836 praetermissis,
3442 4766 3681 4832 itemque
3710 4780 3833 4818 ver-

2250 4835 2432 4893 Siculis
2460 4835 2671 4892 duObns
2694 4836 3099 4903 insequentibus
3124 4850 3289 4899 usque
3313 4835 3381 4889 ad
3403 4836 3553 4887 addit
3581 4836 3845 4897 verbuma

2319 4918 2343 4945 θ
2378 4912 2551 4963 Antea
2584 4910 2731 4975 pretii
2763 4909 2814 4961 in
2849 4906 3100 4974 Epistola
3129 4908 3288 4960 etiam
3311 4914 3590 4960 contextu.

2324 4976 2343 5015 ί
2370 4978 2424 5032 In
2452 4992 2551 5032 ms.
2564 5018 2581 5043 ,
2602 4980 2873 5031 adversum
2893 4993 2991 5042 me,
3013 4984 3122 5029 tum
3138 4976 3468 5031 etscientiam
3482 4989 3579 5043 pro
3594 4975 3837 5029 scientia.

2322 5058 2348 5095 ε
2382 5049 2556 5103 Verba
2583 5050 2673 5103 sed
2701 5064 2805 5103 non
2833 5057 2980 5101 cauto
3000 5086 3016 5112 ,
3046 5061 3167 5115 qua
3207 5046 3433 5102 inferius
3463 5055 3643 5100 tamen
3673 5059 3833 5116 repe-

2248 5121 2457 5184 tuntur,
2481 5120 2598 5174 heic
2622 5132 2725 5172 ms.
2751 5118 2980 5186 ignorat.

2318 5187 2344 5226 ιι
2373 5187 2547 5245 Habet
2568 5204 2698 5257 ms.,
2737 5185 2891 5242 etiam
2918 5202 3014 5257 pro
3036 5196 3174 5253 tunc,
3203 5194 3413 5241 veteres
3446 5185 3648 5255 vulgati
3680 5202 3833 5241 nunc.

2334 5260 2346 5296 ί
2384 5260 2528 5315 Idem
2562 5268 2701 5314 tacet
2721 5261 2862 5329 juste
2902 5258 3239 5313 adverbium.
3270 5258 3327 5313 In
3355 5258 3706 5325 sequentibus
3734 5272 3841 5314 sa-

2249 5329 2368 5399 pius
2390 5338 2597 5399 peccat,
2617 5344 2735 5399 qua
2759 5331 3119 5399 praterimus.

2327 5402 2341 5451 i
2387 5397 2618 5455 Rursum
2637 5397 2783 5453 tacet
2813 5414 2912 5452 ms.
2945 5400 3055 5452 hac
3092 5398 3333 5454 voculam
3367 5415 3380 5452 ε
3410 5411 3534 5453 mox
3563 5397 3713 5469 legit,
3758 5398 3839 5452 Tu

2250 5486 2372 5540 vero
2392 5472 2543 5525 etiam
2570 5472 2678 5524 hac
2703 5485 3085 5540 supergressus.

2320 5539 2343 5577 ιι
2380 5541 2610 5595 Additur
2641 5541 2695 5595 in
2744 5538 2911 5609 ipsius
2937 5539 3272 5595 Prafationis
3292 5538 3556 5606 editione,
3600 5539 3752 5605 idest,
3784 5539 3840 5593 in

2244 5612 2589 5681 disputatione
2615 5612 2826 5682 majori,
2856 5625 2975 5679 quae
3006 5612 3207 5682 intrusa
3236 5610 3303 5665 ab
3332 5609 3452 5682 aliis
3479 5609 3835 5682 verbavideri

2246 5690 2484 5749 possunt.
2518 5683 2638 5739 Mox
2663 5681 2768 5738 ms.
2791 5690 3062 5751 superatus
3093 5681 3253 5737 habet
3272 5681 3435 5737 etiam
3469 5695 3566 5751 pro
3614 5681 3835 5737 circum-

2244 5752 2414 5806 datus.
