4166 6348
310 360 409 417 601

1420 354 1787 413 APOLOGUE
1826 351 2034 407 LIBER
2070 352 2451 418 SECUNDUS.

3492 375 3599 432 602

306 476 544 547 regrina:
571 474 765 546 quaerit
789 474 1011 530 auxilia.
1033 471 1148 529 Hoc
1180 486 1345 527 unum
1374 471 1518 539 dico,
1542 471 1685 542 quod
1713 472 1901 528 vellem
1934 475 1983 535 Α
2010 488 2247 543 monem,
2274 477 2480 535 dederit
2502 486 2885 548 commeatum,
2911 481 3073 555 376
3102 490 3157 539 et
3177 484 3599 554 praetermissum

304 583 429 625 cum
460 568 663 623 invidia
713 566 946 624 nominis
990 566 1107 636 ejus
1156 564 1360 621 habere
1401 565 1565 620 etiam
1618 564 1901 620 scientiam
2008 566 2159 636 prius
2185 581 2322 639 opus
2348 571 2654 641 explevero,
2686 580 2813 629 tunc
2844 574 3027 632 videre
3054 576 3328 646 poteritis,
3360 576 3472 634 imo
3495 594 3594 650 per

304 663 750 733 Scripturarum,
783 661 937 716 llocci
981 658 1222 729 pendens
1272 657 1532 727 imagines
1574 658 1902 727 umbrasque

306 754 605 819 larvarum,
637 767 865 821 quarum
896 761 1103 806 natura:
1132 764 1257 805 esse
1284 749 1505 815 dicitur,
1538 758 1745 804 terrere
1774 765 1898 819 par-

305 847 483 911 vulos,
507 856 562 902 et
592 846 645 901 in
675 845 881 916 angulis
900 845 1103 915 garrire
1136 843 1462 899 tenebrosis.
1503 861 1523 894 ι
1555 842 1757 897 Verum
1798 858 1899 913 ego

300 940 411 1011 jam
436 952 539 993 nec
568 937 752 992 mirari
780 937 982 1001 debeo,
1010 950 1108 991 nec
1131 935 1391 1004 conqueri
1424 948 1523 1004 pro
1581 933 1666 988 his
1694 950 1812 1003 qua:
1844 935 1895 989 in

304 1043 391 1084 me
412 1029 542 1098 agit,
567 1028 658 1098 qui
683 1028 847 1082 tantis
870 1027 999 1081 viris
1029 1035 1082 1081 et
1113 1025 1306 1080 talibus
1328 1040 1435 1080 non
1472 1025 1731 1094 pepercit.
1762 1024 1895 1079 Nam

302 1128 359 1176 et
383 1128 586 1175 sancta
614 1118 888 1175 memoriae
918 1116 1260 1173 Ambrosium
1294 1115 1623 1185 Episcopum
1652 1116 1895 1185 qualibus

301 1209 483 1280 llguris
506 1210 726 1276 laceret,
753 1208 1000 1277 qualibus
1017 1207 1504 1264 obtrectationibus
1534 1216 1705 1273 secet,
1729 1208 1891 1281 375

301 1301 352 1355 in
385 1301 472 1357 bis
496 1310 522 1340 ⁸
552 1301 748 1372 quibus
778 1300 1123 1357 nihilominus
1172 1300 1351 1356 laudat
1379 1301 1667 1371 Origenem
1689 1343 1703 1368 ,
1737 1304 1892 1357 simi-

302 1392 426 1446 liter
451 1406 517 1447 ex
549 1391 661 1447 suis
686 1390 1096 1447 Prazlationibus
1123 1392 1381 1448 edocebo.
1411 1391 1659 1448 Praelatio
1684 1393 1751 1448 de
1780 1394 1889 1448 Ho-

297 1485 459 1540 miliis
491 1486 547 1539 in
578 1485 776 1540 Lucam
822 1485 889 1539 ad
938 1485 1158 1542 Paulam
1183 1496 1236 1541 et
1276 1487 1622 1542 Eustochium
1654 1505 1668 1541 :
1704 1505 1725 1539 ‹
1753 1487 1891 1543 Ante

297 1594 494 1650 paucos
511 1580 628 1636 dies
649 1578 987 1648 quorundam
1016 1579 1069 1633 in
1097 1578 1403 1633 Matthaaum
1429 1586 1484 1634 et
1509 1578 1707 1633 Lucam
1732 1577 1890 1633 Com-

296 1669 588 1725 mentarios
610 1684 705 1724 vos
724 1669 917 1739 legisse
946 1668 1180 1736 dixistis,
1205 1684 1235 1723 e
1259 1668 1456 1737 quibus
1478 1668 1614 1723 alter
1638 1667 1662 1705 b
1686 1680 1738 1723 et
1758 1684 1884 1724 sen-

292 1758 441 1813 sibus
470 1760 634 1815 hebes
663 1769 829 1827 esset,
860 1769 914 1814 et
942 1760 1081 1814 alter
1109 1759 1165 1813 in
1195 1759 1375 1815 verbis
1406 1758 1648 1825 luderet,
1682 1761 1733 1815 in
1763 1776 1887 1815 sen-

2003 670 2100 709 vos
2131 656 2371 713 Romana
2394 660 2569 729 lingua
2598 671 2906 731 cognoscet,
2935 674 3193 734 quantum
3225 664 3349 723 boni
3381 675 3437 723 et
3464 679 3596 725 ante

2004 749 2257 803 nescierit
2279 791 2292 813 ,
2324 760 2378 805 et
2403 751 2543 807 scire
2572 767 2714 808 nunc
2740 756 2959 824 ceperit.
3001 775 3020 808 ι

2071 839 2158 892 25.
2186 840 2323 896 Ecce
2347 857 2465 912 qua:
2491 845 2559 899 de
2594 844 2822 914 Origene
2842 847 2978 903 etde
2996 848 3288 904 Ambrosio
3312 857 3338 897 ε
3369 848 3584 905 sentiat.

2004 931 2156 998 Quod
2202 933 2249 988 si
2279 950 2475 1005 negare
2527 938 2759 993 voluerit
2812 939 2913 994 hoc
2964 941 3107 1009 quod
3136 956 3325 998 omnes
3375 941 3582 1005 sciunt,

1998 1024 2121 1091 quia
2147 1022 2214 1078 de
2234 1039 2416 1080 sancto
2446 1028 2726 1084 Ambrosio
2745 1030 2960 1097 dixerit,
2981 1034 3153 1102 primo
3175 1049 3238 1089 ex
3270 1049 3335 1089 eo
3360 1034 3584 1089 convin-

1999 1125 2174 1181 cetur,
2208 1118 2348 1185 quod
2372 1119 2513 1188 apud
2542 1120 2761 1176 Latinos
2789 1123 2955 1192 ipsius
2981 1132 3207 1190 tantum,
3238 1133 3292 1181 et
3317 1142 3423 1181 non
3450 1126 3584 1181 alte-

1996 1204 2107 1258 rius
2134 1207 2185 1259 in
2216 1206 2417 1262 Lucam
2445 1209 2874 1267 Commentarius
2912 1214 3098 1269 fertur.
3133 1216 3335 1271 Deinde
3372 1219 3472 1271 scit
3498 1232 3584 1272 me

1997 1292 2193 1349 habere
2232 1296 2527 1365 Epistolam
2575 1313 2757 1365 suam,
2790 1302 2840 1355 in
2867 1317 2968 1373 qua
2998 1303 3100 1359 hoc
3124 1302 3151 1341 h
3173 1307 3345 1375 ipsum
3375 1307 3442 1362 de
3462 1307 3582 1362 aliis

1992 1402 2293 1457 excusans,
2342 1391 2396 1444 in
2442 1391 2592 1446 illum
2620 1394 2889 1449 convertit
2917 1396 3303 1466 suspicionem.
3339 1400 3577 1467 Verum,

1990 1480 2116 1550 quia
2147 1482 2386 1551 Epistola
2416 1482 2506 1539 illa
2533 1484 2695 1540 etiam
2726 1487 3015 1542 secretiora
3045 1489 3288 1558 quaedam
3318 1492 3576 1557 continet,

1990 1588 2111 1642 quae
2144 1574 2357 1628 interim
2386 1575 2548 1629 modo
2586 1576 2848 1645 publicari
2889 1580 3013 1634 nolo
3049 1590 3173 1635 ante
3214 1590 3460 1651 tempus,
3509 1598 3575 1637 ex

1989 1663 2108 1719 aliis
2135 1665 2310 1721 adhuc
2339 1665 2424 1721 his
2449 1666 2717 1722 similibus
2741 1670 3177 1738 approbabitnus.
3219 1672 3436 1727 Interim
3458 1674 3577 1727 Ori-

1989 1756 2139 1825 genis
2164 1756 2349 1824 libros,
2382 1767 2440 1812 ut
2469 1774 2629 1829 supra
2664 1760 2919 1829 diximus,
2943 1762 2995 1817 in
3024 1778 3240 1819 onmem
3268 1765 3575 1819 admiratio-

296 1850 481 1905 tentiis
505 1849 845 1907 dormitaret.
867 1850 1231 1917 Quamobrem
1262 1850 1465 1920 petitis,
1497 1860 1559 1905 ut
1585 1852 1882 1907 istiusmodi
1917 1852 1961 1911 Β
1989 1860 2110 1899 nem
2140 1847 2353 1901 attollit
2376 1890 2391 1913 ,
2440 1858 2493 1903 et
2522 1849 2652 1903 dicit
2674 1889 2690 1917 ,
2730 1851 2872 1921 quod
2922 1870 2941 1903 ι
2961 1852 3005 1906 si
3044 1868 3140 1909 eos
3170 1855 3569 1923 interpretetur,

292 1944 446 2013 nugis
473 1944 784 2009 contemtis,
806 1944 996 1997 saltem
1024 1952 1046 1981 ε
1079 1942 1296 2013 triginta
1317 1952 1373 1997 et
1398 1958 1588 1998 novem
1613 1944 1881 1999 Adaman-

295 2036 350 2090 tii
381 2037 551 2091 nostri
579 2036 631 2091 in
659 2036 853 2091 Lucam
883 2035 1161 2099 Homilias,
1207 2036 1343 2090 sicut
1374 2035 1426 2090 in
1452 2035 1640 2090 Graeco
1672 2036 1878 2091 haben-

299 2136 406 2195 tur,
432 2127 776 2197 interpreter.
802 2127 1077 2182 Molestam
1106 2141 1218 2180 rem
1246 2135 1300 2180 et
1327 2134 1596 2180 tormento
1622 2126 1879 2192 similem,

290 2217 490 2279 alieno,
524 2226 584 2271 ut
608 2217 685 2271 ait
706 2217 930 2284 Tullius,
954 2218 1255 2285 stomacho,
1279 2227 1335 2274 et
1355 2233 1460 2272 non
1492 2233 1592 2273 suo
1618 2219 1875 2273 scribere:

294 2323 450 2377 quam
474 2309 494 2379 [
521 2309 606 2364 At.
631 2307 817 2379 quod]
850 2317 1027 2365 tamen
1074 2310 1274 2365 idcirco
1316 2323 1460 2364 nunc
1507 2310 1725 2375 faciam,
1758 2311 1880 2378 quia

289 2399 604 2454 sublimiora
661 2414 768 2453 non
811 2400 1052 2468 poscitis.
1088 2400 1361 2469 Siquidem
1390 2400 1521 2455 illud
1565 2401 1705 2469 quod
1747 2400 1878 2454 olim

288 2492 475 2547 Romae
500 2500 684 2547 sancta
713 2492 945 2547 Blzesilla
975 2492 1389 2562 efﬂagitaverat,
1424 2502 1482 2547 ut
1510 2492 1697 2563 viginti
1726 2491 1752 2528 ά
1782 2508 1877 2547 sex

289 2593 465 2640 tomos
488 2586 631 2640 illius
648 2584 702 2639 in
728 2585 1034 2640 Matthazum
1054 2624 1071 2652 ,
1093 2594 1146 2641 et
1168 2585 1299 2640 alios
1327 2587 1561 2655 quinque
1588 2588 1635 2639 in
1656 2586 1874 2652 Lucam,

297 2684 323 2713 ε
346 2684 403 2731 et
424 2674 641 2744 triginta
662 2674 799 2729 duos
828 2674 885 2728 in
913 2673 1174 2730 Joannem
1194 2716 1210 2742 ,
1244 2683 1440 2729 nostrae
1482 2676 1675 2743 lingua:
1703 2674 1879 2730 trade-

286 2782 425 2833 rem,
458 2780 555 2821 nec
578 2765 771 2821 virium
802 2780 1044 2821 mearum
1070 2812 1086 2837 ,
1131 2782 1231 2823 nec
1260 2768 1354 2822 otii
1397 2783 1497 2822 nec
1536 2768 1732 2823 laboris
1756 2783 1877 2823 esse

285 2860 613 2929 perspicitis.
647 2858 755 2915 Sed
796 2868 1050 2928 quantum
1077 2858 1217 2929 apud
1247 2875 1334 2915 me
1361 2869 1412 2915 et
1438 2862 1726 2915 auctoritas
1756 2876 1875 2915 ves-

286 2965 370 3011 tra
397 2965 455 3012 et
479 2957 726 3013 voluntas
753 2958 916 3024 valet,
943 2959 1261 3028 praetermisi
1287 2958 1555 3027 paululum
1588 2957 1877 3021 Hebraica-

286 3064 409 3105 rum
441 3048 806 3117 Quaestionum
852 3049 1055 3114 libros,
1100 3058 1159 3103 ut
1186 3050 1251 3103 ad
1281 3049 1561 3104 arbitrium
1597 3059 1832 3104 vestrum
1854 3090 1871 3116 ,

292 3143 570 3199 lucrativis
594 3143 607 3216 [
631 3142 718 3197 Al.
750 3141 1016 3214 lucrativi]
1047 3142 1260 3212 operis,
1318 3142 1431 3197 haec
1479 3141 1866 3212 qualiacunque

287 3244 415 3289 sunt
438 3248 543 3289 non
573 3248 712 3300 mea,
738 3233 833 3288 sed
861 3232 1034 3287 aliena
1058 3232 1353 3298 dictarem;
1378 3234 1675 3302 prtesertim
1698 3247 1817 3286 cum
1840 3248 1869 3287 a
1899 3216 1944 3277 (ἶ

246 3328 249 3329 ⁷
288 3327 509 3381 sinistro
536 3324 775 3380 oscinem
808 3322 1184 3395 [At.oscinere]
1211 3338 1428 3378 corvum
1453 3323 1664 3377 audiam
1693 3323 1867 3377 croci-

286 3425 527 3486 tantem,
564 3428 619 3472 et
647 3416 843 3471 mirum
890 3416 941 3470 in
973 3415 1187 3470 modum
1216 3416 1285 3471 de
1332 3424 1645 3470 cunctarum
1695 3415 1873 3470 avium

286 3510 467 3567 ridere
496 3509 787 3575 coloribus,
817 3523 935 3563 cum
967 3516 1112 3562 totus
1144 3508 1259 3575 ipse
1292 3508 1607 3563 tenebrosus
1647 3508 1736 3562 sit.
1769 3507 1871 3561 Fa-

286 3611 406 3657 teor
436 3603 611 3672 itaque
632 3610 921 3669 antequam
964 3598 1054 3654 ille
1098 3598 1311 3669 obiiciat
1332 3640 1348 3665 ,
1378 3598 1662 3668 Origenem
1710 3598 1763 3652 in
1792 3598 1873 3652 his

285 3692 624 3749 Tractatibus
662 3692 813 3761 quasi
861 3705 1086 3760 puerum
1118 3687 1137 3726 ί
1168 3689 1286 3743 talis
1332 3689 1538 3743 ludere.
1590 3688 1707 3744 Alia
1749 3697 1873 3743 sunt

284 3785 457 3840 virilia
480 3783 615 3853 ejus,
638 3793 693 3839 et
721 3782 1011 3837 senectutis
1040 3782 1178 3837 seria
1204 3798 1217 3835 :
1247 3797 1366 3850 quae
1386 3782 1429 3836 si
1459 3782 1612 3835 vobis
1632 3780 1871 3846 libuerit,

286 3883 341 3930 et
370 3883 615 3945 potuero,
648 3872 694 3928 si
740 3871 1031 3938 Dominus,
1062 3880 1120 3927 ut
1150 3872 1203 3926 in
1251 3871 1496 3926 Latinum
1528 3882 1731 3926 vertam
1756 3886 1872 3926 ser-

360 4059 385 4087 ³
414 4049 539 4115 Ms.,
565 4049 617 4102 in
639 4047 719 4100 his
748 4047 871 4113 ipsis
890 4088 905 4114 ,
933 4047 987 4100 in
1015 4046 1197 4115 quibus
1226 4045 1555 4099 nihilominus
1578 4088 1590 4107 ,
1623 4056 1727 4100 etc.
1763 4045 1871 4099 Ta-

286 4129 374 4176 cet
400 4120 591 4173 deinde
622 4118 1047 4185 inscriptionem.
1066 4115 1313 4183 Prwfatio
1340 4118 1401 4170 de
1426 4116 1673 4171 Homiliis
1696 4118 1747 4170 in
1766 4116 1872 4170 Lu-

288 4208 400 4246 cam
429 4191 495 4243 ad
527 4188 747 4242 Paulam
769 4199 814 4241 et
848 4186 1201 4240 Eustochium.

360 4261 386 4299 δ
411 4260 657 4328 Suppleri
687 4258 861 4313 locum
893 4259 962 4311 ita
994 4257 1201 4321 malim,
1233 4270 1296 4308 ac
1319 4255 1420 4328 legi
1446 4296 1461 4319 ,
1490 4256 1621 4328 alter
1661 4264 1708 4308 et
1754 4272 1870 4311 ver-

286 4333 363 4386 bis
390 4341 437 4384 et
465 4326 689 4384 sensibus
712 4328 864 4382 hebes
885 4336 1045 4393 esset,
1077 4330 1208 4381 alter
1235 4328 1287 4379 in
1315 4326 1476 4379 verbis
1506 4326 1720 4391 luderet,
1764 4339 1891 4383 etc.-

286 4402 468 4456 Editio
491 4401 824 4455 Praelationis
875 4400 1151 4466 ipsiusmet
1190 4397 1387 4460 habet,
1418 4398 1551 4450 alter
1570 4407 1618 4449 et
1642 4398 1871 4453 sensibus

287 4473 437 4527 Itebes
457 4481 604 4535 esset,
624 4481 669 4524 et
691 4470 872 4535 verbis,
897 4468 1025 4521 alter
1052 4471 1103 4520 in
1121 4469 1281 4522 verbis
1305 4469 1523 4531 luderet,
1548 4477 1656 4522 etc.

363 4556 385 4582 ο
410 4543 673 4596 Numerus
719 4542 928 4610 triginta
970 4546 1017 4592 et
1062 4554 1238 4591 novem
1263 4538 1314 4591 in
1347 4538 1505 4605 hujus
1534 4537 1867 4610 Prtelationis

283 4595 610 4669 editionibus
640 4595 1329 4677 desidbratur,omnesque
1370 4595 1502 4661 adeo
1531 4607 1778 4677 Origenis
1812 4611 1861 4662 in
1899 4595 1942 4651 0

288 4684 486 4739 Lucam
514 4682 769 4736 Homilias
789 4680 884 4734 abs
904 4679 1227 4750 Hieronymo
1244 4693 1308 4733 eo
1326 4680 1377 4750 in
1392 4692 1553 4744 opere
1566 4677 1752 4733 Latine
1768 4694 1864 4734 ex-

288 4754 472 4821 plicari
505 4753 751 4806 innuunt.
782 4751 890 4805 Sed
921 4750 1089 4804 multo
1109 4748 1312 4817 'plures
1343 4748 1506 4803 fuisse
1536 4750 1765 4817 scriptas
1795 4751 1864 4805 ab

286 4826 535 4895 Origene,
567 4821 1033 4895 verosimillimum
1062 4830 1145 4874 est
1170 4838 1181 4872 :
1208 4834 1330 4873 nam
1356 4827 1410 4873 et
1440 4826 1860 4895 postremzesex,

284 4889 417 4963 quas
448 4895 664 4948 Hieron.
696 4894 1092 4963 interpretatur,
1116 4900 1430 4963 respectum
1462 4889 1526 4963 ad
1558 4892 1865 4963 superiores

286 4958 392 5020 non
425 4965 640 5025 habent,
667 4958 1011 5031 exceptusque
1041 4958 1287 5015 videntur
1324 4976 1353 5014 a
1397 4958 1587 5028 majori
1619 4976 1862 5017 numero.

284 5036 544 5106 Origenes
589 5034 705 5106 ipse
735 5041 882 5106 tom.
910 5034 963 5086 5.
1008 5032 1061 5086 in
1102 5031 1289 5106 Matth.
1324 5032 1567 5100 quaedam
1600 5042 1781 5106 narrat
1813 5034 1863 5087 in

288 5102 436 5161 hisce
462 5105 709 5161 Homiliis
732 5104 784 5157 in
816 5102 1013 5157 Lux-am
1037 5104 1256 5171 scripta,
1286 5116 1513 5171 quorum
1546 5102 1689 5155 nulla
1710 5118 1863 5157 men-

288 5177 361 5231 tio
387 5188 470 5233 est
501 5175 555 5230 in
586 5174 670 5229 bis
698 5188 830 5243 quas
858 5174 916 5230 S.
948 5172 1105 5227 Pater
1135 5174 1541 5243 interpretatur.

353 5246 381 5286 ἀ
410 5249 483 5302 Ita
525 5255 578 5301 et
612 5241 737 5301 cod.
776 5244 1175 5299 Guarnerianus
1221 5243 1399 5297 habet.
1432 5241 1573 5296 Editi
1604 5241 1864 5298 vetustio-

282 5333 369 5373 res
391 5316 629 5372 XXXVI.
659 5316 982 5385 praeferunt,
1027 5314 1475 5385 quemadmodum
1520 5313 1573 5367 in
1622 5313 1861 5385 ejusdem

284 5388 622 5443 Przelationis
660 5383 996 5441 'editionibos
1035 5385 1277 5441 habetur.
1325 5384 1429 5439 Sed
1465 5393 1690 5452 utraque
1729 5383 1862 5439 falsa

283 5460 443 5515 lectio
463 5469 567 5525 est,
600 5472 771 5526 neque
796 5456 938 5511 enim
968 5454 1209 5510 XXXVI.
1234 5466 1324 5509 aut
1353 5455 1542 5510 XXVI.
1568 5456 1661 5510 sed
1696 5454 1859 5526 XXV.

284 5538 486 5585 tantum
515 5525 714 5584 Tomos
743 5529 795 5581 in
823 5527 1009 5581 Matth.
1040 5529 1299 5595 Origenes
1324 5527 1642 5582 elaboravit.
1670 5525 1861 5580 Hiero-

283 5616 477 5669 nymus
522 5599 639 5669 ipse
678 5599 960 5667 ﬁdejussor
998 5606 1081 5653 est
1110 5598 1324 5652 Prael'at.
1386 5598 1778 5669 Cotntnentar.‘
1807 5597 1859 5651 in

337 5666 473 5727 atth.
496 5666 808 5742 Legisscme
830 5672 993 5739 fateor
1012 5678 1128 5722 ante
1156 5684 1325 5742 annos
1366 5669 1615 5742 plurimos
1636 5669 1689 5721 in
1720 5666 1860 5742 Μαι·
1890 5711 1899 5721 .

285 5746 473 5799 thtcum
506 5738 963 5812 Or'igeuisytctnn
989 5753 1227 5812 curaque
1244 5740 1504 5812 volumina
1524 5778 1539 5803 ,
1570 5746 1616 5791 et
1647 5738 1863 5812 totidem

286 5816 394 5887 ejus
418 5809 707 5870 Homilias.
738 5809 936 5868 Confer
961 5825 1078 5880 qua:
1100 5810 1337 5867 sectione
1366 5810 1745 5880 subsequente,
1774 5810 1860 5865 ubi

1983 1934 2223 1989 Romana
2255 1937 2432 2007 lingua
2463 1949 3026 2009 cognoscetquantum
3055 1944 3181 1999 boni
3215 1954 3269 1999 et
3300 1954 3423 1999 ante
3443 1960 3570 2000 nes-

1982 2025 2138 2081 cierit
2163 2036 2218 2082 et
2239 2030 2378 2085 scire
2408 2044 2549 2084 nunc
2575 2031 2800 2101 ceperit,
2828 2032 2881 2086 id
2909 2042 3011 2099 est,
3042 2033 3095 2087 in
3125 2035 3433 2089 Matthzeum
3456 2076 3471 2101 ,
3494 2036 3567 2089 in-

1982 2119 2116 2188 quit,
2149 2119 2335 2189 viginti
2368 2121 2384 2156 ί
2418 2136 2511 2176 sex
2544 2121 2731 2188 libros,
2762 2132 2818 2177 et
2846 2123 2898 2177 in
2931 2124 3124 2179 Lucam
3149 2126 3403 2196 quinque,
3429 2138 3484 2181 et
3514 2126 3568 2180 in

1980 2210 2241 2265 Joannem
2271 2212 2486 2280 triginta
2517 2213 2673 2267 duos.
2706 2231 2726 2265 ι
2774 2214 2863 2269 lsti
2896 2224 3021 2270 sunt
3045 2231 3179 2285 quos
3220 2218 3527 2286 magniﬁcat
3550 2257 3569 2284 ,

1982 2302 2034 2357 in
2074 2303 2307 2372 quibusl
2344 2306 2533 2359 eadem
2578 2320 2800 2375 prorsus
2822 2309 3036 2375 omnia,
3068 2309 3162 2364 sed
3205 2310 3361 2365 latius
3388 2320 3442 2366 et
3470 2325 3563 2366 co-

1982 2397 2205 2467 piosius,
2237 2413 2355 2466 qum
2379 2409 2432 2453 et
2459 2399 2511 2452 in
2540 2399 2654 2454 istis
2682 2404 2802 2475 περὶ
2826 2401 3029 2477 ’Δρχῶν
3057 2402 3226 2466 libris,
3251 2418 3348 2472 pro
3377 2404 3566 2472 quibus

1982 2508 2068 2547 me
2088 2492 2284 2563 arguit,
2306 2492 2669 2548 continentur.
2696 2495 2847 2561 Quod
2872 2497 2914 2549 si
2946 2496 3046 2550 iste
3068 2498 3329 2565 promittit
3350 2512 3408 2552 se
3435 2500 3564 2554 istos

1980 2584 2474 2654 interpretaturum,
2500 2602 2585 2642 me
2607 2602 2772 2656 quare
2794 2602 2890 2656 pro
2912 2588 3175 2644 similibus
3192 2590 3430 2645 incusat?
3458 2590 3565 2645 Sed

1979 2682 2233 2750 quoniam
2265 2682 2485 2751 polliciti
2516 2698 2701 2739 sumus
2728 2684 3045 2753 probaturos
3075 2700 3172 2741 nos
3195 2687 3464 2757 quomodo
3489 2686 3565 2741 la-

1980 2782 2127 2828 ceret
2147 2774 2319 2829 virum
2353 2776 2591 2830 omnium
2617 2776 2725 2847 [ΑΙ.
2754 2775 2922 2848 omni]
2945 2778 3295 2833 admiratione
3318 2778 3565 2848 dignum,

1978 2868 2319 2922 Ambrosium
2346 2868 2706 2938 Episcopum,
2738 2871 2827 2940 qui
2862 2886 2970 2924 non
3002 2872 3175 2925 solum
3205 2870 3565 2925 Mediolanen-

1978 2958 2053 3011 sis
2084 2958 2339 3014 Ecclesiae
2360 3002 2374 3027 ,
2418 2974 2603 3013 verum
2633 2961 2871 3013 omnium
2914 2960 3277 3015 Ecclesiarum
3311 2961 3558 3016 columna

1978 3049 2223 3117 quaedam
2256 3059 2311 3103 et
2340 3049 2504 3103 turris
2535 3049 2963 3120 inexpugnabilis
3011 3048 3142 3119 fuit,
3186 3066 3343 3106 unam
3386 3051 3565 3106 adhuc

1984 3139 2010 3177 ¹π
2033 3141 2199 3210 ipsius
2224 3141 2594 3196 Prmlationem
2622 3156 2901 3211 ponemus.
2924 3158 2987 3197 ex
3012 3158 3113 3210 qua
3133 3144 3292 3213 377
3315 3144 3563 3209 videatis,

1977 3235 2059 3288 vel
2088 3243 2291 3289 tantum
2324 3235 2495 3289 virum
2524 3250 2681 3304 quam
2713 3233 2851 3289 facile
2876 3245 2932 3290 et
2972 3235 3190 3304 indigne
3218 3235 3448 3297 laceret,
3478 3237 3562 3290 vel

1976 3326 2169 3381 iterum
2202 3326 2472 3396 quomodo
2513 3326 2793 3396 Didymum
2827 3342 2994 3394 usque
3037 3326 3102 3379 ad
3134 3325 3323 3381 caelum
3372 3325 3562 3381 ell‘erat

1977 3417 2246 3483 laudibus,
2263 3431 2421 3485 quem
2448 3432 2634 3471 rursus
2661 3431 2828 3486 usque
2853 3417 2918 3474 ad
2944 3416 3147 3471 inferna
3170 3416 3429 3485 demergit
3446 3415 3558 3490 [ΑΙ.

1977 3508 2273 3580 demergat]
2309 3524 2323 3562 :
2353 3507 2435 3563 vel
2465 3507 2735 3577 quomodo
2778 3508 2847 3563 de
2894 3509 3024 3563 urbe
3067 3506 3268 3573 Roma,
3330 3509 3437 3562 Deo
3485 3507 3563 3561 fa-

1978 3608 2165 3665 vente,
2197 3600 2373 3669 capite
2402 3600 2849 3665 Christianorum,
2879 3613 2940 3654 ea
2970 3599 3133 3666 dicat,
3162 3614 3281 3670 qua:
3311 3598 3562 3654 diceban-

1977 3700 2061 3745 tur
2088 3700 2212 3746 tunc
2232 3733 2249 3759 ,
2279 3705 2401 3746 cum
2431 3690 2669 3746 Gentiles
2699 3691 2753 3745 in
2781 3705 2844 3746 ea
2875 3690 3055 3761 populi
3094 3699 3150 3747 et
3175 3700 3561 3761 :persecutores

1977 3782 2253 3852 Principes
2278 3783 2643 3837 morabantur.

2045 3873 2138 3930 24.
2184 3872 2434 3929 Praefatio
2473 3874 2540 3929 ad
2565 3874 2938 3931 Paulinianum
2986 3875 3057 3931 de
3082 3874 3282 3945 Spiritu
3326 3874 3557 3930 Sancto:

1977 4050 2092 4104 haec
2118 4049 2305 4104 eadem
2328 4048 2635 4119 supputatio
2665 4046 2923 4103 librorum
2954 4046 3005 4100 in
3031 4045 3337 4101 Matthaaum
3369 4060 3555 4101 recur—

1976 4121 2044 4175 rit
2070 4120 2406 4173 adnotamus.

2047 4199 2071 4226 ε
2101 4191 2237 4243 Olim
2269 4199 2387 4242 erat
2416 4190 2627 4257 triginta
2656 4203 2856 4253 navem,
2897 4184 2993 4241 sed
3022 4185 3193 4249 falso;
3227 4192 3353 4240 sunt
3389 4186 3549 4240 etiam

1974 4260 2066 4329 qui
2090 4259 2315 4325 legerint
2340 4260 2791 4329 trigintaquatuor.

2050 4328 2069 4367 ί
2086 4331 2200 4398 Αι.,
2231 4324 2436 4393 tabulis,
2469 4338 2526 4382 ut
2553 4324 2611 4381 et
2635 4327 2688 4379 in
2718 4326 3086 4381 Guarneriano
3118 4341 3221 4380 ms.
3249 4325 3384 4379 Tum
3418 4324 3560 4398 Pras—

1977 4396 2194 4455 l‘ationis
2220 4399 2484 4454 editiones
2527 4398 2798 4467 pleraeque
2826 4411 3017 4452 omnes
3044 4398 3335 4467 prefernut
3353 4439 3368 4465 ,
3411 4396 3559 4450 lude-

1973 4486 2081 4523 rem
2111 4487 2204 4537 pro
2231 4470 2425 4523 ludere.

2046 4550 2071 4587 ε
2106 4536 2334 4595 Verbum
2363 4538 2549 4594 sentiat
2577 4536 2699 4593 cod.
2727 4536 3078 4592 Guarnerian.
3105 4536 3323 4592 omittit.

2040 4610 2067 4647 ⁵
2097 4612 2270 4678 Atque
2295 4611 2411 4664 heic
2446 4610 2612 4679 ipsum
2640 4622 2932 4679 pronomen
2975 4606 3117 4662 idem
3142 4622 3247 4661 ms.
3276 4614 3442 4679 tacet.
3468 4606 3559 4679 Ιητ

1971 4680 2135 4736 ferius
2156 4676 2423 4752 publicare
2444 4676 2604 4752 liabet
2626 4693 2721 4752 pro
2746 4676 3002 4747 publicari
3025 4694 3041 4730 :
3071 4687 3182 4732 tum
3205 4678 3554 4747 subsequenti

1970 4767 2127 4808 versu
2156 4748 2453 4821 pronomen
2484 4749 2564 4821 his
2594 4748 2805 4821 reticet.

2046 4817 2305 4892 ioptime
2346 4823 2463 4876 heic
2504 4820 2665 4892 habet
2708 4818 3065 4892 Guarnerian.
3104 4817 3411 4892 msLXXV.
3443 4818 3549 4892 llo-

1972 4889 2349 4958 manis'notis,
2384 4890 2831 4961 quemadmodum
2873 4898 2928 4961 et
2969 4899 3122 4961 vetus
3149 4889 3317 4961 editio
3353 4891 3552 4958 szepius

1972 4966 2181 5018 laudata
2212 4963 2314 5017 hoc
2337 4958 2552 5018 demum
2603 4962 2722 5015 loco
2758 4958 2991 5030 praefert.
3024 4960 3093 5015 Et
3135 4974 3267 5015 sane
3308 4960 3554 5016 licuisset

1972 5034 2163 5089 liorum
2208 5035 2527 5088 auctoritate
2574 5032 2821 5086 codicum
2873 5046 3053 5086 veram
3084 5031 3366 5086 lectionem
3399 5033 3554 5086 resti-

1972 5116 2155 5172 tuere,
2200 5106 2301 5159 nisi
2332 5103 2681 5159 dissentirent
2722 5104 3002 5172 superiore
3031 5103 3147 5156 loco
3196 5116 3378 5158 secum
3427 5102 3551 5169 ipsi.

1968 5176 2232 5231 Ceterum
2267 5183 2321 5230 et
2352 5177 2518 5229 satius
2545 5182 2629 5229 est
2672 5173 2929 5229 lectorem
2970 5173 3346 5239 admonuisse,
3392 5187 3551 5240 quam

1971 5256 2173 5301 textum
2198 5249 2530 5301 immutasse.

2043 5318 2057 5368 i
2096 5317 2397 5371 Prononien
2429 5316 2607 5370 eadem
2632 5329 2697 5368 ex
2722 5322 2904 5369 vetere
2924 5311 3176 5377 editione,
3198 5320 3252 5365 et
3268 5326 3369 5364 ins.
3385 5307 3555 5362 Guar-

1967 5389 2190 5444 neriano
2214 5386 2546 5441 sull'ecimus.
2573 5385 2668 5439 Hic
2699 5399 2859 5457 porro
2882 5384 3016 5438 liber
3041 5393 3094 5437 et
3126 5381 3319 5434 rectius
3341 5379 3551 5457 videtur

1971 5460 2313 5528 subsequenti
2345 5470 2501 5511 versu
2531 5459 2663 5510 duas
2696 5456 2939 5528 voculas,
2986 5468 3098 5528 qua:
3121 5461 3190 5515 et,
3222 5456 3545 5519 praetermit-

1973 5540 2106 5600 tere.
2143 5526 2364 5583 l'nlerius
2394 5528 2623 5595 inculpat
2643 5539 2752 5600 pro
2780 5526 2977 5600 incusat
3008 5527 3151 5590 legit.
3252 5589 3263 5600 .
3332 5588 3343 5600 .

2042 5599 2068 5637 ¹ί
2101 5600 2296 5656 lterum
2326 5601 2499 5653 ferme
2525 5591 2723 5650 rectius
2754 5604 2893 5648 tacet
2922 5591 3065 5644 idem
3112 5605 3218 5644 ms.
3246 5591 3405 5657 ipsius
3430 5601 3553 5657 pro.

1972 5685 2192 5735 nomen,
2212 5670 2353 5740 quod
2378 5668 2567 5722 referri
2590 5678 2867 5740 perperam
2891 5661 2957 5714 ad
2980 5659 3321 5740 Ambrosium
3346 5667 3547 5740 posset.

1972 5742 2045 5796 Ita
2075 5752 2130 5798 et
2154 5729 2321 5795 Ro'ma
2351 5751 2544 5793 nomen
2577 5729 2717 5787 t'ace't
2737 5734 2788 5785 in
2819 5729 3188 5801 sequentibus.
3218 5729 3347 5799 Qua:
3369 5739 3546 5786 autem

1973 5813 2255 5870 manifesto
2279 5816 2481 5879 peccat,
2508 5812 2791 5876 praetereo.
