4128 6360
578 334 688 393 603

1584 325 1815 385 RUFlNl
1855 319 2334 392 AQUILEIENSIS
2375 320 2809 378 PRESBYTERI

3766 326 3867 383 6‘04

582 472 605 510 ι
635 447 919 524 θυωμι,
948 447 1107 518 ϐαίη]
1136 445 1189 500 in
1212 445 1487 516 Babylone
1532 458 1808 511 versarer,
1858 450 1914 498 et
1958 455 2159 511 purpu-
2189 441 2242 501 Α
2266 436 2354 505 qui
2401 435 2454 489 in
2499 435 2823 489 testimoniis
2864 433 3070 489 Domini
3116 433 3324 490 loculus
3345 443 3446 499 est,
3482 436 3534 491 in
3578 450 3863 509 conspectu

580 553 715 602 rata;
744 542 1043 599 meretricis
1070 554 1245 597 essem
1284 538 1537 604 colonus,
1568 545 1623 591 et
1645 537 1767 605 jure
1788 534 2054 602 Quiritum
2084 532 2165 587 vi-

582 648 766 691 verem
790 674 807 699 ,
840 631 984 688 volui
1027 628 1228 699 aliquid
1268 627 1478 697 garrire
1518 626 1588 680 de
1634 626 1834 695 Spiritu
1865 624 2085 686 Sancto,
2116 630 2171 677 et

585 733 801 793 ceptum
843 720 1157 791 opusculum
1205 717 1445 787 ejusdem
1499 717 1647 771 urbis
1693 716 1987 771 Pontiﬁci‘
2014 716 2169 771 dedi-

586 828 734 871 care.
766 812 835 867 Et
872 826 997 866 ecce
1026 810 1127 865 olla
1170 810 1258 863 illa
1284 823 1401 878 quae
1432 808 1485 862 in
1515 808 1747 864 Ieremia
1773 819 1895 878 post
1923 810 2169 865 baculum

588 906 848 970 cernitur,
871 919 901 959 a
932 903 1063 959 facie
1084 902 1227 972 cepit
1252 902 1533 972 Aquilonis
1554 902 1768 966 ardere,
1794 917 1851 957 et
1877 902 2172 957 Pharisazo-

589 1012 711 1052 rum
742 994 1097 1051 conclamavit
1118 1003 1361 1059 senatus,
1392 1003 1445 1048 et
1467 994 1646 1049 nullus
1668 988 1847 1049 scriba
1880 994 1963 1049 vel
1996 996 2170 1054 ﬁctus.

591 1090 685 1145 sed
720 1088 895 1143 omnis
915 1127 930 1152 ,
978 1086 1130 1157 quasi
1160 1086 1365 1141 indicto
1395 1086 1497 1141 sibi
1528 1086 1732 1155 prmlio,
1778 1087 2058 1141 adversum
2090 1101 2176 1140 me

598 1178 881 1249 imperitiae
904 1178 1063 1232 factio
1093 1177 1415 1247 coniuravit.
1449 1176 1598 1231 Illico
1622 1191 1722 1246 ego
1745 1179 1887 1231 velut
1920 1176 2176 1245 postlimi-

590 1271 680 1325 nio
708 1268 1101 1340 Jerosolymam
1127 1281 1244 1321 sum
1289 1282 1569 1335 reversus,
1606 1278 1661 1322 et
1688 1278 1806 1336 post
1848 1267 2059 1321 Romuli
2090 1282 2178 1321 ca-

600 1376 714 1417 sam
735 1401 750 1426 ,
774 1369 870 1416 et”
900 1360 1167 1415 nudorum
1211 1359 1445 1429 lupercal
1474 1404 1488 1427 ,
1533 1359 1890 1414 diversorium
1919 1359 2097 1414 Maria:
2126 1368 2180 1414 et

592 1451 904 1521 speluncam
933 1450 1233 1506 Salvatoris
1270 1452 1476 1518 aspexi.
1512 1451 1725 1520 Itaque,
1771 1453 1842 1505 mi
1875 1450 2180 1505 Pauliniane

591 1539 782 1606 frater,
807 1541 928 1610 quia
958 1540 1300 1609 supradictus
1330 1541 1570 1595 Pontifex
1610 1552 1630 1579 ε
1668 1542 1950 1607 Damasus,
1978 1543 2066 1610 qui
2096 1557 2182 1596 me

594 1633 663 1688 ad
692 1634 792 1689 hoc
820 1648 953 1702 opus
975 1633 1181 1703 primus
1209 1634 1529 1701 impulerat,
1572 1632 1682 1702 jam
1714 1634 1969 1688 dormivit
1999 1634 2049 1687 in
2082 1632 2185 1687 Do-

597 1724 768 1789 mino,
797 1733 903 1777 tam
934 1732 1027 1778 tuo
1058 1723 1163 1793 [AL
1193 1724 1364 1794 tuus],
1388 1739 1546 1793 quam
1596 1725 1983 1783 venerabilium
2014 1725 2143 1779 mihi
2167 1766 2182 1792 ,

2274 537 2679 597 persecuturum
2710 540 2915 595 regum,
2937 535 2991 581 et
3012 540 3118 580 non
3145 534 3229 579 est
3247 525 3527 583 confusus.
3549 527 3862 588 Ambrosius

2273 626 2492 672 sanctus
2530 616 2599 671 de
2632 617 2834 685 Spiritu
2854 616 3070 680 Sancto,
3101 630 3205 671 non
3239 619 3414 672 solum
3463 620 3665 687 verbis,
3695 624 3789 677 sed
3815 637 3866 679 et

2274 708 2529 777 sanguine
2579 722 2677 761 suo
2715 708 2947 776 scripsit.
3005 707 3211 763 Obtulit
3255 711 3399 763 enim
3430 714 3865 779 persecutoribus

2276 802 2587 870 sanguinem
2619 815 2795 865 suum,
2826 815 2983 870 quem
3015 800 3118 871 [AL
3151 800 3327 873 quod]
3352 804 3404 855 in
3432 817 3491 857 se
3521 803 3699 858 fudit:
3725 808 3817 859 sed
3839 824 3864 859 a

2283 895 2391 948 Deo
2423 893 2489 947 ad
2520 894 2655 947 alios
2686 892 2860 947 adhuc
2889 893 3269 948 reservabatur
3293 892 3525 950 labores.
3556 895 3711 962 Quod
3742 897 3857 968 [AL

2277 988 2382 1053 Qut
2414 984 2431 1057 1
2468 986 2681 1041 etiamsi
2725 993 2943 1040 secutus
2970 993 3054 1040 est
3082 982 3297 1040 Graecos
3341 986 3633 1041 catholicos
3665 999 3866 1043 nostro-

2280 1095 2397 1135 rum
2419 1077 2748 1146 Scriptores,
2777 1088 2830 1133 et
2854 1077 3051 1146 aliquid
3074 1076 3143 1132 de
3167 1090 3356 1131 eorum
3378 1078 3595 1146 scriptis
3618 1093 3866 1148 praesum-

2282 1171 2404 1241 psit,
2429 1184 2533 1224 non
2558 1169 2818 1225 continuo
2850 1170 2964 1223 haec
2988 1168 3173 1223 debuit
3207 1176 3294 1223 tua
3324 1182 3446 1223 esse
3489 1184 3700 1223 summa
3721 1184 3866 1234 cura,

2284 1264 2372 1317 hic
2399 1263 2548 1317 labor
2571 1302 2585 1326 ,
2616 1261 2718 1315 hoe
2749 1260 2983 1314 studium
3003 1303 3016 1327 ,
3048 1268 3108 1315 ut
3138 1274 3236 1329 pro
3266 1260 3365 1315 hac
3391 1273 3583 1315 caussa
3609 1261 3865 1317 interpre-

2285 1352 2474 1408 tareris
2499 1354 2691 1406 librum
2726 1351 2935 1421 Didymi
2966 1352 3034 1406 de
3057 1350 3256 1408 Sancto
3285 1351 3514 1419 Spiritu,
3545 1361 3606 1406 ut
3633 1354 3775 1406 turta
3805 1353 3870 1406 il-

2285 1448 2387 1501 lius
2410 1455 2885 1516 cognoscerentur,
2918 1444 3008 1513 qui
3032 1442 3279 1499 fortassis
3309 1444 3473 1498 etiam
3500 1444 3870 1499 necessitatem

2285 1536 2553 1591 scribendi
2596 1550 2784 1603 passus
2816 1545 2919 1599 est,
2945 1545 3001 1589 ut
3030 1534 3426 1589 insanientibus
3448 1544 3576 1589 tunc
3601 1536 3868 1591 haereticis

2289 1633 2658 1700 reSponderet.
2686 1632 2808 1685 llmc
2828 1640 2910 1685 est
2930 1629 3231 1685 Christiana
3264 1628 3381 1701 [AL
3413 1628 3731 1701 Christiani]
3765 1645 3873 1685 mo-

2288 1723 2501 1778 destia?
2528 1723 2617 1778 Sic
2641 1723 2841 1777 monita
2864 1735 3139 1776 servamus
3168 1720 3411 1788 Apostoli
3439 1720 3604 1791 379
3629 1720 3874 1784 dicentis,

597 1813 913 1869 ancillarum
938 1814 1169 1881 Christi,
1200 1816 1377 1871 Paulae
1404 1826 1459 1871 et
1493 1816 1773 1871 Eustochii
1804 1832 1945 1871 nunc
1972 1817 2187 1887 adjutus
2218 1822 2265 1881 Β
2297 1816 2445 1868 Nihil
2472 1830 2561 1883 ρρτ
2580 1814 2977 1877 contentionem,
3000 1828 3156 1881 neque
3173 1827 3263 1881 per
3279 1812 3481 1865 inanem
3498 1810 3878 1881 gloriamU’hi-

601 1918 757 1965 oratu
781 1911 898 1983 [AL
923 1908 1303 1980 orationibus],
1331 1910 1597 1964 Canticum
1618 1950 1633 1975 ,
1662 1910 1804 1978 quod
1832 1921 2051 1965 cantare
2078 1925 2182 1963 non

602 2002 751 2070 potui
774 2002 825 2054 in
854 1996 994 2056 terra
1023 2001 1215 2063 aliena,
1238 2001 1324 2054 hic
1351 2014 1382 2054 a
1408 2000 1561 2055 vobis
1586 2010 1906 2069 provocatus
1929 2002 1978 2055 in
2000 2000 2184 2056 Judaea

601 2093 980 2160 immurmuro,
1004 2089 1028 2126 ἀ
1051 2091 1411 2160 augustiorem
1442 2092 1615 2147 multo
1646 2092 1819 2146 locum
1848 2092 2185 2157 existimans,

599 2183 689 2251 qui
731 2184 1065 2239 Salvatorem
1096 2182 1313 2248 mundi,
1339 2197 1497 2251 quam
1524 2184 1615 2252 qui
1647 2182 1829 2236 fratris
1854 2192 2039 2251 genuit
2062 2196 2187 2251 par-

599 2274 843 2328 ricidam.
878 2273 947 2327 Et
974 2282 1031 2327 ut
1069 2280 1346 2327 auctorem
1374 2273 1532 2327 titulo
1585 2272 1784 2339 fatear,
1818 2275 1979 2341 malui
2029 2274 2189 2329 alieni

603 2362 783 2433 operis
814 2363 1079 2433 interpres
1132 2364 1398 2429 existere,
1432 2378 1591 2432 quam
1621 2372 1679 2416 ut
1719 2364 1933 2433 quidam
1961 2364 2185 2430 faciunt,

602 2460 758 2529 quasi
786 2468 808 2495 ο
829 2458 1073 2513 informis
1095 2458 1390 2523 cornicula,
1417 2457 1612 2512 alienis
1636 2472 1720 2512 me
1740 2458 2010 2513 coloribus
2036 2458 2193 2513 ador-

604 2566 759 2607 nare.
794 2551 919 2621 Legi
947 2550 1147 2606 dudum
1169 2550 1237 2606 de
1266 2550 1467 2620 Spiritu
1496 2550 1695 2606 Sancto
1724 2552 2002 2621 cujusdam
2036 2553 2193 2609 libel-

606 2642 708 2709 los,
739 2652 795 2697 et
810 2644 963 2711 juxta
995 2640 1197 2696 Comici
1221 2640 1534 2711 (Terentii)
1564 2643 1883 2697 sententiam
1911 2682 1924 2704 ,
1957 2658 2021 2696 ex
2046 2645 2195 2698 Grae-

608 2736 690 2789 cis
721 2734 876 2788 bonis
907 2733 1095 2789 Latina
1134 2731 1245 2787 vidi
1276 2748 1381 2787 non
1427 2734 1584 2787 bona.
1617 2733 1758 2788 Nihil
1796 2733 1866 2788 ibi
1894 2735 2059 2806 378
2082 2735 2195 2789 dia-

614 2826 887 2891 lecticum,
920 2824 1051 2879 nihil
1084 2824 1102 2862 ί
1138 2824 1289 2880 virile
1311 2833 1471 2891 atque
1497 2825 1819 2892 districtum,
1850 2827 1993 2894 quod
2025 2827 2193 2882 lecto-

614 2933 752 2982 rem,
779 2918 859 2971 vel
902 2918 1125 2988 ingratis
1168 2918 1221 2970 in
1246 2930 1528 2972 assensum
1561 2917 1755 2981 trahat,
1789 2917 1881 2973 sed
1914 2918 2195 2973 ﬂaccidum

619 3019 814 3077 totum,
841 3009 1030 3074 molle,
1061 3008 1287 3063 nitidum
1312 3049 1325 3075 ,
1354 3019 1511 3076 atque
1542 3008 1853 3077 formosum,
1883 3023 1936 3063 et
1966 3010 2199 3081 exquisi-

616 3103 690 3158 tis
718 3102 842 3155 hinc
884 3101 1007 3155 inde
1034 3099 1302 3156 coloribus
1345 3099 1751 3170 pigmentatum.
1780 3101 2037 3172 Didymus
2071 3116 2198 3158 vero

2287 1908 2381 1977 lip.
2403 1906 2557 1978 23.)?
2582 1906 2785 1963 Deinde
2800 1906 3070 1976 quomodo
3091 1906 3195 1977 [AL
3220 1904 3448 1975 quaero],
3474 1915 3529 1960 ut
3556 1907 3751 1961 iterum
3774 1906 3875 1978 [AL

2288 1998 2583 2069 intantum]
2612 2000 2799 2055 eadem
2828 2010 3097 2069 repetam,
3130 2009 3185 2053 tu
3225 2000 3317 2069 qui
3361 1998 3622 2068 praedicas
3668 2014 3777 2053 non
3805 1998 3877 2052 fu-

2292 2091 2553 2159 randum,
2604 2089 2831 2147 furaris'l
2866 2092 3032 2145 Paulo
3076 2100 3201 2145 ante
3248 2089 3753 2159 interpretationem
3791 2089 3879 2143 Mi-

2292 2185 2439 2238 cheae
2470 2182 2741 2253 objectqu
2772 2182 2865 2237 tibi
2889 2181 3137 2247 dicebas,
3171 2182 3325 2251 quasi
3353 2180 3601 2250 Origeuis
3630 2179 3776 2235 dicta
3798 2178 3878 2234 fu-

2292 2274 2514 2329 rarcris.
2558 2273 2637 2328 Tu
2670 2273 2866 2328 furtum
2911 2272 3125 2343 quidem
3173 2286 3279 2327 non
3320 2271 3558 2343 negasti,
3610 2270 3709 2325 sed
3756 2270 3873 2325 ais:

2300 2387 2318 2419 ι
2354 2368 2505 2435 Quod
2538 2368 2670 2422 milii
2708 2368 2785 2422 illi
2828 2367 3172 2422 maledictum
3204 2367 3494 2422 vehemens
3534 2366 3879 2429 existimant,

2298 2460 2398 2517 hoc
2426 2476 2525 2531 ego
2553 2460 2765 2516 laudem
2795 2460 2936 2517 duco
2964 2463 3251 2514 maximam
3278 2500 3293 2527 ,
3323 2474 3445 2514 cum
3488 2459 3638 2513 illum
3688 2460 3881 2513 imitari

2297 2554 2441 2619 volo,
2459 2554 2546 2622 qui
2578 2554 2784 2608 cunctis
2802 2551 3150 2622 prudentibus
3171 2560 3224 2606 et
3248 2550 3404 2605 nobis
3426 2550 3546 2622 [AL
3570 2548 3747 2620 vobis]
3781 2549 3884 2617 pla-

2295 2657 2399 2703 cet.
2435 2666 2453 2700 ι
2490 2647 2603 2701 Tua
2644 2646 2785 2700 furta
2832 2645 3044 2700 laudem
3092 2644 3185 2699 tibi
3228 2650 3485 2713 praestant
3540 2642 3876 2696 maximam:

2298 2740 2435 2793 alios
2467 2739 2602 2793 furta
2635 2752 2730 2791 sua
2760 2737 2902 2807 apud
2940 2746 2991 2792 te
3022 2748 3215 2791 corvos
3246 2743 3301 2789 et
3330 2732 3638 2788 corniculas
3669 2732 3883 2786 iaciunt.

2298 2833 2353 2887 Si
2385 2841 2439 2887 tu
2466 2832 2752 2900 Origenem
2774 2872 2789 2894 ,
2823 2845 2983 2900 quem
3010 2830 3240 2883 alterum
3272 2837 3390 2897 post
3421 2826 3714 2895 Apostolos
3735 2824 3884 2889 dicis,

2300 2935 2445 2983 recte
2470 2924 2600 2979 facis
2627 2923 2846 2989 imitari,
2872 2922 2997 2992 quid
3022 2920 3257 2975 concidis
3282 2934 3426 2981 eum,
3448 2918 3538 2986 qui
3565 2925 3783 2973 secutus
3811 2923 3888 2970 est

2304 3018 2807 3087 Didymum,-quem
2834 3013 3183 3067 nihilominus
3214 3020 3269 3065 et
3296 3011 3622 3079 Proplietatn
3648 3007 3888 3063 nominas

2303 3118 2359 3165 ct
2387 3107 2747 3177 Apostolicum
2776 3106 2948 3161 virum
2979 3103 3275 3172 designas?
3306 3103 3360 3157 Si
3394 3117 3525 3169 ergo
3549 3116 3723 3170 neque
3747 3111 3887 3155 tanto

615 3208 769 3248 meus
791 3193 1005 3248 oculum
1036 3192 1141 3263 [AL
1174 3192 1377 3263 oculos]
1410 3192 1614 3247 habens
1644 3208 1855 3263 sponsa:
1880 3194 1946 3248 de
1974 3194 2197 3249 Cantico
2227 3212 2270 3271 ρ
2303 3216 2365 3255 ac
2396 3200 2485 3255 tali
2516 3201 2633 3254 viro
2659 3198 2949 3252 Ambrosio
2982 3196 3300 3265 pepercisti,
3332 3203 3385 3249 et
3409 3209 3531 3249 eum
3560 3208 3719 3261 quem
3763 3193 3891 3246 alte-

615 3283 980 3349 Canticorum,
1014 3293 1068 3339 et
1097 3285 1183 3339 illa
1225 3285 1443 3351 lumina,
1475 3300 1593 3355 qua;
1619 3295 1643 3332 ε
1675 3286 1727 3339 in
1757 3287 2048 3342 candentes
2087 3286 2198 3355 jam

617 3386 828 3446 segetes
845 3376 1122 3431 sublimari
1143 3376 1297 3431 Jesus
1323 3378 1583 3445 praecipit,
1622 3378 1806 3445 procul
1836 3378 1996 3432 altius
2028 3378 2199 3433 intue-

621 3480 728 3535 tur,
763 3480 818 3524 ct
853 3470 1128 3539 antiquum
1170 3469 1323 3525 nobis
1352 3486 1555 3526 morem
1580 3470 1774 3536 reddit,
1795 3481 1850 3525 ut
1882 3471 2079 3525 Videas
2109 3488 2204 3526 vo-

618 3573 771 3618 cetur
795 3562 1083 3632 Propheta.
1114 3564 1272 3619 Certe
1312 3564 1404 3634 qui
1447 3567 1591 3619 hunc
1620 3566 1839 3633 legerit,
1889 3566 2202 3619 Latinorum

621 3654 762 3709 furta
789 3667 1108 3725 cognoscet,
1159 3668 1211 3712 et
1253 3668 1556 3713 contemnet
1590 3659 1791 3712 rivulos
1835 3674 1954 3711 cum
2004 3660 2209 3725 ceperit

621 3748 841 3802 haurire
868 3748 932 3802 de
966 3749 1220 3804 fontibus.
1244 3750 1529 3819 lmpcritus
1556 3763 1809 3805 sermone
1836 3758 1937 3813 est,
1972 3750 2065 3802 scd
2100 3765 2205 3802 non

624 3839 871 3901 scientia,
902 3842 1253 3910 apostolicum
1286 3843 1456 3894 virum
1488 3857 1551 3894 cx
1581 3841 1696 3909 ipso
1723 3841 1851 3894 stilo
1878 3841 2204 3907 exprimens,

590 3937 729 3990 .Iam
792 3930 1381 3999 sensuumhnomine,
1448 3946 1607 4000 quam
1684 3930 2025 3997 simplicitate
2090 3924 2210 3985 ver-

618 4020 830 4078 borum.
865 4044 883 4076 ι

688 4123 777 4176 25.
820 4125 1057 4180 Audistis
1087 4125 1357 4194 quomodo
1388 4138 1546 4193 quem
1589 4131 1716 4178 ante
1747 4138 1965 4178 corvum
2001 4124 2211 4181 dixerat

623 4227 678 4276 et
706 4226 872 4271 totum
906 4218 1271 4283 tenebrosum,
1298 4231 1440 4271 nunc
1474 4217 1667 4271 iterum
1694 4219 2022 4271 corniculain
2047 4218 2207 4285 dicat,

618 4308 810 4363 alienis
832 4323 892 4363 se
921 4310 1108 4378 pennis
1140 4310 1222 4364 vel
1246 4309 1516 4363 coloribus
1538 4309 1942 4377 depingentem,
1972 4319 2026 4363 ct
2047 4326 2207 4381 quam

622 4402 850 4470 turpiter
878 4402 1111 4467 laceret,
1143 4412 1196 4455 et
1245 4401 1375 4454 nihil
1409 4401 1565 4454 virile
1596 4400 1736 4454 dicat
1774 4400 1971 4456 habere
2004 4404 2207 4470 virum,

621 4493 711 4561 qui
739 4493 804 4547 ad
834 4494 1195 4549 Ecclesiarum
1224 4492 1419 4547 Christi
1447 4492 1671 4559 gloriam
1695 4491 1897 4547 electus
1919 4510 1947 4546 a
1974 4494 2083 4547 Deo
2101 4503 2205 4558 est,

695 4636 721 4663 ⁸
753 4627 877 4691 Ms.,
910 4628 1188 4680 destinare.
1217 4625 1350 4678 Tum
1401 4624 1566 4677 codex
1596 4623 1994 4679 Cuarnerianus
2045 4628 2201 4691 alter,

622 4699 713 4766 qui
742 4697 1067 4751 Periarchon
1102 4696 1253 4750 libris
1279 4696 1415 4766 hanc
1435 4693 1708 4765 subjungit
1730 4696 2036 4766 llieronymi
2067 4699 2207 4752 Prm-

623 4765 877 4821 lationem
899 4808 913 4831 ,
944 4769 1063 4835 plus
1086 4767 1245 4821 habet
1272 4808 1285 4830 ,
1318 4765 1509 4819 indicto
1544 4766 1637 4818 sibi
1660 4767 1837 4835 pra’lio
1860 4765 2209 4823 doctrinarum

624 4838 894 4890 adversum
924 4853 1022 4899 me,
1046 4848 1153 4892 etc.

698 4905 725 4944 ι)
759 4907 814 4960 ln
844 4923 908 4960 ea
932 4905 1146 4960 Praefat.
1177 4923 1241 4961 ex
1266 4922 1393 4961 mss.
1421 4908 1791 4978 editorumque
1812 4910 2053 4964 codicum
2082 4926 2211 4964 con-

626 4991 789 5032 sensu
823 4978 1052 5052 legimus
1076 4978 1332 5052 ludorum.
1355 4980 1423 5032 At
1450 4994 1623 5048 neque
1656 4980 2005 5052 incongruum
2033 4983 2103 5035 sit
2128 4997 2211 5035 re-

626 5056 838 5123 ceptam
877 5017 1004 5101 liteic
1029 5049 1315 5123 lectionem
1348 5017 1579 5104 retineiie
1617 5017 1891 5105 nudorni’n.
1938 5051 2209 5123 Lupercos

628 5119 799 5172 nudos
830 5120 1160 5190 cucurrisse,
1189 5134 1415 5187 eumque
1441 5122 1711 5177 exstitisse
1737 5122 1854 5190 ejus
1879 5119 2210 5177 lustrationis

629 5193 810 5251 ritum,
842 5204 945 5243 non
976 5189 1166 5259 estqui
1194 5194 1418 5245 nesciat.
1448 5193 1488 5245 E
1516 5208 1645 5247 mss.
1681 5189 1858 5247 autem
1888 5194 2212 5247 Guarneria-

628 5260 722 5332 nisi
742 5276 877 5332 unus
910 5261 1149 5314 ludorum
1192 5262 1556 5332 lupercalium,
1586 5266 1720 5318 alter
1750 5264 1995 5317 ludorum
2039 5264 2211 5331 luper-

626 5331 759 5384 calia
785 5330 962 5385 habet.

706 5411 728 5439 ε
762 5396 969 5457 Reticet
1012 5416 1113 5456 ms.
1142 5420 1279 5458 unus
1311 5402 1663 5459 Guarnerian.
1698 5404 1952 5458 Damasus
1983 5418 2208 5457 nomen:

619 5471 770 5527 alter
788 5478 907 5545 jam
935 5473 1120 5527 dormit
1145 5475 1307 5530 habet
1338 5491 1436 5544 pro
1464 5477 1723 5543 dormivit,
1752 5484 1865 5529 tum
1890 5476 2093 5529 hortatu
2117 5490 2213 5545 pro

614 5553 795 5596 oratu.

700 5611 725 5650 ·¹
761 5615 961 5670 Vitiose
1003 5616 1251 5671 Martian.
1303 5624 1422 5683 post
1464 5616 1675 5671 Erasm.
1718 5617 2064 5686 angustiorem
2094 5616 2212 5671 heic

628 5686 848 5740 retinuit
876 5695 1063 5741 contra
1094 5686 1154 5739 S.
1180 5686 1426 5740 Doctoris
1455 5686 1835 5741 mentem.Sed
1862 5694 1915 5741 et
1939 5702 2035 5741 ms.
2070 5696 2213 5742 uter-

629 5768 732 5821 que
761 5754 1117 5809 Guarnerian.
1152 5766 1353 5822 peccat.

706 5830 729 5868 ο
763 5825 876 5880 Duo
908 5824 1262 5883 Guariicriani
1294 5839 1423 5883 mss.
1458 5833 1633 5884 tacent
1660 5828 1826 5897 quasi.

2306 3306 2421 3345 rum
2453 3298 2577 3360 post
2607 3288 2896 3359 Apostolos
2946 3288 3170 3351 scribis,
3221 3295 3383 3353 atque
3405 3284 3654 3339 omnibus
3686 3284 3891 3353 placere

2308 3382 2657 3451 prudentibus
2680 3422 2693 3446 ,
2746 3396 2809 3435 ac
2865 3381 3012 3435 mille
3061 3380 3179 3433 aliis
3208 3378 3456 3433 laudibus
3476 3418 3489 3442 ,
3522 3392 3625 3431 non
3656 3377 3891 3440 duobus,

2309 3485 2367 3531 ut
2398 3478 2554 3540 dicis,
2584 3476 2678 3530 sed
2713 3474 2729 3512 ί
2766 3476 3063 3530 innumeris
3088 3476 3301 3545 scriptis
3350 3474 3455 3526 tuis
3491 3486 3661 3541 usque
3686 3472 3754 3525 ad
3792 3486 3888 3524 czc-

2308 3570 2414 3621 lum
2441 3568 2707 3631 extulisti,
2769 3581 2982 3621 rursum
3032 3567 3365 3629 hmreticum,
3402 3580 3563 3633 quem
3594 3574 3721 3617 ante
3754 3564 3883 3632 Apo-

2310 3659 2502 3712 stolum
2536 3658 2664 3712 lacis
2692 3676 2702 3710 :
2728 3666 2782 3711 ct
2820 3658 3105 3729 Didymum
3139 3659 3312 3726 ipsum
3346 3657 3515 3720 hunc,
3566 3670 3725 3724 quem
3760 3668 3894 3709 nunc

2316 3750 2635 3817 l’rophctam
2678 3750 2986 3816 videntem,
3019 3760 3070 3806 et
3110 3751 3321 3806 oculum
3370 3749 3659 3803 habentem
3691 3762 3895 3818 Sponsae

2314 3844 2380 3899 de
2402 3844 2625 3898 Cantico
2677 3845 3024 3899 Canticorum
3052 3884 3065 3908 ,
3097 3852 3151 3898 ct
3181 3842 3549 3913 Apostulicum
3579 3842 3753 3896 virum
3782 3856 3895 3896 sen-

2314 3960 2466 3998 suum
2499 3945 2715 3997 nomine
2743 3943 3023 4012 designas,
3058 3943 3249 3996 iterum
3278 3955 3401 3995 eum
3429 3954 3747 4009 perversum
3777 3938 3896 3991 doc—

2317 4044 2487 4088 torem
2512 4033 2844 4099 criminaris,
2870 4042 2923 4084 ct
2954 4032 3093 4085 inter
3120 4029 3495 4084 haereticorum
3522 4027 3793 4081 consortia
3817 4036 3895 4079 tua

2314 4124 2581 4189 censoria,
2615 4132 2673 4177 ut
2703 4124 2802 4185 ais,
2837 4121 3041 4190 virgula
3074 4134 3362 4191 segregas:
3396 4134 3553 4187 quam
3585 4118 3847 4187 virgulam
3869 4131 3895 4168 a

2316 4234 2424 4286 quo
2466 4217 2741 4285 acceperis
2784 4216 3009 4269 nescio:
3045 4228 3165 4267 nam
3219 4213 3435 4266 Petrum
3486 4209 3656 4265 semel
3702 4210 3897 4264 scimus

2314 4312 2493 4365 claves
2534 4325 2561 4361 a
2585 4309 2799 4363 Christo
2824 4306 3119 4375 accepisse,
3150 4304 3280 4359 istas
3303 4302 3462 4358 modo
3489 4300 3767 4355 censorias
3799 4300 3895 4351 vir-

2319 4402 2473 4471 gulas
2526 4402 2615 4469 qui
2668 4400 2791 4472 [AL
2830 4399 2972 4467 quisl
3013 4398 3230 4466 spiritus
3285 4403 3505 4463 erogat,
3549 4400 3605 4445 tu
3653 4390 3895 4445 videris:

2322 4495 2365 4548 si
2397 4496 2614 4564 inquam
2647 4494 2763 4565 [Αι.
2802 4490 3004 4561 inique]
3036 4490 3168 4545 istos
3198 4502 3419 4553 omnes,
3476 4499 3611 4554 quos
3662 4492 3753 4539 tuo
3805 4496 3894 4536 ore

2234 4580 2307 4638 ι).

2390 4634 2407 4672 ί
2442 4635 2594 4689 Alter
2623 4631 3003 4693 Guarnerian.,
3038 4628 3168 4700 nihil
3195 4626 3354 4692 utile,
3386 4634 3537 4693 atque
3566 4622 3711 4700 quod.
3735 4622 3891 4700 lecto-

2312 4722 2419 4758 rem
2450 4706 2515 4756 ad
2545 4718 2749 4755 sensum
2782 4701 2970 4755 trahat.
3018 4698 3155 4752 Infra
3190 4692 3739 4766 ulerque,iexquisitis
3787 4692 3899 4744 hinc

2316 4778 2433 4829 inde
2463 4774 2702 4826 odoribus
2733 4772 3133 4842 pignwulalum.
3330 4828 3333 4829 ν

2387 4856 2411 4891 Β
2444 4845 2586 4897 Idem
2620 4840 2747 4905 ms.,
2772 4845 2821 4895 in
2853 4843 3085 4895 cadentes
3109 4840 3220 4905 jam
3248 4846 3457 4905 segetes.

2386 4915 2409 4951 ¹¹
2436 4917 2619 4970 Denuo
2671 4902 2804 4967 alter
2856 4902 3206 4965 Cuarnerian.
3257 4902 3361 4959 rain
3396 4924 3489 4961 suo
3533 4908 3760 4960 nomine.
3795 4902 3898 4957 Nos

2315 4987 2441 5041 olim
2473 4989 2521 5037 in
2548 4985 2819 5052 hujusmet
2852 4978 3646 5052 Pra-fationisillieronyniianae
3665 4975 3899 5031 editione

2324 5048 2658 5125 reposuimus
2691 5056 2881 5108 lumine
2907 5068 2970 5107 ex
2992 5051 3238 5125 antiquis
3268 5050 3442 5125 iliil‘ii.
3486 5048 3701 5125 Recole
3728 5056 3901 5125 tamen

2319 5116 2436 5197 quae
2466 5128 2531 5181 de
2574 5126 2663 5180 illa
2712 5126 2941 5179 lectione
2991 5122 3060 5197 ibi
3106 5116 3360 5189 diximus.
3394 5120 3560 5197 Porro
3586 5119 3644 5197 S.
3676 5116 3904 5197 Ambro-

2319 5188 2456 5253 sium
2484 5213 2588 5250 non
2614 5211 2734 5251 esse
2760 5236 2773 5260 ,
2805 5210 2962 5263 quem
2997 5188 3349 5263 iiiCI‘Ollyll'tllS
3369 5191 3470 5244 sub
3497 5188 3786 5263 corniculae
3817 5200 3902 5239 no-

2322 5271 2465 5323 mine
2496 5267 2737 5332 irrideat,
2769 5259 3069 5319 ιιίιὶυίῑηυε
3095 5259 3391 5332 contendit,
3422 5276 3484 5315 ex
3510 5275 3575 5315 eo
3606 5259 3762 5332 facile
3792 5268 3901 5323 pro-

2323 5340 2512 5403 batur,
2567 5329 2733 5404 quod‘
2767 5336 3162 5391 sanctissimum
3220 5331 3553 5405 Episcopum
3599 5331 3657 5385 S.
3692 5329 3903 5405 _Ductol

2320 5400 2536 5464 maximi
2560 5400 2817 5461 continuo
2850 5407 3052 5469 fecerit,
3088 5417 3148 5456 :«c
3179 5403 3375 5469 passim
3413 5400 3651 5456 nominet
3692 5400 3906 5453 honoris

2320 5493 2536 5543 caussa,
2586 5488 2639 5533 et
2679 5478 2880 5533 laudet.
2934 5468 3067 5529 Vide
3103 5468 3221 5543 qua:
3272 5473 3327 5527 in
3370 5488 3491 5528 eum
3534 5472 3711 5526 locum
3745 5468 3903 5521 adnu-

2321 5559 2511 5604 tamus.

2398 5619 2412 5656 ί
2448 5620 2702 5674 Fortasse
2730 5620 2911 5673 verius
2932 5616 3148 5683 antiqua
3178 5614 3309 5669 edit.
3345 5614 3607 5669 universis.
3638 5609 3823 5667 Tertio
3846 5607 3907 5661 ab

2322 5691 2421 5746 hoc
2454 5692 2761 5744 versuhunc
2787 5702 3077 5757 pronomen
3108 5685 3415 5757 addidiunts
3444 5702 3508 5741 ex
3542 5700 3701 5749 mss.,
3731 5689 3908 5749 utpote

2319 5756 2795 5828 demonstratiooi,
2816 5775 2972 5829 quam
3006 5756 3225 5812 liulinus
3259 5758 3522 5828 intendit”
3569 5766 3904 5827 pereuntum.

2322 5832 2467 5887 dum.
