4128 6360
250 322 258 378 ἱ
289 342 396 400 605

1376 335 1743 396 APOLOCLE
1787 323 1990 383 LIBER
2024 324 2412 394 SECUNDUS.

3449 348 3552 403 606

241 438 247 449 ’
286 456 515 520 laudasti
535 502 551 526 ,
605 470 694 516 tuo
721 475 817 517 ore
845 473 1056 515 rursum
1088 459 1414 514 condemnas
1439 499 1453 522 ,
1488 457 1611 526 quid
1660 470 1761 525 ego
1800 454 1865 507 ad
1894 455 1944 511 A
1970 450 2295 512 Catholicam
2322 474 2534 530 sequar.
2567 460 2646 514 Tu
2677 461 2763 530 qui
2799 461 3063 529 scripsisti
3115 461 3265 528 talia,
3311 468 3366 514 et
3392 476 3550 517 secu-

285 554 420 610 istos
451 552 610 621 pulex
636 551 702 605 de
733 565 819 605 me
846 564 1170 621 eonquerar,
1221 550 1265 603 si
1319 563 1406 602 me
1445 564 1587 603 nunc
1616 548 1825 602 laceres
1852 587 1867 612 ,

284 661 445 715 quem
482 654 537 700 et
586 644 639 697 in
680 642 933 711 Epistolis
986 641 1090 695 tuis
1139 647 1264 694 ante
1314 640 1660 703 laudaveras,
1718 646 1773 692 et
1815 636 1870 691 in

287 735 573 791 Chronicis
604 737 709 789 tuis
731 742 757 771 ι
780 733 1051 787 Florentio
1071 738 1126 785 et
1150 731 1360 787 Bonoso
1385 770 1400 798 ,
1456 744 1552 800 pro
1600 730 1724 784 vitae
1752 769 1766 794 ,
1815 736 1873 784 ut

288 830 387 891 ais,
420 827 704 883 nobilitate
726 822 1128 894 conjunxeras?

355 917 448 972 26.
483 918 656 972 Etiam
680 930 779 971 nec
800 915 932 971 illud
959 916 1075 986 ejus
1119 912 1436 969 admirabile
1481 912 1677 967 factum
1706 911 1872 966 silen-

288 1011 413 1065 dum
446 1017 550 1076 est,
575 1023 642 1063 ne
670 1005 929 1075 pudorem
960 1005 1122 1076 380
1151 1003 1479 1058 incutiamus
1507 1000 1871 1065 audientibus,

287 1102 428 1169 quod
461 1099 753 1155 Marcellini
783 1097 1036 1152 Consulis
1063 1096 1091 1134 δ
1114 1102 1329 1165 neptem
1351 1135 1367 1162 ,
1415 1108 1576 1163 quam
1618 1092 1874 1146 Romana:

289 1194 583 1250 nobilitatis
632 1192 857 1261 primam
878 1231 894 1257 ,
926 1190 1151 1260 parvulo
1197 1188 1306 1243 ﬁlio
1355 1188 1540 1243 Romae
1569 1185 1832 1241 derelicto
1855 1224 1871 1249 ,

288 1288 674 1357 Jerosolymam
706 1284 944 1355 petiisse,
968 1291 1023 1338 et
1052 1282 1125 1337 ibi
1154 1283 1223 1336 ob
1250 1281 1460 1351 insigne
1490 1279 1743 1335 meritum
1768 1279 1876 1331 vir-

290 1382 417 1436 tutis
465 1379 683 1435 Teclam
741 1378 1105 1442 nominatam,
1155 1374 1209 1429 in
1261 1374 1392 1443 ipsis
1431 1372 1713 1426 Cltronicis
1762 1369 1875 1424 suis

288 1473 579 1540 scripserat
612 1487 627 1525 :
658 1477 785 1539 post
832 1467 887 1523 id
943 1467 1012 1522 de
1057 1463 1453 1534 exemplaribus
1506 1462 1620 1518 suis
1667 1460 1873 1526 erasit,

288 1577 408 1617 cum
482 1568 633 1614 actus
702 1571 829 1613 suos
887 1555 1111 1611 vidisset
1172 1552 1518 1609 districtioris
1578 1549 1876 1618 disciplina:

293 1653 508 1708 femina:
529 1649 833 1719 displicere.
858 1646 1246 1716 Compellimur
1274 1644 1489 1715 quidem
1518 1643 1670 1712 plura
1698 1640 1877 1695 adhuc

287 1746 355 1801 de
380 1743 595 1812 scriptis
622 1741 740 1811 ejus
761 1753 1117 1808 congregare,
1138 1746 1197 1791 ut
1224 1743 1568 1805 agnoscatur,
1596 1748 1754 1803 quam
1785 1747 1877 1788 ve-

1974 555 2060 603 tus
2100 564 2160 605 es
2199 565 2327 618 eos,
2378 565 2515 622 quos
2562 566 2775 607 errasse
2802 551 3062 607 credebas
3087 592 3102 618 ,
3146 550 3239 621 qui
3270 558 3378 605 tam
3409 551 3551 606 indi-

1972 653 2076 705 gne
2114 640 2182 695 de
2223 642 2332 697 Deo
2380 642 2661 711 scripsisse
2710 644 2986 698 convictus
3031 657 3124 710 es,
3179 652 3235 698 tu
3284 658 3383 713 age
3433 658 3553 713 pce—

1974 735 2289 803 nitentiam,
2332 738 2492 810 381
2533 738 2579 794 si
2625 746 2805 795 tamen
2856 746 3013 809 putas
3059 738 3158 793 tibi
3207 737 3555 809 blasphemia:

1975 826 2178 881 crimen
2202 827 2404 897 ignosci

2043 916 2135 971 27.
2175 917 2425 987 Nunquid
2452 933 2571 975 mea
2601 919 2774 990 aliqua
2807 919 3053 989 proferre
3081 925 3233 990 potes
3255 920 3451 990 scripta
3472 920 3550 977 si-

1976 1008 2145 1075 milia,
2176 1009 2228 1063 in
2256 1010 2449 1078 quibus
2476 1025 2561 1066 me
2586 1011 2672 1066 vel
2704 1012 2756 1065 in
2781 1011 3063 1081 juventute
3089 1025 3303 1067 errasse
3330 1011 3556 1066 convin-

1976 1102 2101 1156 cas?
2141 1100 2278 1157 sicut
2308 1112 2361 1156 tu
2393 1118 2499 1157 non
2544 1112 2651 1157 tam
2692 1103 2965 1159 conﬁteris
3010 1117 3167 1174 quam
3198 1103 3553 1161 convinceris.

1979 1194 2091 1263 Ego
2130 1209 2216 1249 me
2247 1193 2627 1262 interpretandi
2657 1194 2935 1264 disciplina
2985 1194 3354 1250 tantummodo
3382 1192 3559 1248 imita-

1978 1294 2087 1339 tum
2124 1295 2173 1339 te
2202 1284 2312 1340 dixi
2352 1285 2437 1341 vel
2467 1293 2729 1351 secutum,
2762 1283 2783 1323 τ
2816 1285 2909 1339 sed
2955 1292 3135 1340 tamen
3166 1285 3221 1340 in
3250 1285 3397 1340 nullo
3426 1284 3554 1348 alio,

1980 1377 2034 1431 in
2065 1392 2168 1446 quo
2196 1376 2359 1431 etiam
2392 1376 2487 1431 tibi
2518 1390 2730 1431 omnem
2759 1375 3005 1444 injuriam
3030 1374 3222 1429 factam
3253 1389 3375 1429 esse
3397 1374 3552 1438 dicis,

1978 1466 2103 1537 quia
2155 1474 2372 1521 secutus
2417 1480 2580 1529 sum,
2627 1464 2770 1535 quod
2822 1473 2875 1520 te
2924 1463 3163 1519 videram
3212 1465 3267 1518 in
3318 1462 3561 1517 Homiliis

1979 1558 2269 1613 secundum
2324 1557 2482 1612 Lucas
2532 1557 2879 1626 Evangelium
2926 1555 3155 1623 fecisse,
3201 1565 3259 1611 ut
3287 1565 3313 1603 ε
3349 1555 3439 1610 ubi
3491 1554 3561 1610 de

1980 1650 2117 1704 Filio
2142 1650 2235 1703 Dei
2266 1649 2320 1703 in
2351 1648 2540 1704 Graeco
2565 1664 2673 1704 non
2703 1656 2849 1704 recte
2878 1650 3183 1717 inveneras,
3210 1647 3557 1717 praeterieris,

1981 1741 2035 1795 in
2062 1741 2153 1795 illo
2184 1740 2303 1795 loco
2346 1740 2433 1794 ubi
2466 1740 2632 1795 dicit:
2662 1740 2965 1811 Magni/ient
3006 1739 3179 1793 anima
3225 1753 3337 1791 mea
3381 1734 3562 1789 Domi-

288 1852 406 1892 rum
439 1838 510 1891 sit
533 1843 587 1889 et
615 1834 717 1890 hoc
737 1833 881 1903 quod
905 1830 1276 1898 scribit,quod
1309 1830 1359 1883 in
1383 1829 1495 1883 suis
1519 1827 1724 1882 duabus
1756 1835 1874 1880 tan-
1907 1822 1955 1883 B
1984 1848 2105 1886 num
2127 1848 2147 1886 :
2172 1841 2216 1885 et
2240 1831 2483 1885 exultavit
2530 1832 2738 1901 spiritus
2767 1847 2904 1885 meus
2947 1832 3001 1884 in
3036 1830 3140 1884 Deo
3177 1829 3395 1883 salutari
3430 1845 3559 1882 meo.

293 1935 403 1983 tum
432 1924 863 1981 Pratlatiuncnlis
891 1923 1139 1992 Origcnis
1169 1920 1495 1987 meminerit,
1530 1920 1584 1974 in
1608 1920 1691 1974 his
1741 1917 1761 1989 [
1789 1919 1877 1974 Al.

287 2026 341 2075 et
368 2017 509 2089 hoc]
537 2032 643 2072 non
674 2015 834 2071 ﬁdem
865 2014 1015 2085 ejus,
1046 2014 1138 2068 sed
1181 2012 1453 2082 ingenium
1475 2053 1490 2079 ,
1517 2025 1623 2065 non
1651 2010 1880 2081 dogma-

289 2112 455 2165 tisten
482 2123 627 2177 eum,
660 2107 756 2164 sed
777 2107 1123 2176 interpretem
1155 2103 1398 2158 laudans.
1425 2102 1660 2158 Adhibui
1694 2111 1715 2140 ε
1742 2102 1881 2157 inte-

288 2201 388 2254 rim
418 2198 629 2253 decem.

356 2289 450 2344 2'7.
482 2287 588 2343 Sed
610 2302 680 2342 ne
700 2285 920 2342 dilatari
950 2285 1114 2340 nimis
1135 2298 1439 2340 sermonem
1470 2296 1757 2337 onerosum
1786 2280 1877 2347 sit,

297 2382 571 2439 sufﬁciant
629 2380 842 2436 interim
889 2380 1043 2445 haec,
1095 2379 1151 2433 in
1202 2378 1395 2447 quibus
1452 2392 1575 2431 eum
1632 2385 1685 2430 et
1729 2373 1880 2444 quasi

290 2474 605 2543 Apostolum
643 2473 844 2540 laudat,
873 2479 927 2527 et
954 2470 1107 2540 quasi
1138 2470 1498 2524 Ecclesiarum
1527 2468 1875 2537 magistrum:

288 2576 344 2623 et
367 2567 493 2637 quia
524 2581 632 2621 non
663 2578 760 2634 pro
794 2563 928 2628 ﬁde,
965 2577 1073 2618 non
1122 2562 1241 2634 [ΑΙ.
1275 2561 1415 2634 nec]
1447 2576 1541 2630 pro
1570 2562 1877 2629 dogmatum

290 2660 564 2723 novitate,
598 2665 655 2711 ut
696 2655 870 2711 rabidi
901 2669 1043 2710 nunc
1067 2668 1229 2710 canes
1267 2653 1545 2720 simulant,
1597 2652 1879 2707 adversum

290 2765 417 2805 eum
447 2756 730 2804 moveatur
758 2746 892 2803 ordo
924 2744 1196 2800 Romanus
1228 2762 1240 2797 :
1272 2753 1327 2799 et
1353 2744 1476 2813 quia
1508 2744 1679 2813 ipsum
1704 2742 1883 2810 sequi-

291 2827 400 2905 tur,
421 2841 510 2911 qui
537 2839 784 2894 omnibus
811 2837 1165 2907 prudentibus
1192 2844 1245 2891 et
1271 2835 1373 2904 ipsi
1406 2835 1598 2903 placet,
1623 2842 1678 2888 et
1698 2833 1877 2888 omnia

290 2935 416 3001 illa,
449 2947 569 3003 quae
600 2934 820 2987 insertat
860 2930 1110 2999 superius
1150 2929 1267 2997 ejus
1297 2926 1721 2982 Prml‘atiunculte
1750 2940 1881 2979 con-

293 3036 580 3084 testantur.
606 3025 803 3081 Verum
829 3024 943 3078 haec
964 3036 1177 3092 quoquo
1205 3019 1366 3075 modo
1388 3021 1519 3082 sint,
1544 3030 1881 3088 quaecunque

291 3120 458 3175 habes
480 3100 535 3173 tu
564 3132 687 3173 cum
719 3116 832 3173 istis
855 3116 937 3171 vel
964 3114 1196 3183 antiquis
1216 3157 1229 3181 ,
1266 3113 1347 3167 vel
1376 3112 1603 3167 novellis
1632 3110 1881 3179 scripto-

1983 1923 2134 1978 Nosti
2179 1923 2301 1992 quia
2347 1923 2416 1977 de
2472 1922 2669 1991 anima,
2701 1922 2869 1976 sicubi
2926 1922 3038 1987 illa,
3066 1936 3187 1992 quae
3228 1921 3404 1976 solent
3431 1920 3560 1987 dici,

1984 2030 2087 2070 non
2118 2016 2443 2084 praeterieris
2465 2013 2572 2087 [ΑΙ.
2603 2015 2952 2084 ιιι-ωιθτίι-εΒῙ,
2976 2015 3070 2069 sed
3093 2028 3158 2069 ea
3176 2014 3350 2069 adhuc
3376 2014 3559 2081 etiam,

1983 2123 2048 2164 ex
2084 2119 2135 2162 te
2167 2107 2365 2161 additis
2397 2108 2714 2176 quibusdam
2744 2106 3147 2172 assertionibus,
3180 2105 3409 2160 lucidius
3430 2103 3561 2158 scri-

1984 2201 2174 2272 pseris,
2201 2210 2259 2255 ut
2281 2203 2333 2253 in
2358 2201 2447 2255 illo
2474 2200 2614 2264 loco,
2641 2198 2769 2253 Ecce
2793 2208 2848 2252 ut
2870 2201 3005 2270 facta
3031 2207 3104 2253 est
3127 2213 3225 2251 vos:
3240 2195 3563 2250 salutationis

1983 2294 2149 2347 tumin
2176 2293 2385 2346 auribus
2414 2292 2557 2359 meis,
2589 2291 2832 2345 exultavit
2862 2290 3032 2358 infans
3062 2289 3117 2342 in
3138 2297 3279 2341 utero
3307 2302 3450 2351 meo;
3473 2284 3563 2340 ubi

1982 2385 2143 2451 dicis,
2168 2384 2307 2453 quod
2342 2399 2447 2438 non
2475 2392 2594 2439 erat
2617 2383 2721 2438 hoc
2747 2382 3065 2452 principium
3083 2381 3393 2435 substantia:
3423 2379 3562 2448 ejus,

1982 2476 2050 2531 de
2081 2484 2173 2531 tuo
2203 2473 2231 2512 ιι
2263 2475 2534 2541 addidisti,
2565 2484 2713 2545 atque
2741 2483 2959 2528 naturat.
3016 2472 3140 2527 llmc
3181 2481 3235 2527 et
3281 2472 3428 2525 mille
3464 2469 3568 2523 alia

1982 2569 2067 2623 bis
2095 2568 2289 2623 similia
2313 2568 2366 2622 in
2389 2567 2923 2637 interpretationibus
2951 2567 3076 2633 tuis,
3108 2566 3221 2619 sive
3250 2565 3303 2617 in
3327 2563 3409 2616 his
3438 2562 3568 2631 ipsis

1984 2660 2250 2727 Homiliis,
2282 2658 2397 2714 sive
2429 2660 2481 2712 in
2508 2659 2763 2725 Jcremia,
2797 2660 2881 2714 vel
2929 2658 2981 2713 in
3014 2657 3165 2725 Isaia,
3198 2656 3438 2710 maxime
3467 2670 3563 2707 au-

1984 2763 2090 2808 tem
2122 2753 2172 2806 in
2204 2752 2487 2807 Ezechiele
2518 2751 2855 2806 subtraxisti.
2890 2751 2967 2805 De
2997 2750 3102 2805 ﬁde
3129 2758 3331 2815 autem,
3366 2748 3417 2801 id
3462 2754 3563 2811 est,

1983 2846 2051 2900 de
2075 2845 2334 2900 Trinitate
2358 2859 2477 2899 cum
2507 2844 2559 2898 in
2593 2844 2877 2913 aliquantis
2907 2844 3040 2898 locis
3070 2844 3224 2897 aliter
3246 2841 3570 2906 invenisses,

1983 2953 2102 3007 quae
2151 2938 2245 2991 tibi
2278 2939 2389 2991 visa
2417 2945 2561 3003 sunt,
2596 2937 3007 3006 praetermisisti.
3063 2935 3177 2989 Hoc
3204 2950 3371 3004 genus
3403 2934 3570 2988 inter-

1984 3030 2226 3100 pretandi
2259 3040 2484 3099 uterque
2514 3038 2756 3084 nostrum
2789 3031 2977 3084 tenuit.
3026 3029 3179 3097 Quod
3211 3029 3256 3082 si
3283 3028 3419 3081 alius
3449 3027 3567 3081 cul-

1984 3132 2153 3191 paret,
2184 3132 2236 3176 tu
2271 3125 2454 3193 utique
2478 3102 2805 3191 respondere
2836 3122 3085 3187 deberes,
3111 3123 3199 3191 qui
3229 3124 3433 3191 primus
3462 3120 3566 3174 hoc

287 3213 437 3269 ribus
459 3254 477 3282 ,
524 3213 643 3268 sive
665 3226 759 3267 eos
788 3218 843 3265 tu
871 3210 1153 3278 Apostolos
1173 3249 1188 3273 ,
1220 3208 1334 3263 sive
1374 3222 1466 3262 eos
1499 3204 1525 3243 ά
1565 3207 1875 3260 venerarios
1902 3204 1952 3269 ο
1985 3212 2210 3267 feceras.
2245 3212 2392 3268 Nunc
2424 3212 2538 3279 ipse
2575 3211 2591 3249 ί
2624 3212 2675 3266 id
2706 3212 2914 3280 culpas,
2936 3211 3051 3264 sine
3079 3210 3265 3274 dubio,
3286 3209 3427 3263 unde
3452 3209 3565 3277 ipse

287 3305 519 3369 scribas,
555 3304 673 3358 sive
702 3301 994 3371 Prophetas
1016 3314 1109 3354 eos
1138 3308 1216 3363 ttt,
1239 3300 1355 3353 sive
1382 3312 1667 3363 perversos
1696 3297 1878 3351 docto-

288 3412 377 3451 res
398 3410 585 3464 voces,
618 3394 684 3449 ad
715 3408 800 3448 me
838 3393 937 3447 ista
960 3391 1088 3461 quid
1117 3390 1406 3457 Spectanti
1436 3390 1513 3442 Tu
1547 3404 1644 3458 pro
1676 3389 1759 3441 bis
1786 3403 1878 3442 va-

288 3488 575 3544 rietatibus
598 3488 702 3540 tuis
723 3526 738 3551 ,
772 3500 868 3553 pro
895 3483 1232 3538 contumeliis
1261 3492 1315 3536 et
1345 3481 1755 3537 lacerationibus
1787 3481 1881 3534 bo-

288 3594 503 3641 norum,
529 3587 675 3631 recte
696 3577 1052 3645 paenitentiam
1081 3584 1104 3611 ο
1134 3575 1308 3644 egeris
1329 3615 1344 3641 ,
1378 3576 1420 3628 si
1463 3584 1639 3629 tamen
1682 3574 1874 3644 egeris.

290 3670 418 3725 Mihi
450 3683 617 3737 quate
653 3668 805 3732 dicis,
838 3668 882 3721 si
912 3666 1082 3721 secuti
1106 3676 1233 3721 sunt
1260 3674 1551 3733 errantem,
1585 3677 1880 3735 sequantur

290 3761 631 3818 correctum?
653 3761 855 3829 Apage,
878 3759 1018 3813 absit
1042 3773 1071 3812 a
1100 3773 1205 3813 me.
1230 3759 1526 3829 Numquam
1556 3773 1657 3829 ego
1679 3773 1778 3813 nec
1807 3766 1876 3825 te,

292 3867 393 3907 nec
441 3853 609 3907 alium
648 3860 915 3905 errantem
964 3858 1182 3905 secutus
1228 3866 1383 3916 sum,
1435 3851 1531 3905 sed
1582 3852 1636 3905 in
1685 3851 1880 3905 virtute

292 3943 519 4010 Christi,
550 3957 650 3999 nec
682 3950 757 4009 te;
783 3957 882 3998 nec
904 3941 1067 3997 alium
1084 3958 1430 4012 quemquam,
1458 3944 1560 3998 nisi
1586 3945 1877 4001 Ecclesiam

370 4132 395 4159 ⁸
426 4121 508 4178 Ad
553 4136 642 4176 an.
693 4122 818 4176 581.
851 4120 1186 4175 Florentium
1209 4161 1224 4185 ,
1273 4120 1508 4174 Bonosus
1530 4167 1542 4188 ,
1569 4131 1617 4174 et
1661 4122 1880 4189 Ruﬁnus

295 4194 520 4263 insignes
551 4192 797 4263 lllonachi
844 4191 1256 4263 habentur1_Sed
1305 4202 1358 4263 et
1389 4206 1491 4247 ms.
1524 4192 1876 4246 Cuarnerian.

296 4259 600 4317 Florentino
633 4262 751 4315 heic
783 4261 940 4315 habet
970 4275 1068 4330 pro
1100 4259 1385 4314 Florentio.

366 4333 393 4371 ι)
427 4334 538 4386 lmo
560 4332 723 4399 ﬁliam
752 4331 935 4385 dicunt
982 4332 1195 4384 codices
1226 4332 1626 4399 Hi‘eronytniani
1664 4349 1675 4384 :
1710 4333 1882 4401 potuit

296 4417 424 4457 vero
446 4414 497 4455 et
527 4403 699 4464 neptis
721 4410 774 4455 et
803 4402 905 4453 ﬁlia
938 4401 1217 4469 appellari,
1250 4402 1391 4471 quod
1413 4404 1638 4455 alterum
1670 4403 1878 4457 Consu-

297 4474 400 4527 lem
432 4472 793 4526 Marcellinum
827 4485 982 4524 avum
1006 4471 1275 4535 habuerit,
1307 4473 1532 4525 alterum
1567 4480 1789 4537 patrem,
1825 4480 1881 4527 ut

296 4543 565 4596 Pontacus
588 4549 757 4595 notat.
790 4540 1052 4595 Caeterum
1076 4582 1091 4606 ,
1141 4548 1199 4593 ut
1236 4556 1338 4595 non
1372 4540 1522 4595 facile
1551 4542 1873 4595 crediderim

298 4613 513 4675 Ruﬁno,
544 4612 675 4665 nihil
705 4627 810 4664 non
840 4584 1126 4664 intentan’ti
1154 4613 1203 4663 in
1231 4612 1633 4680 Hieronymum,
1668 4611 1874 4680 insigne
1904 4584 1958 4643 D

298 4684 426 4737 illud
461 4683 527 4737 de
570 4682 793 4736 Melania
835 4683 1197 4735 testimonium
1239 4682 1429 4744 durat,
1462 4690 1621 4749 atquc
1653 4681 1706 4735 in
1740 4698 1865 4736 mss.

297 4755 561 4821 editisque
582 4752 830 4806 Chronici
858 4752 1129 4805 codicibus
1153 4752 1417 4821 reperitur
1443 4769 1455 4805 :
1483 4751 1709 4804 Melania
1732 4755 1875 4807 nobi-

299 4824 497 4877 lissima
518 4824 789 4875 mulierum
819 4823 1198 4886 Romanarum,
1228 4834 1274 4875 et
1304 4823 1593 4875 Marcellini
1621 4825 1875 4886 quondam

299 4893 537 4948 Consulis
566 4895 696 4959 ﬁlia,
727 4895 897 4955 unico,
931 4892 1158 4946 Prmtore
1188 4903 1307 4946 tunc
1328 4892 1557 4955 Urbano,
1588 4893 1700 4960 ﬁlio
1727 4893 1874 4947 dere-

299 4964 447 5024 licto,
480 4963 856 5034 Jerosolyutam
880 4964 1153 5034 navigavit,
1186 4964 1269 5017 ubi
1291 4972 1428 5017 tanto
1454 4964 1719 5034 uirtutum,
1755 4980 1877 5033 pra!-

301 5036 543 5106 cipueque
584 5033 887 5106 humilitatis
918 5033 1014 5103 fuit
1053 5035 1338 5106 miraculo,
1396 5045 1450 5106 ut
1481 5033 1652 5106 Tecla:
1695 5052 1876 5089 nomen

299 5104 567 5174 acceperit.
602 5104 807 5158 Videsis
834 5105 900 5158 de
931 5115 1073 5158 recta
1102 5104 1259 5173 hujus
1299 5104 1528 5159 lectione
1557 5105 1688 5171 loci,
1740 5120 1878 5174 prae-

303 5184 384 5229 ter
425 5191 545 5245 qua:
573 5176 826 5229 adnotata
868 5174 1023 5228 nobis
1065 5185 1190 5230 sunt
1215 5174 1281 5230 ad
1310 5175 1634 5231 Chronicum
1655 5217 1668 5243 ,
1701 5176 1879 5230 Ruﬁni

303 5245 475 5300 Vitam
507 5246 644 5299 libro
673 5254 726 5299 et
752 5260 870 5313 cap.
896 5245 938 5308 l,
971 5261 1118 5299 num.
1150 5247 1206 5301 5.

374 5326 412 5399 ε.
434 5317 597 5370 Vetus
628 5316 755 5370 edit.
777 5355 792 5382 ,
822 5316 1049 5371 Adhibui
1089 5318 1272 5371 iterum
1299 5318 1498 5385 decem,
1530 5326 1587 5373 ut
1632 5326 1685 5373 et
1711 5317 1877 5373 Guar-

302 5401 509 5443 Ιιθητιιι.
534 5402 636 5441 “IS.

373 5455 398 5494 δ
430 5458 663 5521 Eadem,
693 5457 797 5530 sive
818 5458 1000 5530 iterum
1020 5460 1351 5525 venenarios;
1383 5463 1452 5515 ita
1485 5460 1623 5530 apud
1664 5460 1880 5516 Tertul~

304 5528 501 5582 lianum
530 5542 742 5597 quoque
769 5528 835 5583 de
874 5529 1132 5583 Pudicitia
1181 5545 1300 5598 cap.
1336 5532 1398 5587 V.
1437 5528 1538 5586 Pro
1568 5535 1876 5598 vertet-ariis,

302 5599 389 5670 alii
414 5600 710 5670 venenarios
734 5598 912 5668 legunt
942 5617 955 5652 :
985 5610 1271 5670 utrumque
1310 5610 1487 5657 autem
1528 5616 1720 5655 nomen
1760 5618 1881 5670 per-

305 5668 430 5724 ditae
459 5669 614 5731 ﬁdei,
652 5677 708 5722 et
735 5670 1073 5725 conscientia:
1103 5669 1349 5726 homines
1383 5681 1547 5726 nutat.
1583 5672 1680 5726 Ms.
1716 5668 1881 5728 Guar-

306 5741 512 5793 nerian.
549 5739 680 5796 illud
711 5739 928 5809 quidem
960 5742 1141 5795 iterum
1172 5741 1346 5808 addit,
1373 5743 1673 5798 Venerarios
1707 5754 1882 5801 tamen

304 5810 448 5885 legit.

1984 3304 2239 3374 culperis.
2294 3304 2526 3358 Verbum
2579 3305 2645 3359 de
2698 3304 2862 3358 verbo
2915 3303 3282 3371 interpretari,
3314 3311 3468 3355 antea
3513 3308 3566 3358 et

1983 3396 2202 3450 stultum
2231 3410 2349 3450 esse
2376 3404 2430 3450 et
2456 3396 2779 3449 malitiosum
2827 3394 3201 3463 pronuntiasti.
3251 3394 3304 3446 In
3336 3393 3435 3446 huc
3475 3408 3565 3446 se-

1984 3496 2141 3542 cutus
2172 3502 2288 3542 sum
2322 3496 2391 3543 te.
2427 3487 2675 3557 Nunquid
2703 3488 2864 3558 382
2892 3487 2960 3541 de
2987 3486 3087 3541 hoc
3119 3486 3197 3541 vis
3226 3494 3282 3538 ut
3309 3486 3567 3554 poeniteat

1984 3593 2090 3646 me,
2122 3580 2242 3648 quia
2275 3587 2328 3633 tu
2359 3579 2519 3633 modo
2550 3581 2763 3632 mutasti
2791 3578 3134 3641 sententiam,
3164 3586 3215 3631 et
3245 3576 3309 3630 ad
3342 3578 3561 3630 verbum

1982 3671 2390 3739 interpretatum
2421 3680 2473 3725 te
2503 3670 2669 3725 dicis?
2696 3670 2751 3725 Si
2780 3686 2879 3739 qua
2908 3670 2959 3723 in
2995 3670 3098 3723 ﬁde
3127 3668 3304 3722 minus
3334 3668 3563 3722 aediﬁca-

1983 3763 2132 3828 bant,
2163 3763 2447 3828 abstulisti,
2477 3762 2547 3816 ita
2597 3773 2776 3817 tamen
2824 3760 3112 3829 abstulisti,
3145 3771 3333 3814 utnon
3388 3760 3566 3813 omnia

1982 3868 2081 3908 nec
2110 3853 2164 3906 iu
2196 3854 2442 3907 omnibus
2481 3854 2696 3922 penitus
2725 3862 3052 3921 amputares.
3109 3852 3348 3919 Denique
3378 3850 3429 3903 in
3463 3850 3568 3902 llo-

1982 3947 2143 4002 miliis
2169 3944 2183 3996 i
2224 3946 2396 4012 Isaiae,
2424 3945 2572 4001 Visio
2602 3946 2692 4001 Dei
2722 3946 2915 4000 Filium
2947 3954 3000 4000 et
3028 3943 3290 4013 Spiritum
3307 3942 3561 3997 Sanctum

2056 4130 2081 4158 ⁸
2110 4121 2231 4183 Ms.,
2256 4121 2387 4189 geris
2418 4120 2518 4175 hoc
2537 4128 2589 4173 et
2614 4119 2956 4184 subsequenti
2988 4118 3129 4189 loco,
3159 4125 3269 4169 tttm
3306 4116 3445 4189 (licus
3466 4130 3564 4189 pro

1982 4191 2108 4243 dicis
2133 4230 2148 4253 ,
2178 4200 2232 4243 et
2256 4186 2535 4251 sequantur
2557 4199 2600 4242 et
2630 4198 2916 4255 correptum
2935 4230 2949 4254 ,
2994 4188 3220 4255 denique
3246 4186 3323 4239 vel
3363 4194 3437 4247 te,
3485 4186 3563 4238 vel

1978 4262 2144 4313 alium
2175 4269 2427 4313 errantem
2448 4300 2459 4319 ,
2494 4271 2597 4311 etc.

2057 4328 2076 4367 ί
2121 4330 2467 4385 Guarncrian.
2503 4337 2641 4381 tacet
2683 4336 2869 4393 tamen,
2898 4337 2949 4382 et
2991 4342 3111 4380 mox
3157 4341 3304 4389 esse;
3350 4332 3459 4377 tum
3492 4324 3562 4376 vi-

1983 4401 2131 4453 deam
2165 4416 2257 4464 pro
2287 4399 2511 4451 videram
2541 4399 2686 4466 legit.

2057 4479 2081 4516 ις
2117 4470 2369 4522 Voculam
2422 4479 2474 4521 ut
2512 4465 2664 4522 vetus
2714 4468 2880 4522 editio
2911 4474 2966 4523 et
3007 4465 3410 4521 Guarnerianus
3460 4478 3558 4519 ms.

1984 4539 2274 4594 sufﬁciunt.

2055 4608 2082 4645 ιι
2116 4610 2252 4662 Ulim
2298 4624 2457 4677 quum
2506 4608 2623 4660 illas
2668 4609 2928 4663 llomilias
2966 4607 3123 4661 Tom.
3156 4606 3271 4661 Vll.
3304 4606 3565 4676 Hierony-

1984 4680 2278 4734 mianorum
2331 4679 2563 4747 Operum
2619 4682 2958 4742 excepimus,
3012 4694 3073 4731 ac
3127 4678 3562 4746 recognovitnus,

1986 4749 2142 4819 hujus
2181 4750 2469 4806 additionis
2509 4765 2575 4803 ne
2607 4750 2886 4820 vestigium
2935 4748 3147 4820 quidem
3187 4750 3326 4801 nacti
3357 4762 3560 4820 sumus.

1982 4821 2338 4886 Quamobrem
2386 4822 2691 4874 verosimile
2729 4819 2898 4874 visum
2947 4828 3049 4884 est,
3083 4819 3347 4886 ejusmodi
3396 4819 3561 4872 verba

1986 4892 2150 4945 fuisse
2197 4890 2534 4959 postmodum
2583 4907 2650 4945 ex
2687 4890 3116 4960 llieronymiauis
3164 4889 3564 4957 exemplaribus

1983 4962 2188 5015 sublata
2216 4961 2280 5014 ad
2310 4962 2677 5016 declinandam
2709 4963 2995 5026 invidiam;
3027 4977 3147 5014 nam
3196 4961 3384 5014 falsum
3418 4968 3562 5013 tanta

1985 5032 2307 5087 conﬁdentia
2341 5036 2574 5099 potuisse
2624 5033 2872 5087 Ruﬁnum
2920 5034 3113 5085 :rmulo
3156 5048 3253 5086 suo
3299 5030 3556 5096 objiccre,

1990 5112 2201 5169 tamque
2242 5102 2578 5171 impudenter
2623 5105 2943 5159 calumniam
2992 5112 3222 5167 struere,
3256 5116 3411 5155 nemo
3457 5099 3558 5152 sibi

1986 5177 2039 5230 in
2068 5174 2301 5227 animum
2331 5174 2566 5228 inducat.
3162 5218 3172 5229 .

2062 5244 2077 5281 ί
2127 5246 2180 5298 In
2211 5250 2336 5310 t'ns.,
2358 5246 2491 5297 idem
2521 5246 2818 5314 culpas.....
2844 5245 2979 5299 unde
3008 5245 3114 5313 ipse
3143 5242 3370 5311 nuperis,
3403 5249 3456 5293 et
3483 5239 3561 5290 itt-

1984 5316 2172 5381 ferius,
2205 5316 2293 5370 sed
2319 5317 2436 5385 quia
2476 5317 2528 5369 in
2557 5319 2658 5386 ﬁde
2679 5320 2849 5370 minus
2874 5314 3214 5386 aediﬁcabant,
3242 5319 3347 5363 etc.

2060 5392 2073 5437 t
2118 5382 2529 5458 lnirecensione
2557 5382 3114 5458 'Hieronymianorunt
3160 5382 3411 5458 Operum.
3444 5393 3561 5458 quae

1985 5456 2157 5513 Tomo
2189 5457 2274 5511 IV.
2306 5458 2647 5512 continentur
2681 5448 2883 5512 han'cce
2907 5453 3251 5508 llomiliarum
3284 5452 3334 5501 in
3369 5448 3558 5502 Isaiam

1986 5528 2227 5583 Latinam
2250 5530 2743 5597 interpretationem
2768 5528 3091 5597 Hieronymo
3114 5520 3558 5597 abjudicavintus,

1987 5614 2049 5653 ac
2080 5598 2262 5652 multis
2311 5600 2362 5651 in
2392 5589 2521 5653 'cam
2559 5614 2670 5652 rem
2720 5589 3053 5663 argumentis
3099 5589 3476 5663 contendimus
3509 5591 3560 5641 in

1990 5668 2329 5724 Praelationc.
2360 5663 2517 5737 Fugit
2543 5682 2670 5719 vero
2698 5658 2822 5720 tunc
2851 5677 2949 5737 nos
2991 5662 3134 5737 istud
3182 5658 3359 5712 Ruﬁni
3406 5663 3561 5737 luctt-

1990 5741 2343 5795 lentissituum
2378 5729 2761 5803 testimonium,
2781 5749 2886 5803 quo
2908 5734 3082 5803 locum
3112 5732 3287 5798 ipsum
3315 5739 3370 5784 et
3399 5729 3561 5785 verba

1992 5827 2055 5868 ex
2086 5809 2497 5877 llicronymiana
2547 5807 2636 5861 illa
2665 5802 2905 5861 versione
2950 5802 3166 5873 profert,
3199 5809 3357 5872 atque
3380 5814 3561 5857 exem-
