4128 6360
578 352 681 410 607

1609 338 1842 398 RUFINI
1880 329 2364 402 AQUILEIENSIS
2406 332 2829 389 PRESBYTERI

3753 333 3853 390 608

582 471 785 530 retulit.
818 468 891 525 Ita
921 476 977 523 tu
1004 465 1344 529 transtulisti,
1374 460 1633 531 adjiciens
1661 472 1728 511 ex
1759 463 1813 509 te
1835 496 1850 519 ,
1875 452 2016 523 quod
2044 465 2170 508 sen-
2197 444 2247 505 A
2273 451 2609 519 eandemque
2656 446 3000 503 sententiam.
3045 445 3158 515 Ego
3202 443 3303 499 hoc
3332 459 3433 500 nec
3465 453 3614 516 peto,
3648 460 3750 502 nec
3775 462 3860 501 ur-

583 582 702 621 sum
745 564 978 620 auctoris
1006 561 1070 616 ad
1100 558 1507 615 clementiorem
1539 551 1781 607 traheret
1808 548 2168 603 intellectum.

586 659 681 713 Ais
710 656 853 712 enim
880 673 893 708 :
929 672 949 707 ε
971 662 996 691 ι
1021 654 1149 720 Quae
1193 659 1319 703 sunt
1361 647 1464 701 ista
1490 647 1598 699 duo
1629 639 1953 711 Seraphim?
1987 638 2168 692 Domi-

587 762 689 803 nus
718 760 868 802 meus
893 745 1047 800 Jesus
1076 742 1319 797 Christus
1348 748 1402 793 et
1423 738 1655 804 Spiritus
1681 734 1928 789 Sanctus.
1957 748 1974 782 ι
2009 730 2075 785 Ει
2104 743 2171 783 ex

589 848 683 895 tuo
699 838 1004 901 addidisti,t
1030 834 1135 890 Nec
1156 830 1597 903 putesTrinitatis
1619 828 1881 883 dissidere
1905 837 2167 887 naturam,

589 930 636 986 si
660 929 939 983 hominum
968 933 1249 979 servantur
1274 921 1473 976 officia.
1504 938 1523 971 ι
1554 919 1680 974 Haec
1708 927 1760 972 et
1780 931 1880 986 ego
1912 916 1963 969 in
1988 928 2173 983 quam-

590 1017 833 1088 plurimis
882 1015 1007 1081 feci,
1033 1012 1060 1052 δ
1092 1022 1146 1068 et
1188 1021 1280 1066 aut
1327 1008 1617 1074 desecavi,
1649 1016 1741 1062 aut
1785 1006 1851 1060 ad
1903 1004 2171 1060 saniorem

588 1108 987 1178 intelligentiam
1014 1104 1302 1161 declinavi.
1331 1102 1438 1157 Pro
1465 1102 1548 1156 bis
1576 1115 1661 1155 me
1682 1097 1840 1167 jubes
1867 1111 2027 1166 agere
2057 1109 2174 1164 pm-

588 1200 890 1257 nitentiam.
924 1198 1041 1254 Non
1086 1206 1217 1267 puto
1248 1196 1351 1249 hoc
1374 1204 1425 1250 te
1455 1193 1680 1250 sentire.
1711 1191 1862 1259 Quod
1890 1190 1935 1244 si
1969 1204 2066 1258 pro
2094 1188 2175 1241 his

589 1306 767 1361 neque
790 1291 906 1356 tibi,
940 1303 1113 1357 neque
1153 1288 1284 1341 mihi
1316 1283 1684 1354 paenitendum
1713 1290 1817 1347 est,
1851 1294 1949 1350 pro
1980 1278 2173 1349 quibus

590 1397 680 1439 me
706 1382 824 1437 aliis
871 1381 1068 1436 invitas
1103 1378 1169 1434 ad
1201 1375 1607 1448 paenitentiam?

658 1473 751 1528 28.
789 1474 999 1541 Scripta
1046 1486 1166 1526 mea
1212 1471 1353 1525 nulla
1396 1474 1632 1533 exstant,
1666 1468 1718 1521 in
1766 1466 1960 1535 quibus
2022 1477 2176 1519 error

589 1579 743 1620 meus
790 1565 982 1633 aliquis
1021 1560 1372 1631 corrigendus
1419 1559 1509 1613 sit.
1557 1558 1666 1611 Tua
1713 1562 1929 1610 exstant
1976 1554 2172 1615 multa,

590 1671 735 1725 quae,
765 1664 824 1709 ut
858 1654 1036 1719 video,
1075 1662 1097 1691 ο
1126 1667 1267 1705 nunc
1313 1649 1603 1705 secundum
1657 1646 1976 1701 sententiam
2029 1652 2172 1697 tuam

591 1749 842 1805 universa
870 1743 1171 1800 damnanda
1220 1753 1364 1798 sunt.
1402 1743 1699 1808 Exceperas
1745 1737 1839 1791 tibi
1879 1736 2168 1791 Commen-

2273 556 2393 613 geo,
2424 542 2550 598 licet
2592 541 2686 596 ille
2713 554 2923 596 mecum
2955 538 3227 593 hostiliter
3258 546 3411 608 agat;
3445 538 3565 604 sed,
3592 545 3651 592 ut
3681 537 3856 603 video,

2275 636 2391 706 ipse
2418 635 2519 690 sibi
2549 634 2674 701 hoc,
2711 644 2911 689 temere
2957 632 3090 686 alios
3116 631 3859 701 condemnando,cunquirit.

2344 725 2435 779 29.
2476 724 2676 779 Verum
2705 732 2762 778 ut
2791 724 2983 778 iterum
3008 730 3186 776 tecum
3215 736 3279 776 ex
3311 724 3419 776 tuis
3444 722 3624 777 verbis
3653 722 3857 791 loquar,

2276 818 2389 887 ipse
2417 817 2611 871 scribis
2640 816 2692 869 in
2727 816 2846 870 istis
2887 815 3173 869 lnvectivis
3220 815 3324 868 tuis
3376 813 3573 882 (Epist.
3609 812 3754 883 ει),
3780 830 3862 870 me

2276 908 2721 977 interpretatione
2764 921 2881 960 mea
2933 906 3035 959 hoc
3075 905 3380 961 ostendisse
3402 947 3415 970 ,
3449 905 3592 974 quod
3623 920 3724 975 ego
3751 906 3861 975 qui-

2278 1001 2399 1056 dem
2431 1014 2605 1056 essem
2632 998 2946 1064 catholicus,
2977 997 3242 1067 Origenes
3270 1009 3473 1062 autem,
3506 1013 3665 1067 quem
3697 999 3857 1054 inter-

2278 1093 2547 1164 pretabar,
2603 1092 2910 1147 haereticus.
2957 1092 3053 1146 Ais
3102 1092 3246 1146 enim
3279 1108 3292 1146 :
3322 1111 3340 1143 ι
3377 1091 3489 1147 Hoc
3528 1100 3613 1146 est
3659 1092 3857 1159 dicere,

2278 1187 2399 1255 quia
2423 1199 2524 1255 ego
2561 1198 2680 1239 sum
2726 1183 2942 1254 quidem
2983 1184 3303 1249 catholicus,
3341 1182 3439 1237 iste
3468 1191 3671 1249 autem,
3704 1197 3860 1251 quem

2280 1276 2943 1346 interpretor,ha:retieus.
2970 1293 2988 1326 ι
3025 1275 3119 1329 Ais
3148 1274 3317 1340 enim,
3347 1274 3449 1328 hoc
3482 1273 3586 1342 legi
3618 1270 3664 1327 τ.
3699 1272 3779 1338 Si,
3810 1282 3865 1328 ut

2277 1366 2433 1431 dicis,
2468 1366 2570 1419 hoc
2603 1374 2714 1420 toto
2744 1379 2910 1435 opere
2957 1378 3078 1419 meo
3107 1363 3342 1429 ostendi,
3372 1361 3518 1432 quod
3549 1375 3651 1429 ego
3682 1361 3863 1415 catho-

2280 1457 2414 1511 licus
2444 1470 2584 1523 sum,
2613 1465 2667 1511 et
2712 1457 2970 1525 Origenes
3014 1455 3320 1518 haereticus,
3349 1454 3476 1525 quid
3517 1453 3695 1507 adhuc
3725 1452 3860 1507 aliud

2279 1548 2573 1617 quteritur?
2603 1547 2791 1603 Nonne
2823 1554 2993 1601 totum
3025 1546 3140 1616 agis
3162 1589 3177 1613 ,
3207 1554 3263 1601 et
3292 1546 3439 1600 illum
3473 1544 3783 1599 litereticum
3812 1552 3862 1600 et

2282 1658 2367 1697 me
2400 1642 2725 1697 catholicum
2755 1640 2859 1696 dici
2890 1641 2997 1712 [AL
3029 1638 3265 1709 dicam]?
3290 1638 3348 1694 Si
3390 1639 3493 1692 hoc
3522 1638 3723 1693 dixisse
3758 1653 3860 1701 me,

2281 1742 2336 1789 et
2365 1733 2466 1787 hoc
2496 1741 2609 1787 toto
2646 1747 2807 1801 opere
2836 1746 2959 1787 meo
2988 1732 3119 1785 satis
3149 1731 3325 1799 egisse
3352 1729 3589 1795 teStaris,
3622 1743 3742 1797 quae
3774 1728 3865 1783 tibi

592 1837 759 1893 tarios
788 1837 843 1891 in
876 1835 1170 1905 Epistulam
1204 1834 1269 1887 ad
1302 1832 1585 1902 Ephesios,
1618 1830 1670 1885 in
1714 1829 1906 1899 quibus
1939 1838 1989 1881 te
2020 1835 2174 1892 puta-
2209 1811 2250 1868 Β
2276 1825 2386 1893 jam
2417 1824 2773 1879 accusationis
2804 1837 2998 1877 caussa
3026 1821 3328 1890 superfuit?
3374 1821 3492 1888 Quo
3524 1820 3753 1889 profecit
3783 1828 3866 1874 tua

591 1943 749 1984 veras
775 1927 882 2000 [ΑΙ.
926 1924 1170 1997 putabas]
1214 1924 1412 1993 aliquid
1458 1921 1794 1977 emendatius
1842 1918 2174 1974 condidisse.

592 2018 769 2074 Etiam
802 2020 913 2088 ipse
944 2016 1128 2090 [Forte
1157 2014 1248 2085 ibi]
1287 2014 1488 2079 vidisti,
1519 2029 1675 2082 quam
1706 2012 1910 2067 similes
1942 2025 2037 2079 per
2063 2025 2179 2063 om-

592 2110 681 2164 nia
712 2123 830 2165 esse
851 2108 1089 2177 Origenis
1111 2107 1357 2162 sensibus
1380 2106 1580 2159 inventi
1604 2113 1746 2168 sunt,
1770 2104 1879 2157 imo
1908 2102 2015 2174 [ΑΙ.
2049 2100 2177 2171 uno]

593 2211 650 2257 et
682 2202 798 2268 plus
829 2200 1050 2269 aliquid,
1080 2214 1237 2267 quam
1273 2202 1371 2254 hoc
1402 2198 1541 2267 quod
1570 2196 1812 2251 damnari
1846 2195 2176 2263 expostulas,

590 2295 888 2349 continere.
934 2293 1001 2348 Et
1051 2293 1151 2346 nisi
1203 2292 1316 2361 ipse
1360 2291 1427 2344 de
1465 2290 1549 2344 his
1590 2288 1700 2358 jam
1732 2288 1825 2341 tibi
1857 2287 2179 2341 exclusisscs

593 2384 920 2454 ptenitentize
953 2382 1279 2444 facultatem,
1303 2381 1509 2446 dicens,
1540 2398 1558 2430 ι
1592 2379 1866 2435 Revolvite
1895 2377 2181 2433 Commen-

594 2476 762 2529 tarios
791 2489 939 2529 meos
971 2475 1021 2527 in
1059 2473 1349 2542 Epistulam
1379 2472 1445 2525 ad
1476 2470 1761 2539 Ephesios,
1789 2479 1842 2525 et
1867 2470 1988 2525 inde
2016 2485 2181 2541 agno-

592 2566 795 2632 scetis,
845 2563 1114 2634 quomodo
1161 2562 1404 2630 Origenis
1465 2561 1804 2632 dogmatibus
1869 2546 2184 2615 adversatus

594 2673 737 2713 sum.
770 2676 789 2709 s
824 2658 985 2728 383
1017 2656 1281 2710 Fortassis
1306 2655 1474 2709 velles
1502 2654 1693 2709 iterum
1722 2665 1775 2709 et
1802 2654 1868 2709 de
1901 2654 1982 2707 his
2013 2655 2180 2722 poeni-

594 2754 731 2814 tere,
764 2755 819 2801 et
844 2748 897 2800 in
929 2746 1044 2800 istis
1073 2746 1436 2801 condemnare
1483 2747 1843 2814 temetipsum,
1875 2746 2017 2799 sicut
2044 2756 2097 2801 et
2128 2746 2178 2799 in
2211 2765 2221 2777 κ

593 2841 827 2893 czeteris.
875 2836 1077 2891 Tamen
1128 2848 1382 2906 quantum
1425 2837 1478 2891 in
1527 2851 1614 2893 me
1661 2848 1761 2904 est,
1794 2839 2036 2893 concedo
2076 2852 2178 2908 ego

594 2928 692 2985 tibi
739 2937 795 2985 et
836 2944 931 2999 pro
979 2929 1063 2984 his
1112 2931 1531 2999 paenitere:sed
1562 2939 1614 2986 et
1652 2947 1746 3001 pro
1776 2932 2023 2986 omnibus
2074 2947 2178 2986 non

593 3021 793 3089 solum,
823 3036 943 3092 quae
990 3023 1198 3076 locutus
1247 3036 1327 3088 es,
1362 3024 1455 3079 sed
1486 3031 1540 3078 et
1567 3038 1685 3093 qua:
1718 3024 1995 3078 locuturus
2021 3039 2101 3089 es,
2132 3025 2179 3079 si

596 3128 728 3185 agas
773 3113 1139 3184 paenitentiam
1168 3155 1183 3178 ,
1226 3114 1361 3169 bene
1409 3116 1557 3171 facis.
1609 3115 1826 3171 Certum
1876 3125 1959 3171 est
2003 3117 2178 3181 enim,

2282 1916 2384 1970 ista
2419 1924 2443 1963 ε
2476 1917 2529 1969 in
2564 1930 2661 1969 nos
2693 1914 2964 1970 lnvectio?
3004 1912 3060 1969 Si
3092 1913 3374 1982 Origenem
3406 1911 3723 1966 hrereticum
3751 1925 3867 1965 esse

2281 2009 2511 2075 ostendi,
2542 2018 2596 2064 et
2625 2023 2710 2063 me
2737 2008 3076 2072 catholicum,
3114 2014 3261 2061 recte
3291 2004 3415 2069 feci,
3440 2020 3506 2057 an
3539 2019 3649 2057 non
3680 2005 3865 2059 recte?

2282 2100 2337 2158 Si
2368 2109 2538 2169 recte,
2569 2115 2667 2156 cur
2692 2099 2757 2154 ad
2786 2100 2998 2168 culpam
3039 2106 3096 2153 et
3135 2097 3549 2161 accusationem,
3578 2111 3699 2163 qua:
3726 2103 3868 2150 recte

2280 2201 2427 2262 gesta
2455 2201 2599 2258 sunt,
2633 2191 2827 2246 vocas?
2858 2191 2914 2246 Si
2946 2204 3049 2244 non
3080 2197 3167 2244 est
3194 2196 3423 2252 rectum,
3444 2188 3735 2257 Origenem
3758 2186 3867 2241 haz-

2280 2285 2504 2340 reticum
2538 2283 2666 2347 dici,
2698 2299 2795 2339 cur
2826 2298 2911 2337 me
2940 2280 3041 2335 hoc
3071 2280 3286 2335 nomine
3316 2280 3367 2334 in
3394 2280 3485 2348 jus
3513 2280 3711 2335 vocas?
3732 2278 3867 2346 Quid

2281 2390 2416 2445 upus
2446 2376 2549 2429 fuit
2579 2384 2631 2429 te
2660 2371 2999 2441 interpretari
3029 2371 3193 2443 384.
3225 2370 3544 2426 malitiosius
3578 2370 3685 2442 [ΑΙ.
3714 2370 3868 2424 mali-

2285 2466 2442 2537 tiose]
2470 2482 2531 2521 ea
2558 2481 2677 2536 qua:
2706 2465 3001 2521 secundum
3034 2474 3183 2518 tuum
3224 2462 3615 2532 interpretandi
3660 2477 3864 2517 morem

2284 2562 2498 2618 fuerant
2552 2562 2840 2627 translata,
2892 2561 3019 2615 licet
3072 2559 3341 2615 incultiori
3394 2560 3683 2615 sermone?
3732 2559 3867 2627 Quid

2282 2662 2432 2708 certe
2457 2667 2593 2721 Opus
2620 2660 2739 2707 erat
2764 2650 3039 2705 auditores
3082 2660 3203 2705 tuos
3230 2650 3455 2705 illudere
3479 2666 3494 2705 :
3514 2659 3569 2704 et
3598 2650 3703 2704 illis
3731 2649 3869 2704 aliud

2282 2752 2652 2822 opinantibus,
2676 2760 2730 2806 te
2748 2750 2892 2806 aliud
2922 2751 3118 2821 agere?
3140 2749 3220 2805 llli
3247 2751 3390 2806 enim
3418 2750 3518 2805 hoc
3538 2749 3869 2814 existimant,

2285 2843 2427 2910 quod
2458 2853 2511 2898 tu
2534 2842 2815 2897 adversum
2841 2857 2935 2897 eos
2954 2856 3103 2911 agas,
3127 2842 3215 2911 qui
3238 2840 3523 2910 Origenem
3548 2824 3872 2894 catholicut'n

2282 2934 2609 3000 defendunt;
2644 2943 2699 2989 tu
2729 2948 2859 2989 vero
2891 2933 3010 2989 illos
3038 2933 3246 3004 arguis,
3275 2940 3331 2987 et
3366 2946 3609 3000 accusas,
3641 2933 3733 3002 qui
3768 2934 3873 2987 has-

2285 3029 2511 3085 reticum
2562 3029 2708 3083 illum
2758 3028 3131 3098 designarunt.
3178 3025 3407 3097 Pr0pter
3456 3026 3559 3080 hoc
3603 3023 3745 3080 forte
3790 3039 3874 3080 me

2289 3119 2555 3175 invitabas
2604 3120 2671 3174 ad
2722 3119 3128 3189 paenitentiam?
3157 3117 3272 3173 Non
3322 3116 3721 3172 intellexeram.
3772 3117 3875 3172 Ve-

594 3208 738 3279 quod
775 3209 1085 3278 paenitenda
1132 3218 1257 3263 sunt
1286 3220 1478 3264 cuncta
1524 3226 1643 3281 qute
1686 3210 1991 3279 scripseris,
2024 3210 2175 3277 Quod
2211 3182 2255 3242 C
2290 3222 2577 3269 runtamen
2605 3182 2763 3278 scito,
2797 3229 2884 3269 me
2912 3229 2981 3270 ne
3010 3213 3078 3269 de
3103 3214 3203 3267 hoc
3228 3210 3444 3282 quidem
3477 3210 3869 3279 paenitudinem

593 3298 638 3353 si
674 3298 796 3354 hinc
827 3314 912 3354 me
940 3300 1135 3370 aliquis
1182 3301 1506 3369 culpandum
1538 3310 1721 3369 putat,
1752 3318 1917 3372 quare
1958 3303 2179 3359 omnino

595 3389 796 3460 aliquid
823 3390 890 3446 de
919 3392 1152 3461 Origene
1178 3392 1559 3461 interpretatus
1600 3408 1745 3461 sum,
1774 3392 1803 3431 ἀ
1836 3398 1880 3450 si
1916 3396 2019 3449 hoc
2063 3396 2180 3450 cul-

594 3491 774 3552 patur,
800 3497 902 3552 ego
932 3484 984 3537 in
1017 3484 1119 3537 hoc
1149 3498 1312 3553 opere
1358 3493 1662 3554 postremus
1704 3500 1848 3553 sum,
1878 3496 1932 3541 et
1961 3501 2182 3543 necesse

596 3580 699 3637 est,
729 3581 787 3627 ut
814 3573 970 3641 culpa
997 3588 1025 3626 a
1052 3574 1236 3643 primis
1267 3574 1505 3645 incipiat.
1535 3578 1600 3631 Et
1630 3586 1807 3632 tamen
1841 3592 2001 3633 nemo
2028 3593 2181 3632 com-

597 3662 823 3717 missum
870 3664 1051 3732 punit,
1086 3664 1247 3732 quod,
1280 3681 1348 3721 ne
1379 3666 1753 3722 admitteretur
1796 3668 1904 3739 [AL
1936 3672 2185 3723 commit-

597 3755 825 3827 teretur|
848 3796 862 3820 ,
893 3766 1020 3812 ante
1062 3773 1169 3813 non
1214 3762 1399 3815 vetuit.
1449 3761 1655 3827 Licuit,
1692 3762 1937 3818 fecimus.
1967 3764 2022 3819 Si
2053 3766 2181 3832 quid

598 3848 849 3918 prohibet
905 3850 1022 3916 lex,
1076 3852 1354 3908 observari
1409 3854 1461 3907 in
1522 3864 1799 3925 posterum
1852 3855 2010 3909 solet.
2073 3856 2178 3912 Sed

602 3947 628 3977 ⁸
657 3938 900 3994 damnari
931 3940 1061 3995 dicit
1088 3943 1208 4011 quis
1233 3944 1430 3998 debere
1460 3959 1583 3998 cum
1613 3952 1836 3999 auctore
1864 3959 1963 3999 suo
1992 3946 2179 4002 libros.

599 4028 707 4086 Sed
737 4032 861 4101 quid
892 4031 1117 4088 facimus
1142 4034 1209 4090 de
1239 4035 1339 4089 isto
1361 4043 1600 4099 auctore,
1633 4035 1724 4105 qui
1755 4036 1939 4091 eadem
1971 4037 2176 4102 scribit,

597 4120 737 4177 sicut
762 4124 1010 4193 superius
1054 4124 1368 4194 plenissime
1399 4125 1650 4180 ostendi?
1676 4125 1916 4181 Similem
1947 4126 2181 4196 excipiat

596 4238 689 4309 pio
716 4254 840 4295 esse
867 4240 995 4295 vult.
1028 4240 1156 4307 Quae
1200 4248 1376 4295 tamen
1405 4255 1526 4294 cum
1559 4241 1777 4296 minime
1821 4242 2059 4311 reperire
2087 4242 2176 4311 sit,

597 4325 706 4378 quo
734 4311 982 4365 nimirum
1028 4311 1146 4365 loco
1176 4313 1437 4365 contineri
1483 4312 1815 4378 debuissent,
1849 4313 1901 4366 in
1930 4314 2067 4379 ejus,
2099 4314 2182 4366 in-

597 4394 779 4449 quam,
810 4380 1057 4435 Homilim
1087 4391 1369 4443 contextu,
1405 4397 1523 4447 quas
1550 4383 1612 4435 de
1646 4381 1851 4435 Visione
1879 4382 1973 4434 Dei
2001 4393 2046 4436 et
2079 4382 2178 4437 Se-

596 4453 805 4519 raphim
844 4453 1171 4513 inscribitur,
1206 4453 1317 4506 visa
1364 4452 1592 4506 fortasse
1642 4461 1765 4506 tunc
1794 4453 1995 4507 fuerint
2027 4453 2179 4507 nobis

596 4522 692 4575 abs
719 4521 914 4576 Rufino
944 4522 1275 4587 memoriter,
1297 4531 1353 4577 et
1372 4524 1423 4577 in
1449 4538 1567 4577 eam
1592 4523 1809 4591 quidem
1834 4525 2172 4589 sententiam,

598 4604 706 4663 non
748 4596 875 4647 κατὰ
912 4593 1039 4655 λέξιν
1064 4600 1225 4660 atque
1257 4594 1372 4661 ipso
1418 4609 1482 4646 ex
1527 4592 1716 4663 codice
1762 4593 2180 4663 Hieronymiano

594 4660 832 4716 recitari.
877 4663 1029 4716 Nunc
1068 4660 1319 4730 quoniam
1362 4662 1867 4728 animadvertimus,
1901 4660 2182 4730 peregrino

595 4732 813 4805 quidem
846 4734 899 4805 in
944 4731 1211 4805 loco,_s_ed
1260 4731 1451 4785 eadem
1502 4734 1849 4805 tamendipsa
1883 4734 2043 4788 verba
2081 4736 2181 4805 legi

597 4792 827 4874 quijia
877 4802 917 4857 Ι.
973 4802 1041 4874 ἱηΔ
1065 4792 1219 4874 Εᾲἰι.
1255 4812 1436 4874 nostra
1478 4802 1583 4857 col.
1612 4792 1756 4874 ΗΟὸ
1789 4802 2017 4874 (Parol.
2058 4792 2181 4861 ιοιῆ.

594 4870 815 4937 XXIV,
870 4874 975 4927 col.
1022 4871 1170 4942 905).
1222 4873 1379 4940 paulo
1436 4882 1556 4941 post
1600 4870 1878 4941 medium,
1940 4876 2183 4931 videmur

598 4956 787 4996 caussa
816 4943 1040 5003 cadere,
1087 4956 1185 4996 nec
1215 4957 1372 5011 posse
1401 4944 1661 5011 reliquum
1706 4944 1881 5001 facere
1907 4947 2069 5001 dubio
2107 4947 2185 5001 lo-

599 5026 743 5087 cum,
776 5013 902 5087 quin
941 5027 1076 5087 eam_
1103 5012 1596 5087 interpretationem
1622 5014 1980 5087 ﬂieronyntus
2027 5018 2183 5072 ador-

599 5083 761 5157 narit.
797 5083 879 5157 _At
905 5098 1035 5137 vero
1062 5081 1199 5138 hanc
1227 5081 1453 5157 tacet‘S.
1485 5085 1598 5154 ipse
1620 5085 1778 5141 Pater
1825 5081 1878 5141 in
1906 5087 2181 5157 Catalogo,

600 5152 692 5228 ubi
734 5152 966 5228 reliquas
1018 5162 1193 5228 tamen
1242 5152 1535 5224 Homilias‘,
1593 5157 1646 5211 in
1685 5159 1972 5213 Jeremiatn
2024 5152 2183 5228 puta,

600 5222 941 5299 Ezechielem
983 5233 1037 5280 et
1079 5224 1302 5299 Lucam,
1352 5241 1484 5299 quas
1518 5222 1590 5283 ex
1634 5228 1879 5299 Origenis
1910 5222 2097 5283 Graeco
2131 5222 2182 5282 in

599 5293 849 5369 Latinum
900 5297 1192 5369 transtulit,
1238 5293 1541 5368 singulatim
1591 5293 1857 5355 recenset.
1893 5300 1997 5354 Aut
2026 5300 2184 5369 igitur

596 5366 776 5421 fucum
806 5365 921 5422 fieri
952 5366 1051 5421 sibi
1083 5382 1270 5436 passus
1294 5365 1377 5424 eét
1403 5370 1647 5437 Rufinus,
1674 5383 1723 5426 et
1754 5370 1919 5425 falsus
1946 5379 2029 5425 est
2049 5365 2185 5423 'ani-

597 5439 692 5502 mi,
733 5438 822 5507 qui
856 5438 1087 5512 alienum
1130 5441 1317 5495 ftetum
1368 5455 1461 5512 pro
1494 5442 1913 5512 Hieronymiano
1953 5441 2135 5512 habuit
2169 5460 2181 5492 :

596 5516 709 5581 aut,
753 5509 895 5579 quod
943 5510 1055 5565 fere
1102 5511 1321 5581 propius
1376 5510 1442 5565 ad
1486 5512 1645 5566 fidem
1698 5509 1941 5575 videtur,
1985 5511 2042 5565 S.
2070 5512 2185 5578 ipse

599 5577 797 5633 Doctor
817 5594 938 5634 eum
962 5577 1278 5648 repudiavit,
1299 5581 1533 5636 nondum
1556 5583 1781 5637 fortasse
1802 5581 1932 5635 satis
1954 5577 2181 5635 elabora

601 5657 733 5713 tum,
768 5664 866 5705 nec
903 5665 962 5706 se
1002 5660 1153 5720 patre
1197 5654 1453 5720 dignum:
1480 5663 1626 5706 certe
1660 5652 1714 5705 in
1745 5666 1965 5720 suorum
2000 5651 2184 5709 haberi

599 5734 763 5776 censu
782 5720 972 5775 noluit.
1002 5719 1212 5776 Videsis
1240 5719 1548 5776 Praefation.
1577 5730 1814 5776 nostram
1846 5721 1899 5774 in
1924 5719 2079 5773 Tom.
2100 5720 2185 5780 IV.

670 5797 697 5826 ⁸
737 5791 881 5849 Alias
915 5792 1018 5862 Qui
1042 5802 1193 5859 sunt;
1227 5792 1349 5859 Ms.,
1383 5791 1518 5857 Quia
1544 5799 1658 5846 sunt
1686 5791 1799 5863 ipsa
1822 5791 1946 5860 duo,
1975 5799 2077 5847 etc.
2106 5790 2167 5848 in

2283 3319 2496 3373 gerere,
2524 3303 2651 3373 quin
2700 3304 2877 3359 dicam
2924 3319 3029 3359 non
3064 3304 3265 3368 omnia,
3307 3317 3429 3372 quae
3476 3302 3530 3356 in
3571 3301 3720 3356 libris
3759 3301 3873 3369 ejus

2286 3397 2627 3452 inveniuntur
2648 3405 2899 3467 tanquam
2923 3395 3185 3451 catholica
3209 3408 3329 3449 esse
3351 3392 3715 3462 suscipienda.
3741 3391 3871 3459 Quae

2288 3495 2462 3565 utrum
2492 3502 2587 3542 sua
2618 3486 2748 3552 sint,
2773 3495 2833 3541 ut
2872 3487 3042 3554 dicis,
3073 3502 3139 3540 an
3171 3487 3237 3540 ab
3266 3485 3385 3541 aliis
3432 3485 3657 3549 inserta,
3690 3492 3750 3537 ut
3779 3496 3875 3537 nos

2285 3587 2557 3647 putamus,
2590 3579 2730 3634 Deus
2760 3578 2981 3635 viderit.
3032 3582 3075 3634 A
3106 3580 3261 3634 nobis
3291 3578 3503 3633 interim
3535 3577 3624 3632 ubi
3651 3577 3723 3631 ad
3755 3576 3874 3632 fidei

2287 3670 2555 3740 fastigium
2606 3680 2663 3727 et
2706 3672 2994 3728 veritatem
3044 3680 3262 3727 ventum
3312 3670 3494 3736 fuerit,
3526 3678 3872 3739 reSpuuntur.

2291 3760 2369 3815 Tu
2400 3769 2578 3817 tamen
2610 3761 2719 3825 dic,
2745 3762 2872 3831 quid
2903 3763 3153 3830 exposcis
3180 3777 3210 3816 a
3237 3762 3390 3817 nobis
3417 3782 3430 3818 :
3458 3760 3772 3816 haereticum
3796 3762 3874 3815 vis

2286 3859 2345 3907 ut
2365 3851 2607 3908 dicamus
2635 3853 2957 3923 Origenem?
2983 3854 3096 3909 Hoc
3115 3854 3306 3909 fecisse
3335 3849 3500 3919 nos,h
3527 3854 3740 3921 culpas.
3768 3851 3874 3907 Sed

2285 3944 2650 3999 catholicum?
2679 3945 2782 3999 Pro
2828 3944 2931 4000 hoc
2973 3961 3071 4001 nos
3122 3957 3362 3999 accusas.
3419 3942 3649 4012 Designa
3702 3941 3874 3996 mani-

2285 4036 2495 4106 festius,
2543 4038 2672 4107 quid
2722 4037 2886 4105 velis,
2919 4040 2961 4092 si
3013 4046 3191 4092 tamen
3242 4044 3394 4104 potes
3437 4034 3635 4104 aliquid
3680 4034 3871 4089 horum

2285 4128 2521 4183 medium
2567 4129 2826 4193 invenire,
2857 4129 2999 4198 quod
3046 4128 3199 4184 velis.
3232 4126 3322 4182 Isti
3361 4135 3485 4181 sunt
3516 4142 3706 4181 omnes
3732 4127 3871 4183 sales

2283 4220 2449 4295 veteri
2492 4240 2642 4305 edit.,
2676 4241 2811 4307 Quia
2857 4243 2955 4297 ista
3002 4242 3103 4296 duo
3146 4240 3420 4309 Seraphim
3470 4239 3720 4294 Dominus
3761 4251 3875 4297 sunt

2283 4311 2435 4366 Jesus
2473 4310 2724 4376 Christus,
2754 4321 2859 4366 etc.
2904 4313 3040 4367 Tum
3073 4314 3123 4364 in
3151 4313 3318 4381 ipsius
3346 4310 3592 4365 Humilia:
3635 4312 3872 4368 editione

2284 4382 2614 4436 Genebrardi
2638 4398 2699 4436 ac
2719 4391 2897 4436 nostra
2920 4381 3153 4436 Christus
3178 4396 3373 4435 nomen
3400 4382 3681 4446 retinetur,
3703 4384 3871 4436 altero

2284 4463 2461 4506 autem
2493 4450 2562 4505 ab
2593 4454 2697 4507 hoc
2749 4467 2905 4506 versu
2955 4454 3186 4505 deserere
3228 4450 3423 4519 legitur
3468 4466 3565 4519 pro
3604 4452 3872 4506 dissidere.

2286 4522 2484 4576 Recole
2509 4522 2905 4591 praecedentem
2935 4522 3176 4589 proxime
3206 4520 3631 4591 adnotationem,
3663 4530 3721 4591 et
3748 4538 3872 4591 ger-

2211 4568 2262 4626 D
2289 4568 2500 4645 ἱιὶᾷἶιῖιῖι
2511 4568 3873 4662 ’ἐῗῦἓῐιῖῑὲ’ἑζριὶὶιξιῐίὄὲιέιῖἶἱὸέἷὶἱῖὲᾞίὲίἶὶθῖῐι.

2288 4662 2354 4717 ad
2390 4662 2696 4727 Damasum,
2724 4672 2829 4716 etc.

2359 4731 2387 4770 δ
2429 4734 2553 4797 Ms.,
2587 4734 2713 4785 talia
2739 4742 2908 4785 autem
2936 4730 3179 4796 resecavi,
3212 4738 3322 4794 aut,
3354 4738 3460 4785 etc.

2363 4813 2386 4840 ο
2431 4802 2575 4857 Idem
2606 4818 2707 4856 ms.
2742 4820 2876 4856 nunc
2917 4803 3161 4856 voculam
3193 4809 3369 4867 tacet,
3395 4810 3450 4857 et
3478 4801 3723 4856 damnata
3761 4812 3877 4858 sunt

2286 4874 2418 4944 legit
2449 4890 2546 4939 pro
2576 4873 2891 4944 damnanda,
2923 4880 3031 4944 etc.

2357 4942 2384 4981 δ
2425 4945 2573 4998 Dixit
2596 4943 2649 4997 in
2674 4944 2929 5014 Apologia
2958 4942 3026 4996 ad
3054 4942 3391 5014 Agnastasium
3426 4958 3575 4998 num.
3598 4944 3654 4999 7.
3680 4942 3745 4998 Si
3768 4944 3879 4998 cul-

2289 5023 2495 5085 pantur,
2520 5015 2610 5085 qui
2628 5025 2743 5069 ante
2763 5012 3318 5085 jussionemfecerunt,
3349 5014 3505 5085 culpa
3530 5030 3561 5066 a
3588 5015 3768 5083 primis
3801 5015 3877 5067 in-

2284 5089 2463 5155 cipiat.
2500 5084 2578 5156 Et
2603 5084 2785 5140 statim
2812 5095 2967 5141 antea
2994 5102 3007 5138 :
3033 5084 3096 5139 Si
3108 5084 3330 5156 jubetur
3358 5101 3422 5139 ne
3449 5084 3562 5154 ﬁat,
3584 5085 3757 5155 jussio
3786 5087 3876 5139 ob-

2286 5159 2475 5214 servari
2501 5155 2629 5210 solet
2654 5157 2708 5210 in
2730 5166 3013 5227 posterum.

2361 5237 2385 5266 ο
2427 5231 2629 5291 Antea,
2662 5223 2929 5281 damnare.
2979 5224 3143 5281 Paulo
3188 5223 3413 5280 inferius
3460 5240 3587 5291 ms.,
3640 5225 3877 5281 Similem

2288 5299 2503 5366 excipiet
2530 5298 2841 5367 eandemque
2870 5298 3191 5352 sententiam.
3224 5295 3339 5369 Ego
3366 5297 3463 5351 hoc
3490 5312 3593 5351 non
3616 5306 3761 5368 apto,
3793 5313 3879 5351 ne-

2287 5386 2387 5441 que
2414 5385 2589 5439 urgeo.

2364 5438 2384 5477 τ
2426 5439 2553 5509 Plus
2601 5437 2764 5509 habet
2813 5437 3165 5493 Guarnerian.
3206 5452 3311 5492 ms.
3361 5444 3523 5509 atque
3564 5437 3745 5509 aliter,
3779 5437 3874 5491 liae

2288 5511 2411 5582 legi,
2429 5518 2496 5582 ut
2520 5508 2668 5561 dicis.
2698 5508 2758 5564 Si
2778 5516 2883 5563 toto
2908 5525 3058 5582 opere
3080 5524 3189 5562 meo
3210 5509 3408 5582 ostendi
3439 5508 3557 5582 hoc,
3582 5508 3741 5582 quod,
3766 5517 3874 5582 etc.

2362 5590 2388 5628 s
2427 5579 2570 5634 ldent
2602 5593 2722 5633 cum
2764 5576 2950 5635 vetere
2976 5579 3130 5643 edit.,
3161 5588 3249 5633 tua
3291 5580 3390 5634 ista
3420 5580 3584 5633 omnis
3617 5576 3872 5633 Invectio.

2360 5648 2390 5688 ιι
2429 5649 2743 5705 Amovimus
2771 5649 2895 5706 hinc
2917 5650 3259 5706 concinniore
3286 5665 3448 5705 sensu
3487 5649 3719 5720 negandi
3746 5664 3872 5720 par-

2294 5720 2531 5786 ticulam,
2547 5734 2708 5789 quam
2737 5736 2909 5793 neque
2932 5728 3084 5779 vetus
3107 5720 3291 5790 editio,
3314 5735 3490 5793 neque
3511 5719 3875 5777 Gnarnerian.

2294 5807 2395 5848 ms.
2428 5799 2742 5864 agnoscunt.
