4128 6360
293 390 395 447 609

1404 374 1774 432 APOLOGIE
1815 371 2021 428 LIBER
2060 369 2438 429 SECUNDUS.

3457 366 3563 425 610

289 508 362 562 tui
393 504 462 559 de
509 498 824 566 Alexandri,
854 507 908 553 et
938 496 1244 566 Porphyrii,
1272 501 1328 549 et
1373 492 1545 562 ipsius
1575 490 1883 547 Aristotelis
1912 490 1962 551 Α
1988 501 2110 542 esse
2134 486 2507 555 compositam.
2540 490 2694 540 tVunc
2718 499 2847 540 vero
2873 485 3067 549 sciens,
3096 483 3217 554 quia
3234 484 3287 538 si
3317 482 3565 553 legantur

290 604 539 659 acumine
587 599 918 669 congregati.
966 596 1094 649 Ηίεο
1138 600 1221 647 est
1264 589 1441 645 omnis
1482 587 1567 642 illa
1594 582 1874 656 jactantia,

290 707 393 760 qua
423 699 477 745 te
503 705 533 743 a
566 690 735 758 prima
768 694 925 741 rotate
972 697 1142 753 usque
1182 680 1247 734 ad
1298 689 1568 734 senectam
1600 677 1655 730 in
1683 674 1875 729 Gram-

290 784 614 839 maticorum
647 790 700 834 et
742 779 1040 833 Rhetorum
1088 783 1142 829 et
1184 772 1632 840 Philosophorum
1680 764 1879 821 scholis

290 888 353 928 ac
381 870 683 941 disciplinis
708 869 969 939 praedicas
991 880 1114 920 esse
1143 877 1438 927 versatum,
1467 868 1526 914 ut
1558 856 1880 928 procederes

292 967 576 1038 Origenem
622 964 1062 1035 pronuntiaturus
1109 957 1448 1018 htereticum,
1480 957 1538 1010 et
1566 955 1622 1009 in
1670 966 1734 1007 ea
1766 954 1877 1021 ipsa

282 1059 559 1122 oratione,
588 1069 691 1124 qua
723 1055 775 1108 in
806 1053 953 1106 illum
982 1049 1190 1106 ferebas
1221 1046 1570 1109 sententiam,
1599 1057 1879 1098 accusares

290 1165 411 1204 eum
441 1163 600 1216 quem
624 1148 924 1208 asscrebas,
944 1140 1087 1211 quod
1116 1140 1264 1195 illum
1291 1136 1608 1191 hmreticutn
1634 1133 1881 1203 designa-

294 1242 380 1293 rit.
417 1239 552 1293 Vide
579 1237 700 1307 quia
734 1248 994 1302 nusquam
1023 1246 1149 1286 cura
1182 1228 1424 1285 veritatis
1469 1242 1534 1281 ac
1578 1227 1719 1291 fidei,
1750 1239 1880 1279 nus-

294 1347 451 1398 quam
494 1329 772 1399 religionis
814 1342 877 1382 ac
920 1325 1106 1395 judicii
1151 1321 1576 1387 contemplatio,
1622 1320 1716 1375 sed
1764 1320 1876 1374 sola

292 1422 433 1475 male
454 1418 704 1490 loquendi
729 1429 780 1472 et
799 1416 1065 1471 lacerandi
1091 1415 1305 1478 fratres,
1337 1414 1575 1468 exercita
1594 1412 1698 1484 ιΑι.
1719 1424 1877 1464 exer-

286 1509 479 1581 citata]
512 1510 677 1563 libido
716 1518 963 1562 versatur
1008 1506 1059 1559 in
1092 1505 1290 1574 lingua,
1322 1503 1436 1556 sola
1488 1503 1539 1555 in
1589 1502 1751 1555 corde
1783 1503 1879 1553 hu-

288 1616 453 1657 mana
501 1600 796 1662 contentio,
829 1597 940 1652 sola
984 1594 1185 1650 invidia
1212 1605 1266 1648 et
1310 1593 1447 1647 livor
1483 1594 1533 1646 in
1566 1600 1744 1645 mente
1777 1609 1789 1642 :
1824 1592 1875 1644 in

291 1702 504 1747 tantum
530 1701 585 1745 ut
610 1706 729 1745 cum
759 1689 1005 1744 odiorum
1035 1688 1127 1741 tibi
1149 1699 1339 1740 caussa
1361 1700 1467 1738 non
1496 1694 1640 1738 esset
1663 1682 1878 1755 [Λιλα-

282 1782 481 1854 esset],
511 1783 946 1853 cognominatum
993 1789 1045 1834 te
1081 1795 1107 1832 a
1141 1794 1225 1833 me
1264 1780 1482 1831 fratrem
1513 1786 1567 1831 et
1594 1776 1870 1844 collegam,

284 1877 421 1932 licet
462 1892 583 1932 cum
635 1876 922 1945 praeconio,
957 1874 1299 1943 indignanter
1327 1871 1620 1938 acciperes.
1660 1870 1877 1937 Ignosce
1910 1854 1953 1912 Β
1983 1871 2037 1917 et
2084 1862 2399 1930 prmferatur
2456 1860 2707 1915 omnibus
2735 1904 2748 1928 ,

296 1972 451 2036 mihi,
485 1970 626 2039 quod
678 1969 982 2023 nesciebam
1028 1977 1077 2021 te
1111 1963 1520 2036 ἀκατονόμαστον
1554 1961 1877 2030 (innomina-

296 2062 484 2132 bilem)
515 2061 644 2125 dici,
681 2070 737 2115 et
765 2058 1249 2128 incompellabilem
1296 2056 1579 2109 nominari.
1610 2054 1771 2107 Miror
1800 2061 1879 2106 ta-

298 2168 443 2219 men,
478 2151 617 2221 quod
648 2166 711 2205 ea
756 2164 843 2204 me
872 2150 1232 2204 condemnare
1273 2146 1554 2215 deposcas,
1585 2160 1704 2214 qua:
1734 2160 1762 2197 a
1794 2159 1879 2199 me

298 2250 482 2296 notata
511 2240 874 2309 conquereris.

368 2334 529 2404 385
552 2330 641 2388 30.
685 2332 764 2387 Ad
796 2332 938 2386 illam
966 2344 1095 2385 sane
1126 2328 1470 2383 incusationis
1508 2328 1622 2395 ejus
1651 2336 1877 2398 partem,

291 2424 624 2493 superﬂuum
649 2431 675 2459 ι
703 2422 910 2477 videtur
940 2422 1025 2476 vel
1058 2420 1384 2489 respondere
1410 2420 1631 2489 aliquid,
1666 2420 1753 2475 ubi
1794 2419 1880 2489 pie

302 2522 358 2571 et
399 2514 649 2584 religiose
679 2513 818 2567 dicta
850 2514 1096 2581 Martyris
1128 2511 1424 2580 Pamphili,
1475 2520 1569 2563 aut
1614 2509 1745 2563 falsa
1774 2512 1877 2564 dici

302 2604 435 2666 vult,
468 2615 557 2658 aut
586 2604 745 2657 etiam
770 2603 815 2656 si
840 2616 963 2655 vera
992 2602 1118 2667 sint,
1155 2600 1454 2668 Spernenda
1494 2600 1750 2653 decernit.
1780 2598 1878 2654 Cui

296 2698 408 2769 jam
438 2697 537 2751 iste
562 2695 806 2750 deferat?
836 2696 917 2748 cui
938 2694 1048 2762 jam
1086 2693 1306 2762 parcat?
1331 2696 1529 2747 Omnes
1556 2694 1693 2762 apud
1722 2694 1878 2747 istum

304 2785 478 2841 Graeci
534 2786 840 2853 Scriptores
888 2785 1092 2852 antiqui
1140 2781 1499 2837 Ecclesiastici
1543 2792 1877 2839 erraverunt.

302 2876 505 2931 Latinis
534 2892 661 2931 vero
692 2876 962 2943 quomodo
986 2876 1229 2943 deroget,
1259 2873 1528 2943 quomodo
1556 2884 1742 2943 carpat
1767 2874 1878 2928 sin-

297 2968 475 3038 gulos,
512 2967 595 3021 vel
648 2976 916 3033 veterum,
946 2966 1028 3021 vel
1071 2981 1356 3029 novorum,
1386 2965 1598 3019 diversa
1641 2964 1756 3033 ejus
1791 2966 1878 3033 qui

301 3060 430 3130 legit
475 3060 768 3129 Opuscula,
798 3060 1157 3129 recognoscit.
1191 3058 1294 3112 Sed
1340 3073 1481 3113 nunc
1511 3073 1578 3112 ne
1622 3058 1882 3128 Martyres

298 3149 515 3218 quidem
541 3151 679 3219 apud
706 3166 829 3204 eum
853 3150 1051 3205 habere
1074 3157 1293 3217 possunt
1317 3149 1513 3216 aliquid
1540 3151 1876 3204 reverentiae.

1981 591 2067 643 ea,
2099 593 2217 646 qua:
2241 575 2614 645 reprehendis,
2640 584 2765 630 nota
2788 574 3189 645 retorquebitur
3215 574 3269 628 in
3299 587 3445 641 eum,
3468 572 3563 643 qui

1979 656 2165 739 culpat
2206 668 2425 739 injuste,
2469 683 2531 724 ea
2577 667 2816 738 quidem,
2868 682 2989 737 quae
3032 664 3404 735 reprehendis,
3451 677 3560 719 non

1981 765 2191 832 profers
2216 781 2228 815 :
2258 772 2343 816 tua
2377 772 2554 817 autem
2582 761 2669 815 illa
2696 761 2940 815 censoria
2966 760 3170 827 virgula
3202 767 3258 814 et
3278 757 3558 827 arroganti

1982 855 2301 909 auctoritate
2328 852 2597 921 decernis,
2633 853 2723 908 Ille
2752 862 3002 908 arceatur
3022 869 3049 905 a
3080 852 3440 915 bibliothecis,
3469 849 3564 908 ille

1980 945 2308 1014 recipiatur:
2334 956 2386 999 et
2409 945 2602 1000 iterum
2634 944 2734 999 iste
2758 944 2921 1015 386
2940 945 3072 1011 ipse,
3102 944 3193 1013 qui
3231 943 3389 998 hodie
3410 956 3556 998 rece-

1983 1044 2105 1107 ptus
2130 1044 2231 1104 est,
2260 1038 2496 1092 crastino
2522 1038 2565 1091 si
2594 1051 2714 1091 eum
2744 1038 2879 1091 alius
2900 1036 3091 1105 aliquis
3118 1045 3312 1103 praeter
3343 1050 3427 1091 uie
3448 1036 3563 1090 lau-

1980 1130 2207 1197 daverit,
2236 1141 2259 1170 ε
2296 1130 2560 1200 ejiciatur,
2588 1140 2641 1185 et
2665 1145 2785 1185 cum
2812 1130 2903 1185 illo
2926 1132 3041 1200 ipse
3069 1131 3158 1200 qui
3186 1130 3437 1185 laudavit.
3466 1129 3564 1185 Hic

1980 1230 2155 1277 autem
2194 1221 2492 1276 catholicus
2521 1222 2795 1285 habeatur,
2840 1222 3002 1275 etiam
3046 1220 3093 1274 si
3142 1218 3433 1288 aliquando
3477 1220 3560 1273 vi-

1980 1313 2170 1368 deatur
2198 1328 2413 1368 errasse
2439 1328 2452 1365 :
2476 1311 2555 1366 illi
2598 1312 2799 1367 erroris
2837 1311 2993 1367 venia
3040 1326 3145 1365 non
3175 1312 3351 1377 detur,
3393 1312 3555 1365 etiam

1981 1406 2027 1459 si
2075 1421 2137 1458 ea
2183 1404 2345 1467 dicat,
2390 1418 2509 1473 quae
2550 1417 2650 1471 ego
2690 1403 2837 1466 dixi,
2882 1412 2937 1457 et
2978 1417 3151 1471 neque
3177 1402 3560 1472 interpretetur

1983 1493 2103 1562 quis
2127 1509 2271 1559 eum,
2299 1508 2472 1561 neque
2498 1492 2659 1561 legat,
2684 1508 2751 1546 ne
2777 1492 2897 1561 quis
2919 1507 3035 1545 mea
3077 1492 3215 1545 furta
3244 1501 3555 1559 cognoscat.

1982 1583 2077 1637 llic
2101 1582 2382 1637 htereticus
2407 1582 2645 1652 quidem,
2673 1581 2765 1635 sed
2789 1581 3041 1649 magister
3066 1595 3214 1635 meus
3240 1589 3341 1635 est.
3371 1581 3435 1634 Et
3471 1581 3561 1636 hic

1982 1676 2342 1731 licetJudaens
2369 1676 2457 1741 sit,
2501 1686 2555 1730 et
2588 1676 2655 1729 de
2698 1675 2976 1744 Synagoga
3018 1673 3230 1727 Satanae
3268 1673 3561 1727 conductus

1978 1770 2142 1822 verba
2172 1768 2364 1821 vendat
2395 1767 2460 1821 ad
2495 1768 2745 1837 pretium,
2779 1774 2957 1821 tamen
2983 1765 3237 1835 magister
3273 1780 3424 1820 meus
3454 1772 3560 1829 est,

2806 1859 2929 1928 quia
2986 1858 3124 1928 apud
3185 1859 3330 1926 ipsos
3390 1857 3564 1910 solttm

1984 1955 2090 2027 [ΑΙ.
2138 1952 2308 2022 solos]
2357 1953 2749 2022 Scripturarum
2791 1952 2983 2005 veritas
3027 1958 3322 2019 permanet.
3366 1948 3423 2004 Si
3468 1946 3567 2003 tibi

1983 2046 2122 2101 istud
2150 2046 2481 2101 auctoritatis
2510 2046 2753 2099 universa
2789 2045 2989 2113 pariter
3013 2041 3330 2112 injunxisset
3371 2040 3559 2095 Eccle-

1983 2139 2084 2203 sia,
2112 2148 2165 2193 et
2190 2138 2497 2206 exigeretur
2521 2153 2547 2190 a
2575 2146 2644 2201 te,
2679 2145 2735 2190 ut
2759 2138 2826 2191 de
2853 2136 3078 2205 singulis
3101 2135 3186 2191 vel
3214 2136 3282 2189 de
3305 2133 3560 2188 omnibus

1982 2229 2279 2299 judicares,
2315 2243 2493 2283 nonne
2519 2243 2680 2295 grave
2703 2236 2756 2282 et
2786 2226 3144 2297 periculosum
3172 2241 3329 2291 onus,
3354 2241 3423 2281 ne
3464 2225 3561 2279 tibi

1982 2322 2365 2390 imponeretur,
2396 2336 2656 2376 excusare
2687 2321 2988 2376 debueras?
3012 2320 3160 2375 Nunc
3183 2335 3309 2374 vero
3350 2318 3405 2373 in
3446 2328 3565 2373 tan-

1984 2422 2096 2469 tum
2124 2414 2433 2483 quotidiana
2474 2413 2769 2481 derogandi
2811 2415 3159 2468 meditatione
3202 2410 3556 2482 profecimus,

1984 2514 2040 2559 ut
2079 2506 2187 2573 jam
2235 2519 2334 2559 nec
2377 2505 2699 2574 Martyribus
2748 2519 3050 2572 parcamus.
3107 2504 3213 2557 Sed
3260 2515 3563 2571 ponamus,

1982 2599 2123 2668 quod
2153 2612 2259 2653 non
2300 2598 2371 2651 sit
2412 2597 2663 2667 Martyris
2688 2595 2896 2650 libellus
2922 2597 3044 2659 iste,
3074 2595 3167 2649 sed
3195 2594 3568 2663 cujuscunque

1984 2693 2138 2746 unius
2182 2693 2249 2747 de
2303 2691 2581 2756 Ecclesia,
2631 2690 2867 2758 nunquid
2917 2689 3027 2743 suis
3070 2686 3248 2742 verbis
3289 2700 3418 2739 usus
3459 2692 3563 2750 est,

1983 2784 2223 2854 quisquis
2251 2784 2340 2837 ille
2368 2792 2450 2838 est
2476 2782 2744 2851 Scriptor,
2779 2792 2833 2834 ut
2867 2779 3070 2836 meritis
3089 2776 3117 2816 ἀ
3146 2777 3447 2833 cedendum
3480 2774 3566 2830 vi-

1984 2873 2171 2929 deatur
2198 2872 2478 2927 auctoris?
2500 2870 2575 2925 De
2606 2871 2739 2939 ipsis
2767 2869 3014 2936 Origenis
3037 2866 3396 2922 voluminibus
3418 2863 3569 2933 ponit

1982 2965 2245 3033 exempla,
2274 2964 2475 3034 etquid
2501 2964 2567 3018 de
2605 2963 2829 3032 singulis
2858 2962 3074 3027 sentiat,
3106 2977 3212 3015 non
3250 2960 3333 3014 sui
3379 2955 3568 3012 defen-

1983 3057 2122 3109 soris
2144 3057 2343 3118 verbis,
2369 3055 2464 3110 sed
2496 3052 2610 3123 ejus
2633 3056 2822 3124 ipsius,
2845 3056 2936 3124 qui
2972 3053 3351 3118 accusabatur,
3376 3060 3561 3106 osten-

1984 3149 2085 3203 dit.
2130 3147 2195 3203 Et
2238 3148 2378 3203 sicut
2401 3148 2685 3203 adversum
2713 3156 2763 3202 te
2804 3147 2988 3211 modo,
3031 3147 3200 3199 multo
3224 3144 3359 3198 meis
3385 3142 3565 3197 verbis

299 3241 438 3306 Non,
470 3241 656 3309 inquit,
690 3240 851 3295 credo
890 3241 1011 3309 quia
1044 3239 1149 3310 [ΑΙ.
1185 3236 1350 3310 quod]
1384 3239 1628 3298 Martvris
1653 3241 1738 3294 sit.
1769 3240 1878 3294 lloc
1907 3225 1951 3285 C
1986 3239 2383 3295 vehementiora
2417 3246 2542 3293 sunt
2573 3248 2660 3293 tua
2702 3238 2937 3307 scripta:
2968 3238 3043 3290 ita
3072 3237 3220 3290 illum
3264 3250 3369 3289 non
3401 3248 3565 3287 excu-

298 3334 344 3388 si
394 3334 620 3388 velimus
663 3334 731 3387 de
763 3334 1012 3387 omnibus
1043 3333 1378 3402 Scriptorum
1428 3334 1605 3387 dicere
1648 3334 1874 3398 libellis,

299 3438 420 3493 qua:
449 3426 554 3478 erit
586 3426 639 3476 in
667 3424 889 3493 singulis
919 3423 1205 3493 probatio?
1234 3423 1291 3480 Si
1326 3422 1521 3489 dicam,
1554 3437 1658 3477 non
1684 3432 1764 3477 est
1790 3440 1880 3478 ve-

294 3532 437 3574 rum.
462 3517 581 3586 quia
607 3516 934 3570 Stromatum
966 3514 1085 3568 libri
1112 3529 1245 3584 quos
1272 3513 1425 3581 dicis,
1462 3515 1709 3583 Origenis
1732 3526 1874 3570 sunt:

295 3608 436 3663 unde
485 3607 650 3676 ipsius
695 3621 816 3661 esse
860 3607 1151 3676 probantur
1197 3607 1303 3677 [ΑΙ.
1338 3606 1761 3679 probabuntur]?
1802 3607 1876 3662 Ex

304 3709 653 3765 cancrorum,
686 3699 876 3768 inquit,
900 3698 1268 3753 similitudine.
1302 3697 1410 3755 Sed
1451 3701 1587 3754 sicut
1632 3700 1718 3756 ille
1748 3742 1763 3767 ,
1788 3701 1876 3771 qui

298 3793 352 3847 in
382 3793 645 3861 scriptura
676 3792 902 3860 alicujus
934 3792 1123 3846 falsum
1167 3792 1343 3847 facere
1386 3793 1517 3860 vult,
1550 3808 1739 3849 manus
1761 3792 1887 3863 ejus,

296 3886 575 3940 imitatur:
604 3886 676 3937 ita
706 3893 763 3939 et
803 3884 893 3952 qui
943 3897 1040 3938 sua
1081 3884 1221 3938 dicta
1265 3884 1365 3939 sub
1406 3884 1625 3940 alterius
1659 3886 1877 3941 nomine

292 3976 403 4030 vult
450 3976 727 4041 inserere,
779 3975 958 4029 stilum
999 3976 1114 4029 sine
1160 3974 1324 4029 dubio
1374 3974 1669 4030 imitabitur
1711 3980 1828 4045 ejus
1855 4020 1871 4044 ,

290 4067 445 4136 cujus
472 4078 526 4122 et
556 4081 748 4121 nomen
781 4066 988 4121 ascivit.
1020 4066 1219 4121 Deinde
1242 4076 1299 4120 ut
1321 4068 1521 4134 omnia,
1555 4084 1672 4136 qua:
1693 4069 1877 4136 justis-

293 4160 428 4215 sime
458 4158 565 4229 [AL
613 4155 929 4226 justissima]
961 4157 1063 4209 dici
1097 4166 1338 4224 possunt,
1386 4158 1660 4213 brevitatis
1686 4173 1874 4215 caussa

296 4259 635 4320 praeteream,
668 4248 712 4303 si
736 4250 786 4303 in
821 4258 1024 4303 tantum
1053 4249 1267 4302 volebas
1290 4248 1489 4305 audere
1516 4251 1623 4323 [Αἰ.
1648 4252 1872 4323 audiri],

295 4350 351 4395 ut
378 4340 663 4409 Martyrem
694 4339 1142 4407 reprehenderes,
1174 4338 1314 4393 dicta
1346 4341 1481 4409 ipsa,
1511 4356 1629 4410 qua:
1667 4343 1758 4397 tibi
1796 4342 1876 4397 vi-

292 4434 558 4487 debantur
599 4431 1073 4501 reprehensibilia,
1119 4432 1172 4485 in
1224 4432 1453 4487 medium
1502 4432 1742 4501 proferre
1781 4434 1874 4490 de-

292 4526 513 4589 bueras,
541 4534 595 4580 et
624 4533 751 4578 tunc
783 4524 1147 4592 unusquisque
1176 4524 1457 4592 legentium
1511 4525 1732 4580 vidisset
1762 4524 1871 4597 [ΑΙ.

1984 3331 2153 3386 tantis
2194 3333 2505 3396 auctoritas,
2532 3329 2626 3385 sed
2662 3345 2758 3384 sua
2799 3330 2940 3383 dicta
2987 3326 3308 3382 defendunt.
3340 3326 3405 3387 Et
3439 3324 3563 3378 ideo

1982 3423 2251 3492 superﬂua
2281 3432 2364 3478 est
2402 3423 2469 3479 de
2514 3433 2733 3478 auctore
2764 3422 3011 3491 quaestio,
3038 3421 3127 3476 ubi
3161 3419 3401 3476 defensio
3443 3416 3567 3474 talis

1983 3526 2090 3581 est,
2114 3532 2232 3586 qua:
2258 3525 2529 3571 assertore
2559 3530 2665 3571 non
2690 3524 2864 3585 egeat.

2052 3608 2140 3663 31.
2182 3607 2290 3663 Sed
2341 3608 2407 3662 ad
2455 3607 2586 3661 illud
2628 3608 2736 3678 jam
2780 3604 3163 3676 nequissimum
3204 3602 3556 3659 incusationis

1982 3701 2099 3769 ejus
2129 3709 2291 3770 caput
2331 3709 2385 3755 et
2416 3699 2893 3755 invidiosissimum
2918 3696 3237 3753 veniendum
3262 3704 3363 3761 est,
3388 3703 3411 3732 ο
3456 3694 3566 3749 imo

1982 3806 2087 3846 non
2136 3791 2484 3859 invidiosum,
2509 3792 2603 3845 sed
2650 3790 2909 3845 invidum.
2957 3788 3045 3843 Ait
3083 3791 3248 3856 enim,
3273 3786 3403 3853 Quis
3440 3800 3566 3854 pru-

1980 3886 2240 3951 dentium,
2272 3886 2359 3941 vel
2388 3887 2505 3956 quis
2537 3888 2855 3942 Sanctorum
2885 3886 3102 3956 aggredi
3133 3884 3302 3937 voluit
3342 3883 3395 3936 in
3420 3881 3564 3936 Lati-

1982 3994 2105 4031 num
2155 3987 2403 4044 vertere,
2447 3979 2587 4048 quod
2621 3989 2673 4033 tu
2712 3996 2874 4034 ausus
2908 3979 3006 4033 es‘!
3042 3978 3155 4045 Ego
3184 3976 3333 4043 ipse,
3364 3973 3560 4041 inquit,

1978 4082 2121 4137 sa-pe
2151 4066 2170 4105 τ
2207 4077 2424 4139 rogatus
2450 4084 2478 4121 a
2510 4071 2705 4134 multis,
2733 4086 2837 4123 non
2882 4068 3001 4123 feci.
3031 4068 3098 4121 Et
3125 4066 3341 4135 quidem
3368 4062 3553 4118 Sancti

1978 4171 2143 4224 quare
2194 4157 2295 4211 hoc
2340 4174 2443 4212 non
2486 4159 2727 4224 fecerint,
2763 4158 2935 4212 facilis
2975 4157 3249 4211 excusatio
3288 4164 3389 4208 est.
3436 4153 3553 4208 Non

1978 4249 2122 4302 enim
2166 4248 2445 4311 continuo,
2489 4250 2575 4317 qni
2599 4252 2822 4303 Sanctus
2863 4258 2916 4302 et
2942 4246 3170 4315 prudens
3192 4256 3273 4301 εει
3316 4245 3561 4309 Latinus.

1978 4338 2138 4407 387
2170 4338 2334 4392 etiam
2382 4338 2575 4408 lingua:
2604 4338 2803 4393 Grmcm
2837 4338 3075 4392 notitiam
3112 4336 3437 4391 sufficienter
3471 4338 3564 4391 ha-

1982 4429 2091 4484 bet.
2121 4429 2228 4485 Nec
2271 4431 2538 4486 sanctitati
2585 4432 2703 4499 ejus
2748 4429 3071 4494 detrahitur,
3101 4430 3185 4485 cui
3213 4429 3367 4484 deest
3392 4442 3566 4498 pere-

1976 4522 2146 4590 grina:
2191 4520 2390 4590 lingua:
2437 4522 2645 4575 notitia.
2678 4522 2785 4576 Aut
2826 4524 3016 4575 iterum
3058 4535 3164 4574 non
3205 4520 3466 4574 continuo
3507 4518 3557 4573 si

291 4614 534 4685 videns],
561 4614 685 4683 quid
715 4613 785 4667 ibi
814 4622 955 4668 esset
1000 4612 1314 4680 absurdum,
1346 4612 1472 4680 quid
1517 4628 1876 4683 consequens,
1908 4601 1959 4661 Ι)
1986 4613 2267 4666 scientiam
2292 4613 2412 4681 quis
2454 4614 2616 4667 habet
2654 4612 2825 4667 Graeci
2869 4614 3155 4680 sermonis,
3184 4612 3346 4667 etiam
3373 4613 3565 4669 volun-

291 4706 418 4776 quid
464 4704 729 4773 iniquum,
773 4703 897 4772 quid
927 4711 1074 4757 certe
1123 4711 1306 4756 contra
1343 4704 1678 4772 Apostolicas
1721 4719 1877 4774 regu-

295 4800 399 4863 las,
423 4796 451 4835 b
488 4796 582 4851 sed
616 4804 817 4849 tantum
841 4795 1022 4849 nescio
1049 4793 1173 4863 quid
1202 4794 1512 4862 impietatis,
1540 4809 1634 4862 pro
1660 4809 1785 4865 quo,
1819 4802 1879 4849 ut

293 4890 450 4955 dicis,
498 4886 801 4956 expiando,
852 4888 1166 4954 sanguinem
1212 4900 1367 4939 suum
1412 4884 1606 4940 fuderit
1653 4885 1872 4957 Martyr.

291 4978 409 5049 Ipsa
442 4979 531 5033 illa
562 4978 721 5032 verba
750 4977 795 5031 si
826 4976 1047 5045 legeret,
1068 4974 1179 5045 jam
1210 4990 1313 5029 non
1350 4986 1459 5040 tua,
1489 4976 1584 5033 sed
1613 4992 1708 5032 sua
1752 4992 1877 5032 sen-

296 5070 485 5135 tentia,
514 5080 605 5123 aut
633 5082 848 5123 errasse
880 5067 1187 5136 Martyrem,
1213 5074 1309 5120 aut
1349 5067 1566 5122 nomine
1596 5068 1866 5139 Martyris,

296 5160 589 5216 absurdam
624 5167 679 5215 et
706 5158 923 5228 impiam
950 5160 1405 5227 conscriptionem
1434 5159 1501 5213 ab
1534 5160 1638 5213 alio
1667 5159 1872 5217 diceret

368 5281 393 5309 ⁸
434 5272 789 5327 Guarnerian.
842 5286 965 5337 ms.,
994 5272 1247 5334 videatur,
1278 5282 1333 5326 et
1370 5287 1519 5335 mox,
1552 5272 1639 5325 ubi
1666 5272 1873 5341 pietatis

288 5352 337 5395 et
367 5343 625 5412 religionis
655 5342 808 5412 dicta,
840 5352 893 5396 et
922 5343 1119 5395 etiamsi
1148 5359 1283 5406 vera,
1307 5342 1591 5408 spernenda
1621 5343 1869 5397 decernis.

294 5412 387 5483 Cui
412 5411 525 5483 ja’m
548 5412 640 5483 iste
665 5411 904 5464 honorem
929 5414 1143 5482 deferat,
1178 5420 1222 5467 et
1244 5413 1324 5465 cui
1355 5413 1569 5483 parcat?

364 5481 497 5536 b‘lu
527 5482 716 5536 eodem
763 5496 887 5543 ms.,
918 5481 1007 5535 sed
1040 5494 1238 5547 tamen,
1273 5482 1504 5537 nondum
1554 5484 1684 5538 satis
1715 5484 1870 5539 bene.

292 5555 489 5611 Ferme
533 5563 710 5605 autem
760 5552 956 5605 rectius
987 5552 1206 5605 habebit
1252 5554 1471 5607 inferior
1507 5565 1788 5609 contextus
1830 5559 1875 5608 si

302 5625 373 5677 sel
403 5638 500 5689 pro
529 5622 617 5674 sed
648 5622 818 5690 legas.
848 5622 962 5674 Mox
993 5638 1089 5691 pro
1119 5624 1394 5692 impietatis
1417 5636 1566 5679 vetns
1594 5626 1756 5680 editio
1782 5626 1877 5679 ha-

286 5695 384 5748 bet
408 5693 772 5761 interpremtis,
802 5693 957 5744 male.

370 5773 395 5799 ⁸·
435 5762 556 5841 Ms.,
605 5762 863 5841 ejicietur;
890 5772 1019 5823 tum,
1045 5766 1148 5831 ipse
1175 5764 1262 5830 qui
1305 5764 1549 5841 laudabit.
1572 5766 1724 5841 Mox,
1758 5775 1804 5817 et
1834 5767 1899 5829 si,

313 5834 367 5885 in
393 5831 667 5903 aliquantis
714 5831 942 5884 videatur
989 5848 1205 5899 errasse,
1238 5849 1334 5902 pro
1379 5836 1581 5890 etiamsi
1633 5838 1871 5901 aliquan-

1981 4712 2146 4759 tatem
2190 4705 2576 4773 interpretandi
2621 4706 2799 4762 habet.
2827 4705 2934 4761 Aut
2972 4705 3134 4761 etiam
3164 4706 3209 4759 si
3251 4704 3432 4770 habet,
3457 4718 3565 4760 non

1981 4795 2161 4849 statim
2204 4794 2580 4850 discutiendus
2600 4805 2684 4851 est
2709 4796 2819 4861 ille,
2851 4797 2940 4866 qui
2986 4809 3153 4866 pauca
3182 4797 3567 4867 interpretatus

1980 4894 2084 4953 est,
2118 4900 2284 4953 quare
2328 4900 2435 4940 non
2466 4886 2639 4955 plura,
2672 4896 2762 4941 aut
2793 4901 2888 4941 cur
2916 4900 3021 4941 non
3052 4886 3166 4954 illa,
3193 4888 3289 4944 sed
3333 4888 3445 4943 illa.
3477 4887 3571 4943 Li-

1980 4974 2159 5029 bertas
2189 4985 2269 5030 est
2295 4976 2438 5029 enim
2482 4975 2536 5029 in
2567 4975 2934 5045 hujuscemodi
2983 4991 3167 5043 opere,
3199 4985 3254 5031 et
3281 4986 3366 5032 est
3395 4978 3481 5032 vel
3520 4978 3571 5031 in

1979 5065 2203 5121 arbitrio
2229 5066 2516 5122 scribentis
2543 5108 2557 5132 ,
2588 5069 2673 5123 vel
2716 5069 2766 5122 in
2817 5067 3087 5123 desiderio
3113 5067 3479 5137 deposcentis;
3518 5077 3575 5123 et

1982 5170 2157 5216 tamen
2196 5161 2263 5216 de
2294 5170 2480 5217 sancto
2512 5160 2711 5216 Hilario
2739 5161 2888 5228 dicit,
2923 5172 2976 5217 et
3006 5162 3074 5217 de
3104 5172 3307 5217 sancto
3338 5158 3573 5215 Victori-

1981 5272 2068 5333 do.
2098 5284 2206 5328 etc.

2055 5340 2083 5380 ἀ
2114 5343 2301 5399 Denuo
2349 5359 2474 5409 ms.,
2514 5346 2706 5399 meritis
2735 5346 3041 5400 credendum
3066 5383 3081 5409 ,
3127 5357 3221 5411 pro
3260 5339 3561 5411 cedendum,

1985 5412 2151 5486 ferme
2181 5416 2397 5468 rectius.
2428 5418 2545 5470 Mox
2575 5418 2736 5471 etiam
2767 5416 3065 5486 defensoriis
3095 5410 3253 5465 verbis
3285 5410 3442 5464 habet
3464 5423 3562 5478 pro

1982 5484 2285 5554 defensoris,
2317 5494 2422 5540 etc.

2054 5549 2078 5591 δ
2121 5556 2372 5624 Pericopa
2403 5556 2591 5611 isthtec
2620 5555 2926 5618 verborum,
2958 5554 3066 5624 into
3094 5566 3198 5603 non
3227 5549 3563 5624 invidiosum,

1979 5624 2068 5677 sed
2095 5620 2347 5690 invidum,
2380 5629 2430 5679 in
2460 5643 2559 5680 ms.
2586 5624 2941 5678 desideratur.
2969 5620 3194 5690 Videtur
3215 5620 3373 5674 etiam
3402 5620 3562 5672 docto

1980 5695 2096 5748 viro
2124 5696 2174 5749 in
2207 5688 2407 5749 textum
2440 5712 2504 5750 ex
2544 5703 2664 5747 nota
2694 5692 2757 5744 ad
2798 5692 2913 5745 libri
2947 5706 3093 5743 oram
3126 5688 3348 5741 intrusa.

2058 5763 2076 5801 ί
2121 5766 2285 5819 Tacet
2316 5783 2416 5821 ius.
2448 5780 2584 5831 swpe
2607 5760 2941 5816 adverbium.
2972 5759 3192 5814 Leviora
3224 5758 3419 5827 passim
3449 5755 3562 5814 dis-

1982 5836 2315 5890 simulamus.
