4128 6360
596 332 691 386 6H

1594 325 1818 382 RUFINI
1862 320 2341 393 AQlllLElENSJS
2380 326 2813 384 PRESBYTER!

3766 334 3867 389 Gl‘t

593 460 661 500 tto
686 462 699 500 :
724 456 948 514 quorum
980 441 1205 496 alterum
1252 439 1559 509 interpretis
1587 439 1741 493 titulo
1770 440 1900 493 nihil
1952 438 2173 493 omnino
2203 440 2251 501 Δ
2282 441 2444 495 situm
2473 442 2655 497 Sancti
2684 441 2919 511 Spiritus
2963 443 3290 513 compilare?
3340 445 3419 499 An
3452 460 3558 502 non
3603 455 3687 502 est.
3730 462 3872 502 com-

591 536 827 590 arbitror
857 534 1195 587 transtulisse
1221 532 1289 587 de
1334 531 1524 585 Graeco
1550 545 1563 582 :
1590 529 1816 584 alterum
1869 530 1983 596 ipse
2027 528 2176 593 dicit,

593 624 865 680 Heliodori
888 623 1163 691 cujusdam
1188 620 1492 691 Presbyteri
1521 635 1673 675 usum
1696 620 1945 685 scientia,
1972 632 2029 673 ut
2057 636 2179 688 quae

594 717 687 770 ille
719 717 820 771 sibi
855 716 1089 770 hauriret
1122 730 1187 770 ex
1220 715 1369 767 fonte
1397 714 1731 779 Grmcorum,
1760 716 1875 782 ipse
1904 712 2095 767 Latino
2116 728 2179 768 ea

596 823 845 862 sermone
883 808 1183 875 digereret,
1218 820 1314 873 pro
1344 819 1409 860 eo
1438 804 1579 874 quod
1624 813 1649 841 ι
1679 813 1769 857 aut
1805 804 1935 857 nihil
1970 814 2058 859 aut
2091 822 2180 873 pa-

596 918 714 955 rum
746 902 931 956 Grreee
960 906 1161 954 nosset.
1195 898 1272 952 Illi
1295 912 1422 967 ergo
1452 912 1547 952 cur
1577 899 1690 952 hinc
1717 913 1823 951 non
1856 896 2101 963 fecerint,
2128 908 2180 952 et

597 992 768 1049 facilis
796 1000 849 1043 et
879 989 1161 1044 manifesta
1183 997 1269 1043 est
1293 988 1573 1043 excusatio
1609 1005 1620 1039 :
1646 986 1713 1041 de
1744 996 1794 1041 te
1822 1001 1950 1041 sane
1982 990 2182 1040 miran-

593 1082 720 1135 dum
747 1089 829 1135 est
864 1095 1029 1149 quare
1060 1080 1163 1134 hoc
1200 1079 1415 1135 feceris.
1444 1078 1581 1145 Quid
1609 1079 1754 1133 enim
1786 1080 1955 1147 magis
1984 1079 2179 1145 audax,

594 1172 680 1227 vel
711 1172 839 1241 quid
888 1172 1119 1241 amplius
1150 1172 1516 1234 temerarium,
1551 1170 1721 1225 libros
1756 1172 1884 1224 istos
1914 1172 2181 1239 interpre-

595 1264 697 1318 tari
718 1264 989 1334 Origenis,
1022 1278 1247 1333 quorum
1266 1262 1377 1331 jam
1403 1276 1543 1331 pene
1564 1276 1781 1316 omnem
1802 1261 2182 1317 continentiam

596 1356 651 1410 in
681 1356 801 1411 aliis
830 1356 983 1411 libris
1013 1355 1344 1425 scripseras?
1376 1367 1605 1423 quorum
1648 1355 1827 1407 omnia
1857 1353 1969 1421 jam
2000 1354 2139 1407 dicta
2166 1396 2180 1416 ,

597 1463 722 1518 quas
755 1446 1201 1517 reprehensibilia
1228 1458 1373 1501 nunc
1399 1445 1558 1512 dicis,
1590 1446 1690 1501 sub
1718 1446 1919 1516 proprii
1953 1446 2185 1501 nominis

597 1554 848 1594 sermone
872 1536 1221 1607 protuleras?

668 1628 761 1683 52.
803 1629 887 1685 An
936 1638 993 1682 ut
1036 1628 1339 1684 divinarum
1381 1630 1776 1699 Scripturarum
1820 1628 2021 1693 libros,
2052 1642 2185 1697 quos

602 1722 669 1777 ad
698 1721 1071 1793 plenissimum
1102 1720 1225 1777 fidei
1253 1721 1671 1777 lnstrumentum
1701 1719 1961 1777 Ecclesiis
1988 1720 2186 1775 Christi

2286 532 2450 599 pilare
2474 548 2594 586 cum
2636 533 2878 602 quaedam
2926 534 3140 602 quidem
3192 535 3562 604 immutantur,
3614 546 3670 593 et
3720 554 3867 593 error

2283 622 2483 678 dicitur
2512 624 2742 691 corrigi?
2774 624 2905 678 Nam
2939 626 3116 679 omnis
3146 626 3235 680 illa
3264 626 3482 682 historia
3509 629 3577 684 de
3605 629 3865 697 Susanna,

2284 730 2403 785 quae
2432 716 2697 770 castitatis
2725 718 3035 787 exemplum
3064 718 3339 788 praebebat
3370 720 3628 777 Ecclesiis
3660 723 3778 789 Dei,
3808 725 3871 778 ab

2285 808 2386 862 isto
2416 809 2653 864 abscissa
2685 818 2767 865 est
2811 820 2865 866 et
2896 812 3100 881 abjeeta
3142 824 3304 884 atque
3336 817 3653 885 posthabita.
3693 819 3870 875 Trium

2285 915 2569 968 puerorum
2595 902 2846 971 hymnus,
2878 903 2967 971 qui
2998 905 3231 959 maxime
3252 908 3442 961 diebus
3469 910 3799 965 siilemnibos
3826 913 3870 965 in

2287 990 2521 1046 Ecclesia
2553 991 2658 1062 [ΑΙ.
2687 992 2968 1063 Ecclesiis]
3002 994 3095 1049 Dei
3123 998 3349 1061 canitur,
3378 998 3444 1051 ab
3470 998 3570 1052 isto
3591 1015 3620 1052 e
3649 1000 3762 1054 loco
3784 1017 3875 1058 suo

2286 1084 2493 1153 penitus
2520 1099 2705 1139 erasus
2729 1086 2835 1157 [ΑΙ.
2868 1086 3111 1157 abrasns]
3143 1097 3242 1141 est.
3283 1090 3345 1142 Et
3375 1090 3498 1158 qttid
3534 1106 3629 1160 per
3675 1090 3874 1160 singula

2286 1192 2653 1233 commemoro
2700 1180 2768 1234 de
2831 1180 2935 1244 bis,
2994 1196 3217 1250 quorum
3267 1184 3727 1249 comprehendere
3785 1203 3875 1239 nu-

2289 1284 2494 1323 merum
2527 1272 2773 1337 nequeo?
2802 1272 2874 1325 De
2897 1286 3002 1340 quo
3020 1281 3077 1326 ut
3101 1273 3341 1327 omittam
3367 1272 3490 1327 illud
3516 1276 3717 1339 dici-re,
3742 1280 3874 1345 quod

2286 1359 2627 1431 Septuaginta
2652 1363 2875 1417 duorum
2906 1366 3140 1420 virorum
3170 1380 3263 1434 per
3290 1366 3505 1420 cellulas
3532 1367 3876 1437 interpretan-

2295 1454 2428 1506 tium
2458 1468 2612 1506 unam
2639 1464 2691 1507 et
2717 1469 3007 1510 consonam
3031 1471 3241 1522 vocem,
3268 1457 3617 1511 dubitandum
3649 1476 3752 1512 non
3778 1474 3873 1524 ρει,

2288 1544 2519 1612 Spiritus
2538 1544 2720 1600 Saneti
2742 1546 3089 1609 insuiratione
3114 1549 3371 1616 prolatam
3389 1558 3436 1613 θ,
3468 1560 3519 1603 et
3550 1550 3770 1619 majoris
3795 1550 3875 1607 fid

2288 1636 2486 1691 debere
2507 1652 2627 1693 esse
2661 1638 3014 1704 auctoritatis,
3042 1654 3198 1708 quam
3240 1640 3292 1695 id
3314 1641 3457 1710 quod
3492 1642 3558 1693 ab
3580 1658 3688 1695 uno
3715 1643 3878 1697 homi-

2290 1742 2376 1793 ne,
2405 1729 2505 1782 sibi
2530 1729 2763 1783 Barraba
2780 1730 3073 1800 aspirante,
3096 1733 3407 1787 translatum
3438 1741 3539 1787 est.
3562 1735 3768 1804 [tergo
3786 1737 3877 1791 hoc

601 1813 846 1883 Apostoli
876 1812 1231 1879 tradiderunt,
1265 1830 1400 1868 nova
1433 1829 1574 1868 nunc
1604 1820 1661 1868 et
1688 1827 1718 1866 a
1749 1812 1950 1867 ludatis
1978 1822 2178 1867 mutata
2214 1811 2257 1870 Β
2288 1819 2393 1889 [ΑΙ.
2432 1820 2565 1891 hrrc]
2598 1822 2837 1875 omittam
2860 1864 2873 1888 ,
2920 1823 3041 1878 vide
3072 1824 3196 1892 quid
3228 1824 3473 1892 dicimus,
3500 1828 3648 1881 verbi
3674 1842 3875 1883 caussa.

603 1905 1046 1973 interpretatione
1096 1906 1365 1960 mutares?
1411 1904 1549 1972 Quid
1600 1904 1693 1959 tibi
1735 1920 1798 1959 ex
1846 1904 1927 1957 his
1976 1904 2183 1959 duabus

602 1997 809 2052 caussis
839 1998 1012 2066 magis
1052 1997 1301 2063 vjdeatur
1330 1997 1618 2052 illicitum?
1648 1996 1782 2051 Nam
1812 1996 2058 2065 Origenis
2100 1998 2183 2051 di-

610 2100 695 2145 cta
719 2089 773 2156 b,
813 2091 925 2146 sive
965 2092 1208 2161 placent,
1242 2102 1298 2146 ut
1340 2092 1572 2148 hominis
1613 2092 1754 2148 dieta
1793 2091 2043 2161 placent,
2073 2093 2186 2147 sive

600 2186 909 2257 displicent,
939 2198 996 2243 ut
1026 2190 1260 2246 hominis
1291 2189 1423 2246 falsa
1454 2190 1600 2246 dicta
1644 2190 1805 2245 facile
1833 2198 2185 2244 contemnun-

602 2288 706 2333 tur.
738 2280 841 2336 lsta
871 2296 999 2337 vero
1026 2298 1146 2352 qua:
1181 2298 1323 2337 nunc
1356 2291 1410 2337 tu
1450 2282 1843 2350 interpretaris,
1878 2290 1931 2335 et
1962 2296 2056 2349 per
2083 2279 2183 2333 Ec-

601 2372 798 2428 clesias
821 2374 887 2443 :et
930 2374 1279 2441 monasteria,
1317 2390 1411 2445 per
1441 2376 1634 2444 oppida
1665 2386 1719 2430 et
1744 2373 1962 2429 castella
2009 2381 2186 2426 trans-

600 2465 793 2532 mittis,
821 2466 1095 2534 quomodo
1142 2467 1545 2535 suscipiemus?
1575 2474 1825 2535 tanquam
1873 2464 2050 2518 divina
2074 2503 2091 2529 ,
2118 2477 2183 2516 an

602 2561 854 2623 tanquam
898 2556 1166 2609 humana?
1199 2556 1267 2609 Et
1295 2556 1421 2624 quid
1464 2553 1710 2622 facimus,
1742 2554 1880 2623 quod
1910 2569 2027 2623 qua:
2058 2553 2186 2607 Pro-

600 2645 883 2714 phetarum
938 2646 1023 2700 vel
1075 2646 1465 2714 Legislatorum
1510 2646 1816 2701 nominibus
1869 2646 2181 2709 titnlantur,

602 2738 811 2793 veriora
843 2737 959 2793 haec
1003 2738 1098 2794 abs
1146 2747 1220 2805 te,
1249 2753 1406 2809 quam
1439 2739 1527 2793 illa
1559 2754 1676 2808 qua:
1719 2738 1957 2807 Apostoli
1988 2737 2181 2805 proba-

598 2840 813 2895 verunt,
839 2828 1210 2884 aflirmantur?
1228 2830 1371 2884 Istud
1394 2830 1763 2895 commissum,
1789 2830 1894 2892 dic,
1921 2828 2187 2895 quomodo

601 2920 1000 2987 emendabitur,
1033 2921 1198 2992 388
1242 2920 1351 2975 imo
1401 2919 1548 2974 nefas
1580 2918 1686 2991 [ΑΙ.
1727 2920 1854 2973 add.
1890 2920 2010 2989 hoc]
2050 2935 2184 2989 quo-

598 3011 762 3067 modo
789 3012 1121 3083 expiabitur?
1152 3013 1208 3069 Si
1245 3014 1386 3069 enim
1418 3013 1470 3067 in
1502 3011 1815 3083 explicanda
1846 3010 1954 3083 [ΑΙ.
1988 3011 2179 3081 expla-

602 3104 802 3176 nanda]
846 3105 965 3177 lege
994 3106 1195 3176 aliquid
1233 3106 1391 3161 aliter
1431 3106 1683 3170 sensisse,
1716 3104 2019 3159 damnabile
2045 3103 2183 3173 apud

2294 1912 2479 1966 Petrus
2506 1914 2758 1967 Romana:
2802 1914 3055 1969 Ecclesia:
3098 1930 3193 1984 per
3222 1916 3405 1985 viginti
3448 1926 3501 1971 et
3522 1928 3750 1987 quatuor
3790 1935 3876 1973 an-

2290 2021 2383 2059 nOs
2412 2004 2661 2073 prtPfUit:
2709 2006 3062 2059 dubitandum
3104 2022 3209 2060 non
3249 2016 3362 2074 est,
3391 2009 3517 2076 quin
3558 2009 3700 2062 sicut
3730 2020 3874 2065 ciete-

2287 2112 2364 2165 ra,
2399 2098 2562 2168 389
2590 2113 2707 2166 quae
2739 2098 2804 2151 ad
2840 2099 3245 2152 instructionem
3280 2101 3576 2165 pertinent,
3611 2102 3774 2156 etiam
3815 2105 3873 2156 li-

2288 2188 2503 2241 brorum
2562 2188 2915 2243 Instrumenta
2968 2190 3218 2244 Ecclesiae
3272 2191 3386 2258 ipse
3437 2192 3731 2254 tradiderit.
3767 2210 3877 2265 quae

2288 2280 2469 2349 utique
2492 2280 2601 2347 jam
2635 2290 2779 2345 tunc,
2816 2281 2931 2349 ipso
2970 2281 3187 2335 sedente
3216 2291 3267 2336 et
3295 2283 3548 2349 docente,
3580 2287 3876 2340 recitaban-

2287 2381 2393 2427 tur.
2443 2373 2578 2437 Quid
2621 2373 2790 2441 ergo?
2846 2372 3065 2441 Decepit
3115 2374 3302 2429 Petrus
3349 2375 3637 2444 Apostolus
3686 2376 3877 2433 Christi

2289 2467 2610 2535 Ecclesiam,
2651 2478 2703 2522 et
2736 2467 2897 2521 libros
2925 2468 2975 2521 ei
3006 2466 3166 2521 falsos
3196 2478 3248 2522 et
3278 2468 3406 2522 nihil
3438 2468 3679 2523 veritatis
3708 2471 3875 2524 conti-

2288 2550 2474 2616 nentes
2502 2562 2739 2626 tradidit,
2774 2571 2827 2616 et
2854 2576 2970 2614 cum
2998 2562 3179 2625 Sciret,
3206 2562 3343 2630 quod
3374 2576 3558 2615 verum
3590 2572 3674 2617 est
3698 2562 3877 2617 haberi

2287 2654 2426 2724 apud
2455 2655 2670 2711 Judteos
2696 2696 2710 2718 ,
2742 2654 2880 2723 apud
2922 2652 3253 2709 Christianos
3286 2655 3495 2709 volebat
3528 2655 3710 2711 haberi
3741 2657 3876 2727 quod

2285 2746 2477 2802 falsum
2508 2748 2633 2802 est?
2676 2746 2782 2802 Sed
2817 2746 3043 2801 fortasse
3088 2746 3237 2809 dicit,
3273 2747 3392 2814 quia
3426 2748 3542 2801 sine
3569 2748 3740 2803 literis
3769 2760 3880 2804 erat

2292 2839 2514 2903 Petrus,
2545 2849 2601 2895 et
2630 2839 2835 2893 sciebat
2876 2838 3123 2908 quidem,
3167 2837 3475 2892 .ludzcorum
3525 2839 3688 2894 libros
3718 2842 3880 2910 magis

2287 2946 2405 2987 esse
2446 2946 2625 2991 veros.
2674 2945 2832 2999 quam
2882 2929 3035 2995 istos,
3066 2930 3157 2998 qui
3187 2939 3338 2985 erant
3380 2932 3432 2984 in
3468 2930 3709 2985 Ecclesia
3741 2951 3754 2985 :
3790 2934 3879 2988 sed

2288 3020 2630 3089 interpretari
2675 3034 2781 3074 non
2834 3027 3041 3085 poterat
3092 3027 3310 3088 propter
3352 3022 3622 3075 sermonis
3668 3023 3880 3092 imperi-

2289 3112 2435 3166 tiam.
2474 3112 2537 3164 Et
2566 3110 2727 3179 quid?
2765 3108 2905 3163 Nihil
2939 3108 2992 3162 in
3039 3108 3139 3162 isto
3169 3108 3360 3179 agebat
3387 3110 3539 3179 ignea
3584 3110 3763 3181 lingua
3792 3127 3880 3181 per

599 3203 653 3252 te
678 3198 929 3252 ducitur:
953 3198 1123 3267 ipsam
1168 3198 1339 3268 legem
1371 3206 1682 3267 pervertere
1729 3197 1782 3251 in
1828 3196 1972 3251 aliud
2023 3210 2183 3267 quam
2216 3181 2262 3245 Ο
2292 3202 2547 3272 Spiritum
2589 3201 2843 3257 Sanctum
2888 3200 3093 3255 caelitus
3128 3200 3295 3255 data?
3329 3200 3445 3255 Non
3476 3216 3604 3271 ergo
3631 3203 3879 3258 omnibus

599 3289 840 3359 Apostoli
873 3290 1226 3356 tradiderunt,
1271 3289 1485 3361 quoties
1511 3287 1816 3343 damnabile
1841 3287 2181 3356 iudicandum

598 3383 718 3437 est?
744 3381 853 3437 Cur
883 3397 989 3437 non
1034 3385 1204 3453 magis
1236 3396 1328 3452 pro
1359 3380 1520 3451 hujus
1549 3381 1666 3435 ausi
1709 3379 2011 3435 temeritate
2038 3378 2186 3433 dica-

600 3489 758 3528 mus:
791 3483 813 3511 °
850 3474 981 3541 Quis
1011 3488 1080 3529 ex
1122 3481 1200 3527 tot
1225 3480 1281 3527 et
1309 3474 1472 3526 tantis
1505 3470 1859 3540 prudentibus
1892 3478 1947 3523 et
1983 3470 2183 3523 sanctis

601 3564 754 3632 viris,
811 3564 1057 3632 quiante
1094 3567 1153 3618 te
1188 3561 1406 3617 fuerunt
1454 3560 1522 3615 ad
1562 3559 1703 3614 istud
1742 3573 1877 3629 opus
1908 3573 2071 3613 ausus
2113 3556 2184 3611 sit

602 3669 819 3710 manum
880 3654 1132 3709 mittere?
1178 3653 1309 3720 Quis
1356 3650 1722 3721 praesumserit
1768 3664 1949 3705 sacras
2000 3648 2183 3704 Sancti

602 3746 839 3815 Spiritus
887 3758 1051 3801 voces
1100 3751 1156 3800 et
1196 3742 1376 3798 divina
1408 3741 1690 3796 Volumina
1722 3740 2027 3796 temerare?
2054 3740 2184 3810 Quis

600 3847 799 3910 praeter
856 3847 907 3894 te
950 3837 1129 3892 divino
1157 3837 1364 3892 muneri
1395 3844 1451 3892 et
1478 3836 1854 3907 Apostolorum
1884 3834 2181 3891 haereditati

600 3945 791 3986 manus
824 3930 1062 3993 intulerit
1089 3930 1195 4004 [ΑΙ.
1230 3929 1427 3999 intulit]
1451 3930 1474 3982 ?

671 4024 763 4079 55.
806 4024 870 4079 Et
897 4023 1115 4095 quidem
1139 4037 1264 4078 cum
1313 4024 1502 4093 ingens
1528 4024 1684 4093 copia
1728 4022 1892 4078 fuisse
1934 4035 1999 4076 ex
2031 4020 2183 4075 initio

598 4118 652 4173 in
687 4116 947 4173 Ecclesiis
978 4116 1106 4184 Dei,
1156 4122 1211 4171 et
1256 4116 1525 4187 praecipue
1572 4115 1923 4185 .lerosolymis
1970 4129 2177 4179 eorum,

597 4211 687 4280 qui
718 4224 782 4265 ex
823 4208 1235 4264 circumcisione
1264 4208 1629 4272 crediderant,
1664 4206 1948 4271 referatur,
1983 4206 2034 4259 in
2064 4205 2183 4275 qui-

596 4302 695 4356 bus
725 4302 907 4371 utique
953 4302 1149 4371 linguae
1177 4300 1455 4371 utriusque
1497 4300 1789 4370 perfectam
1819 4300 1982 4353 fuisse
2009 4298 2181 4352 scien-

596 4395 725 4450 tiam
753 4435 769 4462 ,
819 4406 875 4450 et
921 4394 1059 4464 legis
1110 4394 1355 4463 peritiam
1402 4393 1736 4464 probabilem
1765 4432 1782 4459 ,
1825 4392 2180 4447 administrati

596 4484 942 4554 pontiﬁcatus
971 4491 1196 4540 testatur
1225 4484 1481 4540 otftcium.
1515 4483 1643 4552 Quis
1668 4498 1796 4553 ergo
1820 4484 1871 4537 in
1919 4483 2018 4537 ista
2057 4497 2179 4537 eru-

2289 3293 2486 3362 littguis
2517 3292 2876 3359 loquebantur
2900 3290 3187 3359 Apostoli?

2358 3383 2448 3438 54.
2491 3382 2645 3439 Sed!
2673 3380 3052 3443 concedamus,
3100 3381 3223 3450 quia
3269 3396 3375 3436 non
3424 3382 3655 3449 potuerit
3691 3383 3879 3439 Petrus

2287 3472 2580 3539 Apostolus
2606 3472 2783 3526 facere
2807 3470 2946 3539 quod
2976 3470 3059 3525 hic
3088 3470 3248 3525 modo
3281 3470 3403 3526 fecit
3430 3490 3441 3522 :
3467 3472 3535 3527 de
3561 3470 3726 3526 Paulo
3756 3474 3877 3541 quid

2286 3565 2549 3620 dicimus?
2592 3563 2731 3619 Nunt
2776 3572 2830 3618 et
2860 3562 3053 3617 Paulus
3100 3564 3216 3617 sine
3248 3564 3415 3619 literis
3443 3564 3582 3618 fuit?
3626 3564 3879 3620 ilebraaus

2285 3671 2349 3711 ex
2379 3654 2643 3719 Hebraeis,
2673 3652 2968 3709 secundum
2998 3652 3169 3723 legem
3193 3653 3516 3719 Pbaristeus,
3541 3654 3769 3710 edoctus
3795 3672 3880 3712 se-

2285 3763 2383 3803 cus
2409 3748 2571 3817 pedes
2601 3745 2944 3811 Gamalielis,
2973 3746 3063 3815 qui
3094 3748 3257 3802 etiam
3298 3756 3352 3803 et
3383 3749 3498 3817 ipse
3525 3748 3709 3803 Romae
3739 3756 3879 3820 βοεξ-

2286 3848 2402 3903 tus,
2434 3839 2481 3894 si
2512 3839 2638 3907 quid
2670 3839 2831 3894 Petro
2855 3838 3145 3904 defuisset,
3178 3848 3332 3909 putas
3362 3854 3467 3895 non
3509 3842 3678 3910 potuit
3705 3843 3878 3898 adim-

2285 3930 2473 4001 plere?
2499 3930 2779 3998 Quomodo
2808 3945 2935 4000 ergo
2963 3930 3070 3997 isti,
3100 3932 3190 4001 qui
3226 3931 3608 4000 prmcipiebant
3640 3933 3879 4004 discipu-

2285 4020 2353 4076 lis
2380 4030 2436 4075 ut
2476 4019 2817 4075 attenderent
2862 4020 3113 4085 lectioni,
3166 4020 3476 4076 emendatas
3504 4021 3587 4077 eis
3631 4032 3685 4077 et
3728 4040 3879 4078 veras

2286 4130 2393 4169 non
2420 4113 2619 4169 dabant
2649 4113 2945 4179 lectiones;
2979 4121 3035 4169 et
3060 4113 3151 4183 qui
3181 4112 3501 4182 praecipiunt
3528 4127 3597 4169 ne
3636 4115 3879 4169 attenda-

2284 4220 2405 4261 mus
2432 4204 2667 4260 Judaicis
2700 4203 2893 4258 fabulis
2925 4213 2979 4258 et
3005 4203 3335 4274 genealogiis
3358 4248 3372 4270 ,
3406 4220 3525 4275 quae
3555 4208 3879 4275 quaestiones

2285 4300 2454 4369 magis
2481 4307 2762 4367 praestant,
2792 4312 2954 4367 quam
2985 4299 3400 4353 aedificationem
3438 4315 3452 4352 :
3486 4311 3538 4355 et
3569 4302 3764 4357 iterum
3789 4320 3877 4357 ca-

2284 4405 2412 4446 vere
2456 4405 2553 4444 nos
2588 4388 2801 4459 jubent,
2846 4397 2902 4444 et
2945 4390 3233 4445 observare
3265 4392 3493 4447 maxime
3520 4407 3651 4459 eos,
3693 4396 3782 4464 qui
3812 4411 3875 4450 ex

2284 4481 2692 4538 circumcisione
2722 4490 2846 4535 sunt
2878 4498 2893 4534 :
2941 4482 3210 4551 quomodo
3243 4498 3348 4537 non
3398 4485 3757 4552 pervidebant
3787 4502 3878 4555 per

591 4578 833 4636 diturum
863 4576 1099 4634 virorum
1121 4575 1150 4616 ἀ
1179 4579 1331 4649 copia
1360 4592 1522 4633 ausus
1548 4585 1631 4633 est
1660 4578 2075 4632 lnstrumentum
2098 4575 2181 4631 di-
2208 4562 2259 4622 D
2285 4576 2554 4644 spiritum,
2584 4570 2607 4610 ιι
2633 4575 2775 4644 quod
2805 4575 3038 4629 futurum
3068 4582 3212 4630 esset
3241 4584 3448 4644 tempus
3480 4586 3599 4644 post
3619 4580 3875 4647 quadrin-

593 4671 803 4743 vinum,
832 4669 975 4742 quod
1004 4670 1247 4740 Apostoli
1275 4668 1527 4725 Ecclesiis
1549 4666 1901 4734 tradiderunt,
1932 4676 1986 4722 et
2014 4666 2180 4736 depo-

663 4814 691 4844 ι
736 4806 911 4875 Atque
941 4804 1061 4859 lteic
1106 4812 1245 4859 tacet
1285 4818 1385 4857 ms.
1418 4812 1540 4875 aut;
1584 4811 1693 4856 tum
1724 4817 1813 4875 cur
1843 4799 1937 4853 hoc
1968 4803 2182 4875 praefert

596 4889 692 4943 pro
726 4872 854 4941 hazc’,
886 4875 1115 4944 denique
1145 4878 1316 4928 altero
1347 4874 1415 4925 ab
1445 4874 1546 4927 hoc
1575 4887 1732 4927 versu
1762 4872 1881 4940 plus
1912 4872 2091 4940 habet,
2116 4874 2180 4926 de

590 4958 636 5000 te
672 4962 793 5002 sane
816 4948 962 5001 valde
986 4946 1279 4999 mirandum
1305 4952 1399 4997 est.

667 5016 695 5056 ι)
736 5018 957 5072 Brevius
978 5018 1030 5071 in
1062 5031 1189 5080 ms.,
1222 5014 1364 5068 Nam
1384 5013 1616 5082 Origenis
1643 5012 1801 5080 dicta,
1824 5012 1925 5064 sive
1953 5012 2174 5081 placent,

596 5089 698 5145 sive
726 5088 1017 5157 displicent,
1050 5095 1107 5139 ut
1145 5085 1373 5157 hominis
1394 5084 1529 5135 dicta
1574 5082 1733 5157 facile
1747 5092 2172 5157 contemnuntur.

596 5160 661 5214 Et
694 5154 850 5228 paulo
896 5167 1033 5227 post,
1060 5173 1176 5228 per
1216 5155 1426 5223 oppida,
1462 5154 1787 5228 pet'Jcastella
1832 5154 2133 5228 transmittis
2161 5196 2174 5218 ,

593 5223 845 5299 quoinodo
877 5223 1221 5299 suscipiemus
1243 5234 1486 5299 tanquam
1530 5223 1889 5299 divina?_quid
1926 5224 2171 5299 facimus,

592 5292 705 5369 qum
725 5292 1157 5369 praphctarum...
1182 5294 1468 5369 titulantur,
1491 5292 1628 5369 quod
1660 5294 1875 5358 veriora,
1906 5296 2177 5369 υιοτηΑρο-

592 5362 1160 5440 ἑτοιῖαρρτοόαυεηιηι.
1184 5366 1315 5429 Qua:
1340 5362 1468 5415 vitia
1497 5363 1550 5415 in
1581 5362 1662 5415 his
1685 5372 1839 5418 erant
1868 5362 2170 5433 manil'eSta,

592 5444 970 5512 prmterimus._
1249 5500 1279 5512 η
1588 5502 1598 5511 ,

668 5522 689 5550 c
727 5506 857 5565 plus
891 5507 1045 5560 habet
1070 5518 1195 5566 ms.,
1225 5501 1478 5569 dicamus,
1511 5502 1631 5571 quia
1659 5503 1787 5571 quis,
1814 5514 1916 5559 etc.

663 5578 691 5618 ἀ
732 5580 1005 5635 lnterserit
1033 5589 1132 5628 ms.
1166 5581 1329 5624 tanta.

670 5661 694 5688 ο
737 5652 902 5703 vetus
938 5646 1089 5706 edin,
1136 5640 1420 5710 probatam.
1473 5642 1550 5695 De
1588 5644 1863 5711 repudiata
1908 5645 2170 5702 Susannre

595 5720 839 5781 historia,
877 5712 1715 5785 llymnoquetriumpucrorutn,
1748 5727 1878 5781 etc.,
1906 5735 2006 5770 non
2034 5721 2170 5785 quod

591 5793 698 5858 ipse
728 5778 954 5849 sentirei,
989 5783 1075 5835 sed
1096 5778 1213 5849 quid
1232 5778 1609 5836 Judaicontra
1639 5800 1728 5840 nos
1756 5778 1922 5841 dicere
1952 5778 2164 5858 soleant,

2286 4678 2475 4739 gentos
2506 4667 2617 4723 fere
2645 4681 2833 4734 annos,
2866 4667 3080 4737 quando
3112 4666 3371 4735 Ecclesia,
3402 4670 3617 4738 cognito
3642 4685 3708 4726 eo
3734 4672 3875 4741 quod

2287 4802 2599 4871 exposuisse
2630 4816 2688 4855 se
2720 4801 3000 4870 profitetur
3022 4800 3080 4854 S.
3117 4801 3312 4855 Doctor
3342 4800 3565 4870 Apolog.
3600 4802 3692 4856 lib.
3729 4803 3790 4857 ll.
3819 4820 3872 4858 n.

2287 4874 2376 4928 55.
2432 4874 2686 4926 Fabuiam
2733 4888 2895 4940 porro
2947 4873 3263 4926 cellularum
3317 4872 3598 4926 verissime
3638 4877 3876 4943 expleuit

2294 4944 2565 4999 sexcentis
2597 4945 2725 4996 locis
2744 4984 2758 5005 ,
2791 4958 2926 5011 quos
2970 4959 3070 4997 nec
3099 4944 3517 5014 meatiindicare
3543 4960 3554 4994 :
3583 4960 3872 5014 numquam

2291 5023 2463 5069 tamen
2480 5015 2736 5067 versionis
2753 5014 3095 5081 Septuaginta
3119 5013 3299 5067 viralis
3314 5016 3659 5068 authenticita
3670 5018 3703 5068 ti
3718 5013 3742 5081 ,⁷
3756 5019 3871 5071 sive

2282 5086 2590 5139 auctoritati
2626 5086 2869 5151 derogat,
2901 5085 2994 5138 sed
3024 5099 3155 5155 eam,
3181 5092 3337 5153 negat
3365 5084 3616 5139 divinitus
3646 5087 3873 5155 inSpira-

2282 5166 2388 5210 tam
2417 5175 2429 5211 :
2458 5166 2601 5207 ecrte
2636 5157 2876 5221 pluribus
2905 5157 3109 5208 mendis
3130 5154 3470 5221 depravatam
3500 5154 3759 5210 ostendit.

2357 5226 2374 5264 ί
2419 5227 2624 5280 Reticet
2650 5226 3006 5279 Guainerian.
3054 5241 3152 5278 ms.
3187 5225 3240 5276 id
3267 5226 3507 5279 voculatn
3534 5244 3547 5278 :
3574 5239 3792 5288 catera,
3818 5229 3868 5281 in

2281 5298 2473 5368 quibus
2500 5297 2721 5349 inferius
2749 5311 2894 5364 saepe
2916 5296 3183 5359 dissentit,
3208 5296 3332 5349 vitia
3356 5305 3483 5350 sunt
3503 5302 3867 5352 amanuensis.

2353 5378 2377 5415 ε
2403 5370 2755 5433 Guarnerian.
2786 5385 2910 5433 ms.,
2961 5368 3313 5431 concedimus;
3341 5380 3448 5421 ttttn
3469 5372 3602 5431 quod
3624 5368 3707 5420 hic
3730 5369 3869 5435 fecit,

2279 5439 2478 5508 absque
2509 5438 2678 5489 modo.
2741 5439 2799 5491 lit
2832 5441 2988 5506 paulo
3020 5448 3171 5505 post,
3216 5441 3258 5492 si
3293 5440 3415 5508 quid
3458 5438 3615 5491 Petro
3647 5439 3872 5508 defuisse

2279 5521 2449 5578 putas,
2485 5525 2586 5561 non
2617 5511 2776 5570 potuit
2804 5510 3103 5578 adimplere.

2349 5578 2376 5615 δ
2408 5581 2531 5632 Plus
2566 5579 2723 5650 habet
2754 5595 2879 5645 ms.,
2924 5576 3012 5650 per
3044 5581 3290 5646 Spiritum
3322 5576 3602 5642 Sanctum,
3634 5589 3688 5635 et
3720 5598 3861 5641 mox.

2276 5654 2475 5718 cognitu
2506 5656 2641 5716 quod
2673 5649 2735 5701 ab
2760 5649 3035 5718 Apostolis,
3068 5666 3170 5702 eae.
3206 5650 3460 5717 Origenes
3509 5653 3560 5703 in
3595 5652 3765 5715 Epist.
3799 5652 3863 5705 ad

2275 5722 2579 5774 Africanum
2612 5736 2664 5772 n.
2696 5722 2749 5774 4.
2776 5721 2993 5785 Tempus
3022 5731 3091 5769 est
3123 5720 3297 5784 igitur,
3332 5720 3374 5769 si
3400 5721 3507 5769 Itwc
3536 5737 3628 5771 nos
3659 5740 3757 5775 nun
3790 5724 3870 5774 la-

2276 5801 2401 5861 tent,
2436 5792 2678 5860 abrogare
2707 5810 2820 5861 qtut'
2848 5796 2896 5843 in
2932 5789 3157 5841 Ecclcsiu
3188 5792 3421 5856 {ertmtur
3447 5793 3760 5857 exemplaria
3779 5832 3791 5849 ,
3819 5804 3859 5847 rt
