4128 6360
283 356 387 410 615

1396 349 1765 406 APOLOGl/E
1807 349 2005 405 LIBER
2052 351 2434 409 SECUNDUS.

3464 362 3570 422 (ile

284 468 353 524 ab
378 467 661 537 Apostolis
688 481 793 521 non
826 466 927 521 sibi
959 474 1101 520 esset
1130 464 1323 520 tradita
1350 467 1545 519 veritas
1569 463 1768 518 veteris
1797 464 1878 518 ln-
1910 477 1951 529 Α
1985 481 2077 534 per
2100 469 2284 524 orbem
2310 478 2597 537 terrarum,
2622 471 2733 526 sive
2756 486 2944 530 eorum
2972 474 3062 544 qui
3091 474 3142 530 in
3173 489 3397 547 corpore
3418 490 3566 551 sunt,

284 558 599 624 strumenti,
648 558 848 627 legatos
890 556 1128 611 mitteret
1170 556 1237 610 ad
1282 557 1435 621 istos,
1475 569 1612 623 quos
1644 555 1718 609 illi
1755 563 1879 608 tunc

281 650 764 709 Gireumcisionem
790 651 1084 714 vonbant,
1116 649 1409 705 obsecrans
1446 657 1500 703 et
1540 662 1789 713 exorans,
1823 658 1879 702 ut

281 742 382 799 sibi
413 743 480 799 de
503 744 756 807 veritate,
788 757 907 811 qua:
935 741 1073 810 apud
1115 741 1261 809 ipsos
1291 750 1315 777 ιι
1346 747 1452 804 est,
1482 738 1681 807 aliquid
1714 739 1876 808 largi-

282 834 514 887 rentur?
561 834 665 888 Per
697 842 835 887 totos
867 834 999 886 istos
1027 832 1444 901 quadringentos
1471 843 1642 883 annos
1669 843 1877 884 errasse

284 938 363 990 se,
386 933 444 980 et
472 925 750 995 ignorasse
777 926 917 995 quod
946 939 1126 979 verum
1154 932 1255 987 est,
1282 922 1573 977 fateretur?
1604 922 1874 975 Adseitam

282 1030 341 1071 se
385 1017 604 1086 quidem
633 1018 797 1087 390
825 1032 946 1072 esse
977 1032 1040 1072 ex
1074 1014 1336 1069 Gentibus
1382 1027 1631 1082 sponsam
1663 1012 1876 1068 Christo

286 1121 379 1176 per
408 1108 697 1175 Apostolus
730 1126 741 1159 :
776 1106 869 1161 sed
902 1121 1008 1161 non
1039 1107 1107 1159 ab
1136 1106 1217 1161 eis
1258 1106 1400 1159 veris
1439 1105 1726 1159 monilibus
1777 1120 1876 1159 ex-

286 1210 526 1254 ornatam
555 1219 566 1253 :
595 1212 813 1269 putasse
838 1214 897 1255 se
927 1200 1129 1268 lapides
1156 1213 1277 1255 esse
1303 1199 1586 1268 pretiosos,
1616 1213 1754 1251 nunc
1780 1213 1876 1251 auo.

289 1304 391 1348 tem
419 1292 863 1361 deprehendisse,
886 1292 1027 1360 quod
1050 1307 1154 1345 non
1182 1298 1308 1345 sunt
1332 1304 1472 1344 verae
1492 1290 1606 1344 istae
1626 1304 1873 1358 gemmae,

286 1400 417 1455 quas
454 1386 557 1439 sibi
592 1386 831 1455 Apostoli
864 1384 1064 1439 Christi
1112 1384 1479 1452 imposuerant
1511 1399 1523 1434 :
1559 1382 1874 1436 erubescere

285 1494 343 1535 se
366 1478 430 1533 ad
463 1478 735 1547 publicum
765 1478 1077 1545 procedere,
1110 1475 1258 1531 falsis
1296 1484 1350 1529 et
1380 1489 1483 1529 non
1514 1474 1656 1528 veris
1686 1475 1873 1542 lapidi-

286 1572 381 1625 bus
411 1572 765 1635 adornatam,
798 1579 849 1624 et
879 1569 1001 1625 ideo
1034 1584 1220 1639 rogare
1251 1582 1330 1633 se,
1364 1578 1424 1622 ut
1471 1567 1555 1621 vel
1589 1567 1871 1621 Barrnbam

286 1664 430 1718 illum
455 1679 613 1732 quem
640 1663 948 1733 aliquando,
974 1672 1031 1718 ut
1056 1663 1271 1717 Christo
1299 1662 1546 1725 nuberet,
1577 1670 1871 1729 spreverat,

285 1757 494 1811 mittant
521 1757 587 1811 ad
617 1771 676 1812 se
705 1758 792 1825 qui
829 1758 999 1826 possit
1026 1771 1148 1811 cum
1180 1771 1287 1810 uno
1316 1755 1487 1810 electo
1516 1770 1586 1810 ex
1618 1758 1731 1809 suis
1760 1756 1874 1809 viro

1984 559 2099 612 sive
2140 574 2325 613 eorum
2359 562 2448 631 qui
2492 563 2555 616 ad
2590 563 2870 619 Dominum
2921 577 3293 634 perrexerunt,
3345 573 3461 628 sive
3490 575 3566 629 illi

1980 648 2146 701 sancti
2163 648 2509 705 Confessores
2533 650 2766 719 luerunt,
2785 669 2880 709 seu
2904 657 3063 710 etiam
3090 658 3260 714 sancti
3278 659 3559 734 Martyres,

1981 739 2279 808 quicunque
2302 742 2567 812 llymnum
2602 745 2757 800 trium
2788 761 3074 815 puerorum
3106 750 3160 805 in
3185 752 3425 810 Ecclesia
3457 756 3565 811 Do-

1980 830 2108 883 mini
2139 835 2464 899 cecinerunt,
2496 850 2683 891 omnes
2722 851 3052 903 erraverunt.
3079 851 3135 897 et
3175 842 3306 899 falsa
3346 847 3562 902 cecine-

1981 929 2123 974 runt.
2157 922 2313 977 Modo
2347 940 2474 994 ergo
2501 928 2654 981 nobis
2682 938 2802 997 post
2828 931 3243 1002 quadringentos
3270 951 3440 992 annos
3465 938 3565 993 Le-

1980 1011 2058 1080 gis
2088 1012 2282 1066 veritas
2309 1023 2486 1083 empta
2527 1020 2697 1085 pretio
2719 1019 2785 1071 de
2804 1020 3080 1093 Synagoga
3110 1026 3369 1091 procedit.
3412 1026 3567 1082 Post-

1980 1116 2204 1173 eaquam
2252 1107 2425 1159 senuit
2473 1110 2721 1176 mundus,
2747 1119 2801 1166 et
2854 1122 3211 1185 perurgentur
3247 1128 3440 1174 cuncta
3492 1122 3561 1176 ad

1983 1192 2162 1261 linem,
2195 1196 2490 1250 scribamus
2518 1200 2678 1253 etiam
2714 1203 2765 1253 in
2822 1214 2844 1240 ε
2899 1208 3160 1273 sepulcris
3205 1218 3471 1279 veterum,
3507 1221 3566 1266 ut

1981 1286 2230 1340 sciant-et
2261 1286 2357 1355 ipsi
2387 1288 2476 1356 qui
2520 1288 2603 1343 hic
2638 1292 2792 1346 aliter
2826 1293 3082 1363 legerant,
3107 1300 3227 1367 quia
3249 1301 3412 1357 Jonas
3455 1320 3562 1359 non

1981 1374 2162 1428 habuit
2187 1378 2425 1430 umbram
2450 1380 2758 1447 cucurbitae,
2774 1385 2866 1437 sed
2886 1385 3129 1455 hederae;
3152 1401 3206 1444 et
3226 1391 3416 1448 iterum
3439 1410 3562 1450 cum

1979 1466 2204 1520 voluerit
2237 1468 2529 1536 ltigislator,
2562 1486 2659 1525 nec
2690 1472 2925 1543 hederae,
2957 1480 3047 1532 sed
3080 1481 3296 1536 alterius
3325 1484 3561 1554 virgulti.

2050 1558 2137 1610 5i}.
2182 1558 2287 1613 Sed
2320 1569 2372 1613 et
2402 1563 2659 1632 Origenes
2682 1605 2697 1630 ,
2735 1566 2937 1636 inquit,
2971 1572 3257 1627 asteriscos
3303 1577 3449 1642 fecit,
3494 1595 3560 1633 ex

1981 1651 2328 1709 translatione
2357 1654 2744 1712 Theodotionis
2774 1674 3054 1716 assumens
3081 1704 3095 1727 ,
3131 1675 3185 1718 nt
3216 1680 3563 1737 componeret

1979 1743 2245 1798 volumina
2267 1788 2280 1812 ,
2316 1762 2433 1817 qua:
2464 1752 2802 1819 appellantur
2836 1754 3088 1824 llexapla.
3124 1758 3188 1813 Et
3216 1762 3340 1829 quid
3371 1760 3561 1834 Orige-

282 1857 592 1903 ornamenta
625 1847 728 1909 sibi
755 1863 901 1912 vera,
932 1862 1049 1917 quae
1078 1846 1319 1917 Apostoli
1352 1861 1455 1900 non
1489 1846 1866 1913 praestiterant,

1982 1849 2102 1887 nem
2150 1835 2334 1901 istum,
2384 1840 2598 1907 quando
2647 1841 2737 1895 tibi
2791 1841 2807 1879 τ
2857 1845 3033 1912 placet
3074 1849 3559 1921 condemnandum,

282 1955 535 2008 reparare
554 1940 577 1992 ?

354 2032 439 2087 55.
483 2031 622 2097 Quid
651 2045 779 2100 ergo
808 2031 1001 2086 mirum
1036 2039 1137 2094 cst,
1169 2031 1213 2085 si
1245 2044 1330 2084 me
1360 2030 1646 2083 minimum
1671 2035 1724 2082 et
1754 2028 1871 2081 nul-

282 2126 380 2180 lius
413 2124 621 2178 numeri
653 2122 922 2177 hominem
952 2122 1172 2189 laceret,
1200 2121 1244 2176 si
1264 2120 1602 2174 Ambrosium
1635 2125 1797 2178 secet,
1826 2118 1868 2171 si

282 2217 560 2281 Hilarium,
591 2216 634 2269 si
666 2214 998 2269 Lactantium
1018 2255 1033 2280 ,
1063 2215 1107 2268 si
1140 2214 1420 2284 Didymum
1472 2212 1871 2281 reprehendat?

282 2308 387 2363 Nec
429 2307 652 2361 multum
685 2304 869 2360 dolere
908 2305 977 2359 de
1020 2304 1212 2374 injuria
1261 2319 1379 2358 mea
1425 2304 1625 2368 debeo,
1668 2316 1765 2371 pro
1805 2317 1869 2356 eo

281 2399 419 2469 quod
448 2413 582 2468 opus
626 2413 805 2454 meum
854 2398 968 2466 ipse
1009 2396 1346 2466 interpretari
1383 2396 1562 2450 denuo
1589 2408 1870 2465 aggressus

281 2504 385 2559 est,
416 2507 534 2547 cum
565 2506 653 2546 me
683 2490 1031 2560 Septuaginta
1062 2488 1447 2558 interpretibus
1479 2488 1532 2541 in
1565 2488 1663 2541 hac
1688 2501 1868 2555 mqua-

284 2587 416 2640 verit
440 2584 780 2641 contumelia.
820 2582 924 2637 Sed
954 2589 1008 2636 et
1042 2582 1171 2636 illud
1198 2580 1470 2651 quomodo
1496 2579 1867 2649 accipiendum

281 2677 396 2733 est?
436 2678 703 2742 Quantum
732 2675 1023 2729 accessisse
1054 2673 1119 2726 ad
1160 2669 1587 2728 incredulitatem
1615 2686 1681 2727 ex
1712 2669 1740 2710 δ
1772 2672 1870 2727 hoc

283 2767 421 2823 facto
462 2766 765 2821 Gentilibus
809 2764 1128 2819 aestimatis?
1179 2762 1295 2817 Non
1346 2764 1490 2817 enim
1541 2762 1708 2817 latent
1753 2776 1868 2826 eos,

280 2874 398 2927 quae
427 2857 566 2927 apud
598 2871 697 2911 nos
725 2865 972 2925 aguntur.
1001 2854 1247 2911 Scientes
1275 2868 1402 2923 ergo
1432 2853 1600 2923 legem
1632 2860 1868 2906 nostram

282 2966 424 3006 nunc
466 2949 804 3005 emendatam
836 2949 922 3003 vel
955 2956 1245 3005 mutatam.
1281 2962 1461 3002 nonne
1501 2946 1686 3000 dicunt
1730 2942 1871 3013 apud

281 3043 622 3111 semetipsos,
655 3051 837 3097 errant
866 3040 974 3105 isti,
1004 3054 1104 3094 nec
1131 3049 1210 3093 est
1241 3039 1380 3106 apud
1411 3052 1507 3092 eos
1537 3035 1739 3105 aliquid
1773 3050 1869 3090 ve-

282 3135 492 3191 ritatis?
523 3134 661 3189 Ecce
690 3132 789 3201 ipsi
836 3147 957 3186 eum
1002 3131 1216 3191 volunt.
1249 3131 1393 3199 leges
1423 3143 1549 3183 snas
1592 3128 1871 3195 corrigunt

1976 1925 2188 1992 quando
2217 1927 2391 1994 placet
2436 1929 2752 1985 imitandum
2799 1936 3071 2000 producis.
3116 1938 3420 1998 Verisimile
3454 1955 3561 2013 est,

1974 2024 2034 2070 ut
2057 2021 2284 2074 eundem
2320 2030 2371 2074 tu
2420 2031 2473 2077 et
2500 2022 2836 2080 delensorem
2870 2028 3122 2086 adhibeas
3150 2042 3205 2088 et
3235 2050 3404 2089 reum.
3455 2038 3566 2091 Au-

1974 2120 2179 2165 ctorem
2212 2112 2338 2168 lacti
2388 2116 2462 2169 tui
2495 2117 2694 2173 habere
2724 2129 2875 2187 putes
2905 2138 3060 2189 eum,
3092 2140 3248 2193 quem
3280 2136 3333 2183 et
3363 2130 3564 2197 primus

1975 2201 2089 2271 ipse
2120 2208 2473 2275 condemnas,
2504 2219 2557 2262 et
2584 2210 2649 2264 ad
2678 2214 3178 2273 condemnationem
3210 2220 3328 2288 ejus
3350 2223 3563 2292 Episto-

1976 2296 2039 2351 lis
2068 2298 2170 2353 tuis
2190 2298 2483 2355 Romanum
2514 2305 2660 2373 cogis
2687 2311 2965 2363 senatum?
2990 2313 3129 2367 Ante
3153 2314 3252 2369 hoc
3282 2317 3563 2385 providere

1975 2390 2082 2461 [Αι.
2108 2394 2415 2465 prohibere]
2445 2397 2727 2454 debueras.
2802 2402 2970 2459 Nemo
3022 2408 3246 2463 succidit
3288 2410 3563 2478 arborem,

1972 2485 2058 2538 cui
2086 2485 2239 2540 inniti
2272 2499 2457 2555 parat:
2489 2506 2645 2547 nemo
2675 2494 2727 2547 in
2757 2510 2849 2548 sua
2880 2512 3065 2553 caussa
3097 2500 3253 2555 [idem
3281 2502 3397 2570 ejus
3419 2514 3443 2550 ε
3468 2506 3566 2558 ἰηι-

1974 2576 2168 2644 plorat,
2220 2578 2374 2648 cujus
2424 2581 2539 2649 ipse
2585 2585 2840 2653 reprobat
2890 2587 3072 2643 ﬁdem.
3127 2589 3253 2646 Sive
3294 2593 3395 2647 hoe
3443 2594 3571 2651 lecit

1973 2666 2254 2738 Origenes,
2304 2670 2423 2726 sive
2474 2688 2580 2726 non
2628 2674 2774 2740 fecit,
2824 2678 2953 2745 quid
2996 2680 3062 2734 ad
3109 2682 3199 2737 te?
3247 2684 3301 2739 Si
3330 2685 3393 2739 ad
3425 2684 3570 2741 illius

1975 2760 2279 2827 exemplum
2298 2760 2534 2830 judicari
2559 2764 2656 2829 vis,
2689 2767 2865 2837 relege
2888 2772 3178 2826 sententias
3209 2781 3347 2839 tuas,
3372 2785 3428 2830 et
3450 2777 3571 2831 vide

1975 2848 2100 2916 quid
2130 2849 2356 2905 dixeris.
2390 2853 2502 2908 lloc
2531 2872 2636 2910 non
2668 2867 2771 2922 est,
2803 2857 2827 2895 ιι
2857 2860 3054 2930 inquis,
3088 2878 3147 2918 se
3177 2880 3401 2936 purgare
3431 2885 3443 2920 :
3472 2869 3566 2921 sed

1975 2938 2152 2995 socios
2182 2941 2421 2997 criminis
2450 2960 2709 3015 quaerere.
2750 2950 2869 3005 Noli
2914 2968 3041 3023 ergo
3074 2964 3126 3007 et
3160 2965 3213 3011 tu
3255 2959 3429 3012 socios
3466 2959 3571 3013 cri-

1977 3028 2437 3100 minis'quazrcre,
2480 3037 2573 3090 sed
2617 3041 2985 3109 purgationem
3029 3045 3153 3102 lacti
3191 3050 3425 3118 require.
3472 3052 3571 3107 Ve-

1978 3128 2258 3175 runtamen
2288 3122 2567 3181 videamus
2612 3131 2737 3198 quid
2771 3132 2874 3187 tale
2902 3135 3062 3189 etiam
3105 3152 3229 3193 reus
3267 3148 3322 3195 et
3355 3137 3371 3175 ί
3417 3150 3570 3197 actor

286 3234 341 3280 et
362 3225 670 3280 emendant.
696 3222 909 3278 Certum
936 3230 1019 3276 est
1043 3231 1218 3276 autem
1243 3234 1481 3274 errorem
1509 3218 1871 3287 praecessisse,
1902 3215 1948 3277 C
1980 3214 2139 3269 simul
2172 3214 2430 3286 Origenes
2476 3218 2681 3277 fecerit.
2733 3225 2847 3295 Ego
2889 3226 3031 3283 illius
3070 3244 3168 3284 nec
3196 3247 3359 3286 unum
3392 3233 3567 3288 locum

284 3317 373 3371 ubi
420 3315 727 3372 emendatio
779 3314 1061 3369 subsecuta
1108 3321 1210 3376 est,
1268 3327 1365 3366 nec
1410 3310 1647 3365 divinum
1702 3309 1872 3364 videri

282 3421 462 3476 posse,
491 3406 634 3476 quod
662 3406 729 3459 ab
757 3405 972 3459 homine
1002 3411 1256 3457 mutatur.
1293 3403 1402 3456 lloc
1433 3402 1586 3455 nobis
1630 3400 1876 3469 praestitit

282 3510 367 3553 tua
396 3499 495 3552 ista
524 3497 687 3552 nimia
715 3497 998 3566 sapientia,
1028 3506 1084 3549 ut
1112 3510 1299 3551 omnes
1328 3504 1350 3533 ε
1380 3493 1691 3563 insipientes
1715 3494 1872 3548 etiam

280 3607 309 3644 a
338 3590 638 3645 Gentilibus
663 3587 985 3657 judiccmur.
1030 3588 1164 3642 Nolo
1194 3587 1511 3655 sapientiam
1533 3630 1545 3651 ,
1578 3601 1736 3656 quam
1769 3585 1873 3641 Pe-

284 3694 395 3738 trus
424 3693 481 3739 et
510 3683 710 3737 Paulus
766 3696 868 3736 non
920 3682 1102 3736 docuit
1146 3698 1161 3736 ε
1208 3681 1334 3734 nolo
1382 3679 1681 3744 Veritatem,
1716 3695 1872 3749 quam

284 3773 523 3844 Apostoli
573 3788 676 3827 non
727 3772 1106 3843 probaverunt.
1178 3772 1287 3825 Tua
1338 3772 1498 3826 verba
1541 3778 1689 3839 sunt,
1746 3772 1877 3826 Post

282 3864 701 3935 quadringentos
726 3878 894 3918 annos
920 3878 1022 3918 non
1043 3862 1242 3939 debere
1268 3862 1541 3932 simplices
1563 3861 1872 3917 Latinorum

281 3970 442 4011 aures
471 3970 625 4010 nova:
669 3954 927 4009 doctrina:
980 3968 1109 4007 voce
1141 3954 1362 4024 pulsari.
1394 3953 1549 4009 Modo
1597 3962 1653 4007 tu
1697 3952 1872 4009 dicis:

282 4048 471 4104 Omnis
519 4046 614 4117 qui
664 4046 881 4116 putabat
909 4047 935 4082 ά
968 4045 1271 4100 Susannam
1320 4045 1500 4113 nUptis
1542 4055 1597 4100 et
1641 4045 1876 4115 innuptis

284 4139 589 4210 exemplum
641 4136 912 4207 pudicitia
961 4137 1302 4206 praestitisse,
1347 4135 1572 4191 erravit.
1629 4135 1745 4189 Non
1795 4146 1879 4191 est

287 4248 489 4288 verum.
519 4229 583 4287 Et
606 4231 780 4285 omnis
806 4229 893 4300 qui
920 4230 1157 4298 putabat,
1180 4229 1321 4300 quod
1351 4242 1480 4297 puer
1504 4227 1663 4299 391
1692 4227 1876 4283 Daniel

286 4324 487 4394 Spiritu
517 4324 715 4380 Sancto
749 4322 908 4377 fuerit
947 4320 1180 4389 repletus
1201 4360 1216 4386 ,
1257 4330 1310 4375 et
1339 4321 1577 4389 arguerit
1605 4320 1876 4376 adulteros

286 4428 466 4479 senes,
498 4413 690 4469 erravit
727 4428 743 4468 :
778 4426 883 4467 non
914 4420 1031 4466 erat
1061 4426 1266 4466 verum.
1332 4411 1399 4466 Et
1429 4407 1604 4465 omnis
1633 4409 1875 4466 Ecclesia

1980 3321 2045 3361 ex
2066 3307 2360 3376 Scripturis
2382 3310 2580 3366 divinis
2604 3312 2672 3369 de
2696 3314 2933 3372 llebrmis
2988 3319 3203 3376 invenio
3230 3323 3568 3379 translatum.

1978 3397 2139 3469 39.2
2162 3399 2228 3452 Et
2252 3402 2522 3468 quomodo
2543 3401 2740 3459 factum
2772 3417 2915 3463 tuum
2947 3420 3002 3465 et
3029 3410 3169 3467 illius
3193 3414 3370 3471 simile
3396 3416 3565 3473 videri

1979 3488 2197 3557 potest?
2233 3490 2507 3558 Apostata:
2548 3493 2762 3563 quidem
2802 3508 2854 3552 et
2882 3499 3052 3555 Judtei
3084 3502 3411 3572 interpretati
3443 3517 3570 3561 sunt

1977 3593 2061 3645 ea,
2092 3594 2322 3648 quorum
2351 3581 2584 3639 lectione
2609 3584 2779 3641 Judaei
2813 3591 3047 3647 maxime
3075 3603 3316 3650 tttuntur.
3351 3597 3419 3652 Et
3444 3599 3568 3669 quia

1978 3674 2283 3745 frequenter
2330 3679 2373 3734 si
2436 3677 2727 3748 disputatio
2775 3684 3096 3752 accidisset,
3154 3689 3240 3745 vel
3292 3689 3569 3747 immutata

1977 3781 2099 3823 esse
2149 3769 2448 3840 aliquanta,
2485 3774 2568 3829 vel
2597 3773 2819 3844 deesse,
2850 3779 2938 3833 vel
2967 3779 3240 3836 abundare
3286 3783 3341 3837 in
3369 3784 3570 3839 nostris

1978 3859 2272 3930 Scripturis
2344 3865 2779 3935 mentiebantur,
2838 3869 3006 3926 voluit
3056 3872 3314 3941 Origenes
3370 3876 3570 3929 nostris

1978 3953 2295 4018 ostendere.
2329 3956 2504 4025 qualis
2542 3958 2681 4027 apud
2723 3959 2940 4016 Iudaeos
2969 3962 3360 4032 Seripturarum
3405 3966 3570 4021 lectio

1981 4051 2263 4100 teneretur
2304 4057 2358 4101 et
2397 4050 2448 4100 in
2481 4050 2710 4119 propriis
2738 4053 2944 4121 paginis
2972 4054 3053 4108 vel
3083 4055 3414 4110 columnellis
3454 4057 3571 4110 edi-

1981 4136 2153 4191 tiones
2183 4151 2369 4191 eorum
2399 4139 2637 4208 singulas
2664 4155 2903 4209 quasque
2929 4142 3233 4211 descripsit,
3263 4151 3319 4198 et
3358 4158 3422 4198 ea
3446 4159 3567 4212 qua:

1978 4227 2119 4295 apud
2151 4227 2271 4281 illos
2302 4236 2427 4282 sunt
2454 4229 2631 4283 addita
2663 4232 2744 4284 vel
2775 4231 3049 4301 decerpta,
3076 4233 3236 4289 certis
3262 4232 3566 4304 quibusque

1980 4317 2148 4386 signis
2178 4317 2394 4381 additis,
2426 4317 2493 4372 ad
2525 4319 2912 4375 versiculorum
2943 4324 3117 4392 capita
3160 4323 3480 4394 designavit,
3511 4335 3569 4381 et

1980 4409 2033 4464 in
2081 4410 2254 4465 alieno
2291 4424 2399 4464 non
2443 4424 2540 4466 suo
2584 4425 2779 4480 opere,
2826 4428 2950 4470 suas
3000 4416 3366 4475 tantummodo
3413 4426 3568 4475 notas

288 4592 530 4661 fratribus
561 4592 667 4660 lege
697 4590 988 4661 praecipere,
1020 4599 1072 4661 ut
1103 4587 1309 4661 a_bjectis
1339 4602 1463 4655 quos
1504 4602 1654 4661 penes
1697 4601 1750 4639 se
1786 4584 1877 4635 Ita-
1907 4582 1959 4641 D
1985 4590 2133 4661 plum,
2153 4590 2468 4655 prwstitisse,
2500 4591 2698 4658 absque
2729 4592 3004 4654 pudicitire.

290 4657 423 4728 bent,
446 4657 811 4724 sacris—Libris,
830 4658 1093 4711 adulando
1111 4657 1218 4709 Jud
1238 4676 1249 4705 ι
1267 4658 1307 4709 is
1329 4659 1690 4726 persuadeant,
1713 4664 1766 4709 ut
1788 4671 1880 4709 nos

288 4751 470 4803 puros,
526 4742 574 4785 et
605 4732 692 4799 qui
722 4731 848 4783 nihil
877 4729 1092 4803 habeant
1131 4728 1386 4803 ﬁgiizenti,
1420 4728 1745 4803 impertiant,
1771 4734 1877 4803 etc.

289 4797 389 4859 Sed
437 4797 792 4871 objectionem
844 4797 1258 4871 prudentissime
1290 4797 1506 4871 llieron.
1538 4800 1680 4852 cavit
1707 4799 1876 4868 Epist.

294 4876 415 4928 ltiti.
446 4869 519 4927 adi
547 4871 800 4927 Sunniam
835 4881 886 4923 et
917 4869 1176 4923 Frctelam
1232 4889 1243 4922 :
1297 4869 1596 4933 Sciendum,
1632 4871 1722 4931 ait,
1756 4872 1879 4938 quid

294 4944 545 4997 Ilebraica
582 4943 763 4996 veritas
794 4941 995 4994 habent.
1041 4940 1157 4992 Hoc
1200 4942 1336 4993 enim
1377 4942 1511 5009 quod
1539 4940 1879 5009 Septuaginta

290 5016 585 5081 interpretes
617 5014 985 5065 transtulerunt
1015 5020 1218 5079 propter
1262 5021 1556 5063 vetustatem
1603 5012 1878 5065 decantan-

289 5089 408 5137 dum
438 5094 530 5148 est,
559 5094 605 5136 et
634 5083 766 5136 illud
794 5083 856 5134 ab
887 5082 1095 5135 eruditis
1126 5081 1385 5134 sciendum
1413 5090 1616 5151 propter
1642 5084 1876 5135 notitiam

290 5155 327 5209 S
337 5156 701 5221 eripturarum.

363 5236 387 5260 ιι
424 5225 477 5277 In
510 5239 637 5289 ms.,
665 5221 792 5276 solet
821 5238 943 5287 esse,
982 5232 1035 5277 et
1063 5222 1333 5291 largiretur
1362 5221 1563 5276 minore
1597 5236 1839 5276 numero.

357 5292 385 5332 δ
420 5294 585 5348 Tacet
625 5308 725 5347 ms.
764 5293 945 5358 verba,
991 5310 1053 5347 ex
1092 5296 1187 5346 hoc
1243 5296 1399 5362 facto.
1450 5292 1515 5346 Et
1560 5308 1680 5346 mox
1728 5292 1875 5363 legit,

291 5363 522 5419 Scientes
562 5364 696 5417 enim
738 5364 897 5434 legem
934 5373 1157 5417 nostram
1199 5365 1352 5416 modo
1392 5364 1709 5434 emendatam
1750 5380 1874 5432 esse,

289 5437 382 5501 vel,
417 5445 522 5489 etc.
557 5434 723 5488 Vetus
752 5432 962 5501 quoque
991 5435 1175 5494 editio,
1220 5435 1369 5487 modo
1396 5432 1735 5487 emendatam.
1786 5434 1876 5488 Vi-

292 5505 424 5559 tiose
457 5514 577 5573 post
609 5504 888 5558 Erasmnm
919 5504 1256 5556 Martianzeus
1286 5504 1483 5571 legerat
1513 5521 1613 5556 non
1644 5506 1877 5558 emenda-

293 5588 412 5636 tam.
442 5591 536 5641 pro
559 5590 662 5642 quo
686 5586 784 5627 nos
806 5573 934 5626 olim
966 5590 1098 5625 nunc
1125 5576 1478 5641 reposuimus.

367 5656 389 5683 ι’
420 5645 661 5698 Martian.
682 5685 695 5706 ,
743 5643 1136 5712 typotlietarum
1158 5684 1173 5707 ,
1223 5652 1284 5697 ut
1314 5644 1541 5709 videtur,
1574 5645 1872 5707 oscitanlia,

294 5714 609 5779 incipientes.
660 5712 798 5766 Infra
828 5712 1090 5783 ejusmodi
1122 5713 1255 5768 alios
1293 5729 1505 5768 errores
1533 5717 1870 5783 castigamus.

362 5785 386 5821 ά
413 5785 535 5850 313.,
559 5787 642 5853 qui
666 5783 858 5837 υιιιαυὶῑ
881 5782 1173 5837 Susannam
1198 5785 1364 5853 nuptis
1384 5795 1430 5837 et
1455 5782 1687 5852 innuptis
1708 5800 1874 5838 exem-

2059 4670 2083 4697 ο
2114 4660 2314 4714 Passim
2344 4661 2559 4715 obvium
2586 4670 2668 4715 est
2695 4661 2746 4715 in
2774 4672 3008 4717 veterum
3031 4662 3451 4718 Christianorum
3481 4678 3566 4719 se-

1984 4730 2215 4799 pulchris
2258 4732 2559 4800 symbolnm
2601 4732 2750 4786 Jonae
2791 4733 2890 4786 sub
2929 4733 3204 4788 cucurbita
3249 4734 3569 4790 dormientis

1982 4817 2146 4867 opere
2188 4801 2491 4871 anaglypho
2534 4817 2865 4870 expressum.
2909 4803 3019 4859 Hoc
3046 4812 3222 4858 autem
3262 4821 3380 4859 esse
3420 4806 3567 4859 arbi-

1986 4880 2116 4935 tror,
2163 4872 2304 4940 quod
2332 4872 2495 4938 scalpi
2524 4874 2681 4926 aliter
2708 4885 2761 4926 et
2790 4875 2948 4928 scribi
2990 4884 3237 4942 oportere
3266 4876 3396 4929 dicit
3424 4876 3572 4930 lluli-

1985 4957 2113 5005 nus,
2157 4952 2214 4995 ut
2257 4952 2604 4996 IﬂOﬂl‘l‘t‘llllﬂ'
2632 4952 2686 4997 et
2725 4945 2950 5010 mortui,
2998 4961 3099 4999 non
3131 4949 3230 5001 sub
3273 4947 3568 5001 cucurbita:

1983 5014 2169 5086 umbra
2191 5054 2205 5077 ,
2249 5014 2370 5086 sed
2390 5012 2627 5086 liederat,
2679 5023 2737 5068 ut
2776 5014 2834 5070 S.
2862 5015 3058 5071 Doctor
3084 5021 3343 5086 reposuit.
3374 5015 3569 5071 Jonam

1980 5082 2272 5149 quievisse.
2317 5084 2516 5139 Vitiose
2560 5084 2957 5141 Guarnerianus
3009 5082 3467 5149 nisu—scribamus
3516 5088 3569 5139 in

1980 5154 2266 5216 scripturis.

2058 5224 2076 5260 ί
2109 5224 2354 5298 Fortasse
2388 5225 2593 5291 verius,
2620 5229 2826 5295 quando
2856 5227 2946 5281 tibi
2977 5244 3078 5282 non
3108 5229 3295 5298 placet,
3327 5225 3569 5280 condem-

1980 5296 2227 5355 nandum.
2247 5308 2351 5349 etc.

2056 5375 2080 5411 δ
2110 5368 2513 5420 Guarnerianus
2544 5367 2676 5430 expl'
2696 5376 2808 5434 rat;
2840 5379 2949 5422 tum
2981 5367 3149 5421 altero
3189 5367 3254 5419 ab
3285 5366 3384 5418 hoc
3409 5378 3570 5417 versu

1981 5435 2196 5511 quidad
2225 5449 2291 5498 te,
2313 5437 2357 5488 si
2386 5435 2526 5489 illius
2553 5440 2802 5507 exemplo.
2824 5446 2960 5511 etc._
3012 5509 3018 5511 Α
3104 5506 3114 5511 _
3461 5502 3470 5511 ,

2052 5504 2078 5539 δ
2108 5506 2269 5566 Idem,
2297 5518 2353 5559 ut
2383 5519 2431 5561 et
2462 5518 2610 5560 vetns
2640 5504 2823 5567 editio.
2851 5524 2903 5560 se
2926 5506 3226 5573 defendere;
3253 5516 3372 5555 mox
3404 5504 3566 5555 ctiam

1980 5574 2070 5628 ille
2099 5577 2356 5644 requirere
2382 5591 2477 5644 pro
2503 5578 2718 5645 require.

2058 5645 2073 5681 ί
2112 5645 2268 5698 Falso
2301 5655 2421 5714 post
2450 5644 2729 5699 Erasmum
2761 5644 3099 5698 Martianatus
3147 5651 3193 5694 et
3220 5651 3432 5714 auctor,_
3469 5656 3569 5714 pro

1979 5725 2140 5779 actor,
2158 5725 2212 5769 ut
2238 5711 2337 5769 ms.
2355 5730 2416 5768 ac
2437 5727 2586 5767 vetns
2607 5716 2735 5767 edit.
2753 5715 3055 5779 emendant,
3073 5726 3395 5781 quamquam
3423 5711 3570 5764 haud

1984 5787 2117 5842 bene
2145 5785 2290 5840 addit
2322 5800 2418 5838 ms.
2445 5800 2592 5838 suus.
