4128 6360
573 365 680 423 615

1563 356 1799 418 RUFINI
1838 354 2320 428 AQUILEIENSIS
2357 353 2789 416 PRESBYTERI

3756 357 3859 416 616

573 475 691 531 fixit
716 489 733 529 :
764 480 824 529 ut
851 470 1111 528 sciremus
1135 483 1243 524 non
1269 467 1409 539 quod
1442 466 1625 534 nobis,
1674 467 1768 524 sed
1796 467 1923 537 quid
1950 466 2150 523 Iudaeis
2178 470 2221 529 A
2253 471 2363 537 quis
2402 471 2561 540 frater
2602 481 2887 540 prtevcntus
2929 475 3083 543 fuerit
3123 474 3177 528 in
3211 473 3384 547 aliqua
3415 474 3628 543 delicto,
3649 488 3741 531 vos
3769 478 3858 547 qui

572 569 860 624 adversum
897 580 998 620 nos
1028 563 1374 627 certantibus,
1409 570 1499 615 aut
1527 560 1738 628 deesse,
1770 569 1862 616 aut
1889 561 2164 615 abundare

574 661 870 717 videretur.
918 656 1071 725 Quod
1112 656 1217 710 tale
1264 664 1429 722 esset,
1481 654 1640 723 quale
1687 654 1734 709 si
1774 655 1895 723 quis
1940 663 2164 722 accepto

572 754 879 817 Breviculo,
915 753 968 805 in
993 764 1097 820 quo
1122 748 1355 805 militum
1385 747 1601 800 nomina
1631 746 1994 812 continentur,
2028 746 2165 801 nita-

573 857 660 901 tur
686 845 970 913 inspicere,
993 840 1173 910 quanti
1201 854 1264 895 ex
1295 838 1553 893 militibus
1580 837 1872 906 supersint,
1900 837 2083 906 quanti
2111 836 2165 891 in

571 936 715 992 bello
754 932 1079 995 ceciderint;
1128 937 1184 984 et
1226 927 1505 999 requirens
1543 928 1633 997 qui
1667 927 1934 997 inspicere
1973 927 2168 982 missus

570 1035 675 1093 est,
723 1023 989 1095 propriam
1043 1031 1248 1084 notam,
1299 1020 1447 1074 verbi
1492 1033 1707 1086 caussa,
1758 1028 1817 1071 ut
1860 1016 1965 1072 dici
2006 1017 2162 1084 solet,

580 1127 606 1155 ⁸
640 1117 696 1174 6⁸
723 1118 791 1171 ad
823 1114 1243 1183 uniuscujusque
1272 1110 1509 1167 defuncti
1541 1125 1735 1166 nomen
1782 1110 2084 1175 adscribet,
2116 1119 2171 1166 et

573 1207 788 1279 propria
817 1220 1004 1262 rursus
1035 1214 1160 1260 nota
1190 1204 1539 1273 superstitem
1567 1204 1763 1273 signet.
1796 1203 2044 1272 Nunquid
2086 1203 2168 1257 vi-

575 1300 791 1357 debitur
819 1299 887 1366 is,
921 1299 1012 1367 qui
1042 1308 1222 1351 notam
1253 1296 1319 1349 ad
1348 1295 1585 1349 defuncti
1618 1311 1809 1350 nomen
1840 1296 2081 1365 apponit,
2116 1304 2168 1350 et

572 1394 789 1464 propria
823 1407 1034 1447 rursum
1065 1398 1187 1445 nota
1220 1389 1563 1458 superstitem
1605 1388 1799 1458 signat,
1832 1388 1971 1457 quod
2000 1388 2169 1456 egerit

569 1491 765 1561 aliquid
799 1501 854 1545 ut
881 1489 961 1544 vel
996 1488 1081 1542 hic
1105 1485 1374 1551 defuncti,
1406 1485 1487 1539 vel
1520 1484 1609 1539 ille
1638 1483 1871 1538 viventis
1915 1497 2162 1536 caussam

572 1582 880 1651 acciperet?
908 1579 1013 1635 Sed
1044 1577 1183 1648 quod
1218 1592 1313 1632 eos
1338 1575 1428 1646 qui
1461 1575 1528 1628 ab
1559 1574 1679 1629 aliis
1719 1574 1917 1628 fuerint
1960 1588 2171 1643 perem-

577 1677 685 1745 pti,
718 1677 819 1730 iste
849 1673 1215 1729 annotationis
1247 1669 1276 1708 b
1308 1656 1607 1740 designavit
1649 1666 1875 1721 indiciis.
1932 1666 2004 1719 Ita
2046 1681 2173 1735 ergo

572 1762 702 1823 fecit
741 1778 795 1823 et
838 1766 948 1829 ille,
988 1780 1050 1819 ea
1096 1780 1214 1834 quas
1256 1778 1353 1833 per
1394 1762 1531 1817 alios
1561 1761 1887 1829 interpretes
1928 1759 2041 1813 sive
2079 1773 2172 1826 pe-

574 1869 783 1929 rempta
813 1859 1045 1922 fuerant,
1078 1871 1170 1912 seu
1197 1857 1356 1911 etiam
1390 1852 1748 1907 abundantius
1780 1852 1985 1921 prolata
2006 1891 2019 1913 ,
2053 1864 2176 1919 pro-

574 1951 708 2019 priis
736 1948 1052 2019 quibusdam
1093 1947 1288 2017 signis,
1329 1946 1381 1999 id
1420 1953 1536 2009 est,
1583 1943 1825 1998 asterisci
1858 1954 1913 1996 et
1943 1942 2165 1996 obelisci

574 2043 771 2098 notulis
801 2042 1113 2112 designavit.
1154 2040 1417 2094 Caeterum
1460 2053 1637 2107 neque
1678 2036 1900 2091 verbum
1950 2034 2167 2104 aliquod

574 2136 642 2190 de
686 2150 784 2189 suo
832 2149 996 2188 unum
1043 2134 1232 2188 saltem
1280 2130 1537 2195 inseruit,
1582 2142 1767 2198 neque
1806 2139 1829 2165 ο
1861 2135 2167 2181 nostrorum

572 2227 1022 2298 exemplariorum
1047 2225 1202 2280 fidem
1235 2224 1358 2278 fecit
1379 2224 1431 2277 in
1458 2222 1640 2290 aliquo
1671 2221 1921 2276 vacillare
1944 2239 1958 2277 :
1982 2219 2077 2274 sed
2107 2235 2168 2274 ea

573 2332 691 2387 qua:
718 2318 895 2372 minus
918 2316 1240 2371 videbantur
1263 2314 1560 2369 secundum
1586 2328 1799 2366 cursum
1826 2312 1993 2366 litera:
2016 2311 2169 2379 plana

572 2419 623 2467 et
651 2409 847 2473 lucida,
878 2407 1132 2477 spiritalis
1161 2404 1524 2473 intelligentia:
1554 2403 1790 2457 ostendit
1822 2400 2023 2457 referta
2057 2416 2172 2471 my-

573 2501 771 2557 steriis.
797 2499 937 2566 Quid
969 2499 1060 2552 tibi
1091 2512 1219 2566 ergo
1241 2496 1486 2564 Origeuis
1510 2495 1708 2549 factum
1734 2492 1759 2530 ά
1786 2494 1839 2547 in
1868 2495 1969 2547 hoc
1998 2501 2172 2563 potest

573 2590 732 2662 393
765 2596 1022 2658 praestare
1050 2584 1263 2650 solatii,
1292 2584 1447 2652 cujus
1480 2597 1654 2653 neque
1684 2598 1821 2651 opus
1854 2582 2033 2638 simile
2068 2583 2170 2638 ali-

574 2679 715 2748 quod
745 2679 1032 2733 ostendere
1064 2684 1243 2744 potes,
1289 2684 1344 2729 et
1374 2674 1430 2728 in
1459 2690 1567 2744 quo
1600 2684 1804 2728 tantum
1847 2675 2083 2739 laboras,
2115 2685 2170 2729 ut

575 2770 727 2825 litera
771 2769 982 2824 occidat
1026 2776 1442 2836 consequentem
1475 2784 1488 2820 :
1519 2766 1647 2820 dum
1697 2766 1789 2821 ille
1833 2781 1863 2821 e
1902 2768 2172 2823 contrario

576 2863 797 2931 spiritus
828 2860 1146 2915 vivificantis
1174 2872 1295 2914 esse
1323 2867 1549 2913 conatur
1576 2858 1684 2930 [ΑΙ.
1712 2855 1959 2927 conetur]
1992 2873 2171 2914 asser-

576 2953 701 3009 tor?

645 3043 735 3100 57.
779 3043 951 3099 Tuum
984 3052 1008 3081 ο
1041 3043 1221 3113 igitur,
1253 3041 1437 3108 frater,
1455 3050 1603 3096 tuum
1638 3040 1778 3096 istud
1811 3040 2007 3095 factum
2028 3083 2044 3108 ,
2073 3056 2173 3097 nec

578 3151 901 3209 quemquam
934 3143 988 3190 te
1016 3134 1070 3189 in
1099 3136 1198 3191 hoc
1226 3134 1479 3190 comitem
1507 3134 1587 3188 vel
1615 3133 1815 3188 socium
1850 3133 1902 3188 in
1932 3134 2170 3189 Ecclesia

2264 563 2557 630 spirituales
2584 565 2723 630 estis,
2748 565 2986 620 instruite
3007 566 3305 638 hujusmodi
3331 567 3385 621 in
3409 568 3594 639 spiritu
3622 583 3858 623 mansue-

2266 656 2457 710 tudinis
2501 654 2700 727 (Galat.
2728 656 2915 727 6.1.),
2961 659 3033 712 ita
3078 657 3441 725 etl‘erbﬂisses,
3494 668 3552 713 ut
3605 659 3660 714 in
3710 658 3858 715 nullo

2268 760 2486 813 prorsus
2528 748 2787 817 spiritalis
2833 748 3181 806 institutionis
3226 752 3471 808 ordinem
3516 752 3857 811 custodirest

2268 838 2417 895 Pone
2465 841 2607 895 enim
2652 842 2852 911 aliquid
2900 859 2986 898 me
3031 845 3312 914 scripsisse
3365 846 3863 903 contumeliosum:

2270 944 2407 1000 pone
2446 931 2589 1001 quod
2623 932 2718 987 tibi
2748 933 2864 987 viro
2895 948 3121 989 summae
3165 936 3485 1005 eloquentiae
3524 945 3580 991 et
3610 936 3767 993 fratri
3813 951 3859 995 et

2267 1023 2488 1093 collegae
2524 1023 2679 1087 mihi,
2710 1039 2869 1094 quem
2916 1024 3231 1081 imitandum
3280 1027 3332 1081 in
3360 1026 3650 1096 disciplina
3698 1029 3856 1085 inter-

2272 1115 2514 1185 pretandi
2542 1116 2677 1182 dixi,
2719 1116 2971 1186 injuriam
3005 1117 3256 1185 fecerim;
3288 1126 3479 1174 tamen
3521 1127 3647 1188 post
3677 1135 3859 1189 pacem

2273 1202 2473 1260 illamll
2502 1221 2715 1261 summo
2759 1206 2848 1261 vix
2899 1207 3097 1263 sudore
3143 1216 3465 1277 reparatam,
3525 1208 3641 1262 hare
3694 1209 3858 1278 prima

2272 1296 2447 1351 adhuc
2491 1298 2559 1351 de
2605 1297 2741 1352 meis
2794 1298 3003 1366 injuriis
3048 1299 3264 1366 querela
3311 1300 3378 1353 ad
3424 1308 3475 1353 te
3521 1308 3861 1368 pervenerat.

2275 1389 2380 1445 Sed
2412 1400 2467 1444 et
2494 1390 2635 1444 illam
2670 1400 2812 1445 tuam
2842 1406 3103 1460 ponamus
3135 1392 3409 1461 injuriam,
3441 1393 3583 1461 quod
3614 1392 3669 1447 in
3702 1391 3865 1447 inter-

2276 1483 2530 1551 pretando
2560 1484 2841 1554 Origenem
2873 1494 2926 1540 te
2956 1485 3191 1541 imitatus
3237 1484 3343 1557 [ΑΙ.
3368 1483 3640 1555 imitans],
3690 1485 3863 1555 aliqua

2277 1574 2653 1642 praeterierim,
2697 1590 2815 1644 quae
2855 1575 2988 1630 mihi
3028 1575 3203 1631 minus
3244 1576 3619 1632 :edilicationis
3666 1577 3720 1632 in
3766 1577 3866 1633 ﬁde

2278 1667 2478 1724 habere
2505 1668 2848 1725 videbantur.
2883 1670 3193 1741 Culpandus
3223 1687 3320 1742 pro
3353 1674 3454 1727 hoc
3484 1687 3634 1728 eram
3679 1672 3868 1727 fortas-

2277 1760 2380 1827 sis,
2423 1767 2479 1814 et
2505 1759 2916 1815 emendandus?
2957 1760 3168 1831 Scripta
3188 1803 3202 1829 ,
3234 1772 3292 1817 ut
3321 1761 3432 1827 ais,
3465 1762 3531 1817 ad
3562 1770 3614 1817 te
3645 1761 3865 1817 fratrum

2206 1846 2255 1905 B
2283 1849 2443 1905 missa
2493 1859 2637 1915 sunt,
2670 1850 3071 1920 deposcentium
3112 1857 3299 1922 culpas
3345 1853 3655 1922 interpretis
3695 1851 3866 1923 argui.

2278 1944 2416 2011 Quid
2461 1951 2514 1998 tu
2540 1943 2703 2016 394
2744 1944 2827 1999 vir
2879 1945 3132 2013 spiritalis
3180 1944 3327 2015 agis?
3385 1945 3512 2016 quid
3569 1945 3763 1999 forma:
3815 1954 3869 2000 et

2272 2037 2505 2105 exempli
2552 2038 2606 2091 in
2649 2038 2811 2093 rebus
2864 2036 2879 2074 ί
2915 2036 3110 2092 talibus
3147 2038 3353 2092 caeteris
3383 2037 3629 2106 praebes?
3670 2036 3869 2091 Fratris

2277 2130 2663 2200 turpitudinem
2696 2145 2800 2184 non
2833 2130 3004 2184 solum
3037 2129 3289 2184 nudatam
3322 2129 3405 2184 his
3444 2129 3533 2199 qui
3578 2129 3711 2184 foris
3750 2136 3870 2183 sunt

2273 2224 2520 2291 nuntias,
2553 2223 2645 2278 sed
2689 2232 2742 2277 et
2789 2222 3001 2277 obtecta
3031 2221 3294 2276 denudas.
3346 2222 3491 2276 Pone
3518 2221 3642 2289 quia
3686 2236 3791 2274 non
3821 2228 3871 2276 te

2275 2313 2530 2377 imitatus,
2564 2314 2666 2367 hoc
2710 2313 2833 2377 feci,
2865 2313 2961 2368 sed
2989 2313 3223 2368 ebrietas
3262 2312 3438 2382 aliqua
3483 2312 3497 2362 i
3552 2313 3868 2381 subrepens,

2277 2405 2419 2459 sicut
2458 2404 2785 2459 Patriarchze
2816 2405 2961 2470 fecit,
3005 2404 3287 2459 nudaverit
3328 2403 3713 2474 turpitudinem
3778 2419 3872 2458 uo-

2274 2502 2443 2549 stram
2476 2512 2492 2546 :
2556 2496 2793 2564 nunquid
2827 2496 3255 2551 maledictionem
3285 2506 3603 2552 consecutus
3632 2496 3797 2563 fores,
3829 2496 3873 2551 si

2280 2586 2538 2641 obversus
2582 2588 2862 2652 incedens,
2898 2590 2999 2643 levi
3032 2590 3250 2658 palliolo
3290 2591 3535 2659 rescripti
3572 2592 3644 2643 tui
3687 2599 3872 2645 conte-

2278 2678 2455 2732 xisses
2502 2680 2851 2748 opprobrium
2903 2690 3176 2748 nostrum,
3208 2691 3262 2736 et
3290 2683 3334 2736 si
3366 2682 3602 2737 velasset
3635 2682 3872 2752 Epistola

2279 2769 2549 2837 vigilantis
2569 2811 2582 2835 ,
2616 2786 2775 2839 quem
2804 2772 2959 2825 stilus
2988 2773 3282 2827 nudaverat
3311 2773 3653 2827 dormitantis
3677 2774 3699 2825 ?

2350 2860 2441 2916 58.
2485 2860 2591 2917 Sed
2624 2862 2767 2915 aliud
2798 2862 3097 2918 rescribere
3127 2879 3231 2918 non
3261 2877 3499 2933 peteram
3532 2863 3647 2929 his,
3677 2865 3767 2934 qui
3806 2864 3869 2918 ad

2279 2968 2365 3007 me
2396 2953 2556 3007 talem
2592 2953 2887 3020 Epistolam
2922 2954 3209 3017 miserant,
3244 2964 3303 3007 ut
3338 2955 3438 3008 nisi
3471 2954 3541 3007 ita
3570 2954 3874 3023 rescripsis-

2277 3058 2413 3105 sem,
2441 3052 2535 3097 aut
2564 3044 3010 3113 reinterpretatus
3043 3044 3149 3117 ιΑι.
3177 3042 3579 3115 interpretatus]
3610 3061 3785 3100 essem
3814 3061 3873 3100 ea

2278 3135 2343 3190 ad
2368 3136 2615 3201 verbum,
2641 3151 2758 3205 qua:
2784 3144 2836 3189 tu
2861 3150 2921 3189 es
2946 3139 3328 3203 interpretatus
3356 3135 3420 3188 ad
3449 3149 3689 3199 sensum,
3716 3135 3874 3189 etiam

576 3231 853 3295 habuisse,
886 3237 1092 3284 certum
1123 3237 1207 3283 est
1250 3244 1263 3280 :
1310 3227 1411 3282 nisi
1459 3227 1621 3281 istum
1652 3227 1847 3292 solum,
1878 3242 2034 3297 quem
2069 3227 2174 3282 ie-
2205 3223 2248 3285 C
2281 3243 2378 3296 ego
2404 3228 2687 3295 Origenem
2734 3228 2884 3297 sequi
2930 3226 3159 3281 viderer.
3205 3226 3452 3280 Nondum
3496 3226 3618 3279 dico
3648 3241 3770 3296 quae
3807 3227 3875 3281 sit

575 3332 802 3393 quenter
844 3334 1238 3376 commemoras
1282 3319 1391 3390 [AL
1417 3318 1926 3391 commemorabas],
1982 3321 2172 3375 Barra-

575 3414 719 3469 bam.
764 3414 895 3482 Quis
933 3414 1077 3469 enim
1119 3412 1259 3467 alius
1301 3413 1526 3468 auderet
1571 3414 1638 3468 ab
1660 3414 1937 3483 Apostolis
1980 3415 2172 3468 tradita

576 3507 833 3562 Ecclesia:
880 3510 1235 3561 instrumenta
1285 3514 1574 3571 temerare,
1606 3507 1707 3559 nisi
1732 3505 1987 3561 Judaicus
2017 3508 2173 3575 spiri-

578 3599 699 3652 tus?
734 3598 813 3652 llli
846 3607 917 3660 te,
949 3612 982 3652 o
1014 3597 1086 3651 mi
1115 3596 1299 3662 frater,
1332 3606 1615 3667 antequam
1647 3612 1675 3650 a
1704 3597 1907 3652 Judaeis
1944 3614 2175 3673 enpere-

577 3692 677 3755 ris,
710 3689 1007 3753 carissime,
1044 3690 1117 3744 illi
1147 3699 1198 3746 te
1228 3691 1279 3744 in
1310 3690 1424 3744 haec
1453 3692 1590 3745 mala
1623 3691 1981 3760 prmcipitant.
2016 3692 2091 3746 llli
2128 3703 2178 3748 te

578 3779 774 3836 libellis
804 3781 995 3847 editis,
1028 3794 1180 3835 notas
1213 3782 1453 3852 infligere
1482 3782 1829 3847 Christianis,
1866 3782 1943 3836 illi
1996 3792 2045 3838 te
2078 3800 2177 3838 nec

579 3872 902 3943 Martyribus
926 3887 1147 3941 parcere
1170 3872 1392 3938 faciunt,
1414 3883 1465 3928 et
1488 3874 1556 3927 de
1580 3876 1726 3929 omni
1752 3875 2176 3931 Christianorum

580 3964 771 4020 ordine
801 3962 955 4018 fanda
989 3973 1147 4031 atque
1180 3963 1408 4019 nefanda
1447 3965 1793 4020 conscribere
1836 3964 1942 4036 [ΑΙ.
1972 3966 2178 4021 scribe-

579 4053 682 4125 re],
712 4054 925 4110 turbare
950 4069 1134 4123 pacem
1166 4064 1403 4109 nostram
1437 4055 1710 4121 ,scandala
1726 4056 1982 4111 Ecclesiae
2012 4072 2178 4126 gene-

580 4160 725 4201 rare.
779 4146 855 4200 Illi
910 4147 1071 4202 etiam
1114 4147 1399 4201 adversum
1449 4147 1702 4215 teipsum,
1735 4157 1790 4201 et
1817 4148 2015 4218 scripta
2068 4158 2178 4213 tua,

585 4234 604 4274 τ
636 4237 786 4307 quasi
817 4252 935 4306 qum
957 4237 1297 4293 Christianus
1321 4239 1607 4308 aliquando
1632 4238 1841 4293 locutus
1866 4241 1960 4308 sis,
1985 4251 2182 4311 cogunt

582 4329 725 4384 ferre
752 4329 1095 4383 sententiam.
1130 4330 1195 4384 Et
1222 4329 1345 4385 ideo
1376 4329 1473 4383 tibi
1499 4345 1689 4385 omnes
1719 4331 2024 4396 sordemus,
2055 4332 2183 4385 dum

580 4421 658 4476 illi
687 4422 936 4491 pessimis
963 4421 1075 4476 suis
1104 4421 1309 4476 artibus
1342 4429 1366 4468 ε
1398 4420 1493 4475 tibi
1525 4422 1751 4476 nimium
1785 4422 2016 4491 placent.
2047 4421 2180 4475 Nam

586 4513 855 4583 quomodo
885 4513 932 4569 si
962 4520 1016 4568 tu
1042 4511 1195 4568 Pauli
1226 4512 1399 4569 literis
1426 4514 1820 4583 acquiesceres,
1850 4515 2047 4570 dicenti
2079 4532 2091 4568 :
2120 4497 2185 4571 Si
2202 4592 2252 4651 D

656 4682 682 4710 ο
711 4672 785 4726 Ea
816 4670 1065 4727 videlicet
1095 4669 1324 4725 solemni
1354 4668 1409 4723 in
1438 4670 1973 4727 condemnationibus
2002 4671 2179 4739 litera,

576 4759 701 4812 qua:
747 4744 915 4811 prima
945 4752 1029 4796 est
1075 4742 1126 4795 in
1158 4741 1377 4795 nomine
1404 4740 1853 4812 (iuvares-,ntors,
1898 4756 1991 4795 seu
2017 4746 2182 4799 verbo

580 4810 688 4869 θάνε
719 4829 816 4879 pro
847 4815 1108 4873 ἀπέθανεν,
1139 4820 1372 4864 mortuus
1400 4819 1498 4864 est.
1526 4810 1626 4865 Ms.
1652 4811 2009 4867 Guarnerian.
2040 4813 2183 4869 Lati-

586 4886 673 4937 nis
707 4883 876 4937 literis
909 4892 1008 4934 teta
1038 4882 1214 4934 ell'ert.

659 4952 686 4990 δ
714 4952 877 5026 Addit
906 4967 1006 5026 ms.
1033 4948 1387 5005 Guarnerian.
1409 4966 1546 5018 suae;
1577 4952 1736 5022 paulo
1763 4962 1885 5023 post
1910 4954 2061 5008 etiam
2083 4969 2181 5026 pro

588 5023 813 5094 prapriis
839 5021 984 5090 legit.

661 5088 695 5131 ί
715 5092 856 5146 Idem
883 5088 1006 5166 cum
1036 5099 1215 5166 vetere
1242 5088 1500 5166 editione,
1522 5108 1681 5164 neque
1706 5096 1893 5150 nostris
1916 5097 2173 5166 exempla-

586 5164 746 5223 ribus,
777 5170 885 5214 tum
912 5160 1067 5226 plana
1089 5162 1166 5214 vel
1197 5162 1391 5225 lucida,
1425 5170 1531 5217 etc.

659 5231 687 5270 ά
715 5232 881 5287 Tacet
903 5246 1003 5286 ms.
1035 5231 1253 5285 voculas
1284 5232 1335 5283 in
1360 5233 1474 5286 hoc.
1504 5233 1659 5299 Quod
1689 5236 1762 5290 ait
1787 5237 2012 5291 Ruﬁnus
2040 5237 2171 5292 nihil

586 5304 691 5358 tale
720 5302 811 5356 abs
839 5301 1162 5375 Hieronymo
1193 5303 1549 5375 elaboratum,
1577 5321 1685 5359 non
1716 5323 1887 5375 usque
1915 5309 2049 5362 adeo
2079 5324 2172 5362 ve-

589 5390 704 5445 rum
729 5381 830 5436 est,
856 5389 977 5426 nam
994 5372 1324 5445 Psalterium
1353 5389 1473 5427 cum
1502 5376 1671 5430 obelis
1696 5372 1856 5445 atque
1879 5380 2171 5443 asteriscis,

590 5443 703 5501 lobi
732 5459 942 5513 quoque
974 5443 1126 5506 liber,
1155 5452 1316 5517 atque
1344 5445 1445 5517 alia
1472 5446 1713 5512 qua:dam
1745 5443 2009 5516 ejusmodi
2038 5465 2168 5517 ope-

584 5517 661 5570 ris
701 5522 1017 5581 supersunt,
1062 5522 1120 5567 ut
1159 5514 1259 5567 alia
1300 5516 1564 5580 omittam,
1606 5534 1726 5586 qum
1766 5514 2170 5574 interciderunt.

586 5586 753 5661 Paulo
782 5595 899 5653 post
927 5601 1029 5638 ms.
1057 5586 1490 5661 consequentiam,
1526 5602 1619 5655 pro
1649 5599 2055 5661 consequentem,
2101 5592 2175 5645 le-

585 5658 680 5728 git,
709 5654 934 5728 fortasse
960 5657 1184 5728 rectius,
1209 5654 1314 5728 alio
1342 5665 1523 5728 tamen
1553 5673 1735 5715 sensu.

660 5735 685 5764 ο
721 5726 881 5802 Vetus
910 5726 1095 5802 editio,
1133 5725 1211 5779 Tu
1240 5726 1395 5802 igitur
1425 5726 1587 5794 faber.
1644 5732 1708 5785 Et
1735 5730 1811 5786 Tu
1832 5731 2045 5802 quidem
2080 5746 2175 5797 pro

584 5793 755 5851 Tuum
798 5796 974 5866 priore
1014 5797 1130 5852 loco
1158 5793 1371 5867 pra-fert
1417 5793 1471 5853 et
1513 5815 1636 5873 ms.,
1660 5803 1811 5874 cujus
1850 5793 2176 5859 auctoritate

2277 3319 2363 3373 illa
2395 3329 2486 3372 aut
2517 3321 2691 3389 qualis
2722 3319 2959 3389 Epistula
3002 3335 3017 3374 :
3056 3328 3233 3374 tamen
3269 3318 3521 3388 quoniam
3555 3318 3652 3372 viri
3684 3319 3875 3373 nobilis

2277 3412 2605 3467 Pammachii
2640 3416 2878 3469 continet
2922 3429 3141 3476 nomen,
3169 3413 3297 3482 quid
3340 3412 3523 3467 fuisset
3560 3412 3873 3476 absurdum,

2278 3505 2324 3557 si
2354 3506 2400 3558 ei
2435 3505 2543 3559 tale
2583 3504 2785 3573 aliquid
2836 3505 3253 3573 respondisses?
3283 3503 3490 3569 Frater,
3536 3518 3640 3558 non
3677 3513 3762 3559 est
3801 3513 3875 3558 te-

2280 3609 2428 3648 mere
2456 3594 2523 3648 de
2552 3595 2777 3649 alterius
2807 3609 2973 3663 opere
2997 3593 3370 3662 judicandum.
3428 3593 3560 3649 Nam
3594 3604 3646 3648 et
3678 3604 3732 3648 tu
3763 3595 3875 3663 ipse

2280 3688 2419 3741 uoSti
2450 3687 2578 3756 quid
2612 3687 2825 3753 feceris,
2852 3687 3069 3757 quando
3098 3687 3383 3741 adversum
3403 3685 3744 3741 Iovinianum
3773 3685 3876 3740 Ro-

2283 3794 2425 3833 mam
2474 3780 2595 3833 misi
2638 3780 2897 3834 lihellos:
2942 3794 3063 3834 cum
3109 3794 3204 3834 eos
3250 3780 3465 3850 quidam
3505 3777 3612 3851 [ΑΙ.
3638 3776 3874 3850 quidem]

2282 3870 2437 3923 aliter
2482 3869 2879 3939 intelligerent,
2925 3885 3084 3938 quam
3113 3885 3210 3939 ego
3241 3884 3327 3924 me
3356 3870 3587 3924 dictasse
3613 3868 3875 3924 memine-

2284 3976 2417 4015 ram.
2448 3960 2636 4015 Nonne
2664 3975 2785 4015 cum
2809 3961 2919 4029 jam
2948 3976 2977 4014 a
3006 3959 3247 4030 plurimis
3276 3959 3606 4029 legerentur,
3632 3969 3688 4014 et
3712 3957 3877 4013 offen-

2284 4052 2541 4107 derentur
2584 4067 2721 4123 pene
2760 4067 2973 4119 omnes,
3018 4067 3138 4106 cum
3178 4052 3372 4121 quibus
3417 4049 3579 4105 etiam
3604 4050 3632 4087 ¹ί
3662 4058 3717 4105 ιιι
3766 4051 3878 4119 ipse

2283 4156 2404 4198 esse
2432 4143 2727 4211 putabaris,
2759 4142 3090 4211 exemplaria
3134 4142 3245 4213 jam
3276 4142 3343 4196 de
3368 4142 3506 4206 foro,
3531 4142 3642 4211 jam
3673 4141 3742 4197 de
3772 4157 3876 4211 pu-

2286 4235 2428 4289 blico
2452 4234 2797 4297 subtraxisti,
2837 4244 2891 4288 et
2917 4234 3033 4289 haec
3061 4249 3166 4288 non
3196 4233 3263 4287 ad
3292 4233 3523 4302 aliquem
3554 4232 3751 4297 alium,
3784 4231 3876 4285 sed

2286 4326 2352 4379 ad
2385 4340 2471 4379 me
2497 4325 2777 4390 remisisti,
2802 4340 3047 4381 caussam
3079 4325 3297 4394 pariter,
3321 4323 3444 4395 quia
3476 4323 3628 4378 multi
3656 4324 3878 4378 scanda-

2289 4415 2398 4470 lum
2430 4415 2537 4484 pati
2567 4415 2908 4479 videbantur,
2955 4416 3233 4471 insinuans
3263 4431 3277 4471 :
3309 4416 3578 4485 quomodo
3608 4429 3708 4485 ego
3738 4417 3877 4484 Apo-

2290 4504 2575 4577 logeticum
2615 4506 2795 4563 denuo
2832 4506 3123 4576 descripsi,
3165 4518 3220 4563 et
3259 4521 3379 4577 qua:
3418 4507 3575 4562 aliter
3612 4506 3876 4576 intellige-

2288 4678 2636 4736 suosequentt
2691 4685 2893 4735 versu,
2950 4686 3088 4725 nunc
3134 4669 3442 4726 adverbium
3495 4682 3872 4739 expunnmus,

2287 4741 2428 4807 quod
2455 4756 2755 4808 quemquam
2784 4743 3083 4808 pronomini
3106 4742 3546 4812 subjungebatur,
3572 4741 3759 4795 sensui
3787 4756 3876 4794 au-

2287 4819 2395 4881 tem
2428 4822 2579 4866 recto
2605 4812 2893 4867 officiebat.
2926 4812 3046 4866 Mox
3090 4827 3304 4881 quoque
3336 4812 3532 4868 rectius
3575 4812 3776 4866 habere
3803 4812 3878 4863 vi-

2286 4880 2445 4936 detur
2475 4898 2576 4936 ms.
2604 4882 2671 4937 de
2700 4880 2928 4937 Ecclesia
2952 4898 3047 4951 pro
3076 4883 3129 4935 in
3161 4880 3407 4936 Ecclesia.

2348 4950 2379 5032 ,τ
2416 4952 2585 5007 Antea
2632 4952 2809 5006 minus
2854 4950 2999 5008 recte
3041 4963 3185 5018 erat,
3213 4968 3330 5023 qua:
3358 4953 3540 5023 quasi;
3586 4966 3692 5007 ms.
3724 4954 3876 5009 resti-

2287 5030 2407 5076 ιιιη.

2357 5105 2383 5141 s
2416 5093 2509 5147 Ms.
2535 5094 2765 5147 alterum
2798 5093 2897 5149 hoc
2920 5093 3011 5146 tibi
3033 5092 3241 5148 reticet.

2356 5161 2385 5234 ξι
2415 5164 2645 5218 Consule
2670 5164 2840 5218 Vitam
2872 5165 2963 5219 lib.
2989 5163 3029 5217 Ι.
3061 5179 3181 5234 cap.
3204 5165 3262 5219 4.

2362 5233 2379 5272 ί
2414 5235 2550 5289 Olim
2578 5242 2696 5288 erat
2728 5236 2782 5287 in
2816 5237 2961 5290 rebus
2987 5245 3035 5289 et
3074 5233 3262 5290 tatibus
3300 5235 3518 5291 cteteris.
3567 5236 3687 5292 Mox
3716 5234 3876 5291 habet

2282 5319 2387 5360 ms.
2418 5305 2721 5358 nudandam
2753 5320 2851 5372 pro
2877 5307 3145 5360 nudatam.

2358 5379 2373 5426 i
2413 5375 2466 5429 In
2498 5389 2624 5441 ms.,
2657 5378 2958 5441 surripiens,
2988 5388 3041 5431 et
3071 5377 3230 5446 paulo
3259 5385 3380 5446 post
3407 5391 3527 5430 eum
3554 5386 3742 5432 vetere
3766 5374 3876 5430 edi-

2284 5446 2449 5509 tione,
2489 5454 2790 5517 consecutus
2818 5449 2988 5516 fueras
3026 5445 3122 5516 pro
3154 5450 3326 5515 fores;
3355 5445 3609 5517 denique,
3637 5458 3684 5501 et
3722 5447 3767 5501 si
3798 5460 3877 5499 ve-

2282 5518 2442 5571 lasses
2472 5529 2563 5582 pro
2591 5516 2825 5569 velasset.

2355 5586 2381 5623 ¹ί
2412 5586 2576 5658 Vetus
2616 5586 2768 5648 edit.,
2796 5585 2923 5641 Cum
2948 5587 3129 5655 quibus
3156 5603 3263 5642 esse
3292 5596 3340 5642 te
3368 5588 3477 5658 ipse
3506 5586 3745 5657 putabas.
3776 5585 3873 5639 Ms.

2285 5672 2401 5710 cum
2430 5656 2610 5721 quibus
2659 5657 2812 5710 etiam
2856 5658 2965 5725 ipse
2991 5659 3240 5727 putabas,
3273 5656 3396 5713 etc.
3430 5656 3513 5712 Et
3533 5659 3692 5724 paulo
3722 5664 3872 5725 post,

2284 5728 2587 5780 scandalum
2632 5728 2825 5791 pariter
2870 5729 3214 5795 patiebantur,
3268 5729 3537 5784 insinuans
3592 5727 3871 5797 quomodo.

2290 5797 2427 5868 Ergo
2443 5798 2818 5869 Apologeticum
2840 5800 3004 5855 denuo
3026 5800 3224 5870 scripsi.
