4128 6360
324 278 423 347 uti

1437 265 1808 342 APOLOGLE
1853 284 2049 340 ωηιξη
2094 267 2473 344 SECUNDUS.

3504 287 3610 341 (illi

324 406 532 464 bantur,
567 402 633 457 ad
666 399 1064 469 intelligentiam
1096 397 1375 452 rectiorem
1434 409 1585 467 prout
1620 397 1788 465 potui,
1827 411 1907 447 re-
1938 404 1981 454 Α
2014 397 2102 462 qui
2129 397 2398 452 veteribus
2428 401 2573 450 recte
2600 402 2822 448 utttutttr
2851 395 2901 447 itt
2926 396 3101 450 novis.
3130 394 3243 450 Non
3273 395 3427 450 vobis
3459 394 3609 461 licet,

323 493 554 547 vocavi?
599 491 829 560 Aiquum
879 496 963 543 est
987 503 1144 556 ergo,
1179 497 1237 540 ut
1264 487 1405 556 quod
1436 488 1586 540 nobis
1618 488 1728 540 fieri
1760 486 1909 538 volu-

320 594 464 647 mus,
497 585 617 638 aliis
648 599 743 637 nos
774 582 1047 636 faciamus.
1081 580 1233 635 Sicut
1262 580 1402 634 euint
1445 596 1593 635 meos
1625 580 1785 634 libros
1814 580 1911 633 nti—

322 680 372 730 lti
411 676 691 740 remisisti,
725 684 776 725 ttt
817 687 844 725 a
888 688 973 727 tne
1000 671 1459 726 emendarentur:
1494 672 1561 724 ita
1590 679 1644 723 et
1672 670 1737 722 ad
1768 671 1911 723 ilhuu

317 784 442 822 suos
479 767 723 831 remitte,
752 776 803 820 et
830 765 969 835 quod
1001 760 1266 833 culpabi'e
1310 763 1542 827 videtur,
1579 764 1812 829 insinua,
1860 768 1925 817 ut'

318 863 428 923 ipse
463 872 543 923 se,
575 861 622 914 si
651 860 700 912 in
731 859 908 927 aliquo
936 859 1155 918 erravit,
1188 856 1457 911 emendet.
1485 856 1619 910 Tum
1641 865 1665 893 α
1690 866 1913 925 prmter-

318 970 376 1007 ea
406 964 462 1008 ‘et
493 968 593 1007 nos
614 953 723 1022 jam
754 954 805 1006 in
836 952 1015 1006 multis
1043 950 1383 1006 exercuimus
1426 950 1729 1018 ingenium,
1756 948 1915 1019 395

318 1056 370 1098 et
402 1046 568 1099 multa
592 1044 702 1113 jam
730 1043 880 1098 nobis
911 1042 1164 1111 Opuscula
1197 1041 1452 1095 desudata
1485 1048 1631 1094 sunt.
1676 1040 1772 1093 llle
1816 1040 1916 1094 hoc

326 1138 553 1206 primum
585 1152 751 1206 prope
781 1150 914 1203 opus
939 1135 1099 1198 adiit,
1133 1143 1183 1189 et
1217 1134 1445 1188 fortasse
1477 1133 1784 1199 compulsus
1817 1148 1832 1185 :
1864 1141 1918 1187 et

324 1228 454 1282 niiiil
496 1230 690 1282 mirum
722 1227 766 1281 si
798 1228 1067 1283 fittctuavit
1099 1227 1150 1281 in
1181 1226 1387 1295 primis.
1435 1222 1544 1280 Nec
1581 1226 1793 1279 ‘occasio
1825 1226 1918 1279 de-

325 1319 549 1388 rogandi
574 1318 895 1374 Christianis
938 1318 1199 1390 captanda
1243 1327 1347 1386 est,
1388 1318 1480 1372 sed
1525 1316 1916 1372 emendationis

323 1413 525 1467 utilitas
555 1410 897 1481 requirenda.

393 1518 484 1576 ⁸59.
528 1522 651 1576 llaec
677 1522 725 1576 si
765 1519 829 1574 ad
857 1530 979 1576 eum
1020 1518 1413 1588 reseripsiss'es,
1438 1524 1614 1573 nonne
1660 1518 1915 1586 majorem

325 1612 547 1682 g‘raii'ant
602 1623 655 1667 et
694 1610 1102 1665 :edificatiOItem
1153 1610 1236 1662 vel
1294 1609 1394 1677 ipsi
1436 1610 1580 1660 initia
1624 1609 1674 1661 in
1727 1610 1917 1663 timore

324 1703 417 1757 Dei
445 1704 683 1767 habenti,
711 1704 792 1757 vel
822 1700 1031 1757 caeteris
1057 1699 1355 1769 legentibus
1384 1700 1725 1767 prtehuisscs,
1755 1715 1911 1768 quam

2016 490 2277 552 dicentes,
2311 488 2602 541 transferre
2630 488 2906 541 materiam
2935 486 3003 541 de
3033 487 3198 540 veteri
3226 486 3387 541 dbtuo
3423 488 3489 541 ad
3520 504 3611 540 nn-

2021 596 2160 645 vatu,
2197 580 2296 633 nisi
2320 580 2520 647 tignum
2564 579 2727 647 tigno,
2760 588 2813 632 ct
2834 578 3063 646 lapidem
3105 577 3263 646 lapidi
3291 577 3608 647 junxeritis,

2020 674 2119 725 nisi
2149 672 2409 742 porticum
2440 672 2505 725 de
2533 672 2759 740 porticu,
2790 671 2889 726 nisi
2919 672 3217 725 tne-nbrttm
3242 670 3309 725 de
3330 671 3607 726 membro:

2020 773 2073 815 et
2101 764 2201 816 hoc
2230 773 2251 799 ε
2287 765 2398 818 tieri
2432 780 2535 817 ttott
2565 764 2790 831 poterit,
2823 763 2920 817 nisi
2964 778 3233 817 secessum
3264 762 3331 818 de
3364 776 3607 821 secessu.

2021 854 2120 908 nisi
2158 856 2391 908 cloacam
2434 854 2501 909 de
2542 855 2722 908 cloaca
2772 856 3168 910 traustuleritis.
3224 854 3438 910 Habere
3466 856 3606 910 enim

2021 945 2235 998 domum
2266 959 2506 1012 magnam
2537 946 2697 999 etiam
2725 946 2838 1000 lucc
2864 959 3080 1001 necesse
3106 956 3206 1000 est.
3236 946 3349 1002 Hoc
3379 961 3608 1015 namque

2021 1045 2103 1088 est
2133 1035 2351 1089 verbum
2381 1034 2674 1091 transferre
2702 1036 2770 1091 de
2799 1038 2993 1103 verbo,
3027 1036 3167 1106 quod
3208 1051 3238 1090 a
3267 1048 3319 1092 te
3350 1046 3475 1091 ante
3505 1038 3607 1091 itit-

2021 1127 2316 1195 probabile,
2347 1140 2487 1181 nunc
2519 1142 2647 1182 vero
2680 1126 2698 1165 τ
2733 1129 3010 1197 probabile
3037 1130 3333 1198 judicatum
3367 1138 3470 1183 est.
3500 1128 3605 1184 Sed

2022 1230 2076 1272 ttt
2105 1219 2320 1290 quidem
2371 1219 2464 1273 tibi
2495 1229 2550 1275 et
2578 1236 2695 1289 quae
2735 1236 2839 1275 non
2892 1221 3075 1288 licent,
3120 1222 3285 1278 licere
3331 1220 3604 1284 defendis;

2022 1314 2176 1368 nobis
2223 1326 2402 1367 autem
2448 1327 2567 1382 quae
2615 1313 2758 1369 licita
2804 1325 2927 1368 sunt
2975 1315 3221 1384 impingis
3268 1315 3332 1369 ad
3376 1315 3605 1370 crimen.

2024 1408 2153 1463 Nam
2188 1418 2241 1462 ιιι
2272 1422 2393 1461 cum
2424 1420 2609 1462 sacras
2640 1407 2845 1462 Literas
2874 1417 2930 1464 et
2961 1408 3238 1475 Volumina
3270 1408 3448 1462 divina
3480 1423 3607 1477 per-

2021 1509 2276 1563 ntutares,
2312 1498 2515 1553 laudari
2546 1497 2656 1565 vis;
2700 1512 2801 1554 nos
2841 1500 3003 1555 etiam
3041 1502 3088 1556 si
3128 1511 3179 1556 te
3223 1500 3514 1565 imitantes,
3541 1500 3611 1557 de

2021 1591 2294 1646 hominum
2322 1589 2662 1646 sermonibus
2694 1591 2894 1661 aliquid
2914 1632 2931 1659 ,
2973 1591 3113 1661 quod
3142 1592 3318 1646 minus
3346 1592 3610 1647 mdificare

2018 1682 2286 1737 credimus
2318 1681 2423 1753 [AL
2456 1680 2826 1753 credidimus],
2863 1682 3223 1751 praeterimus,
3258 1683 3312 1736 iu
3342 1683 3424 1738 his
3452 1685 3609 1738 nobis

323 1798 466 1849 nunc
514 1794 629 1848 ista:
678 1803 779 1847 tuae
832 1792 1119 1847 anOCIinB
1174 1791 1424 1845 niteroris
1477 1798 1530 1842 et
1585 1790 1914 1843 coitfusionis
1948 1774 1992 1832 Β
2023 1776 2230 1829 “ﬂiam
2262 1789 2366 1829 ηοη
2394 1773 2513 1840 das.
2544 1776 2598 1829 in
2631 1774 2825 1845 finibus
2852 1776 3156 1846 exemplum
3184 1775 3402 1832 dedisti.

324 1887 578 1941 omnibus
607 1884 918 1940 timentibus
946 1884 1110 1940 Deum
1152 1886 1428 1952 prtestant,
1458 1883 1545 1949 qui
1576 1892 1629 1937 et
1658 1882 1710 1936 in
1741 1892 1791 1937 te
1826 1883 1921 1938 fa:-

323 1982 603 2034 dissintam
655 1978 990 2033 obtrectandi
1038 1977 1333 2041 libidinem,
1363 1986 1413 2031 et
1463 1976 1514 2029 in
1566 1991 1650 2029 tne
1682 1991 1919 2044 respon-

323 2072 485 2125 dendi
516 2071 887 2125 necessitatem
937 2067 1297 2123 miserabilem
1345 2066 1455 2138 [ΑΙ.
1484 2066 1807 2138 mirabilem]
1839 2069 1920 2120 vi-

323 2161 493 2216 d‘ent‘l
534 2161 588 2215 Si
623 2160 788 2225 enim,
820 2168 878 2213 ut
906 2160 1042 2225 dixi,
1070 2158 1137 2213 de
1168 2160 1272 2212 tuis
1302 2158 1448 2211 libris
1477 2158 1710 2212 coutraJ
1741 2159 1921 2213 tvinia-

324 2270 453 2307 num
492 2252 728 2321 scriptis,
779 2266 919 2306 nunc
959 2250 1169 2315 eadem,
1218 2250 1413 2318 q‘uibds
1455 2243 1604 2302 illum
1636 2251 1917 2319 arguebas,

325 2347 441 2416 ipse
471 2345 741 2401 iuVeneris
776 2354 1038 2408 asserere,
1075 2352 1215 2397 nunc
1248 2358 1372 2397 vero
1402 2344 1661 2396 intautum
1687 2341 1714 2381 δ
1748 2344 1924 2413 prola-

326 2437 473 2491 beris
502 2477 518 2501 ,
564 2445 621 2490 ttt
686 2436 871 2489 δοται-ε
917 2436 1255 2503 nuptiarum,
1301 2448 1398 2487 nec
1441 2435 1681 2505 martyrii
1726 2450 1921 2491 cruore

326 2524 453 2581 dilui
481 2540 637 2595 posse
667 2523 969 2588 conﬁrmes,
999 2534 1052 2579 et
1076 2523 1199 2578 illud
1226 2524 1364 2592 quod
1398 2532 1475 2578 est
1506 2524 1920 2580 Mauichmorum

326 2620 595 2689 dogmatis
623 2618 1051 2674 emendationem
1097 2617 1171 2669 tib
1224 2616 1422 2672 habere
1455 2610 1609 2671 facile
1637 2618 1809 2671 visum
1841 2628 1923 2671 est

328 2716 381 2768 in
425 2714 509 2767 his
556 2712 723 2777 libris,
778 2726 911 2780 quos
957 2710 1064 2779 jam
1121 2710 1388 2773 edideras,
1437 2720 1493 2765 et
1539 2704 1924 2767 describendos

329 2804 575 2873 plurimis
607 2803 910 2872 praebueras
941 2815 955 2853 :
990 2800 1119 2870 quid
1151 2810 1266 2854 erat
1298 2799 1655 2865 difficultatis,
1702 2817 1787 2856 tne
1818 2818 1922 2855 non

330 2904 509 2949 meum
553 2907 708 2963 opus,
756 2893 850 2947 sed
893 2891 1392 2957 interpretationem
1437 2885 1597 2945 alieni
1630 2894 1832 2959 operis,
1879 2894 1922 2946 si

329 2988 455 3058 quid
503 2987 640 3041 forte
668 2986 719 3039 in
751 3000 816 3040 eo
845 2991 1081 3039 erratum
1106 3024 1118 3045 ,
1164 2998 1268 3034 non
1302 2982 1440 3035 ratio
1461 3022 1474 3043 ,
1507 2981 1603 3035 sed
1636 2982 1771 3035 livor
1801 2999 1925 3053 sug-

330 3088 591 3149 gesserat,
629 3076 950 3131 emendare?
1002 3075 1237 3127 maxime
1286 3079 1408 3127 eum
1458 3071 1631 3126 adhuc
1679 3084 1823 3127 esset
1871 3076 1922 3127 in

2098 1889 2189 1946 .tl.
2235 1886 2431 1942 Verum
2472 1895 2595 1957 agat
2633 1888 2747 1943 haec
2787 1888 2907 1955 iste,
2949 1897 3007 1944 ut
3043 1887 3146 1944 sibi
3190 1887 3271 1943 vel
3312 1887 3496 1953 licere,
3529 1886 3615 1942 vel

2025 1980 2280 2048 expedire
2308 1989 2479 2049 putat.
2510 1980 2623 2050 Ego
2653 1980 2894 2050 interim,
2925 1989 2986 2035 ut
3014 1992 3393 2037 recenseamus
3427 1981 3479 2035 in
3512 1980 3616 2034 fine

2024 2087 2108 2137 ea,
2139 2080 2261 2142 qua:
2299 2071 2528 2139 sparsim
2574 2087 2670 2140 pro
2711 2082 2892 2127 nostra
2937 2073 3251 2142 purgatione
3279 2082 3304 2119 ε
3333 2069 3616 2140 ‘respttndi-

2027 2168 2160 2226 tntis,
2184 2176 2305 2215 cum
2330 2161 2399 2216 de
2421 2166 2507 2216 me
2532 2161 2746 2228 dixerit,
2774 2162 2923 2232 quasi
2955 2161 3070 2215 sine
3099 2176 3158 2217 se
3184 2161 3467 2216 hmreticus
3494 2170 3615 2215 esse

2026 2270 2131 2307 non
2157 2267 2391 2321 possem,
2418 2251 2627 2306 ostendi
2654 2251 2810 2308 fidem
2837 2267 3031 2318 meam,
3051 2260 3107 2307 et
3128 2251 3196 2307 de
3219 2250 3615 2307 resurreCtione

2026 2341 2203 2394 carnis
2248 2338 2420 2406 ipsum
2453 2352 2621 2407 magis
2652 2353 2859 2404 errare,
2901 2339 2992 2409 qui
3022 2354 3216 2408 corpus
3261 2338 3615 2408 quod‘resur-

2027 2440 2295 2485 recturum
2327 2436 2437 2491 est,
2471 2428 2658 2497 fragile
2686 2442 2806 2484 esse
2834 2429 3108 2498 scripserit
3140 2428 3247 2500 [ΑΙ.
3278 2426 3631 2499 scripserat].-

2024 2520 2391 2589 comprobavi.
2447 2519 2620 2575 Sexus
2666 2535 2881 2590 quoque
2929 2519 3296 2574 diversitatem
3346 2519 3615 2587 quomodo

2026 2617 2302 2676 ahra~erit.
2332 2619 2386 2667 et
2413 2627 2641 2680 corpora
2671 2611 2721 2664 in
2752 2610 2978 2673 animas,
3002 2619 3057 2665 et
3080 2609 3330 2663 mulieres
3362 2608 3528 2677 redigi
3559 2607 3615 2663 in

2027 2714 2169 2767 viros
2210 2711 2439 2774 dixerit,
2495 2704 2677 2761 docuit
2728 2703 2857 2758 Mea:
2895 2717 3107 2772 quoque
3157 2700 3615 2770 interpretationis

2026 2824 2276 2873 caussas,
2305 2814 2364 2861 ut
2406 2816 2565 2873 puto,
2595 2799 2923 2871 iustissimos
2956 2796 3181 2866 protuli,
3227 2797 3367 2866 quod
3400 2812 3504 2850 non
3532 2795 3615 2850 vel

2027 2902 2375 2957 contendoue
2422 2896 2530 2969 [ΑΙ.
2578 2889 2900 2962 intentione]
2948 2890 3253 2955 excitatus,
3305 2889 3385 2943 vel
3435 2887 3614 2957 gloria'

2027 2993 2276 3060 cupidus,
2300 2988 2394 3043 sed
2420 2987 2514 3041 Dei
2539 2985 2733 3039 timore
2758 2991 3098 3052 provocatus,
3122 2986 3354 3050 antqua:
3379 2978 3614 3033 materia!

2018 3082 2418 3141 trausvexerim
2440 3079 2646 3145 copias,
2672 3074 2898 3130 novellae
2927 3073 3348 3129 constructionis
3377 3072 3614 3128 aedificiis

332 3172 627 3235 seltedulis,
676 3186 807 3240 quas
852 3169 1088 3225 nondum
1136 3168 1201 3223 ad
1249 3168 1466 3237 plenum
1514 3166 1805 3235 relegeram
1840 3166 1920 3221 vel

2030 3180 2353 3250 profuturas,
2402 3182 2457 3228 et
2508 3172 2611 3227 tela
2662 3177 2878 3233 vetera,
2925 3167 3169 3235 rubigine
3208 3166 3317 3234 jam
3362 3166 3614 3231 obducta,

332 3266 727 3335 explicuera‘m,
774 3276 905 3332 quas
952 3278 1058 3315 non
1108 3260 1282 3315 editas
1330 3258 1691 3313 invenerunt?
1734 3257 1922 3312 Nonne

335 3358 595 3428 perfacile
617 3352 893 3414 emendari
918 3363 1164 3425 poterant
1190 3369 1275 3422 ea,
1305 3368 1423 3423 qua:
1445 3353 1620 3407 adhuc
1642 3353 1923 3406 emendata

337 3462 441 3507 non
492 3450 743 3505 fuerant?
778 3449 973 3505 Verum
1016 3463 1122 3502 non
1173 3445 1318 3511 hinc,
1366 3446 1453 3499 tibi
1498 3445 1639 3515 quod
1682 3445 1926 3513 culparet

337 3544 471 3599 nihil
514 3542 775 3607 habebat;
821 3541 912 3596 scd
954 3550 1125 3594 totum
1174 3537 1296 3593 inde
1340 3534 1641 3603 mordetur,
1673 3535 1799 3590 dum
1830 3551 1926 3606 per

340 3636 444 3691 hoc
486 3635 637 3704 prodi
673 3642 695 3672 ο
731 3634 924 3695 timuit,
956 3630 1098 3686 unde
1135 3640 1217 3685 est
1255 3638 1415 3706 omne
1455 3627 1595 3697 quod
1627 3630 1740 3697 ipse
1774 3624 1925 3692 dicit,

340 3727 482 3782 unde
510 3726 718 3791 ductus,
753 3724 893 3779 unde
920 3724 1312 3792 Scripturarum
1346 3721 1557 3775 Videtur
1591 3720 1884 3788 interpres.

408 3843 501 3900 40.
544 3841 650 3897 Sed
692 3834 891 3893 idcirco
923 3851 1166 3893 caussam
1189 3878 1202 3902 ,
1238 3842 1339 3905 qua
1369 3834 1434 3889 ad
1468 3832 1927 3902 interpretandum

341 3928 605 3989 adductus
633 3946 783 3994 sum,
814 3928 1035 3997 exposui
1059 3969 1074 3995 ,
1107 3937 1163 3979 ttt
1202 3926 1358 3991 sciat,
1394 3940 1478 3978 me
1511 3913 1626 3977 haec
1660 3939 1763 3977 non
1796 3938 1929 3977 con-

342 4028 582 4083 tentione
614 4025 693 4095 (ut
736 4024 848 4090 ipse
877 4036 1034 4087 agere
1064 4018 1225 4087 Solet)
1258 4004 1343 4072 vei
1376 4002 1718 4070 tetnulatioue
1749 4002 1926 4097 aliqua

340 4119 653 4189 protulisse,
684 4114 777 4170 sed
812 4112 1159 4175 necessitate,
1203 4123 1305 4178 qua
1340 4107 1587 4173 superius
1618 4105 1832 4169 edocui,
1861 4104 1927 4157 ad

340 4213 464 4267 boui
511 4219 567 4265 et
611 4207 757 4262 utilis
805 4203 987 4273 operis
1035 4203 1474 4263 instrumentum,
1526 4206 1582 4251 ut
1622 4189 1817 4264 aliquid
1861 4211 1926 4249 ex

339 4306 443 4359 hoc
479 4300 507 4340 ά
538 4300 621 4356 vel
647 4297 850 4354 ordinis
880 4296 961 4351 vel
992 4293 1191 4348 coloris
1217 4291 1484 4358 acciperet
1514 4288 1628 4353 ille,
1659 4288 1745 4356 qui
1778 4286 1926 4343 rudis

340 4398 454 4466 ipse
479 4392 791 4465 opusculum
815 4378 1079 4443 condebat
1103 4382 1401 4447 antiquum.
1432 4382 1534 4433 Aut
1556 4394 1661 4431 non
1684 4376 1925 4431 videmus

342 4492 576 4541 vetustas
605 4484 747 4536 :edes
774 4472 1004 4535 novellis
1033 4475 1274 4531 adificiis
1306 4471 1609 4542 profuisse?
1658 4470 1721 4523 Et
1757 4471 1924 4523 inter-

340 4580 466 4634 dum
493 4578 783 4632 assumitur
814 4572 946 4640 lapis
971 4569 1036 4624 de
1066 4566 1260 4622 abditis
1288 4574 1342 4647 et
1368 4562 1629 4624 abstrusis
1651 4561 1813 4632 396
1832 4576 1926 4614 an-

341 4671 499 4740 tiquae
525 4668 716 4721 domus
747 4662 1011 4733 partibus,
1046 4658 1133 4727 qui
1165 4666 1317 4711 novze
1348 4654 1538 4710 domus
1569 4651 1795 4707 frentem
1825 4651 1921 4706 de-

341 4765 487 4815 coret
517 4769 570 4815 et
597 4764 821 4814 exornet
854 4754 1174 4821 ingressum.
1234 4748 1303 4801 Et
1332 4740 1597 4799 interdum
1630 4752 1799 4797 totum
1829 4758 1924 4796 uo-

344 4855 489 4910 vella:
516 4850 931 4908 constructionis
960 4844 1242 4900 aedificium
1261 4882 1274 4906 ,
1308 4841 1465 4894 unius
1494 4836 1726 4907 antiqua:
1754 4830 1923 4891 trabis

341 4945 628 5001 stabilitate
658 4939 914 4996 munitur.
947 4934 1181 5006 Agamus
1204 4946 1333 5002 ergo
1363 4936 1502 4985 nunc
1523 4929 1781 4984 adversus
1804 4940 1919 4995 eos,

413 5136 437 5165 ⁸
470 5125 591 5190 Ms.,
616 5123 694 5176 Tu
715 5118 983 5193 prmterea,
1008 5114 1190 5170 nescio
1211 5127 1277 5193 an
1300 5110 1504 5193 verius;
1542 5112 1674 5193 tum,
1700 5105 1921 5193 primum

344 5178 545 5268 proprie
573 5178 826 5268 opus'pro
867 5178 1043 5257 prope,
1072 5196 1201 5268 etc.;
1244 5178 1920 5268 deniquepderegatiottt’s,

344 5248 685 5323 cuiu-vetere
728 5248 884 5325 edit.,
928 5248 1038 5327 pro
1062 5253 1347 5326 derogandi
1369 5248 1467 5318 ,ἐι
1497 5248 1798 5317 inquirenda
1830 5261 1924 5317 pro

345 5337 665 5406 requirenda.
942 5400 952 5406 _
1056 5396 1121 5406 __
1183 5396 1196 5406 ,
1266 5394 1278 5405 ,
1391 5400 1401 5406 _
1506 5401 1516 5406 _
1622 5400 1633 5406 ,
1713 5387 1839 5406 Mn

414 5387 532 5461 iiii.“
549 5387 674 5470 ms.,
700 5400 977 5470 prohiberis
994 5438 1007 5461 ,
1037 5396 1235 5451 deinde
1263 5394 1441 5463 juncta
1469 5401 1524 5447 et
1549 5400 1733 5449 vetere
1756 5387 1914 5454 etlit.,

342 5490 386 5532 et
413 5481 546 5533 istud
574 5481 731 5545 quod,
765 5484 870 5527 etc.
909 5540 937 5546 __
1331 5536 1343 5546 .
1438 5535 1447 5543 ,

416 5562 437 5589 ε
468 5540 609 5602 Idem
637 5560 766 5605 ms.,
792 5540 937 5604 prodi
960 5548 1162 5601 curant,
1189 5550 1284 5604 pro
1308 5540 1492 5589 timuit.

413 5619 438 5657 ἀ
468 5599 683 5673 ii'ectius
726 5599 953 5666 fortasse
1002 5611 1054 5661 in
1102 5599 1283 5662 vetare
1319 5605 1472 5671 edit.,
1500 5602 1575 5657 rel
1604 5600 1798 5673 odoris,-
1821 5599 1920 5673 _vel

344 5670 546 5752 coloris,
560 5670 678 5742 etc.
713 5684 829 5735 Mox
857 5678 1126 5733 Guartter.
1152 5693 1278 5743 ms.,
1302 5692 1430 5745 opus
1458 5670 1622 5729 tamen
1651 5670 1918 5730 condebat,

346 5777 440 5830 pro
469 5755 787 5832 apuscttlum,
818 5758 923 5805 etc.

582 5868 857 5927 Ριτιιοι..
906 5857 1082 5921 XXI.

2026 3268 2343 3325 deterserim
2369 3308 2384 3333 ,
2420 3281 2522 3320 non
2571 3274 2630 3319 ut
2659 3263 2819 3318 civile
2849 3261 3045 3317 bellum
3090 3276 3384 3325 moverem,
3427 3260 3519 3315 sed
3561 3269 3614 3315 ut

2029 3364 2219 3420 hostile
2234 3360 2578 3429 depellerem.
2604 3358 2781 3427 Ipsum
2804 3355 2962 3411 etiam
2987 3364 3167 3423 caput,
3186 3356 3269 3409 cui
3296 3366 3485 3407 manus
3514 3354 3612 3406 fal-

2026 3457 2197 3513 sarias
2222 3454 2545 3521 iniecerunt,
2576 3450 2801 3514 inserui,
2832 3458 2887 3502 et
2914 3447 3235 3501 adulterium
3267 3446 3614 3515 blasphemia-

2028 3552 2082 3605 in
2114 3548 2305 3604 Filium
2340 3547 2431 3600 Dei
2479 3555 2535 3601 et
2560 3544 2819 3613 Spiritum
2847 3541 3127 3604 Sanetttm,
3162 3541 3393 3594 alienum
3439 3556 3465 3592 a
3497 3555 3615 3595 utco

2030 3643 2268 3704 nomine,
2298 3637 2457 3708 397
2486 3636 2581 3691 sed
2612 3636 2848 3707 ipsorum
2874 3635 3099 3697 scelere,
3132 3640 3186 3685 et
3210 3632 3277 3686 ab
3306 3630 3434 3702 ipsis
3462 3632 3614 3687 docui

2030 3752 2152 3792 esse
2182 3735 2550 3791 commissum.

2101 3852 2189 3904 49..
2233 3850 2287 3904 lu
2320 3847 2541 3918 singulis
2569 3851 2799 3913 quoque,
2820 3840 2887 3895 de
2909 3837 3101 3909 quibus
3123 3842 3180 3892 sc
3202 3836 3400 3891 itiCil‘Cti
3428 3836 3613 3905 Origo;

2032 3959 2155 3999 nem
2189 3951 2412 4010 arguere
2438 3936 2686 3999 dicebat,
2720 3944 2776 3986 ιιι
2810 3944 2907 3986 nos
2940 3930 3151 3996 pulsare
3180 3940 3239 3982 se
3269 3928 3533 3991 crederet,
3566 3939 3615 3982 et

2032 4034 2291 4090 infamare
2321 4047 2461 4101 opus
2492 4024 2858 4084 translationis
2891 4034 3111 4085 nostrae,
3147 4021 3356 4074 Ostendi
3388 4035 3449 4074 ex
3484 4020 3613 4087 ipsis

2030 4121 2445 4179 Commentariis
2472 4120 2603 4181 suis,
2636 4131 2699 4172 ex
2732 4114 2924 4183 quibus
2949 4112 3105 4166 fidem
3136 4125 3284 4163 suam
3316 4110 3614 4178 exspectari

2031 4215 2230 4270 debere
2258 4212 2488 4275 dixerat,
2520 4218 2574 4263 et
2602 4203 2849 4276 probari,
2884 4202 3024 4271 quod
3062 4211 3114 4254 ct
3140 4201 3207 4255 de
3232 4201 3426 4253 anima:
3452 4208 3613 4264 statu,

2032 4315 2089 4363 et
2110 4304 2136 4343 δ
2169 4301 2508 4360 restitutione
2536 4297 2796 4352 omnium.
2829 4294 2895 4347 de
2946 4290 3160 4344 diabolo
3208 4298 3366 4356 atque
3410 4290 3614 4358 angelis

2030 4394 2252 4465 refugis,
2283 4390 2468 4446 eadem
2500 4392 2619 4457 qua:
2646 4384 2700 4439 in
2729 4384 2822 4438 illo
2847 4382 3045 4450 culpat,
3072 4381 3185 4449 ipse
3212 4379 3613 4447 conscripserit.

1955 4522 2007 4583 Β
2031 4487 2138 4545 8εά
2169 4494 2223 4541 ει
2257 4479 2404 4554 quod
2438 4480 2632 4534 anima:
2662 4477 2713 4531 in
2764 4478 2995 4543 carpere
3026 4475 3125 4527 hoc
3172 4473 3360 4525 vinctae
3391 4471 3534 4525 velut
3562 4470 3612 4525 in
3700 4494 3703 4497 λ

2031 4592 2248 4637 carcere
2277 4579 2585 4632 tenerentur
2613 4572 2658 4636 1,
2691 4569 2864 4639 ipsum
2913 4565 3134 4630 dixisse,
3180 4566 3405 4619 convici.
3439 4564 3612 4619 Unum

2031 4687 2240 4745 quoque
2268 4682 2392 4725 esse
2437 4677 2634 4733 corpus
2683 4662 2846 4717 totius
2875 4669 3135 4715 creaturre
3166 4659 3495 4713 rationabilis
3517 4699 3533 4725 ,
3562 4659 3612 4713 id

2032 4773 2136 4827 est,
2166 4760 2480 4829 angelorum
2511 4764 2567 4811 et
2594 4754 2914 4815 animarum,
2947 4751 2999 4804 in
3053 4750 3135 4805 bis
3176 4750 3304 4818 ipsis
3331 4765 3452 4803 eum
3482 4749 3613 4803 scri-

2029 4855 2203 4925 psisse
2224 4846 2659 4912 Commentariis,
2691 4842 3005 4914 approbavi.
3038 4840 3263 4910 Perjurii
3293 4842 3451 4895 etiam
3481 4856 3610 4896 eon-

2030 4944 2460 5007 foederationem,
2509 4937 2646 5009 apud
2692 4935 2896 4991 nullum
2951 4935 3065 5001 ita,
3112 4942 3172 4989 ut
3219 4933 3360 5004 apud
3412 4934 3606 5004 ipsum,

2097 5110 2120 5138 ο
2150 5100 2207 5155 in
2235 5111 2358 5160 ms.,
2388 5093 2512 5165 ferri
2542 5108 2636 5162 pro
2662 5093 2804 5161 fieri,
2838 5101 2890 5146 et
2918 5105 3040 5143 mox
3072 5088 3408 5144 transtuleris.
3437 5087 3605 5142 Mani—

2026 5171 2157 5227 festa
2186 5168 2375 5223 menda
2401 5173 2681 5235 praetereo.

2103 5242 2120 5280 τ
2160 5242 2344 5296 Denuo
2373 5227 2471 5292 tris.
2502 5234 2791 5296 laudabile,
2827 5240 2935 5285 tum
2966 5242 3011 5284 et
3034 5244 3149 5300 qua:
3186 5245 3287 5300 non
3318 5228 3490 5300 licent,
3512 5227 3606 5278 dea

2028 5314 2223 5384 fenilia;
2255 5309 2399 5363 nobis
2421 5312 2535 5377 qua:
2558 5306 2700 5360 licita
2722 5311 2857 5383 sunt,
2882 5297 3163 5384 impingens
3187 5299 3256 5349 ad
3269 5297 3496 5384 ΔενὲἮΔῖ

2102 5364 2252 5437 aliti.
2278 5397 2371 5450 pro
2392 5364 2565 5431 nostra
2585 5374 2885 5446 purgatione
2905 5364 3203 5440 deferimus,
3227 5364 3603 5435 respondimus,

2024 5468 2339 5578 “infligit-ius
2369 5522 2495 5575 item
2528 5517 2665 5571 bene
2706 5509 3062 5569 Guarnerian.
3096 5519 3223 5571 ms.,
3246 5514 3292 5559 et
3328 5504 3391 5558 de
3432 5513 3605 5558 mur:

2026 5608 2381 5721 nominabis”
2413 5665 2662 5719 tenentur,
2688 5664 2946 5719 unumque
2976 5663 3082 5702 esse
3111 5660 3295 5715 corpus
3327 5644 3482 5697 totius
3509 5650 3602 5696 ηαδ

2031 5749 2158 5795 tura:
2178 5730 2515 5789 rationabilis.
2546 5733 2648 5780 etc.

3161 5818 3243 5885 20
