  <div class='ocr_page' id='page_1' title='image "/cluster/home/n/w/nwhite01/storage/ocr_20150623/21/hvd.32044015471360/315.png"; bbox 0 0 4128 6360; ppageno 0'>
   <div class='ocr_carea' id='block_1_1' title="bbox 551 239 652 295">
    <p class='ocr_par' dir='ltr' id='par_1_1' title="bbox 551 239 652 295">
     <span class='ocr_line' id='line_1_1' title="bbox 551 239 652 295; baseline -0.02 0"><span class='ocrx_word' id='word_1_1' title='bbox 551 239 652 295; x_wconf 67' lang='lat' dir='ltr'><strong>(ill)</strong></span> 
     </span>
    </p>
   </div>
   <div class='ocr_carea' id='block_1_2' title="bbox 1575 238 2777 309">
    <p class='ocr_par' dir='ltr' id='par_1_2' title="bbox 1575 238 2777 309">
     <span class='ocr_line' id='line_1_2' title="bbox 1575 238 2777 309; baseline 0 -12"><span class='ocrx_word' id='word_1_2' title='bbox 1575 242 1801 297; x_wconf 75' lang='lat' dir='ltr'><strong>RUFINI</strong></span> <span class='ocrx_word' id='word_1_3' title='bbox 1845 238 2315 309; x_wconf 74' lang='lat' dir='ltr'><strong>AQUI|.EiEl\&#39;SlS</strong></span> <span class='ocrx_word' id='word_1_4' title='bbox 2355 240 2777 301; x_wconf 75' lang='lat' dir='ltr'><strong>PRESBYTEBI</strong></span> 
     </span>
    </p>
   </div>
   <div class='ocr_carea' id='block_1_3' title="bbox 3728 260 3831 319">
    <p class='ocr_par' dir='ltr' id='par_1_3' title="bbox 3728 260 3831 319">
     <span class='ocr_line' id='line_1_3' title="bbox 3728 260 3831 319; baseline 0.078 -7"><span class='ocrx_word' id='word_1_5' title='bbox 3728 260 3831 319; x_wconf 75' lang='lat' dir='ltr'><strong>G20</strong></span> 
     </span>
    </p>
   </div>
   <div class='ocr_carea' id='block_1_4' title="bbox 546 312 2114 437">
    <p class='ocr_par' dir='ltr' id='par_1_4' title="bbox 546 356 2114 413">
     <span class='ocr_line' id='line_1_4' title="bbox 546 356 2114 413; baseline 0 -1"><span class='ocrx_word' id='word_1_6' title='bbox 546 356 758 412; x_wconf 79' lang='lat' dir='ltr'><strong>oStendi</strong></span> <span class='ocrx_word' id='word_1_7' title='bbox 800 356 1219 413; x_wconf 82' lang='lat' dir='ltr'><strong>sacratissimam</strong></span> <span class='ocrx_word' id='word_1_8' title='bbox 1246 365 1268 394; x_wconf 76' lang='grc'><strong><em>⁸</em></strong></span> <span class='ocrx_word' id='word_1_9' title='bbox 1300 358 1630 413; x_wconf 84' lang='lat' dir='ltr'><strong>conversari.</strong></span> <span class='ocrx_word' id='word_1_10' title='bbox 1671 358 1955 413; x_wconf 79' lang='lat' dir='ltr'><strong>Veritatem</strong></span> <span class='ocrx_word' id='word_1_11' title='bbox 1986 356 2114 412; x_wconf 20' lang='lat' dir='ltr'><strong>adma</strong></span> 
     </span>
    </p>
   </div>
   <div class='ocr_carea' id='block_1_5' title="bbox 2218 312 3831 437">
    <p class='ocr_par' dir='ltr' id='par_1_5' title="bbox 2241 358 3831 437">
     <span class='ocr_line' id='line_1_5' title="bbox 2241 358 3831 437; baseline 0.014 -26"><span class='ocrx_word' id='word_1_12' title='bbox 2241 358 2386 412; x_wconf 85' lang='lat' dir='ltr'><strong>nolui</strong></span> <span class='ocrx_word' id='word_1_13' title='bbox 2411 358 2528 428; x_wconf 87' lang='lat' dir='ltr'><strong>ejus</strong></span> <span class='ocrx_word' id='word_1_14' title='bbox 2560 375 2703 415; x_wconf 92' lang='lat' dir='ltr'><strong>nunc</strong></span> <span class='ocrx_word' id='word_1_15' title='bbox 2731 369 2925 416; x_wconf 82' lang='lat' dir='ltr'><strong>caetera</strong></span> <span class='ocrx_word' id='word_1_16' title='bbox 2948 363 3149 433; x_wconf 90' lang='lat' dir='ltr'><strong>scripta</strong></span> <span class='ocrx_word' id='word_1_17' title='bbox 3178 366 3507 437; x_wconf 81' lang='lat' dir='ltr'><strong>contingere,</strong></span> <span class='ocrx_word' id='word_1_18' title='bbox 3548 380 3605 425; x_wconf 79' lang='lat' dir='ltr'><strong>ut</strong></span> <span class='ocrx_word' id='word_1_19' title='bbox 3624 371 3693 428; x_wconf 88' lang='lat' dir='ltr'><strong>de</strong></span> <span class='ocrx_word' id='word_1_20' title='bbox 3715 374 3831 433; x_wconf 88' lang='lat' dir='ltr'><strong>istis</strong></span> 
     </span>
    </p>
   </div>
   <div class='ocr_carea' id='block_1_6' title="bbox 548 452 2134 524">
    <p class='ocr_par' dir='ltr' id='par_1_6' title="bbox 548 452 2134 524">
     <span class='ocr_line' id='line_1_6' title="bbox 548 452 2134 524; baseline 0.001 -17"><span class='ocrx_word' id='word_1_21' title='bbox 548 467 673 524; x_wconf 85' lang='lat' dir='ltr'><strong>que,</strong></span> <span class='ocrx_word' id='word_1_22' title='bbox 706 462 759 509; x_wconf 91' lang='lat' dir='ltr'><strong>et</strong></span> <span class='ocrx_word' id='word_1_23' title='bbox 802 452 1175 520; x_wconf 87' lang='lat' dir='ltr'><strong>perfectiorem</strong></span> <span class='ocrx_word' id='word_1_24' title='bbox 1204 453 1502 508; x_wconf 76' lang='lat' dir='ltr'><strong>doctrinam</strong></span> <span class='ocrx_word' id='word_1_25' title='bbox 1552 467 1658 508; x_wconf 90' lang='lat' dir='ltr'><strong>non</strong></span> <span class='ocrx_word' id='word_1_26' title='bbox 1708 466 1831 508; x_wconf 88' lang='lat' dir='ltr'><strong>esse</strong></span> <span class='ocrx_word' id='word_1_27' title='bbox 1881 453 2134 508; x_wconf 92' lang='lat' dir='ltr'><strong>omnibus</strong></span> 
     </span>
    </p>
   </div>
   <div class='ocr_carea' id='block_1_7' title="bbox 548 542 2134 618">
    <p class='ocr_par' dir='ltr' id='par_1_7' title="bbox 548 542 2134 618">
     <span class='ocr_line' id='line_1_7' title="bbox 548 542 2134 618; baseline -0.001 -17"><span class='ocrx_word' id='word_1_28' title='bbox 548 546 923 618; x_wconf 83' lang='lat' dir='ltr'><strong>publicandam</strong></span> <span class='ocrx_word' id='word_1_29' title='bbox 950 587 965 611; x_wconf 93' lang='lat'><strong>,</strong></span> <span class='ocrx_word' id='word_1_30' title='bbox 997 545 1049 599; x_wconf 91' lang='lat' dir='ltr'><strong>in</strong></span> <span class='ocrx_word' id='word_1_31' title='bbox 1084 545 1210 614; x_wconf 86' lang='lat' dir='ltr'><strong>ipsis</strong></span> <span class='ocrx_word' id='word_1_32' title='bbox 1254 542 1667 599; x_wconf 74' lang='lat' dir='ltr'><strong>Commentariis</strong></span> <span class='ocrx_word' id='word_1_33' title='bbox 1711 543 1888 613; x_wconf 90' lang='lat' dir='ltr'><strong>ipsum</strong></span> <span class='ocrx_word' id='word_1_34' title='bbox 1938 543 2134 600; x_wconf 91' lang='lat' dir='ltr'><strong>docere</strong></span> 
     </span>
    </p>
   </div>
   <div class='ocr_carea' id='block_1_8' title="bbox 545 634 2133 706">
    <p class='ocr_par' dir='ltr' id='par_1_8' title="bbox 545 634 2133 706">
     <span class='ocr_line' id='line_1_8' title="bbox 545 634 2133 706; baseline -0.001 -13"><span class='ocrx_word' id='word_1_35' title='bbox 545 640 777 695; x_wconf 84' lang='lat' dir='ltr'><strong>comici.</strong></span> <span class='ocrx_word' id='word_1_36' title='bbox 807 638 943 693; x_wconf 86' lang='lat' dir='ltr'><strong>Tum</strong></span> <span class='ocrx_word' id='word_1_37' title='bbox 971 637 998 677; x_wconf 66' lang='grc' dir='ltr'>δ</span> <span class='ocrx_word' id='word_1_38' title='bbox 1033 638 1155 691; x_wconf 92' lang='lat' dir='ltr'><strong>inde</strong></span> <span class='ocrx_word' id='word_1_39' title='bbox 1181 636 1467 691; x_wconf 72' lang='lat' dir='ltr'><strong>saeculares</strong></span> <span class='ocrx_word' id='word_1_40' title='bbox 1490 634 1677 699; x_wconf 87' lang='lat' dir='ltr'><strong>libros,</strong></span> <span class='ocrx_word' id='word_1_41' title='bbox 1709 650 1806 704; x_wconf 89' lang='lat' dir='ltr'><strong>pro</strong></span> <span class='ocrx_word' id='word_1_42' title='bbox 1833 636 2027 706; x_wconf 89' lang='lat' dir='ltr'><strong>quibus</strong></span> <span class='ocrx_word' id='word_1_43' title='bbox 2050 652 2133 692; x_wconf 80' lang='lat' dir='ltr'><strong>se-</strong></span> 
     </span>
    </p>
   </div>
   <div class='ocr_carea' id='block_1_9' title="bbox 542 727 2131 800">
    <p class='ocr_par' dir='ltr' id='par_1_9' title="bbox 542 727 2131 800">
     <span class='ocr_line' id='line_1_9' title="bbox 542 727 2131 800; baseline 0 -17"><span class='ocrx_word' id='word_1_44' title='bbox 542 731 688 786; x_wconf 87' lang='lat' dir='ltr'><strong>denti</strong></span> <span class='ocrx_word' id='word_1_45' title='bbox 719 745 882 800; x_wconf 91' lang='lat' dir='ltr'><strong>seque</strong></span> <span class='ocrx_word' id='word_1_46' title='bbox 911 728 1213 784; x_wconf 80' lang='lat' dir='ltr'><strong>verberanti</strong></span> <span class='ocrx_word' id='word_1_47' title='bbox 1242 743 1338 796; x_wconf 91' lang='lat' dir='ltr'><strong>pro</strong></span> <span class='ocrx_word' id='word_1_48' title='bbox 1367 727 1721 782; x_wconf 85' lang='lat' dir='ltr'><strong>tribunalibus</strong></span> <span class='ocrx_word' id='word_1_49' title='bbox 1748 727 1963 782; x_wconf 89' lang='lat' dir='ltr'><strong>Christo</strong></span> <span class='ocrx_word' id='word_1_50' title='bbox 1980 728 2131 783; x_wconf 74' lang='lat' dir='ltr'><strong>dixe-</strong></span> 
     </span>
    </p>
   </div>
   <div class='ocr_carea' id='block_1_10' title="bbox 554 818 2133 890">
    <p class='ocr_par' dir='ltr' id='par_1_10' title="bbox 554 818 2133 890">
     <span class='ocr_line' id='line_1_10' title="bbox 554 818 2133 890; baseline 0.002 -19"><span class='ocrx_word' id='word_1_51' title='bbox 554 832 657 885; x_wconf 77' lang='lat' dir='ltr'><strong>rat,</strong></span> <span class='ocrx_word' id='word_1_52' title='bbox 693 840 709 871; x_wconf 76' lang='grc' dir='ltr'>ι</span> <span class='ocrx_word' id='word_1_53' title='bbox 749 822 803 876; x_wconf 91' lang='lat' dir='ltr'><strong>Sl</strong></span> <span class='ocrx_word' id='word_1_54' title='bbox 828 834 1058 890; x_wconf 80' lang='lat' dir='ltr'><strong>unquam</strong></span> <span class='ocrx_word' id='word_1_55' title='bbox 1081 819 1282 887; x_wconf 80' lang='lat' dir='ltr'><strong>legero,</strong></span> <span class='ocrx_word' id='word_1_56' title='bbox 1315 818 1396 872; x_wconf 88' lang='lat' dir='ltr'><strong>vel</strong></span> <span class='ocrx_word' id='word_1_57' title='bbox 1413 818 1648 874; x_wconf 87' lang='lat' dir='ltr'><strong>habuero</strong></span> <span class='ocrx_word' id='word_1_58' title='bbox 1665 818 1956 875; x_wconf 85' lang='lat' dir='ltr'><strong>Gentilium</strong></span> <span class='ocrx_word' id='word_1_59' title='bbox 1984 820 2133 875; x_wconf 92' lang='lat' dir='ltr'><strong>codi-</strong></span> 
     </span>
    </p>
   </div>
   <div class='ocr_carea' id='block_1_11' title="bbox 542 912 2130 987">
    <p class='ocr_par' dir='ltr' id='par_1_11' title="bbox 542 912 2130 987">
     <span class='ocr_line' id='line_1_11' title="bbox 542 912 2130 987; baseline 0.003 -23"><span class='ocrx_word' id='word_1_60' title='bbox 542 928 658 979; x_wconf 77' lang='lat' dir='ltr'><strong>ces,</strong></span> <span class='ocrx_word' id='word_1_61' title='bbox 691 924 742 967; x_wconf 92' lang='lat' dir='ltr'><strong>te</strong></span> <span class='ocrx_word' id='word_1_62' title='bbox 771 913 987 982; x_wconf 88' lang='lat' dir='ltr'><strong>negavi;</strong></span> <span class='ocrx_word' id='word_1_63' title='bbox 1028 931 1046 963; x_wconf 70' lang='grc' dir='ltr'><strong><em>ι</em></strong></span> <span class='ocrx_word' id='word_1_64' title='bbox 1082 927 1222 968; x_wconf 91' lang='lat' dir='ltr'><strong>nunc</strong></span> <span class='ocrx_word' id='word_1_65' title='bbox 1243 928 1348 967; x_wconf 91' lang='lat' dir='ltr'><strong>non</strong></span> <span class='ocrx_word' id='word_1_66' title='bbox 1378 913 1547 967; x_wconf 61' lang='lat' dir='ltr'><strong>solum</strong></span> <span class='ocrx_word' id='word_1_67' title='bbox 1581 914 1757 982; x_wconf 88' lang='lat' dir='ltr'><strong>legere</strong></span> <span class='ocrx_word' id='word_1_68' title='bbox 1786 915 1865 969; x_wconf 91' lang='lat' dir='ltr'><strong>vel</strong></span> <span class='ocrx_word' id='word_1_69' title='bbox 1896 913 2000 985; x_wconf 80' lang='grc' dir='ltr'><strong>[ΑΙ.</strong></span> <span class='ocrx_word' id='word_1_70' title='bbox 2020 912 2130 987; x_wconf 81' lang='lat' dir='ltr'><strong>et];</strong></span> 
     </span>
    </p>
   </div>
   <div class='ocr_carea' id='block_1_12' title="bbox 548 1004 2133 1075">
    <p class='ocr_par' dir='ltr' id='par_1_12' title="bbox 548 1004 2133 1075">
     <span class='ocr_line' id='line_1_12' title="bbox 548 1004 2133 1075; baseline 0.001 -20"><span class='ocrx_word' id='word_1_71' title='bbox 548 1004 769 1068; x_wconf 88' lang='lat' dir='ltr'><strong>habere,</strong></span> <span class='ocrx_word' id='word_1_72' title='bbox 807 1017 993 1056; x_wconf 86' lang='lat' dir='ltr'><strong>verum</strong></span> <span class='ocrx_word' id='word_1_73' title='bbox 1024 1005 1184 1056; x_wconf 88' lang='lat' dir='ltr'><strong>etiam</strong></span> <span class='ocrx_word' id='word_1_74' title='bbox 1216 1018 1431 1057; x_wconf 88' lang='lat' dir='ltr'><strong>omnem</strong></span> <span class='ocrx_word' id='word_1_75' title='bbox 1475 1018 1585 1058; x_wconf 70' lang='lat' dir='ltr'><strong>suae</strong></span> <span class='ocrx_word' id='word_1_76' title='bbox 1624 1004 1885 1059; x_wconf 67' lang='lat' dir='ltr'><strong>doctrina:</strong></span> <span class='ocrx_word' id='word_1_77' title='bbox 1924 1006 2133 1075; x_wconf 86' lang='lat' dir='ltr'><strong>jactan-</strong></span> 
     </span>
    </p>
   </div>
   <div class='ocr_carea' id='block_1_13' title="bbox 545 1092 2127 1168">
    <p class='ocr_par' dir='ltr' id='par_1_13' title="bbox 545 1092 2127 1168">
     <span class='ocr_line' id='line_1_13' title="bbox 545 1092 2127 1168; baseline 0.005 -24"><span class='ocrx_word' id='word_1_78' title='bbox 545 1092 670 1145; x_wconf 89' lang='lat' dir='ltr'><strong>tiant</strong></span> <span class='ocrx_word' id='word_1_79' title='bbox 704 1093 755 1146; x_wconf 89' lang='lat' dir='ltr'><strong>in</strong></span> <span class='ocrx_word' id='word_1_80' title='bbox 789 1092 872 1147; x_wconf 89' lang='lat' dir='ltr'><strong>his</strong></span> <span class='ocrx_word' id='word_1_81' title='bbox 897 1108 1018 1147; x_wconf 90' lang='lat' dir='ltr'><strong>eum</strong></span> <span class='ocrx_word' id='word_1_82' title='bbox 1047 1108 1238 1162; x_wconf 78' lang='lat' dir='ltr'><strong>gerere</strong></span> <span class='ocrx_word' id='word_1_83' title='bbox 1268 1093 1635 1149; x_wconf 85' lang='lat' dir='ltr'><strong>demonstravi</strong></span> <span class='ocrx_word' id='word_1_84' title='bbox 1668 1094 2127 1168; x_wconf 79' lang='lat' dir='ltr'><strong>[demonstravit],</strong></span> 
     </span>
    </p>
   </div>
   <div class='ocr_carea' id='block_1_14' title="bbox 516 1184 2130 1260">
    <p class='ocr_par' dir='ltr' id='par_1_14' title="bbox 516 1184 2130 1260">
     <span class='ocr_line' id='line_1_14' title="bbox 516 1184 2130 1260; baseline 0.001 -21"><span class='ocrx_word' id='word_1_85' title='bbox 516 1186 594 1243; x_wconf 67' lang='lat' dir='ltr'><strong>‘itt</strong></span> <span class='ocrx_word' id='word_1_86' title='bbox 625 1193 827 1240; x_wconf 82' lang='lat' dir='ltr'><strong>tantum</strong></span> <span class='ocrx_word' id='word_1_87' title='bbox 855 1195 910 1240; x_wconf 90' lang='lat' dir='ltr'><strong>ut</strong></span> <span class='ocrx_word' id='word_1_88' title='bbox 936 1184 1098 1241; x_wconf 86' lang='lat' dir='ltr'><strong>etiam</strong></span> <span class='ocrx_word' id='word_1_89' title='bbox 1143 1201 1238 1255; x_wconf 88' lang='lat' dir='ltr'><strong>per</strong></span> <span class='ocrx_word' id='word_1_90' title='bbox 1265 1186 1520 1256; x_wconf 47' lang='lat' dir='ltr'><strong>lsagozgen</strong></span> <span class='ocrx_word' id='word_1_91' title='bbox 1554 1188 1858 1256; x_wconf 87' lang='lat' dir='ltr'><strong>impiissimi</strong></span> <span class='ocrx_word' id='word_1_92' title='bbox 1891 1190 2130 1260; x_wconf 86' lang='lat' dir='ltr'><strong>Porphy-</strong></span> 
     </span>
    </p>
   </div>
   <div class='ocr_carea' id='block_1_15' title="bbox 540 1277 2126 1351">
    <p class='ocr_par' dir='ltr' id='par_1_15' title="bbox 540 1277 2126 1351">
     <span class='ocr_line' id='line_1_15' title="bbox 540 1277 2126 1351; baseline 0.003 -20"><span class='ocrx_word' id='word_1_93' title='bbox 540 1277 603 1331; x_wconf 90' lang='lat' dir='ltr'><strong>rii</strong></span> <span class='ocrx_word' id='word_1_94' title='bbox 637 1277 911 1333; x_wconf 89' lang='lat' dir='ltr'><strong>inductum</strong></span> <span class='ocrx_word' id='word_1_95' title='bbox 954 1292 1015 1333; x_wconf 86' lang='lat' dir='ltr'><strong>se</strong></span> <span class='ocrx_word' id='word_1_96' title='bbox 1048 1291 1177 1333; x_wconf 83' lang='lat' dir='ltr'><strong>esse</strong></span> <span class='ocrx_word' id='word_1_97' title='bbox 1203 1278 1461 1348; x_wconf 87' lang='lat' dir='ltr'><strong>glorietur</strong></span> <span class='ocrx_word' id='word_1_98' title='bbox 1487 1280 1553 1335; x_wconf 93' lang='lat' dir='ltr'><strong>ad</strong></span> <span class='ocrx_word' id='word_1_99' title='bbox 1594 1280 1864 1351; x_wconf 80' lang='lat' dir='ltr'><strong>Logtcatn.</strong></span> <span class='ocrx_word' id='word_1_100' title='bbox 1906 1282 1967 1335; x_wconf 77' lang='lat' dir='ltr'><strong>Et</strong></span> <span class='ocrx_word' id='word_1_101' title='bbox 2007 1298 2126 1335; x_wconf 88' lang='lat' dir='ltr'><strong>cum</strong></span> 
     </span>
    </p>
   </div>
   <div class='ocr_carea' id='block_1_16' title="bbox 510 1370 2126 1442">
    <p class='ocr_par' dir='ltr' id='par_1_16' title="bbox 510 1370 2126 1442">
     <span class='ocr_line' id='line_1_16' title="bbox 510 1370 2126 1442; baseline 0.001 -15"><span class='ocrx_word' id='word_1_102' title='bbox 510 1370 827 1427; x_wconf 73' lang='lat' dir='ltr'><strong>&#39;Gentilium</strong></span> <span class='ocrx_word' id='word_1_103' title='bbox 856 1371 1106 1441; x_wconf 77' lang='lat' dir='ltr'><strong>dogmata</strong></span> <span class='ocrx_word' id='word_1_104' title='bbox 1144 1385 1267 1428; x_wconf 88' lang='lat' dir='ltr'><strong>esse</strong></span> <span class='ocrx_word' id='word_1_105' title='bbox 1291 1371 1527 1438; x_wconf 84' lang='lat' dir='ltr'><strong>diceret,</strong></span> <span class='ocrx_word' id='word_1_106' title='bbox 1558 1388 1773 1442; x_wconf 89' lang='lat' dir='ltr'><strong>quoquo</strong></span> <span class='ocrx_word' id='word_1_107' title='bbox 1818 1376 1977 1429; x_wconf 88' lang='lat' dir='ltr'><strong>tnodo</strong></span> <span class='ocrx_word' id='word_1_108' title='bbox 2005 1390 2126 1429; x_wconf 88' lang='lat' dir='ltr'><strong>sen-</strong></span> 
     </span>
    </p>
   </div>
   <div class='ocr_carea' id='block_1_17' title="bbox 541 1464 2123 1536">
    <p class='ocr_par' dir='ltr' id='par_1_17' title="bbox 541 1464 2123 1536">
     <span class='ocr_line' id='line_1_17' title="bbox 541 1464 2123 1536; baseline 0.005 -19"><span class='ocrx_word' id='word_1_109' title='bbox 541 1465 644 1520; x_wconf 88' lang='lat' dir='ltr'><strong>tire</strong></span> <span class='ocrx_word' id='word_1_110' title='bbox 674 1465 759 1520; x_wconf 90' lang='lat' dir='ltr'><strong>vel</strong></span> <span class='ocrx_word' id='word_1_111' title='bbox 806 1464 875 1520; x_wconf 89' lang='lat' dir='ltr'><strong>de</strong></span> <span class='ocrx_word' id='word_1_112' title='bbox 903 1465 1105 1534; x_wconf 87' lang='lat' dir='ltr'><strong>anima,</strong></span> <span class='ocrx_word' id='word_1_113' title='bbox 1128 1465 1222 1520; x_wconf 81' lang='lat' dir='ltr'><strong>vel</strong></span> <span class='ocrx_word' id='word_1_114' title='bbox 1251 1467 1319 1521; x_wconf 91' lang='lat' dir='ltr'><strong>de</strong></span> <span class='ocrx_word' id='word_1_115' title='bbox 1348 1470 1562 1521; x_wconf 67' lang='lat' dir='ltr'><strong>caeteris</strong></span> <span class='ocrx_word' id='word_1_116' title='bbox 1609 1470 1872 1523; x_wconf 83' lang='lat' dir='ltr'><strong>creaturis</strong></span> <span class='ocrx_word' id='word_1_117' title='bbox 1899 1513 1911 1536; x_wconf 89' lang='lat'><strong>,</strong></span> <span class='ocrx_word' id='word_1_118' title='bbox 1951 1470 2123 1536; x_wconf 89' lang='lat' dir='ltr'><strong>ipsum</strong></span> 
     </span>
    </p>
   </div>
   <div class='ocr_carea' id='block_1_18' title="bbox 534 1556 2121 1628">
    <p class='ocr_par' dir='ltr' id='par_1_18' title="bbox 534 1556 2121 1628">
     <span class='ocr_line' id='line_1_18' title="bbox 534 1556 2121 1628; baseline 0.004 -17"><span class='ocrx_word' id='word_1_119' title='bbox 534 1558 705 1613; x_wconf 87' lang='lat' dir='ltr'><strong>multo</strong></span> <span class='ocrx_word' id='word_1_120' title='bbox 734 1556 933 1613; x_wconf 83' lang='lat' dir='ltr'><strong>foedius</strong></span> <span class='ocrx_word' id='word_1_121' title='bbox 962 1557 1263 1614; x_wconf 86' lang='lat' dir='ltr'><strong>Gentilibus</strong></span> <span class='ocrx_word' id='word_1_122' title='bbox 1291 1558 1513 1625; x_wconf 74' lang='lat' dir='ltr'><strong>dixisse,</strong></span> <span class='ocrx_word' id='word_1_123' title='bbox 1546 1560 1689 1628; x_wconf 85' lang='lat' dir='ltr'><strong>quod</strong></span> <span class='ocrx_word' id='word_1_124' title='bbox 1724 1561 1864 1617; x_wconf 84' lang='lat' dir='ltr'><strong>Deus</strong></span> <span class='ocrx_word' id='word_1_125' title='bbox 1905 1577 2121 1618; x_wconf 86' lang='lat' dir='ltr'><strong>socrum</strong></span> 
     </span>
    </p>
   </div>
   <div class='ocr_carea' id='block_1_19' title="bbox 539 1649 2122 1717">
    <p class='ocr_par' dir='ltr' id='par_1_19' title="bbox 539 1649 2122 1717">
     <span class='ocr_line' id='line_1_19' title="bbox 539 1649 2122 1717; baseline 0.004 -14"><span class='ocrx_word' id='word_1_126' title='bbox 539 1650 785 1717; x_wconf 82' lang='lat' dir='ltr'><strong>haberet,</strong></span> <span class='ocrx_word' id='word_1_127' title='bbox 821 1649 1050 1705; x_wconf 81' lang='lat' dir='ltr'><strong>ostendi.</strong></span> <span class='ocrx_word' id='word_1_128' title='bbox 1086 1650 1188 1705; x_wconf 87' lang='lat' dir='ltr'><strong>Sed</strong></span> <span class='ocrx_word' id='word_1_129' title='bbox 1233 1659 1289 1705; x_wconf 89' lang='lat' dir='ltr'><strong>et</strong></span> <span class='ocrx_word' id='word_1_130' title='bbox 1329 1665 1448 1705; x_wconf 89' lang='lat' dir='ltr'><strong>cum</strong></span> <span class='ocrx_word' id='word_1_131' title='bbox 1479 1665 1539 1707; x_wconf 90' lang='lat' dir='ltr'><strong>se</strong></span> <span class='ocrx_word' id='word_1_132' title='bbox 1564 1652 1787 1708; x_wconf 76' lang='lat' dir='ltr'><strong>dixisset</strong></span> <span class='ocrx_word' id='word_1_133' title='bbox 1809 1654 1865 1707; x_wconf 83' lang='lat' dir='ltr'><strong>in</strong></span> <span class='ocrx_word' id='word_1_134' title='bbox 1915 1655 2122 1709; x_wconf 83' lang='lat' dir='ltr'><strong>duabus</strong></span> 
     </span>
    </p>
   </div>
   <div class='ocr_carea' id='block_1_20' title="bbox 2240 450 3832 534">
    <p class='ocr_par' dir='ltr' id='par_1_20' title="bbox 2240 450 3832 534">
     <span class='ocr_line' id='line_1_20' title="bbox 2240 450 3832 534; baseline 0.014 -32"><span class='ocrx_word' id='word_1_135' title='bbox 2240 463 2377 517; x_wconf 87' lang='lat' dir='ltr'><strong>pene</strong></span> <span class='ocrx_word' id='word_1_136' title='bbox 2404 450 2537 506; x_wconf 89' lang='lat' dir='ltr'><strong>solis</strong></span> <span class='ocrx_word' id='word_1_137' title='bbox 2567 454 3000 520; x_wconf 88' lang='lat' dir='ltr'><strong>convinceretur,</strong></span> <span class='ocrx_word' id='word_1_138' title='bbox 3028 456 3095 511; x_wconf 91' lang='lat' dir='ltr'><strong>de</strong></span> <span class='ocrx_word' id='word_1_139' title='bbox 3121 457 3317 526; x_wconf 84' lang='lat' dir='ltr'><strong>quibus</strong></span> <span class='ocrx_word' id='word_1_140' title='bbox 3346 461 3465 529; x_wconf 63' lang='lat' dir='ltr'><strong>ipse</strong></span> <span class='ocrx_word' id='word_1_141' title='bbox 3494 463 3595 519; x_wconf 86' lang='lat' dir='ltr'><strong>sibi</strong></span> <span class='ocrx_word' id='word_1_142' title='bbox 3619 465 3732 534; x_wconf 89' lang='lat' dir='ltr'><strong>jam</strong></span> <span class='ocrx_word' id='word_1_143' title='bbox 3756 468 3832 523; x_wconf 85' lang='lat' dir='ltr'><strong>lo-</strong></span> 
     </span>
    </p>
   </div>
   <div class='ocr_carea' id='block_1_21' title="bbox 2236 544 3828 627">
    <p class='ocr_par' dir='ltr' id='par_1_21' title="bbox 2236 544 3828 627">
     <span class='ocr_line' id='line_1_21' title="bbox 2236 544 3828 627; baseline 0.014 -33"><span class='ocrx_word' id='word_1_144' title='bbox 2236 555 2357 596; x_wconf 91' lang='lat' dir='ltr'><strong>cutu</strong></span> <span class='ocrx_word' id='word_1_145' title='bbox 2386 544 2653 599; x_wconf 82' lang='lat' dir='ltr'><strong>clauserat</strong></span> <span class='ocrx_word' id='word_1_146' title='bbox 2687 546 3002 613; x_wconf 65' lang='lat' dir='ltr'><strong>paenitendi.</strong></span> <span class='ocrx_word' id='word_1_147' title='bbox 3032 549 3161 605; x_wconf 82' lang='lat' dir='ltr'><strong>Post</strong></span> <span class='ocrx_word' id='word_1_148' title='bbox 3204 554 3382 608; x_wconf 85' lang='lat' dir='ltr'><strong>omnia</strong></span> <span class='ocrx_word' id='word_1_149' title='bbox 3416 571 3545 612; x_wconf 86' lang='lat' dir='ltr'><strong>vero</strong></span> <span class='ocrx_word' id='word_1_150' title='bbox 3576 560 3828 627; x_wconf 85' lang='lat' dir='ltr'><strong>ostendi,</strong></span> 
     </span>
    </p>
   </div>
   <div class='ocr_carea' id='block_1_22' title="bbox 2242 636 3831 712">
    <p class='ocr_par' dir='ltr' id='par_1_22' title="bbox 2242 636 3831 712">
     <span class='ocr_line' id='line_1_22' title="bbox 2242 636 3831 712; baseline 0.013 -26"><span class='ocrx_word' id='word_1_151' title='bbox 2242 636 2384 703; x_wconf 87' lang='lat' dir='ltr'><strong>quod</strong></span> <span class='ocrx_word' id='word_1_152' title='bbox 2418 650 2600 690; x_wconf 77' lang='lat' dir='ltr'><strong>sacros</strong></span> <span class='ocrx_word' id='word_1_153' title='bbox 2630 647 2653 675; x_wconf 75' lang='grc' dir='ltr'><strong>θ</strong></span> <span class='ocrx_word' id='word_1_154' title='bbox 2691 637 2918 704; x_wconf 87' lang='lat' dir='ltr'><strong>Libros,</strong></span> <span class='ocrx_word' id='word_1_155' title='bbox 2956 655 3089 709; x_wconf 88' lang='lat' dir='ltr'><strong>quos</strong></span> <span class='ocrx_word' id='word_1_156' title='bbox 3136 642 3376 712; x_wconf 83' lang='lat' dir='ltr'><strong>Apostoli</strong></span> <span class='ocrx_word' id='word_1_157' title='bbox 3419 648 3671 703; x_wconf 81' lang='lat' dir='ltr'><strong>Ecclesiis</strong></span> <span class='ocrx_word' id='word_1_158' title='bbox 3719 661 3831 706; x_wconf 89' lang='lat' dir='ltr'><strong>tan-</strong></span> 
     </span>
    </p>
   </div>
   <div class='ocr_carea' id='block_1_23' title="bbox 2236 726 3830 802">
    <p class='ocr_par' dir='ltr' id='par_1_23' title="bbox 2236 726 3830 802">
     <span class='ocr_line' id='line_1_23' title="bbox 2236 726 3830 802; baseline 0.015 -26"><span class='ocrx_word' id='word_1_159' title='bbox 2236 739 2397 792; x_wconf 86' lang='lat' dir='ltr'><strong>quam</strong></span> <span class='ocrx_word' id='word_1_160' title='bbox 2426 726 2654 795; x_wconf 85' lang='lat' dir='ltr'><strong>Spiritns</strong></span> <span class='ocrx_word' id='word_1_161' title='bbox 2688 728 2871 783; x_wconf 88' lang='lat' dir='ltr'><strong>Sancti</strong></span> <span class='ocrx_word' id='word_1_162' title='bbox 2904 730 3060 785; x_wconf 83' lang='lat' dir='ltr'><strong>ﬁdele</strong></span> <span class='ocrx_word' id='word_1_163' title='bbox 3085 731 3389 802; x_wconf 86' lang='lat' dir='ltr'><strong>depositum</strong></span> <span class='ocrx_word' id='word_1_164' title='bbox 3418 743 3830 799; x_wconf 84' lang='lat' dir='ltr'><strong>commendave-</strong></span> 
     </span>
    </p>
   </div>
   <div class='ocr_carea' id='block_1_24' title="bbox 2243 822 3830 896">
    <p class='ocr_par' dir='ltr' id='par_1_24' title="bbox 2243 822 3830 896">
     <span class='ocr_line' id='line_1_24' title="bbox 2243 822 3830 896; baseline 0.016 -27"><span class='ocrx_word' id='word_1_165' title='bbox 2243 827 2388 881; x_wconf 89' lang='lat' dir='ltr'><strong>rant,</strong></span> <span class='ocrx_word' id='word_1_166' title='bbox 2437 822 2840 886; x_wconf 86' lang='lat' dir='ltr'><strong>permutaverit,</strong></span> <span class='ocrx_word' id='word_1_167' title='bbox 2872 833 2923 876; x_wconf 88' lang='lat' dir='ltr'><strong>et</strong></span> <span class='ocrx_word' id='word_1_168' title='bbox 2953 824 3095 893; x_wconf 91' lang='lat' dir='ltr'><strong>quod</strong></span> <span class='ocrx_word' id='word_1_169' title='bbox 3143 826 3207 892; x_wconf 90' lang='lat' dir='ltr'><strong>is,</strong></span> <span class='ocrx_word' id='word_1_170' title='bbox 3240 829 3331 896; x_wconf 87' lang='lat' dir='ltr'><strong>qui</strong></span> <span class='ocrx_word' id='word_1_171' title='bbox 3364 833 3645 888; x_wconf 86' lang='lat' dir='ltr'><strong>audaciam</strong></span> <span class='ocrx_word' id='word_1_172' title='bbox 3678 848 3830 894; x_wconf 89' lang='lat' dir='ltr'><strong>vocet</strong></span> 
     </span>
    </p>
   </div>
   <div class='ocr_carea' id='block_1_25' title="bbox 2238 908 3830 997">
    <p class='ocr_par' dir='ltr' id='par_1_25' title="bbox 2238 908 3830 997">
     <span class='ocr_line' id='line_1_25' title="bbox 2238 908 3830 997; baseline 0.015 -38"><span class='ocrx_word' id='word_1_173' title='bbox 2238 908 2288 959; x_wconf 89' lang='lat' dir='ltr'><strong>in</strong></span> <span class='ocrx_word' id='word_1_174' title='bbox 2323 909 2599 964; x_wconf 89' lang='lat' dir='ltr'><strong>hominum</strong></span> <span class='ocrx_word' id='word_1_175' title='bbox 2630 914 2903 979; x_wconf 85' lang='lat' dir='ltr'><strong>epusculis</strong></span> <span class='ocrx_word' id='word_1_176' title='bbox 2924 918 3221 988; x_wconf 80' lang='lat' dir='ltr'><strong>vertendis,</strong></span> <span class='ocrx_word' id='word_1_177' title='bbox 3248 920 3363 991; x_wconf 92' lang='lat' dir='ltr'><strong>ipse</strong></span> <span class='ocrx_word' id='word_1_178' title='bbox 3386 924 3592 995; x_wconf 84' lang='lat' dir='ltr'><strong>majore</strong></span> <span class='ocrx_word' id='word_1_179' title='bbox 3623 928 3830 997; x_wconf 87' lang='lat' dir='ltr'><strong>piaculo</strong></span> 
     </span>
    </p>
   </div>
   <div class='ocr_carea' id='block_1_26' title="bbox 2235 1000 3041 1068">
    <p class='ocr_par' dir='ltr' id='par_1_26' title="bbox 2235 1000 3041 1068">
     <span class='ocr_line' id='line_1_26' title="bbox 2235 1000 3041 1068; baseline 0.014 -17"><span class='ocrx_word' id='word_1_180' title='bbox 2235 1000 2443 1068; x_wconf 87' lang='lat' dir='ltr'><strong>eloquia</strong></span> <span class='ocrx_word' id='word_1_181' title='bbox 2480 1003 2661 1057; x_wconf 78' lang='lat' dir='ltr'><strong>divina</strong></span> <span class='ocrx_word' id='word_1_182' title='bbox 2692 1006 3041 1062; x_wconf 87' lang='lat' dir='ltr'><strong>subverterit.</strong></span> 
     </span>
    </p>
   </div>
   <div class='ocr_carea' id='block_1_27' title="bbox 2314 1092 3824 1185">
    <p class='ocr_par' dir='ltr' id='par_1_27' title="bbox 2314 1092 3824 1185">
     <span class='ocr_line' id='line_1_27' title="bbox 2314 1092 3824 1185; baseline 0.015 -40"><span class='ocrx_word' id='word_1_183' title='bbox 2314 1092 2404 1145; x_wconf 72' lang='lat' dir='ltr'><strong>M.</strong></span> <span class='ocrx_word' id='word_1_184' title='bbox 2449 1093 2703 1163; x_wconf 77' lang='lat' dir='ltr'><strong>Superest</strong></span> <span class='ocrx_word' id='word_1_185' title='bbox 2725 1096 2833 1165; x_wconf 88' lang='lat' dir='ltr'><strong>jam</strong></span> <span class='ocrx_word' id='word_1_186' title='bbox 2868 1108 2922 1152; x_wconf 91' lang='lat' dir='ltr'><strong>ut</strong></span> <span class='ocrx_word' id='word_1_187' title='bbox 2952 1103 3321 1175; x_wconf 87' lang='lat' dir='ltr'><strong>unusquisque</strong></span> <span class='ocrx_word' id='word_1_188' title='bbox 3367 1110 3454 1176; x_wconf 89' lang='lat' dir='ltr'><strong>qui</strong></span> <span class='ocrx_word' id='word_1_189' title='bbox 3482 1109 3596 1165; x_wconf 77' lang='lat' dir='ltr'><strong>hmc</strong></span> <span class='ocrx_word' id='word_1_190' title='bbox 3621 1126 3824 1185; x_wconf 82' lang='lat' dir='ltr'><strong>cogno-</strong></span> 
     </span>
    </p>
   </div>
   <div class='ocr_carea' id='block_1_28' title="bbox 2233 1184 3829 1263">
    <p class='ocr_par' dir='ltr' id='par_1_28' title="bbox 2233 1184 3829 1263">
     <span class='ocr_line' id='line_1_28' title="bbox 2233 1184 3829 1263; baseline 0.018 -29"><span class='ocrx_word' id='word_1_191' title='bbox 2233 1184 2353 1245; x_wconf 87' lang='lat' dir='ltr'><strong>scit,</strong></span> <span class='ocrx_word' id='word_1_192' title='bbox 2390 1184 2480 1237; x_wconf 90' lang='lat' dir='ltr'><strong>tali</strong></span> <span class='ocrx_word' id='word_1_193' title='bbox 2510 1186 2709 1252; x_wconf 86' lang='lat' dir='ltr'><strong>judicio</strong></span> <span class='ocrx_word' id='word_1_194' title='bbox 2743 1188 2973 1245; x_wconf 84' lang='lat' dir='ltr'><strong>favorem</strong></span> <span class='ocrx_word' id='word_1_195' title='bbox 3004 1208 3158 1249; x_wconf 76' lang='lat' dir='ltr'><strong>suum</strong></span> <span class='ocrx_word' id='word_1_196' title='bbox 3199 1199 3348 1252; x_wconf 87' lang='lat' dir='ltr'><strong>alteri</strong></span> <span class='ocrx_word' id='word_1_197' title='bbox 3382 1212 3621 1258; x_wconf 67' lang='lat' dir='ltr'><strong>no~trnm</strong></span> <span class='ocrx_word' id='word_1_198' title='bbox 3650 1207 3829 1263; x_wconf 86' lang='lat' dir='ltr'><strong>confe-</strong></span> 
     </span>
    </p>
   </div>
   <div class='ocr_carea' id='block_1_29' title="bbox 2239 1278 3823 1359">
    <p class='ocr_par' dir='ltr' id='par_1_29' title="bbox 2239 1278 3823 1359">
     <span class='ocr_line' id='line_1_29' title="bbox 2239 1278 3823 1359; baseline 0.017 -32"><span class='ocrx_word' id='word_1_199' title='bbox 2239 1284 2336 1337; x_wconf 86' lang='lat' dir='ltr'><strong>rat,</strong></span> <span class='ocrx_word' id='word_1_200' title='bbox 2358 1278 2785 1347; x_wconf 86' lang='lat' dir='ltr'><strong>qnalijudiciose</strong></span> <span class='ocrx_word' id='word_1_201' title='bbox 2811 1298 2839 1335; x_wconf 91' lang='lat' dir='ltr'><strong>a</strong></span> <span class='ocrx_word' id='word_1_202' title='bbox 2872 1283 3135 1356; x_wconf 87' lang='lat' dir='ltr'><strong>Deocupit</strong></span> <span class='ocrx_word' id='word_1_203' title='bbox 3163 1288 3274 1353; x_wconf 85' lang='lat' dir='ltr'><strong>ipse</strong></span> <span class='ocrx_word' id='word_1_204' title='bbox 3295 1292 3542 1359; x_wconf 85' lang='lat' dir='ltr'><strong>jmlieari,</strong></span> <span class='ocrx_word' id='word_1_205' title='bbox 3561 1311 3659 1351; x_wconf 89' lang='lat' dir='ltr'><strong>nec</strong></span> <span class='ocrx_word' id='word_1_206' title='bbox 3675 1312 3823 1354; x_wconf 89' lang='lat' dir='ltr'><strong>suam</strong></span> 
     </span>
    </p>
   </div>
   <div class='ocr_carea' id='block_1_30' title="bbox 2233 1367 3818 1458">
    <p class='ocr_par' dir='ltr' id='par_1_30' title="bbox 2233 1367 3818 1458">
     <span class='ocr_line' id='line_1_30' title="bbox 2233 1367 3818 1458; baseline 0.019 -40"><span class='ocrx_word' id='word_1_207' title='bbox 2233 1367 2391 1421; x_wconf 64' lang='lat' dir='ltr'><strong>laedat</strong></span> <span class='ocrx_word' id='word_1_208' title='bbox 2438 1370 2695 1437; x_wconf 90' lang='lat' dir='ltr'><strong>animam,</strong></span> <span class='ocrx_word' id='word_1_209' title='bbox 2728 1373 2855 1428; x_wconf 88' lang='lat' dir='ltr'><strong>dum</strong></span> <span class='ocrx_word' id='word_1_210' title='bbox 2902 1377 3054 1432; x_wconf 88' lang='lat' dir='ltr'><strong>alteri</strong></span> <span class='ocrx_word' id='word_1_211' title='bbox 3103 1381 3265 1453; x_wconf 76' lang='lat'><strong>393</strong></span> <span class='ocrx_word' id='word_1_212' title='bbox 3310 1383 3547 1441; x_wconf 82' lang='lat' dir='ltr'><strong>favorem</strong></span> <span class='ocrx_word' id='word_1_213' title='bbox 3602 1403 3818 1458; x_wconf 63' lang='lat' dir='ltr'><strong>praestat</strong></span> 
     </span>
    </p>
   </div>
   <div class='ocr_carea' id='block_1_31' title="bbox 2236 1455 3823 1539">
    <p class='ocr_par' dir='ltr' id='par_1_31' title="bbox 2236 1455 3823 1539">
     <span class='ocr_line' id='line_1_31' title="bbox 2236 1455 3823 1539; baseline 0.02 -31"><span class='ocrx_word' id='word_1_214' title='bbox 2236 1455 2512 1525; x_wconf 86' lang='lat' dir='ltr'><strong>injustunt.</strong></span> <span class='ocrx_word' id='word_1_215' title='bbox 2566 1459 2915 1530; x_wconf 76' lang='lat' dir='ltr'><strong>Cognoscatf</strong></span> <span class='ocrx_word' id='word_1_216' title='bbox 2963 1469 3121 1521; x_wconf 88' lang='lat' dir='ltr'><strong>etiam</strong></span> <span class='ocrx_word' id='word_1_217' title='bbox 3175 1487 3269 1539; x_wconf 86' lang='lat' dir='ltr'><strong>per</strong></span> <span class='ocrx_word' id='word_1_218' title='bbox 3312 1484 3399 1537; x_wconf 87' lang='lat' dir='ltr'><strong>te,</strong></span> <span class='ocrx_word' id='word_1_219' title='bbox 3433 1478 3503 1532; x_wconf 83' lang='lat' dir='ltr'><strong>lili</strong></span> <span class='ocrx_word' id='word_1_220' title='bbox 3547 1483 3823 1538; x_wconf 82' lang='lat' dir='ltr'><strong>carissime</strong></span> 
     </span>
    </p>
   </div>
   <div class='ocr_carea' id='block_1_32' title="bbox 2226 1544 3825 1644">
    <p class='ocr_par' dir='ltr' id='par_1_32' title="bbox 2226 1544 3825 1644">
     <span class='ocr_line' id='line_1_32' title="bbox 2226 1544 3825 1644; baseline 0.019 -47"><span class='ocrx_word' id='word_1_221' title='bbox 2226 1544 2562 1615; x_wconf 84' lang='lat' dir='ltr'><strong>Aproniane,</strong></span> <span class='ocrx_word' id='word_1_222' title='bbox 2591 1562 2808 1609; x_wconf 86' lang='lat' dir='ltr'><strong>sanctus</strong></span> <span class='ocrx_word' id='word_1_223' title='bbox 2844 1557 2922 1609; x_wconf 90' lang='lat' dir='ltr'><strong>vir</strong></span> <span class='ocrx_word' id='word_1_224' title='bbox 2946 1557 3037 1612; x_wconf 89' lang='lat' dir='ltr'><strong>ille</strong></span> <span class='ocrx_word' id='word_1_225' title='bbox 3069 1557 3444 1620; x_wconf 82' lang='lat' dir='ltr'><strong>Pammachius</strong></span> <span class='ocrx_word' id='word_1_226' title='bbox 3466 1609 3480 1632; x_wconf 95' lang='lat'><strong>,</strong></span> <span class='ocrx_word' id='word_1_227' title='bbox 3512 1571 3666 1639; x_wconf 87' lang='lat' dir='ltr'><strong>cujus</strong></span> <span class='ocrx_word' id='word_1_228' title='bbox 3700 1574 3825 1644; x_wconf 82' lang='lat' dir='ltr'><strong>Epi-</strong></span> 
     </span>
    </p>
   </div>
   <div class='ocr_carea' id='block_1_33' title="bbox 2226 1636 3815 1723">
    <p class='ocr_par' dir='ltr' id='par_1_33' title="bbox 2226 1636 3815 1723">
     <span class='ocr_line' id='line_1_33' title="bbox 2226 1636 3815 1723; baseline 0.019 -34"><span class='ocrx_word' id='word_1_229' title='bbox 2226 1636 2421 1691; x_wconf 89' lang='lat' dir='ltr'><strong>stolam</strong></span> <span class='ocrx_word' id='word_1_230' title='bbox 2455 1639 2659 1695; x_wconf 88' lang='lat' dir='ltr'><strong>amicus</strong></span> <span class='ocrx_word' id='word_1_231' title='bbox 2692 1659 2843 1699; x_wconf 87' lang='lat' dir='ltr'><strong>meus</strong></span> <span class='ocrx_word' id='word_1_232' title='bbox 2882 1646 3281 1723; x_wconf 80' lang='lat' dir='ltr'><strong>(Hieronymus)</strong></span> <span class='ocrx_word' id='word_1_233' title='bbox 3314 1656 3363 1708; x_wconf 91' lang='lat' dir='ltr'><strong>in</strong></span> <span class='ocrx_word' id='word_1_234' title='bbox 3398 1657 3704 1717; x_wconf 77' lang='lat' dir='ltr'><strong>lnvecdone</strong></span> <span class='ocrx_word' id='word_1_235' title='bbox 3734 1665 3815 1719; x_wconf 87' lang='lat' dir='ltr'><strong>vel</strong></span> 
     </span>
    </p>
   </div>
   <div class='ocr_carea' id='block_1_34' title="bbox 506 1730 3818 1817">
    <p class='ocr_par' dir='ltr' id='par_1_34' title="bbox 506 1730 3818 1817">
     <span class='ocr_line' id='line_1_34' title="bbox 506 1730 3818 1817; baseline 0.011 -22"><span class='ocrx_word' id='word_1_236' title='bbox 506 1754 739 1798; x_wconf 73' lang='lat' dir='ltr'><strong>tantum</strong></span> <span class='ocrx_word' id='word_1_237' title='bbox 781 1743 1208 1798; x_wconf 66' lang='lat' dir='ltr'><strong>Praefatiunculis</strong></span> <span class='ocrx_word' id='word_1_238' title='bbox 1238 1743 1480 1812; x_wconf 86' lang='lat' dir='ltr'><strong>Origenis</strong></span> <span class='ocrx_word' id='word_1_239' title='bbox 1511 1746 1849 1810; x_wconf 87' lang='lat' dir='ltr'><strong>meminisse,</strong></span> <span class='ocrx_word' id='word_1_240' title='bbox 1888 1756 1939 1800; x_wconf 88' lang='lat' dir='ltr'><strong>ut</strong></span> <span class='ocrx_word' id='word_1_241' title='bbox 1968 1747 2116 1817; x_wconf 82' lang='lat' dir='ltr'><strong>inge-</strong></span> <span class='ocrx_word' id='word_1_242' title='bbox 2152 1737 2197 1795; x_wconf 79' lang='grc' dir='ltr'><strong>Β</strong></span> <span class='ocrx_word' id='word_1_243' title='bbox 2224 1730 2562 1785; x_wconf 49' lang='lat' dir='ltr'><strong>accusatio“</strong></span> <span class='ocrx_word' id='word_1_244' title='bbox 2591 1731 2688 1786; x_wconf 68' lang='lat' dir='ltr'><strong>hac</strong></span> <span class='ocrx_word' id='word_1_245' title='bbox 2706 1747 2799 1787; x_wconf 64' lang='lat' dir='ltr'><strong>sua</strong></span> <span class='ocrx_word' id='word_1_246' title='bbox 2830 1737 3065 1803; x_wconf 65' lang='grc' dir='ltr'><strong>ντθίυιίίν</strong></span> <span class='ocrx_word' id='word_1_247' title='bbox 3098 1740 3150 1794; x_wconf 67' lang='lat' dir='ltr'><strong>in</strong></span> <span class='ocrx_word' id='word_1_248' title='bbox 3175 1742 3369 1799; x_wconf 58' lang='lat' dir='ltr'><strong>cum”</strong></span> <span class='ocrx_word' id='word_1_249' title='bbox 3394 1748 3685 1817; x_wconf 57' lang='grc' dir='ltr'><strong>δδίυίθνίυν</strong></span> <span class='ocrx_word' id='word_1_250' title='bbox 3712 1769 3818 1810; x_wconf 81' lang='grc'><strong>¹¹⁰¹¹</strong></span> 
     </span>
    </p>
   </div>
   <div class='ocr_carea' id='block_1_35' title="bbox 506 1837 2124 1907">
    <p class='ocr_par' dir='ltr' id='par_1_35' title="bbox 506 1837 2124 1907">
     <span class='ocr_line' id='line_1_35' title="bbox 506 1837 2124 1907; baseline 0.003 -16"><span class='ocrx_word' id='word_1_251' title='bbox 506 1864 507 1867; x_wconf 54' lang='grc' dir='ltr'><strong>η</strong></span> <span class='ocrx_word' id='word_1_252' title='bbox 533 1837 672 1892; x_wconf 85' lang='lat' dir='ltr'><strong>triosi</strong></span> <span class='ocrx_word' id='word_1_253' title='bbox 695 1838 860 1907; x_wconf 86' lang='lat' dir='ltr'><strong>magis</strong></span> <span class='ocrx_word' id='word_1_254' title='bbox 884 1850 1041 1907; x_wconf 80' lang='lat' dir='ltr'><strong>quam</strong></span> <span class='ocrx_word' id='word_1_255' title='bbox 1066 1837 1344 1907; x_wconf 79' lang='lat' dir='ltr'><strong>apoStolici</strong></span> <span class='ocrx_word' id='word_1_256' title='bbox 1375 1839 1495 1903; x_wconf 89' lang='lat' dir='ltr'><strong>viri,</strong></span> <span class='ocrx_word' id='word_1_257' title='bbox 1521 1838 1796 1895; x_wconf 85' lang='lat' dir='ltr'><strong>brevitatis</strong></span> <span class='ocrx_word' id='word_1_258' title='bbox 1824 1856 2012 1895; x_wconf 79' lang='lat' dir='ltr'><strong>caussa</strong></span> <span class='ocrx_word' id='word_1_259' title='bbox 2030 1842 2124 1896; x_wconf 80' lang='lat' dir='ltr'><strong>de-</strong></span> 
     </span>
    </p>
   </div>
   <div class='ocr_carea' id='block_1_36' title="bbox 539 1928 2120 2001">
    <p class='ocr_par' dir='ltr' id='par_1_36' title="bbox 539 1928 2120 2001">
     <span class='ocr_line' id='line_1_36' title="bbox 539 1928 2120 2001; baseline 0.003 -17"><span class='ocrx_word' id='word_1_260' title='bbox 539 1943 659 1984; x_wconf 86' lang='lat' dir='ltr'><strong>cem</strong></span> <span class='ocrx_word' id='word_1_261' title='bbox 682 1929 825 1984; x_wconf 83' lang='lat' dir='ltr'><strong>solas</strong></span> <span class='ocrx_word' id='word_1_262' title='bbox 850 1928 1287 1985; x_wconf 70' lang='lat' dir='ltr'><strong>Prmfatiunculas</strong></span> <span class='ocrx_word' id='word_1_263' title='bbox 1310 1930 1537 2000; x_wconf 85' lang='lat' dir='ltr'><strong>protuli,</strong></span> <span class='ocrx_word' id='word_1_264' title='bbox 1566 1932 1615 1985; x_wconf 89' lang='lat' dir='ltr'><strong>in</strong></span> <span class='ocrx_word' id='word_1_265' title='bbox 1643 1933 1838 2001; x_wconf 85' lang='lat' dir='ltr'><strong>quibus</strong></span> <span class='ocrx_word' id='word_1_266' title='bbox 1860 1950 1980 1987; x_wconf 87' lang='lat' dir='ltr'><strong>cuin</strong></span> <span class='ocrx_word' id='word_1_267' title='bbox 2013 1951 2120 1989; x_wconf 89' lang='lat' dir='ltr'><strong>non</strong></span> 
     </span>
    </p>
   </div>
   <div class='ocr_carea' id='block_1_37' title="bbox 534 2022 2115 2096">
    <p class='ocr_par' dir='ltr' id='par_1_37' title="bbox 534 2022 2115 2096">
     <span class='ocr_line' id='line_1_37' title="bbox 534 2022 2115 2096; baseline 0.005 -20"><span class='ocrx_word' id='word_1_268' title='bbox 534 2023 709 2077; x_wconf 85' lang='lat' dir='ltr'><strong>solum</strong></span> <span class='ocrx_word' id='word_1_269' title='bbox 741 2032 797 2077; x_wconf 88' lang='lat' dir='ltr'><strong>ut</strong></span> <span class='ocrx_word' id='word_1_270' title='bbox 824 2022 1173 2093; x_wconf 89' lang='lat' dir='ltr'><strong>apostolicum</strong></span> <span class='ocrx_word' id='word_1_271' title='bbox 1210 2024 1401 2088; x_wconf 84' lang='lat' dir='ltr'><strong>virum,</strong></span> <span class='ocrx_word' id='word_1_272' title='bbox 1439 2026 1531 2080; x_wconf 85' lang='lat' dir='ltr'><strong>sed</strong></span> <span class='ocrx_word' id='word_1_273' title='bbox 1573 2026 1801 2081; x_wconf 90' lang='lat' dir='ltr'><strong>alterum</strong></span> <span class='ocrx_word' id='word_1_274' title='bbox 1833 2042 1946 2095; x_wconf 87' lang='lat' dir='ltr'><strong>post</strong></span> <span class='ocrx_word' id='word_1_275' title='bbox 1979 2030 2115 2096; x_wconf 78' lang='lat' dir='ltr'><strong>Apo-</strong></span> 
     </span>
    </p>
   </div>
   <div class='ocr_carea' id='block_1_38' title="bbox 530 2103 2115 2189">
    <p class='ocr_par' dir='ltr' id='par_1_38' title="bbox 530 2103 2115 2189">
     <span class='ocr_line' id='line_1_38' title="bbox 530 2103 2115 2189; baseline 0.004 -20"><span class='ocrx_word' id='word_1_276' title='bbox 530 2116 696 2170; x_wconf 90' lang='lat' dir='ltr'><strong>stolos</strong></span> <span class='ocrx_word' id='word_1_277' title='bbox 740 2103 1105 2171; x_wconf 76' lang='lat' dir='ltr'><strong>Ecclesiarum</strong></span> <span class='ocrx_word' id='word_1_278' title='bbox 1157 2120 1495 2186; x_wconf 80' lang='lat' dir='ltr'><strong>magistrum,</strong></span> <span class='ocrx_word' id='word_1_279' title='bbox 1551 2128 1604 2173; x_wconf 88' lang='lat' dir='ltr'><strong>et</strong></span> <span class='ocrx_word' id='word_1_280' title='bbox 1634 2120 1776 2189; x_wconf 89' lang='lat' dir='ltr'><strong>quod</strong></span> <span class='ocrx_word' id='word_1_281' title='bbox 1823 2137 1948 2175; x_wconf 91' lang='lat' dir='ltr'><strong>eum</strong></span> <span class='ocrx_word' id='word_1_282' title='bbox 1993 2138 2115 2177; x_wconf 90' lang='lat' dir='ltr'><strong>cum</strong></span> 
     </span>
    </p>
   </div>
   <div class='ocr_carea' id='block_1_39' title="bbox 530 2204 1791 2278">
    <p class='ocr_par' dir='ltr' id='par_1_39' title="bbox 530 2204 1791 2278">
     <span class='ocr_line' id='line_1_39' title="bbox 530 2204 1791 2278; baseline 0.005 -19"><span class='ocrx_word' id='word_1_283' title='bbox 530 2204 780 2261; x_wconf 86' lang='lat' dir='ltr'><strong>omnibus</strong></span> <span class='ocrx_word' id='word_1_284' title='bbox 810 2207 1161 2276; x_wconf 91' lang='lat' dir='ltr'><strong>prudentibus</strong></span> <span class='ocrx_word' id='word_1_285' title='bbox 1190 2220 1533 2278; x_wconf 79' lang='lat' dir='ltr'><strong>sequeretur,</strong></span> <span class='ocrx_word' id='word_1_286' title='bbox 1567 2213 1791 2267; x_wconf 75' lang='lat' dir='ltr'><strong>asserui.</strong></span> 
     </span>
    </p>
   </div>
   <div class='ocr_carea' id='block_1_40' title="bbox 562 2316 2121 2409">
    <p class='ocr_par' dir='ltr' id='par_1_40' title="bbox 562 2316 2121 2409">
     <span class='ocr_line' id='line_1_40' title="bbox 562 2316 2121 2409; baseline 0.008 -40"><span class='ocrx_word' id='word_1_287' title='bbox 562 2338 565 2341; x_wconf 93' lang='grc'><strong>·</strong></span> <span class='ocrx_word' id='word_1_288' title='bbox 606 2316 697 2373; x_wconf 77' lang='grc'><strong>45.</strong></span> <span class='ocrx_word' id='word_1_289' title='bbox 742 2319 1005 2375; x_wconf 66' lang='grc' dir='ltr'><strong>Ρτκιετεε</strong></span> <span class='ocrx_word' id='word_1_290' title='bbox 1028 2320 1307 2376; x_wconf 84' lang='lat' dir='ltr'><strong>evidenter</strong></span> <span class='ocrx_word' id='word_1_291' title='bbox 1334 2321 1692 2389; x_wconf 80' lang='lat' dir='ltr'><strong>ostendimus,</strong></span> <span class='ocrx_word' id='word_1_292' title='bbox 1721 2339 1788 2378; x_wconf 75' lang='lat' dir='ltr'><strong>ex</strong></span> <span class='ocrx_word' id='word_1_293' title='bbox 1817 2340 1966 2409; x_wconf 87' lang='lat' dir='ltr'><strong>more</strong></span> <span class='ocrx_word' id='word_1_294' title='bbox 1997 2326 2121 2382; x_wconf 73' lang='lat' dir='ltr'><strong>huic</strong></span> 
     </span>
    </p>
   </div>
   <div class='ocr_carea' id='block_1_41' title="bbox 527 2412 2119 2486">
    <p class='ocr_par' dir='ltr' id='par_1_41' title="bbox 527 2412 2119 2486">
     <span class='ocr_line' id='line_1_41' title="bbox 527 2412 2119 2486; baseline 0.004 -19"><span class='ocrx_word' id='word_1_295' title='bbox 527 2425 672 2476; x_wconf 80' lang='lat' dir='ltr'><strong>esse,</strong></span> <span class='ocrx_word' id='word_1_296' title='bbox 702 2420 762 2465; x_wconf 91' lang='lat' dir='ltr'><strong>ut</strong></span> <span class='ocrx_word' id='word_1_297' title='bbox 788 2412 948 2467; x_wconf 85' lang='lat' dir='ltr'><strong>bonis</strong></span> <span class='ocrx_word' id='word_1_298' title='bbox 981 2412 1233 2467; x_wconf 87' lang='lat' dir='ltr'><strong>omnibus</strong></span> <span class='ocrx_word' id='word_1_299' title='bbox 1264 2414 1507 2482; x_wconf 83' lang='lat' dir='ltr'><strong>deroget,</strong></span> <span class='ocrx_word' id='word_1_300' title='bbox 1539 2416 1704 2486; x_wconf 74' lang='lat'><strong>398</strong></span> <span class='ocrx_word' id='word_1_301' title='bbox 1746 2426 1804 2471; x_wconf 90' lang='lat' dir='ltr'><strong>et</strong></span> <span class='ocrx_word' id='word_1_302' title='bbox 1834 2420 1885 2470; x_wconf 94' lang='lat' dir='ltr'><strong>in</strong></span> <span class='ocrx_word' id='word_1_303' title='bbox 1919 2417 2020 2473; x_wconf 89' lang='lat' dir='ltr'><strong>hoc</strong></span> <span class='ocrx_word' id='word_1_304' title='bbox 2060 2433 2119 2473; x_wconf 90' lang='lat' dir='ltr'><strong>se</strong></span> 
     </span>
    </p>
   </div>
   <div class='ocr_carea' id='block_1_42' title="bbox 529 2504 2115 2580">
    <p class='ocr_par' dir='ltr' id='par_1_42' title="bbox 529 2504 2115 2580">
     <span class='ocr_line' id='line_1_42' title="bbox 529 2504 2115 2580; baseline 0.006 -24"><span class='ocrx_word' id='word_1_305' title='bbox 529 2512 681 2572; x_wconf 89' lang='lat' dir='ltr'><strong>putet</strong></span> <span class='ocrx_word' id='word_1_306' title='bbox 727 2504 869 2574; x_wconf 89' lang='lat' dir='ltr'><strong>aliqu</strong></span> <span class='ocrx_word' id='word_1_307' title='bbox 896 2505 928 2558; x_wconf 92' lang='lat' dir='ltr'><strong>d</strong></span> <span class='ocrx_word' id='word_1_308' title='bbox 959 2519 1100 2570; x_wconf 90' lang='lat' dir='ltr'><strong>esse,</strong></span> <span class='ocrx_word' id='word_1_309' title='bbox 1133 2506 1176 2559; x_wconf 90' lang='lat' dir='ltr'><strong>si</strong></span> <span class='ocrx_word' id='word_1_310' title='bbox 1212 2506 1460 2574; x_wconf 77' lang='lat' dir='ltr'><strong>opinatos</strong></span> <span class='ocrx_word' id='word_1_311' title='bbox 1485 2522 1727 2577; x_wconf 90' lang='lat' dir='ltr'><strong>quosque</strong></span> <span class='ocrx_word' id='word_1_312' title='bbox 1755 2511 1917 2575; x_wconf 79' lang='lat' dir='ltr'><strong>viros,</strong></span> <span class='ocrx_word' id='word_1_313' title='bbox 1948 2520 2001 2571; x_wconf 75' lang='lat' dir='ltr'><strong>et</strong></span> <span class='ocrx_word' id='word_1_314' title='bbox 2026 2512 2115 2580; x_wconf 90' lang='lat' dir='ltr'><strong>qui</strong></span> 
     </span>
    </p>
   </div>
   <div class='ocr_carea' id='block_1_43' title="bbox 528 2592 2114 2670">
    <p class='ocr_par' dir='ltr' id='par_1_43' title="bbox 528 2592 2114 2670">
     <span class='ocr_line' id='line_1_43' title="bbox 528 2592 2114 2670; baseline 0.006 -24"><span class='ocrx_word' id='word_1_315' title='bbox 528 2592 729 2664; x_wconf 89' lang='lat' dir='ltr'><strong>aliquid</strong></span> <span class='ocrx_word' id='word_1_316' title='bbox 762 2594 997 2650; x_wconf 85' lang='lat' dir='ltr'><strong>nominis</strong></span> <span class='ocrx_word' id='word_1_317' title='bbox 1044 2596 1095 2649; x_wconf 91' lang='lat' dir='ltr'><strong>in</strong></span> <span class='ocrx_word' id='word_1_318' title='bbox 1130 2594 1299 2651; x_wconf 90' lang='lat' dir='ltr'><strong>literis</strong></span> <span class='ocrx_word' id='word_1_319' title='bbox 1334 2596 1440 2669; x_wconf 82' lang='grc' dir='ltr'><strong>[ΑΙ.</strong></span> <span class='ocrx_word' id='word_1_320' title='bbox 1474 2599 1595 2651; x_wconf 76' lang='lat' dir='ltr'><strong>add.</strong></span> <span class='ocrx_word' id='word_1_321' title='bbox 1645 2598 1760 2670; x_wconf 81' lang='lat' dir='ltr'><strong>Dei]</strong></span> <span class='ocrx_word' id='word_1_322' title='bbox 1806 2602 2114 2670; x_wconf 87' lang='lat' dir='ltr'><strong>habuerint,</strong></span> 
     </span>
    </p>
   </div>
   <div class='ocr_carea' id='block_1_44' title="bbox 534 2686 2116 2761">
    <p class='ocr_par' dir='ltr' id='par_1_44' title="bbox 534 2686 2116 2761">
     <span class='ocr_line' id='line_1_44' title="bbox 534 2686 2116 2761; baseline 0.008 -24"><span class='ocrx_word' id='word_1_323' title='bbox 534 2686 917 2753; x_wconf 87' lang='lat' dir='ltr'><strong>reprehendat.</strong></span> <span class='ocrx_word' id='word_1_324' title='bbox 949 2686 1169 2743; x_wconf 85' lang='lat' dir='ltr'><strong>Ostendi</strong></span> <span class='ocrx_word' id='word_1_325' title='bbox 1201 2689 1359 2742; x_wconf 86' lang='lat' dir='ltr'><strong>etiam</strong></span> <span class='ocrx_word' id='word_1_326' title='bbox 1390 2704 1547 2759; x_wconf 85' lang='lat' dir='ltr'><strong>quam</strong></span> <span class='ocrx_word' id='word_1_327' title='bbox 1599 2691 1814 2761; x_wconf 87' lang='lat' dir='ltr'><strong>indigne</strong></span> <span class='ocrx_word' id='word_1_328' title='bbox 1845 2695 2116 2749; x_wconf 87' lang='lat' dir='ltr'><strong>ministros</strong></span> 
     </span>
    </p>
   </div>
   <div class='ocr_carea' id='block_1_45' title="bbox 528 2778 2114 2843">
    <p class='ocr_par' dir='ltr' id='par_1_45' title="bbox 528 2778 2114 2843">
     <span class='ocr_line' id='line_1_45' title="bbox 528 2778 2114 2843; baseline 0.007 -12"><span class='ocrx_word' id='word_1_329' title='bbox 528 2786 583 2831; x_wconf 86' lang='lat' dir='ltr'><strong>et</strong></span> <span class='ocrx_word' id='word_1_330' title='bbox 611 2778 931 2833; x_wconf 81' lang='lat' dir='ltr'><strong>Sacerdotes</strong></span> <span class='ocrx_word' id='word_1_331' title='bbox 953 2778 1153 2834; x_wconf 86' lang='lat' dir='ltr'><strong>Christi</strong></span> <span class='ocrx_word' id='word_1_332' title='bbox 1199 2781 1535 2837; x_wconf 80' lang='lat' dir='ltr'><strong>laceraverit.</strong></span> <span class='ocrx_word' id='word_1_333' title='bbox 1567 2781 1670 2837; x_wconf 87' lang='lat' dir='ltr'><strong>Sed</strong></span> <span class='ocrx_word' id='word_1_334' title='bbox 1717 2800 1784 2838; x_wconf 91' lang='lat' dir='ltr'><strong>ne</strong></span> <span class='ocrx_word' id='word_1_335' title='bbox 1833 2788 2114 2843; x_wconf 83' lang='lat' dir='ltr'><strong>monachis</strong></span> 
     </span>
    </p>
   </div>
   <div class='ocr_carea' id='block_1_46' title="bbox 529 2869 2112 2944">
    <p class='ocr_par' dir='ltr' id='par_1_46' title="bbox 529 2869 2112 2944">
     <span class='ocr_line' id='line_1_46' title="bbox 529 2869 2112 2944; baseline 0.009 -23"><span class='ocrx_word' id='word_1_336' title='bbox 529 2869 746 2938; x_wconf 82' lang='lat' dir='ltr'><strong>quidem</strong></span> <span class='ocrx_word' id='word_1_337' title='bbox 795 2884 859 2924; x_wconf 82' lang='lat' dir='ltr'><strong>ac</strong></span> <span class='ocrx_word' id='word_1_338' title='bbox 906 2870 1198 2941; x_wconf 79' lang='lat' dir='ltr'><strong>virginibus</strong></span> <span class='ocrx_word' id='word_1_339' title='bbox 1246 2873 1377 2943; x_wconf 87' lang='lat' dir='ltr'><strong>ipsis</strong></span> <span class='ocrx_word' id='word_1_340' title='bbox 1416 2889 1551 2943; x_wconf 89' lang='lat' dir='ltr'><strong>quas</strong></span> <span class='ocrx_word' id='word_1_341' title='bbox 1598 2875 1930 2944; x_wconf 86' lang='lat' dir='ltr'><strong>laudaverat,</strong></span> <span class='ocrx_word' id='word_1_342' title='bbox 1965 2890 1987 2918; x_wconf 77' lang='grc' dir='ltr'><strong>ο</strong></span> <span class='ocrx_word' id='word_1_343' title='bbox 2031 2883 2112 2936; x_wconf 86' lang='lat' dir='ltr'><strong>vei</strong></span> 
     </span>
    </p>
   </div>
   <div class='ocr_carea' id='block_1_47' title="bbox 527 2964 2112 3036">
    <p class='ocr_par' dir='ltr' id='par_1_47' title="bbox 527 2964 2112 3036">
     <span class='ocr_line' id='line_1_47' title="bbox 527 2964 2112 3036; baseline 0.008 -20"><span class='ocrx_word' id='word_1_344' title='bbox 527 2964 927 3018; x_wconf 81' lang='lat' dir='ltr'><strong>continentibus</strong></span> <span class='ocrx_word' id='word_1_345' title='bbox 958 2966 1294 3034; x_wconf 89' lang='lat' dir='ltr'><strong>pepercerit,</strong></span> <span class='ocrx_word' id='word_1_346' title='bbox 1329 2976 1489 3036; x_wconf 86' lang='lat' dir='ltr'><strong>atque</strong></span> <span class='ocrx_word' id='word_1_347' title='bbox 1535 2982 1747 3023; x_wconf 89' lang='lat' dir='ltr'><strong>omnem</strong></span> <span class='ocrx_word' id='word_1_348' title='bbox 1778 2970 2112 3029; x_wconf 58' lang='lat' dir='ltr'><strong>Christiano.</strong></span> 
     </span>
    </p>
   </div>
   <div class='ocr_carea' id='block_1_48' title="bbox 529 3056 2108 3128">
    <p class='ocr_par' dir='ltr' id='par_1_48' title="bbox 529 3056 2108 3128">
     <span class='ocr_line' id='line_1_48' title="bbox 529 3056 2108 3128; baseline 0.01 -21"><span class='ocrx_word' id='word_1_349' title='bbox 529 3070 644 3108; x_wconf 91' lang='lat' dir='ltr'><strong>rum</strong></span> <span class='ocrx_word' id='word_1_350' title='bbox 679 3056 923 3110; x_wconf 85' lang='lat' dir='ltr'><strong>ordinem</strong></span> <span class='ocrx_word' id='word_1_351' title='bbox 950 3065 1005 3111; x_wconf 90' lang='lat' dir='ltr'><strong>et</strong></span> <span class='ocrx_word' id='word_1_352' title='bbox 1048 3058 1270 3128; x_wconf 90' lang='lat' dir='ltr'><strong>gradum</strong></span> <span class='ocrx_word' id='word_1_353' title='bbox 1321 3060 1519 3115; x_wconf 89' lang='lat' dir='ltr'><strong>libellis</strong></span> <span class='ocrx_word' id='word_1_354' title='bbox 1546 3060 1700 3117; x_wconf 66' lang='lat' dir='ltr'><strong>foedis</strong></span> <span class='ocrx_word' id='word_1_355' title='bbox 1749 3063 2108 3125; x_wconf 88' lang='lat' dir='ltr'><strong>infamaverit.</strong></span> 
     </span>
    </p>
   </div>
   <div class='ocr_carea' id='block_1_49' title="bbox 528 3146 2115 3224">
    <p class='ocr_par' dir='ltr' id='par_1_49' title="bbox 528 3146 2115 3224">
     <span class='ocr_line' id='line_1_49' title="bbox 528 3146 2115 3224; baseline 0.006 -22"><span class='ocrx_word' id='word_1_356' title='bbox 528 3146 780 3210; x_wconf 84' lang='lat' dir='ltr'><strong>Sanctum</strong></span> <span class='ocrx_word' id='word_1_357' title='bbox 828 3162 1039 3216; x_wconf 85' lang='lat' dir='ltr'><strong>quoque</strong></span> <span class='ocrx_word' id='word_1_358' title='bbox 1090 3150 1259 3203; x_wconf 92' lang='lat' dir='ltr'><strong>virum</strong></span> <span class='ocrx_word' id='word_1_359' title='bbox 1311 3151 1687 3219; x_wconf 84' lang='lat' dir='ltr'><strong>Ambrosium,</strong></span> <span class='ocrx_word' id='word_1_360' title='bbox 1739 3153 1892 3224; x_wconf 88' lang='lat' dir='ltr'><strong>cujus</strong></span> <span class='ocrx_word' id='word_1_361' title='bbox 1934 3156 2115 3213; x_wconf 89' lang='lat' dir='ltr'><strong>adhuc</strong></span> 
     </span>
    </p>
   </div>
   <div class='ocr_carea' id='block_1_50' title="bbox 527 3241 2109 3319">
    <p class='ocr_par' dir='ltr' id='par_1_50' title="bbox 527 3241 2109 3319">
     <span class='ocr_line' id='line_1_50' title="bbox 527 3241 2109 3319; baseline 0.007 -25"><span class='ocrx_word' id='word_1_362' title='bbox 527 3241 799 3308; x_wconf 54' lang='lat' dir='ltr'><strong>praeclara:</strong></span> <span class='ocrx_word' id='word_1_363' title='bbox 851 3242 971 3296; x_wconf 71' lang='lat' dir='ltr'><strong>vita:</strong></span> <span class='ocrx_word' id='word_1_364' title='bbox 1019 3244 1277 3298; x_wconf 89' lang='lat' dir='ltr'><strong>memoria</strong></span> <span class='ocrx_word' id='word_1_365' title='bbox 1327 3244 1379 3297; x_wconf 88' lang='lat' dir='ltr'><strong>in</strong></span> <span class='ocrx_word' id='word_1_366' title='bbox 1425 3246 1616 3301; x_wconf 88' lang='lat' dir='ltr'><strong>animis</strong></span> <span class='ocrx_word' id='word_1_367' title='bbox 1659 3247 1899 3302; x_wconf 88' lang='lat' dir='ltr'><strong>omnium</strong></span> <span class='ocrx_word' id='word_1_368' title='bbox 1946 3250 2109 3319; x_wconf 81' lang='lat' dir='ltr'><strong>viget,</strong></span> 
     </span>
    </p>
   </div>
   <div class='ocr_carea' id='block_1_51' title="bbox 522 3332 2110 3415">
    <p class='ocr_par' dir='ltr' id='par_1_51' title="bbox 522 3332 2110 3415">
     <span class='ocr_line' id='line_1_51' title="bbox 522 3332 2110 3415; baseline 0.008 -32"><span class='ocrx_word' id='word_1_369' title='bbox 522 3344 685 3400; x_wconf 85' lang='lat' dir='ltr'><strong>quam</strong></span> <span class='ocrx_word' id='word_1_370' title='bbox 749 3332 968 3401; x_wconf 86' lang='lat' dir='ltr'><strong>indigne</strong></span> <span class='ocrx_word' id='word_1_371' title='bbox 1030 3344 1085 3387; x_wconf 92' lang='lat' dir='ltr'><strong>et</strong></span> <span class='ocrx_word' id='word_1_372' title='bbox 1134 3336 1360 3415; x_wconf 73' lang='lat' dir='ltr'><strong>turpiter</strong></span> <span class='ocrx_word' id='word_1_373' title='bbox 1416 3336 1754 3393; x_wconf 85' lang='lat' dir='ltr'><strong>laceraveril.</strong></span> <span class='ocrx_word' id='word_1_374' title='bbox 1826 3339 2110 3411; x_wconf 80' lang='lat' dir='ltr'><strong>Didymum</strong></span> 
     </span>
    </p>
   </div>
   <div class='ocr_carea' id='block_1_52' title="bbox 530 3423 2112 3501">
    <p class='ocr_par' dir='ltr' id='par_1_52' title="bbox 530 3423 2112 3501">
     <span class='ocr_line' id='line_1_52' title="bbox 530 3423 2112 3501; baseline 0.008 -26"><span class='ocrx_word' id='word_1_375' title='bbox 530 3423 718 3489; x_wconf 85' lang='lat' dir='ltr'><strong>etiam,</strong></span> <span class='ocrx_word' id='word_1_376' title='bbox 744 3437 903 3492; x_wconf 86' lang='lat' dir='ltr'><strong>quem</strong></span> <span class='ocrx_word' id='word_1_377' title='bbox 928 3424 1126 3478; x_wconf 90' lang='lat' dir='ltr'><strong>dudum</strong></span> <span class='ocrx_word' id='word_1_378' title='bbox 1151 3426 1289 3479; x_wconf 82' lang='lat' dir='ltr'><strong>inter</strong></span> <span class='ocrx_word' id='word_1_379' title='bbox 1316 3426 1555 3483; x_wconf 84' lang='lat' dir='ltr'><strong>videntes</strong></span> <span class='ocrx_word' id='word_1_380' title='bbox 1579 3430 1873 3499; x_wconf 87' lang='lat' dir='ltr'><strong>Prophetas</strong></span> <span class='ocrx_word' id='word_1_381' title='bbox 1894 3442 1948 3486; x_wconf 93' lang='lat' dir='ltr'><strong>et</strong></span> <span class='ocrx_word' id='word_1_382' title='bbox 1969 3434 2112 3501; x_wconf 84' lang='lat' dir='ltr'><strong>Apo-</strong></span> 
     </span>
    </p>
   </div>
   <div class='ocr_carea' id='block_1_53' title="bbox 524 3515 2108 3596">
    <p class='ocr_par' dir='ltr' id='par_1_53' title="bbox 524 3515 2108 3596">
     <span class='ocr_line' id='line_1_53' title="bbox 524 3515 2108 3596; baseline 0.008 -27"><span class='ocrx_word' id='word_1_383' title='bbox 524 3515 693 3569; x_wconf 91' lang='lat' dir='ltr'><strong>stolos</strong></span> <span class='ocrx_word' id='word_1_384' title='bbox 714 3525 983 3583; x_wconf 88' lang='lat' dir='ltr'><strong>posuerat,</strong></span> <span class='ocrx_word' id='word_1_385' title='bbox 1016 3533 1155 3572; x_wconf 89' lang='lat' dir='ltr'><strong>nunc</strong></span> <span class='ocrx_word' id='word_1_386' title='bbox 1178 3517 1435 3593; x_wconf 82' lang='lat' dir='ltr'><strong>inter[Al.</strong></span> <span class='ocrx_word' id='word_1_387' title='bbox 1456 3537 1667 3593; x_wconf 88' lang='lat' dir='ltr'><strong>quoque</strong></span> <span class='ocrx_word' id='word_1_388' title='bbox 1692 3523 1853 3595; x_wconf 69' lang='lat' dir='ltr'><strong>inter]</strong></span> <span class='ocrx_word' id='word_1_389' title='bbox 1879 3540 1992 3591; x_wconf 90' lang='lat' dir='ltr'><strong>eos,</strong></span> <span class='ocrx_word' id='word_1_390' title='bbox 2020 3529 2108 3596; x_wconf 90' lang='lat' dir='ltr'><strong>qui</strong></span> 
     </span>
    </p>
   </div>
   <div class='ocr_carea' id='block_1_54' title="bbox 527 3607 2111 3681">
    <p class='ocr_par' dir='ltr' id='par_1_54' title="bbox 527 3607 2111 3681">
     <span class='ocr_line' id='line_1_54' title="bbox 527 3607 2111 3681; baseline 0.007 -20"><span class='ocrx_word' id='word_1_391' title='bbox 527 3607 739 3662; x_wconf 86' lang='lat' dir='ltr'><strong>diversa</strong></span> <span class='ocrx_word' id='word_1_392' title='bbox 786 3609 853 3662; x_wconf 88' lang='lat' dir='ltr'><strong>ab</strong></span> <span class='ocrx_word' id='word_1_393' title='bbox 898 3608 1150 3665; x_wconf 73' lang='lat' dir='ltr'><strong>Ecclesiis</strong></span> <span class='ocrx_word' id='word_1_394' title='bbox 1196 3611 1440 3681; x_wconf 59' lang='lat' dir='ltr'><strong>doceant,</strong></span> <span class='ocrx_word' id='word_1_395' title='bbox 1468 3615 1879 3672; x_wconf 67' lang='lat' dir='ltr'><strong>collocat-iuet</strong></span> <span class='ocrx_word' id='word_1_396' title='bbox 1924 3634 2111 3675; x_wconf 87' lang='lat' dir='ltr'><strong>omnes</strong></span> 
     </span>
    </p>
   </div>
   <div class='ocr_carea' id='block_1_55' title="bbox 524 3699 2107 3780">
    <p class='ocr_par' dir='ltr' id='par_1_55' title="bbox 524 3699 2107 3780">
     <span class='ocr_line' id='line_1_55' title="bbox 524 3699 2107 3780; baseline 0.011 -29"><span class='ocrx_word' id='word_1_397' title='bbox 524 3699 742 3753; x_wconf 89' lang='lat' dir='ltr'><strong>omnino</strong></span> <span class='ocrx_word' id='word_1_398' title='bbox 775 3700 858 3753; x_wconf 89' lang='lat' dir='ltr'><strong>vel</strong></span> <span class='ocrx_word' id='word_1_399' title='bbox 884 3702 1133 3770; x_wconf 83' lang='lat' dir='ltr'><strong>antiquos</strong></span> <span class='ocrx_word' id='word_1_400' title='bbox 1166 3704 1249 3758; x_wconf 91' lang='lat' dir='ltr'><strong>vel</strong></span> <span class='ocrx_word' id='word_1_401' title='bbox 1285 3707 1524 3761; x_wconf 89' lang='lat' dir='ltr'><strong>novellos</strong></span> <span class='ocrx_word' id='word_1_402' title='bbox 1569 3708 1860 3777; x_wconf 88' lang='lat' dir='ltr'><strong>scriptores</strong></span> <span class='ocrx_word' id='word_1_403' title='bbox 1883 3707 1911 3747; x_wconf 71' lang='grc' dir='ltr'>ἀ</span> <span class='ocrx_word' id='word_1_404' title='bbox 1969 3714 2107 3780; x_wconf 89' lang='lat' dir='ltr'><strong>quod</strong></span> 
     </span>
    </p>
   </div>
   <div class='ocr_carea' id='block_1_56' title="bbox 524 3790 2105 3865">
    <p class='ocr_par' dir='ltr' id='par_1_56' title="bbox 524 3790 2105 3865">
     <span class='ocr_line' id='line_1_56' title="bbox 524 3790 2105 3865; baseline 0.011 -24"><span class='ocrx_word' id='word_1_405' title='bbox 524 3805 667 3845; x_wconf 88' lang='lat' dir='ltr'><strong>nunc</strong></span> <span class='ocrx_word' id='word_1_406' title='bbox 717 3790 1020 3859; x_wconf 79' lang='lat' dir='ltr'><strong>imperitiae,</strong></span> <span class='ocrx_word' id='word_1_407' title='bbox 1072 3808 1216 3849; x_wconf 90' lang='lat' dir='ltr'><strong>nunc</strong></span> <span class='ocrx_word' id='word_1_408' title='bbox 1266 3796 1480 3865; x_wconf 62' lang='lat' dir='ltr'><strong>ineptia:</strong></span> <span class='ocrx_word' id='word_1_409' title='bbox 1530 3801 1812 3855; x_wconf 81' lang='lat' dir='ltr'><strong>notetzad</strong></span> <span class='ocrx_word' id='word_1_410' title='bbox 1863 3804 2105 3859; x_wconf 88' lang='lat' dir='ltr'><strong>ultimum</strong></span> 
     </span>
    </p>
   </div>
   <div class='ocr_carea' id='block_1_57' title="bbox 520 3882 2107 3967">
    <p class='ocr_par' dir='ltr' id='par_1_57' title="bbox 520 3882 2107 3967">
     <span class='ocr_line' id='line_1_57' title="bbox 520 3882 2107 3967; baseline 0.011 -33"><span class='ocrx_word' id='word_1_411' title='bbox 520 3882 665 3949; x_wconf 91' lang='lat' dir='ltr'><strong>quod</strong></span> <span class='ocrx_word' id='word_1_412' title='bbox 699 3896 796 3937; x_wconf 86' lang='lat' dir='ltr'><strong>nec</strong></span> <span class='ocrx_word' id='word_1_413' title='bbox 822 3882 1139 3953; x_wconf 81' lang='lat' dir='ltr'><strong>Martyribus</strong></span> <span class='ocrx_word' id='word_1_414' title='bbox 1163 3897 1362 3954; x_wconf 73' lang='lat' dir='ltr'><strong>parcat.</strong></span> <span class='ocrx_word' id='word_1_415' title='bbox 1393 3888 1457 3941; x_wconf 88' lang='lat' dir='ltr'><strong>Et</strong></span> <span class='ocrx_word' id='word_1_416' title='bbox 1486 3888 1602 3946; x_wconf 73' lang='lat' dir='ltr'><strong>lucc</strong></span> <span class='ocrx_word' id='word_1_417' title='bbox 1631 3893 1833 3958; x_wconf 90' lang='lat' dir='ltr'><strong>omnia,</strong></span> <span class='ocrx_word' id='word_1_418' title='bbox 1860 3904 1916 3949; x_wconf 88' lang='lat' dir='ltr'><strong>ut</strong></span> <span class='ocrx_word' id='word_1_419' title='bbox 1943 3911 2107 3967; x_wconf 83' lang='lat' dir='ltr'><strong>supe-</strong></span> 
     </span>
    </p>
   </div>
   <div class='ocr_carea' id='block_1_58' title="bbox 523 3976 2108 4052">
    <p class='ocr_par' dir='ltr' id='par_1_58' title="bbox 523 3976 2108 4052">
     <span class='ocr_line' id='line_1_58' title="bbox 523 3976 2108 4052; baseline 0.011 -22"><span class='ocrx_word' id='word_1_420' title='bbox 523 3976 633 4031; x_wconf 90' lang='lat' dir='ltr'><strong>rius</strong></span> <span class='ocrx_word' id='word_1_421' title='bbox 662 3977 771 4033; x_wconf 74' lang='lat' dir='ltr'><strong>dixi</strong></span> <span class='ocrx_word' id='word_1_422' title='bbox 792 4019 807 4043; x_wconf 90' lang='lat'><strong>,</strong></span> <span class='ocrx_word' id='word_1_423' title='bbox 831 3995 936 4033; x_wconf 91' lang='lat' dir='ltr'><strong>non</strong></span> <span class='ocrx_word' id='word_1_424' title='bbox 969 3980 1238 4036; x_wconf 76' lang='lat' dir='ltr'><strong>extraneis</strong></span> <span class='ocrx_word' id='word_1_425' title='bbox 1263 3983 1559 4052; x_wconf 85' lang='lat' dir='ltr'><strong>aliquibus,</strong></span> <span class='ocrx_word' id='word_1_426' title='bbox 1588 3986 1683 4041; x_wconf 89' lang='lat' dir='ltr'><strong>sed</strong></span> <span class='ocrx_word' id='word_1_427' title='bbox 1715 3988 1824 4043; x_wconf 91' lang='lat' dir='ltr'><strong>suis</strong></span> <span class='ocrx_word' id='word_1_428' title='bbox 1856 3991 2023 4048; x_wconf 88' lang='lat' dir='ltr'><strong>literis</strong></span> <span class='ocrx_word' id='word_1_429' title='bbox 2054 4002 2108 4048; x_wconf 86' lang='lat' dir='ltr'><strong>et</strong></span> 
     </span>
    </p>
   </div>
   <div class='ocr_carea' id='block_1_59' title="bbox 519 4070 2106 4154">
    <p class='ocr_par' dir='ltr' id='par_1_59' title="bbox 519 4070 2106 4154">
     <span class='ocr_line' id='line_1_59' title="bbox 519 4070 2106 4154; baseline 0.011 -29"><span class='ocrx_word' id='word_1_430' title='bbox 519 4084 580 4125; x_wconf 86' lang='lat' dir='ltr'><strong>se</strong></span> <span class='ocrx_word' id='word_1_431' title='bbox 614 4070 730 4140; x_wconf 86' lang='lat' dir='ltr'><strong>ipso</strong></span> <span class='ocrx_word' id='word_1_432' title='bbox 760 4081 919 4139; x_wconf 71' lang='lat' dir='ltr'><strong>teste,</strong></span> <span class='ocrx_word' id='word_1_433' title='bbox 952 4075 1189 4137; x_wconf 89' lang='lat' dir='ltr'><strong>convici,</strong></span> <span class='ocrx_word' id='word_1_434' title='bbox 1225 4091 1317 4143; x_wconf 90' lang='lat' dir='ltr'><strong>per</strong></span> <span class='ocrx_word' id='word_1_435' title='bbox 1373 4077 1582 4146; x_wconf 59' lang='lat' dir='ltr'><strong>séngula</strong></span> <span class='ocrx_word' id='word_1_436' title='bbox 1631 4095 1855 4154; x_wconf 60' lang='lat' dir='ltr'><strong>quasque</strong></span> <span class='ocrx_word' id='word_1_437' title='bbox 1905 4102 1969 4141; x_wconf 78' lang='lat' dir='ltr'><strong>ex</strong></span> <span class='ocrx_word' id='word_1_438' title='bbox 2023 4088 2106 4144; x_wconf 90' lang='lat' dir='ltr'><strong>his</strong></span> 
     </span>
    </p>
   </div>
   <div class='ocr_carea' id='block_1_60' title="bbox 521 4164 2101 4247">
    <p class='ocr_par' dir='ltr' id='par_1_60' title="bbox 521 4164 2101 4247">
     <span class='ocr_line' id='line_1_60' title="bbox 521 4164 2101 4247; baseline 0.013 -30"><span class='ocrx_word' id='word_1_439' title='bbox 521 4164 655 4232; x_wconf 89' lang='lat' dir='ltr'><strong>ipsis</strong></span> <span class='ocrx_word' id='word_1_440' title='bbox 690 4164 1084 4228; x_wconf 80' lang='lat' dir='ltr'><strong>probatissimis</strong></span> <span class='ocrx_word' id='word_1_441' title='bbox 1137 4169 1237 4222; x_wconf 88' lang='lat' dir='ltr'><strong>sibi</strong></span> <span class='ocrx_word' id='word_1_442' title='bbox 1267 4168 1415 4222; x_wconf 85' lang='lat' dir='ltr'><strong>libris</strong></span> <span class='ocrx_word' id='word_1_443' title='bbox 1446 4171 1748 4229; x_wconf 89' lang='lat' dir='ltr'><strong>testimonia</strong></span> <span class='ocrx_word' id='word_1_444' title='bbox 1780 4178 2101 4247; x_wconf 86' lang='lat' dir='ltr'><strong>proferens:</strong></span> 
     </span>
    </p>
   </div>
   <div class='ocr_carea' id='block_1_61' title="bbox 519 4253 2099 4342">
    <p class='ocr_par' dir='ltr' id='par_1_61' title="bbox 519 4253 2099 4342">
     <span class='ocr_line' id='line_1_61' title="bbox 519 4253 2099 4342; baseline 0.016 -37"><span class='ocrx_word' id='word_1_445' title='bbox 519 4268 653 4322; x_wconf 89' lang='lat' dir='ltr'><strong>quos</strong></span> <span class='ocrx_word' id='word_1_446' title='bbox 684 4253 850 4311; x_wconf 89' lang='lat' dir='ltr'><strong>libros</strong></span> <span class='ocrx_word' id='word_1_447' title='bbox 899 4258 1059 4312; x_wconf 87' lang='lat' dir='ltr'><strong>etiam</strong></span> <span class='ocrx_word' id='word_1_448' title='bbox 1104 4272 1224 4312; x_wconf 91' lang='lat' dir='ltr'><strong>cum</strong></span> <span class='ocrx_word' id='word_1_449' title='bbox 1272 4260 1341 4315; x_wconf 86' lang='lat' dir='ltr'><strong>de</strong></span> <span class='ocrx_word' id='word_1_450' title='bbox 1383 4263 1594 4319; x_wconf 62' lang='lat' dir='ltr'><strong>ctrteris</strong></span> <span class='ocrx_word' id='word_1_451' title='bbox 1624 4269 1869 4326; x_wconf 91' lang='lat' dir='ltr'><strong>omnibus</strong></span> <span class='ocrx_word' id='word_1_452' title='bbox 1919 4274 2099 4342; x_wconf 82' lang='lat' dir='ltr'><strong>dictis,</strong></span> 
     </span>
    </p>
   </div>
   <div class='ocr_carea' id='block_1_62' title="bbox 520 4345 2104 4432">
    <p class='ocr_par' dir='ltr' id='par_1_62' title="bbox 520 4345 2104 4432">
     <span class='ocr_line' id='line_1_62' title="bbox 520 4345 2104 4432; baseline 0.019 -40"><span class='ocrx_word' id='word_1_453' title='bbox 520 4345 599 4397; x_wconf 82' lang='lat' dir='ltr'><strong>vel</strong></span> <span class='ocrx_word' id='word_1_454' title='bbox 646 4347 862 4414; x_wconf 81' lang='lat' dir='ltr'><strong>scriptis</strong></span> <span class='ocrx_word' id='word_1_455' title='bbox 911 4348 1025 4402; x_wconf 88' lang='lat' dir='ltr'><strong>suis</strong></span> <span class='ocrx_word' id='word_1_456' title='bbox 1064 4349 1328 4417; x_wconf 70' lang='lat' dir='ltr'><strong>poenitere</strong></span> <span class='ocrx_word' id='word_1_457' title='bbox 1380 4366 1437 4405; x_wconf 93' lang='lat' dir='ltr'><strong>se</strong></span> <span class='ocrx_word' id='word_1_458' title='bbox 1467 4353 1631 4425; x_wconf 86' lang='lat' dir='ltr'><strong>dicat,</strong></span> <span class='ocrx_word' id='word_1_459' title='bbox 1683 4373 1790 4416; x_wconf 91' lang='lat' dir='ltr'><strong>non</strong></span> <span class='ocrx_word' id='word_1_460' title='bbox 1822 4378 1930 4432; x_wconf 90' lang='lat' dir='ltr'><strong>quo</strong></span> <span class='ocrx_word' id='word_1_461' title='bbox 1978 4382 2104 4422; x_wconf 84' lang='lat' dir='ltr'><strong>vere</strong></span> 
     </span>
    </p>
   </div>
   <div class='ocr_carea' id='block_1_63' title="bbox 520 4437 2258 4549">
    <p class='ocr_par' dir='ltr' id='par_1_63' title="bbox 520 4437 2258 4549">
     <span class='ocr_line' id='line_1_63' title="bbox 520 4437 2258 4549; baseline 0.018 -65"><span class='ocrx_word' id='word_1_462' title='bbox 520 4438 796 4503; x_wconf 63' lang='lat' dir='ltr'><strong>poeniteat,</strong></span> <span class='ocrx_word' id='word_1_463' title='bbox 826 4437 922 4492; x_wconf 91' lang='lat' dir='ltr'><strong>sed</strong></span> <span class='ocrx_word' id='word_1_464' title='bbox 945 4453 1050 4508; x_wconf 91' lang='lat' dir='ltr'><strong>quo</strong></span> <span class='ocrx_word' id='word_1_465' title='bbox 1076 4447 1389 4508; x_wconf 84' lang='lat' dir='ltr'><strong>angustatus</strong></span> <span class='ocrx_word' id='word_1_466' title='bbox 1419 4442 1525 4515; x_wconf 81' lang='grc' dir='ltr'><strong>[ΑΙ.</strong></span> <span class='ocrx_word' id='word_1_467' title='bbox 1550 4452 1900 4525; x_wconf 86' lang='lat' dir='ltr'><strong>angustiatus]</strong></span> <span class='ocrx_word' id='word_1_468' title='bbox 1924 4456 1976 4511; x_wconf 92' lang='lat' dir='ltr'><strong>in</strong></span> <span class='ocrx_word' id='word_1_469' title='bbox 2000 4458 2101 4513; x_wconf 91' lang='lat' dir='ltr'><strong>hoc</strong></span> <span class='ocrx_word' id='word_1_470' title='bbox 2133 4488 2183 4549; x_wconf 69' lang='grc' dir='ltr'>ο</span> <span class='ocrx_word' id='word_1_471' title='bbox 2208 4437 2258 4547; x_wconf 50' lang='lat'><strong>:1:</strong></span> 
     </span>
    </p>
   </div>
   <div class='ocr_carea' id='block_1_64' title="bbox 519 4536 2100 4623">
    <p class='ocr_par' dir='ltr' id='par_1_64' title="bbox 519 4536 2100 4623">
     <span class='ocr_line' id='line_1_64' title="bbox 519 4536 2100 4623; baseline 0.018 -38"><span class='ocrx_word' id='word_1_472' title='bbox 519 4536 746 4601; x_wconf 83' lang='lat' dir='ltr'><strong>venerit,</strong></span> <span class='ocrx_word' id='word_1_473' title='bbox 773 4548 830 4593; x_wconf 94' lang='lat' dir='ltr'><strong>ut</strong></span> <span class='ocrx_word' id='word_1_474' title='bbox 857 4549 948 4593; x_wconf 88' lang='lat' dir='ltr'><strong>aut</strong></span> <span class='ocrx_word' id='word_1_475' title='bbox 980 4542 1289 4608; x_wconf 78' lang='lat' dir='ltr'><strong>pcenitentia</strong></span> <span class='ocrx_word' id='word_1_476' title='bbox 1336 4544 1435 4598; x_wconf 87' lang='lat' dir='ltr'><strong>sibi</strong></span> <span class='ocrx_word' id='word_1_477' title='bbox 1469 4545 1572 4618; x_wconf 78' lang='lat' dir='ltr'><strong>[AL</strong></span> <span class='ocrx_word' id='word_1_478' title='bbox 1620 4550 1715 4623; x_wconf 88' lang='lat' dir='ltr'><strong>ibi]</strong></span> <span class='ocrx_word' id='word_1_479' title='bbox 1745 4566 1891 4611; x_wconf 88' lang='lat' dir='ltr'><strong>esset</strong></span> <span class='ocrx_word' id='word_1_480' title='bbox 1929 4561 2100 4613; x_wconf 65' lang='lat' dir='ltr'><strong>eimo-</strong></span> 
     </span>
    </p>
   </div>
   <div class='ocr_carea' id='block_1_65' title="bbox 519 4638 2100 4728">
    <p class='ocr_par' dir='ltr' id='par_1_65' title="bbox 519 4638 2100 4728">
     <span class='ocr_line' id='line_1_65' title="bbox 519 4638 2100 4728; baseline 0.018 -39"><span class='ocrx_word' id='word_1_481' title='bbox 519 4638 694 4703; x_wconf 89' lang='lat' dir='ltr'><strong>landa,</strong></span> <span class='ocrx_word' id='word_1_482' title='bbox 728 4648 818 4694; x_wconf 91' lang='lat' dir='ltr'><strong>aut</strong></span> <span class='ocrx_word' id='word_1_483' title='bbox 848 4655 953 4695; x_wconf 90' lang='lat' dir='ltr'><strong>non</strong></span> <span class='ocrx_word' id='word_1_484' title='bbox 984 4652 1162 4710; x_wconf 88' lang='lat' dir='ltr'><strong>posset</strong></span> <span class='ocrx_word' id='word_1_485' title='bbox 1194 4646 1437 4703; x_wconf 89' lang='lat' dir='ltr'><strong>mordere</strong></span> <span class='ocrx_word' id='word_1_486' title='bbox 1460 4652 1543 4705; x_wconf 90' lang='lat' dir='ltr'><strong>vel</strong></span> <span class='ocrx_word' id='word_1_487' title='bbox 1586 4654 1782 4712; x_wconf 73' lang='lat' dir='ltr'><strong>ltedere</strong></span> <span class='ocrx_word' id='word_1_488' title='bbox 1806 4675 1963 4728; x_wconf 90' lang='lat' dir='ltr'><strong>quem</strong></span> <span class='ocrx_word' id='word_1_489' title='bbox 1998 4666 2100 4717; x_wconf 82' lang='lat' dir='ltr'><strong>vel-</strong></span> 
     </span>
    </p>
   </div>
   <div class='ocr_carea' id='block_1_66' title="bbox 519 4736 2101 4821">
    <p class='ocr_par' dir='ltr' id='par_1_66' title="bbox 519 4736 2101 4821">
     <span class='ocr_line' id='line_1_66' title="bbox 519 4736 2101 4821; baseline 0.018 -33"><span class='ocrx_word' id='word_1_490' title='bbox 519 4736 589 4789; x_wconf 91' lang='lat' dir='ltr'><strong>let</strong></span> <span class='ocrx_word' id='word_1_491' title='bbox 620 4737 723 4807; x_wconf 80' lang='grc' dir='ltr'><strong>[ΑΙ.</strong></span> <span class='ocrx_word' id='word_1_492' title='bbox 769 4740 1034 4812; x_wconf 85' lang='lat' dir='ltr'><strong>volebat],</strong></span> <span class='ocrx_word' id='word_1_493' title='bbox 1081 4740 1199 4798; x_wconf 89' lang='lat' dir='ltr'><strong>illos</strong></span> <span class='ocrx_word' id='word_1_494' title='bbox 1251 4758 1423 4803; x_wconf 90' lang='lat' dir='ltr'><strong>tamen</strong></span> <span class='ocrx_word' id='word_1_495' title='bbox 1451 4793 1464 4815; x_wconf 92' lang='lat'><strong>,</strong></span> <span class='ocrx_word' id='word_1_496' title='bbox 1518 4764 1568 4806; x_wconf 78' lang='lat' dir='ltr'><strong>u:</strong></span> <span class='ocrx_word' id='word_1_497' title='bbox 1621 4754 1758 4821; x_wconf 79' lang='lat' dir='ltr'><strong>dixi,</strong></span> <span class='ocrx_word' id='word_1_498' title='bbox 1792 4760 1954 4813; x_wconf 87' lang='lat' dir='ltr'><strong>libros</strong></span> <span class='ocrx_word' id='word_1_499' title='bbox 2001 4764 2101 4817; x_wconf 88' lang='lat' dir='ltr'><strong>sibi</strong></span> 
     </span>
    </p>
   </div>
   <div class='ocr_carea' id='block_1_67' title="bbox 501 4830 2103 4912">
    <p class='ocr_par' dir='ltr' id='par_1_67' title="bbox 501 4830 2103 4912">
     <span class='ocr_line' id='line_1_67' title="bbox 501 4830 2103 4912; baseline 0.02 -33"><span class='ocrx_word' id='word_1_500' title='bbox 501 4830 729 4897; x_wconf 69' lang='lat' dir='ltr'><strong>rexcepit</strong></span> <span class='ocrx_word' id='word_1_501' title='bbox 758 4830 924 4896; x_wconf 92' lang='lat' dir='ltr'><strong>solos,</strong></span> <span class='ocrx_word' id='word_1_502' title='bbox 958 4841 1209 4902; x_wconf 89' lang='lat' dir='ltr'><strong>tanquam</strong></span> <span class='ocrx_word' id='word_1_503' title='bbox 1244 4840 1461 4896; x_wconf 90' lang='lat' dir='ltr'><strong>minime</strong></span> <span class='ocrx_word' id='word_1_504' title='bbox 1493 4848 1848 4912; x_wconf 71' lang='lat' dir='ltr'><strong>pwnitendos.</strong></span> <span class='ocrx_word' id='word_1_505' title='bbox 1880 4852 1945 4904; x_wconf 84' lang='lat' dir='ltr'><strong>Et</strong></span> <span class='ocrx_word' id='word_1_506' title='bbox 1982 4854 2103 4911; x_wconf 89' lang='lat' dir='ltr'><strong>ideo</strong></span> 
     </span>
    </p>
   </div>
   <div class='ocr_carea' id='block_1_68' title="bbox 590 4978 2099 5063">
    <p class='ocr_par' dir='ltr' id='par_1_68' title="bbox 590 4978 2099 5063">
     <span class='ocr_line' id='line_1_68' title="bbox 590 4978 2099 5063; baseline 0.022 -33"><span class='ocrx_word' id='word_1_507' title='bbox 590 4988 618 5015; x_wconf 75' lang='grc' dir='ltr'><strong>ει</strong></span> <span class='ocrx_word' id='word_1_508' title='bbox 659 4978 825 5060; x_wconf 40' lang='grc' dir='ltr'><strong>ν-δοθι</strong></span> <span class='ocrx_word' id='word_1_509' title='bbox 855 4982 1096 5041; x_wconf 89' lang='lat' dir='ltr'><strong>lacunnla</strong></span> <span class='ocrx_word' id='word_1_510' title='bbox 1135 4988 1184 5042; x_wconf 92' lang='lat' dir='ltr'><strong>in</strong></span> <span class='ocrx_word' id='word_1_511' title='bbox 1233 5008 1331 5047; x_wconf 90' lang='lat' dir='ltr'><strong>ms.</strong></span> <span class='ocrx_word' id='word_1_512' title='bbox 1365 4995 1597 5051; x_wconf 81' lang='lat' dir='ltr'><strong>Verbum</strong></span> <span class='ocrx_word' id='word_1_513' title='bbox 1630 4998 1730 5054; x_wconf 89' lang='lat' dir='ltr'><strong>hoc</strong></span> <span class='ocrx_word' id='word_1_514' title='bbox 1756 5010 1933 5058; x_wconf 90' lang='lat' dir='ltr'><strong>autem</strong></span> <span class='ocrx_word' id='word_1_515' title='bbox 1977 5023 2099 5063; x_wconf 84' lang='lat' dir='ltr'><strong>cou-</strong></span> 
     </span>
    </p>
   </div>
   <div class='ocr_carea' id='block_1_69' title="bbox 516 5051 2100 5144">
    <p class='ocr_par' dir='ltr' id='par_1_69' title="bbox 516 5051 2100 5144">
     <span class='ocr_line' id='line_1_69' title="bbox 516 5051 2100 5144; baseline 0.02 -42"><span class='ocrx_word' id='word_1_516' title='bbox 516 5051 706 5103; x_wconf 75' lang='grc' dir='ltr'><strong>νενεανί</strong></span> <span class='ocrx_word' id='word_1_517' title='bbox 732 5066 955 5144; x_wconf 50' lang='lat' dir='ltr'><strong>prquuo</strong></span> <span class='ocrx_word' id='word_1_518' title='bbox 973 5064 1147 5137; x_wconf 75' lang='lat' dir='ltr'><strong>tamen</strong></span> <span class='ocrx_word' id='word_1_519' title='bbox 1177 5068 1468 5144; x_wconf 60' lang='lat' dir='ltr'><strong>conservari</strong></span> <span class='ocrx_word' id='word_1_520' title='bbox 1488 5067 1683 5144; x_wconf 76' lang='lat' dir='ltr'><strong>legitur</strong></span> <span class='ocrx_word' id='word_1_521' title='bbox 1700 5051 2100 5144; x_wconf 44' lang='lat' dir='ltr'><strong>iii—subsequen-</strong></span> 
     </span>
    </p>
   </div>
   <div class='ocr_carea' id='block_1_70' title="bbox 520 5123 2098 5242">
    <p class='ocr_par' dir='ltr' id='par_1_70' title="bbox 520 5123 2098 5242">
     <span class='ocr_line' id='line_1_70' title="bbox 520 5123 2098 5242; baseline 0.022 -71"><span class='ocrx_word' id='word_1_522' title='bbox 520 5128 626 5242; x_wconf 50' lang='lat' dir='ltr'><strong>tein)</strong></span> <span class='ocrx_word' id='word_1_523' title='bbox 664 5123 937 5189; x_wconf 88' lang='lat' dir='ltr'><strong>periodum</strong></span> <span class='ocrx_word' id='word_1_524' title='bbox 977 5126 1048 5182; x_wconf 88' lang='lat' dir='ltr'><strong>ita</strong></span> <span class='ocrx_word' id='word_1_525' title='bbox 1092 5134 1440 5202; x_wconf 81' lang='lat' dir='ltr'><strong>transfertur,</strong></span> <span class='ocrx_word' id='word_1_526' title='bbox 1488 5123 2098 5205; x_wconf 46' lang='lat' dir='ltr'><strong>vaizaim‘ééiié&#39;rﬁ};</strong></span> 
     </span>
     <span class='ocr_line' id='line_1_71' title="bbox 520 5203 881 5242; baseline 0 0"><span class='ocrx_word' id='word_1_527' title='bbox 520 5205 546 5242; x_wconf 79' lang='grc' dir='ltr'><em>α</em></span> <span class='ocrx_word' id='word_1_528' title='bbox 584 5207 746 5242; x_wconf 62' lang='lat' dir='ltr'><strong>atque.</strong></span> <span class='ocrx_word' id='word_1_529' title='bbox 778 5203 881 5242; x_wconf 85' lang='lat' dir='ltr'><strong>etc.</strong></span> 
     </span>
    </p>
   </div>
   <div class='ocr_carea' id='block_1_71' title="bbox 515 5203 881 5261">
    <p class='ocr_par' dir='ltr' id='par_1_71' title="bbox 515 5203 881 5261">
     <span class='ocr_line' id='line_1_72' title="bbox 515 5203 881 5261; baseline 0.016 -19"><span class='ocrx_word' id='word_1_530' title='bbox 515 5203 746 5261; x_wconf 60' lang='lat' dir='ltr'><strong>adatque,</strong></span> <span class='ocrx_word' id='word_1_531' title='bbox 778 5203 881 5248; x_wconf 90' lang='lat' dir='ltr'><strong>etc.</strong></span> 
     </span>
    </p>
   </div>
   <div class='ocr_carea' id='block_1_72' title="bbox 593 5260 2100 5354">
    <p class='ocr_par' dir='ltr' id='par_1_72' title="bbox 593 5260 2100 5354">
     <span class='ocr_line' id='line_1_73' title="bbox 593 5260 2100 5354; baseline 0.022 -40"><span class='ocrx_word' id='word_1_532' title='bbox 593 5260 619 5298; x_wconf 70' lang='grc' dir='ltr'><strong>ι’</strong></span> <span class='ocrx_word' id='word_1_533' title='bbox 639 5264 786 5354; x_wconf 41' lang='lat' dir='ltr'><strong>.Ms&#39;.,</strong></span> <span class='ocrx_word' id='word_1_534' title='bbox 820 5265 961 5347; x_wconf 80' lang='lat' dir='ltr'><strong>_Tum</strong></span> <span class='ocrx_word' id='word_1_535' title='bbox 1000 5269 1215 5352; x_wconf 68' lang='lat' dir='ltr'><strong>deinde;</strong></span> <span class='ocrx_word' id='word_1_536' title='bbox 1246 5283 1316 5354; x_wconf 42' lang='lat' dir='ltr'><strong>et.</strong></span> <span class='ocrx_word' id='word_1_537' title='bbox 1339 5289 1483 5342; x_wconf 84' lang='lat' dir='ltr'><strong>mox,</strong></span> <span class='ocrx_word' id='word_1_538' title='bbox 1514 5277 1710 5354; x_wconf 73' lang='lat' dir='ltr'><strong>sedenti</strong></span> <span class='ocrx_word' id='word_1_539' title='bbox 1750 5294 1901 5354; x_wconf 82' lang='lat' dir='ltr'><strong>atque</strong></span> <span class='ocrx_word' id='word_1_540' title='bbox 1930 5293 2100 5348; x_wconf 85' lang='lat' dir='ltr'><strong>verbe-</strong></span> 
     </span>
    </p>
   </div>
   <div class='ocr_carea' id='block_1_73' title="bbox 514 5335 2092 5420">
    <p class='ocr_par' dir='ltr' id='par_1_73' title="bbox 514 5335 2092 5420">
     <span class='ocr_line' id='line_1_74' title="bbox 514 5335 2092 5420; baseline 0.023 -37"><span class='ocrx_word' id='word_1_541' title='bbox 514 5335 959 5420; x_wconf 39' lang='lat' dir='ltr'><strong>ramiidenique,</strong></span> <span class='ocrx_word' id='word_1_542' title='bbox 983 5343 1027 5394; x_wconf 90' lang='lat' dir='ltr'><strong>si</strong></span> <span class='ocrx_word' id='word_1_543' title='bbox 1056 5335 1278 5420; x_wconf 64' lang='lat' dir='ltr'><strong>unquam</strong></span> <span class='ocrx_word' id='word_1_544' title='bbox 1299 5335 1494 5420; x_wconf 53' lang='lat' dir='ltr'><strong>legero,</strong></span> <span class='ocrx_word' id='word_1_545' title='bbox 1521 5349 1566 5401; x_wconf 82' lang='lat' dir='ltr'><strong>si</strong></span> <span class='ocrx_word' id='word_1_546' title='bbox 1590 5335 1828 5420; x_wconf 44' lang='lat' dir='ltr'><strong>unquam.</strong></span> <span class='ocrx_word' id='word_1_547' title='bbox 1846 5358 1943 5413; x_wconf 86' lang='lat' dir='ltr'><strong>Itab</strong></span> <span class='ocrx_word' id='word_1_548' title='bbox 1955 5335 2092 5419; x_wconf 63' lang='lat' dir='ltr'><strong>uero.</strong></span> 
     </span>
    </p>
   </div>
   <div class='ocr_carea' id='block_1_74' title="bbox 592 5404 2097 5544">
    <p class='ocr_par' dir='ltr' id='par_1_74' title="bbox 592 5404 2097 5544">
     <span class='ocr_line' id='line_1_75' title="bbox 592 5404 2097 5544; baseline 0.023 -89"><span class='ocrx_word' id='word_1_549' title='bbox 592 5414 613 5440; x_wconf 81' lang='grc' dir='ltr'><strong>ο</strong></span> <span class='ocrx_word' id='word_1_550' title='bbox 645 5404 781 5544; x_wconf 50' lang='lat' dir='ltr'><strong>illisi,</strong></span> <span class='ocrx_word' id='word_1_551' title='bbox 814 5404 1266 5479; x_wconf 57' lang='lat' dir='ltr'><strong>vettonventibus,</strong></span> <span class='ocrx_word' id='word_1_552' title='bbox 1294 5404 1533 5484; x_wconf 61' lang='lat' dir='ltr'><strong>et&#39;paulo</strong></span> <span class='ocrx_word' id='word_1_553' title='bbox 1561 5404 1703 5489; x_wconf 70' lang='lat' dir='ltr'><strong>post,</strong></span> <span class='ocrx_word' id='word_1_554' title='bbox 1737 5404 2097 5491; x_wconf 35' lang='lat' dir='ltr'><strong>fibelit&#39;ws&#39;e&#39;r‘tit&#39;ii</strong></span> 
     </span>
     <span class='ocr_line' id='line_1_76' title="bbox 597 5491 816 5531; baseline 0.032 -7"><span class='ocrx_word' id='word_1_555' title='bbox 597 5491 611 5524; x_wconf 85' lang='grc'><strong>)</strong></span> <span class='ocrx_word' id='word_1_556' title='bbox 664 5492 709 5529; x_wconf 76' lang='grc' dir='ltr'><em>ω</em></span> <span class='ocrx_word' id='word_1_557' title='bbox 749 5495 816 5531; x_wconf 80' lang='grc'><strong>18.</strong></span> 
     </span>
    </p>
   </div>
   <div class='ocr_carea' id='block_1_75' title="bbox 458 5486 816 5539">
    <p class='ocr_par' dir='ltr' id='par_1_75' title="bbox 458 5486 816 5539">
     <span class='ocr_line' id='line_1_77' title="bbox 458 5486 816 5539; baseline 0.036 -21"><span class='ocrx_word' id='word_1_558' title='bbox 458 5528 461 5529; x_wconf 19' lang='grc' dir='ltr'><em>ν</em></span> <span class='ocrx_word' id='word_1_559' title='bbox 515 5486 611 5539; x_wconf 82' lang='lat' dir='ltr'><strong>pro</strong></span> <span class='ocrx_word' id='word_1_560' title='bbox 645 5486 789 5539; x_wconf 69' lang='lat' dir='ltr'><strong>[mdis</strong></span> <span class='ocrx_word' id='word_1_561' title='bbox 800 5517 816 5531; x_wconf 91' lang='lat'><strong>.</strong></span> 
     </span>
    </p>
   </div>
   <div class='ocr_carea' id='block_1_76' title="bbox 584 5541 1913 5617">
    <p class='ocr_par' dir='ltr' id='par_1_76' title="bbox 584 5541 1913 5617">
     <span class='ocr_line' id='line_1_78' title="bbox 584 5541 1913 5617; baseline 0.019 -23"><span class='ocrx_word' id='word_1_562' title='bbox 584 5541 611 5579; x_wconf 69' lang='grc' dir='ltr'>α</span> <span class='ocrx_word' id='word_1_563' title='bbox 645 5541 820 5617; x_wconf 50' lang='lat' dir='ltr'><strong>antea</strong></span> <span class='ocrx_word' id='word_1_564' title='bbox 853 5550 1044 5605; x_wconf 73' lang='lat' dir='ltr'><strong>Lectum</strong></span> <span class='ocrx_word' id='word_1_565' title='bbox 1066 5565 1231 5617; x_wconf 77' lang='lat' dir='ltr'><strong>quos;</strong></span> <span class='ocrx_word' id='word_1_566' title='bbox 1264 5567 1364 5606; x_wconf 89' lang='lat' dir='ltr'><strong>ms.</strong></span> <span class='ocrx_word' id='word_1_567' title='bbox 1396 5550 1644 5614; x_wconf 69' lang='lat' dir='ltr'><strong>restituit.</strong></span> <span class='ocrx_word' id='word_1_568' title='bbox 1910 5592 1913 5595; x_wconf 58' lang='grc' dir='ltr'><strong><em>λ</em></strong></span> 
     </span>
    </p>
   </div>
   <div class='ocr_carea' id='block_1_77' title="bbox 587 5616 2086 5708">
    <p class='ocr_par' dir='ltr' id='par_1_77' title="bbox 587 5616 2086 5708">
     <span class='ocr_line' id='line_1_79' title="bbox 587 5616 2086 5708; baseline 0.023 -41"><span class='ocrx_word' id='word_1_569' title='bbox 587 5624 611 5651; x_wconf 67' lang='grc' dir='ltr'>ο</span> <span class='ocrx_word' id='word_1_570' title='bbox 655 5616 774 5708; x_wconf 47' lang='lat' dir='ltr'><strong>Ms},</strong></span> <span class='ocrx_word' id='word_1_571' title='bbox 809 5634 982 5698; x_wconf 73' lang='lat' dir='ltr'><strong>sacros</strong></span> <span class='ocrx_word' id='word_1_572' title='bbox 1021 5616 1254 5686; x_wconf 76' lang='lat' dir='ltr'><strong>codices;</strong></span> <span class='ocrx_word' id='word_1_573' title='bbox 1285 5634 1340 5676; x_wconf 88' lang='lat' dir='ltr'><strong>et</strong></span> <span class='ocrx_word' id='word_1_574' title='bbox 1381 5639 1522 5694; x_wconf 84' lang='lat' dir='ltr'><strong>mox,</strong></span> <span class='ocrx_word' id='word_1_575' title='bbox 1559 5641 1896 5708; x_wconf 72' lang='lat' dir='ltr'><strong>permutavit;</strong></span> <span class='ocrx_word' id='word_1_576' title='bbox 1934 5644 2086 5700; x_wconf 89' lang='lat' dir='ltr'><strong>deni-</strong></span> 
     </span>
    </p>
   </div>
   <div class='ocr_carea' id='block_1_78' title="bbox 513 5687 2084 5774">
    <p class='ocr_par' dir='ltr' id='par_1_78' title="bbox 513 5687 2084 5774">
     <span class='ocr_line' id='line_1_80' title="bbox 513 5687 2084 5774; baseline 0.024 -40"><span class='ocrx_word' id='word_1_577' title='bbox 513 5698 616 5751; x_wconf 72' lang='lat' dir='ltr'><strong>que</strong></span> <span class='ocrx_word' id='word_1_578' title='bbox 641 5687 912 5740; x_wconf 79' lang='lat' dir='ltr'><strong>audaciam</strong></span> <span class='ocrx_word' id='word_1_579' title='bbox 956 5698 1090 5743; x_wconf 73' lang='lat' dir='ltr'><strong>notet</strong></span> <span class='ocrx_word' id='word_1_580' title='bbox 1121 5705 1218 5758; x_wconf 88' lang='lat' dir='ltr'><strong>pro</strong></span> <span class='ocrx_word' id='word_1_581' title='bbox 1246 5704 1403 5764; x_wconf 81' lang='lat' dir='ltr'><strong>vocet,</strong></span> <span class='ocrx_word' id='word_1_582' title='bbox 1438 5687 1892 5767; x_wconf 57' lang='lat' dir='ltr'><strong>quedtadtttodutit,</strong></span> 
     </span>
    </p>
   </div>
   <div class='ocr_carea' id='block_1_79' title="bbox 2220 1820 3813 1903">
    <p class='ocr_par' dir='ltr' id='par_1_79' title="bbox 2220 1820 3813 1903">
     <span class='ocr_line' id='line_1_81' title="bbox 2220 1820 3813 1903; baseline 0.019 -30"><span class='ocrx_word' id='word_1_583' title='bbox 2220 1820 2436 1888; x_wconf 84' lang='lat' dir='ltr'><strong>studiis,</strong></span> <span class='ocrx_word' id='word_1_584' title='bbox 2464 1822 2559 1877; x_wconf 91' lang='lat' dir='ltr'><strong>sed</strong></span> <span class='ocrx_word' id='word_1_585' title='bbox 2602 1825 2920 1883; x_wconf 73' lang='lat' dir='ltr'><strong>innocentia:</strong></span> <span class='ocrx_word' id='word_1_586' title='bbox 2952 1830 3254 1901; x_wconf 86' lang='lat' dir='ltr'><strong>favendum,</strong></span> <span class='ocrx_word' id='word_1_587' title='bbox 3288 1854 3387 1893; x_wconf 92' lang='lat' dir='ltr'><strong>nec</strong></span> <span class='ocrx_word' id='word_1_588' title='bbox 3429 1843 3478 1895; x_wconf 92' lang='lat' dir='ltr'><strong>in</strong></span> <span class='ocrx_word' id='word_1_589' title='bbox 3506 1857 3695 1901; x_wconf 80' lang='lat' dir='ltr'><strong>caussa</strong></span> <span class='ocrx_word' id='word_1_590' title='bbox 3722 1863 3813 1903; x_wconf 84' lang='lat' dir='ltr'><strong>ve-</strong></span> 
     </span>
    </p>
   </div>
   <div class='ocr_carea' id='block_1_80' title="bbox 2228 1912 3817 2009">
    <p class='ocr_par' dir='ltr' id='par_1_80' title="bbox 2228 1912 3817 2009">
     <span class='ocr_line' id='line_1_82' title="bbox 2228 1912 3817 2009; baseline 0.021 -45"><span class='ocrx_word' id='word_1_591' title='bbox 2228 1912 2402 1966; x_wconf 82' lang='lat' dir='ltr'><strong>ritatis</strong></span> <span class='ocrx_word' id='word_1_592' title='bbox 2430 1914 2672 1971; x_wconf 87' lang='lat' dir='ltr'><strong>studiose</strong></span> <span class='ocrx_word' id='word_1_593' title='bbox 2699 1920 2962 1988; x_wconf 84' lang='lat' dir='ltr'><strong>agendum</strong></span> <span class='ocrx_word' id='word_1_594' title='bbox 2989 1938 3109 1979; x_wconf 91' lang='lat' dir='ltr'><strong>esse</strong></span> <span class='ocrx_word' id='word_1_595' title='bbox 3152 1930 3320 1998; x_wconf 83' lang='lat' dir='ltr'><strong>magis</strong></span> <span class='ocrx_word' id='word_1_596' title='bbox 3344 1947 3502 2001; x_wconf 90' lang='lat' dir='ltr'><strong>quam</strong></span> <span class='ocrx_word' id='word_1_597' title='bbox 3548 1937 3817 2009; x_wconf 81' lang='lat' dir='ltr'><strong>religiose.</strong></span> 
     </span>
    </p>
   </div>
   <div class='ocr_carea' id='block_1_81' title="bbox 2227 2000 3819 2085">
    <p class='ocr_par' dir='ltr' id='par_1_81' title="bbox 2227 2000 3819 2085">
     <span class='ocr_line' id='line_1_83' title="bbox 2227 2000 3819 2085; baseline 0.019 -30"><span class='ocrx_word' id='word_1_598' title='bbox 2227 2000 2557 2070; x_wconf 44' lang='lat' dir='ltr'><strong>Praeceptum</strong></span> <span class='ocrx_word' id='word_1_599' title='bbox 2587 2016 2667 2060; x_wconf 89' lang='lat' dir='ltr'><strong>est</strong></span> <span class='ocrx_word' id='word_1_600' title='bbox 2711 2010 2853 2063; x_wconf 86' lang='lat' dir='ltr'><strong>enim</strong></span> <span class='ocrx_word' id='word_1_601' title='bbox 2890 2011 3133 2084; x_wconf 90' lang='lat' dir='ltr'><strong>Domini,</strong></span> <span class='ocrx_word' id='word_1_602' title='bbox 3172 2028 3230 2073; x_wconf 93' lang='lat' dir='ltr'><strong>ut</strong></span> <span class='ocrx_word' id='word_1_603' title='bbox 3274 2037 3380 2076; x_wconf 92' lang='lat' dir='ltr'><strong>non</strong></span> <span class='ocrx_word' id='word_1_604' title='bbox 3409 2029 3702 2083; x_wconf 88' lang='lat' dir='ltr'><strong>sccumhnn</strong></span> <span class='ocrx_word' id='word_1_605' title='bbox 3738 2032 3819 2085; x_wconf 85' lang='lat' dir='ltr'><strong>fa-</strong></span> 
     </span>
    </p>
   </div>
   <div class='ocr_carea' id='block_1_82' title="bbox 2223 2092 3817 2185">
    <p class='ocr_par' dir='ltr' id='par_1_82' title="bbox 2223 2092 3817 2185">
     <span class='ocr_line' id='line_1_84' title="bbox 2223 2092 3817 2185; baseline 0.021 -40"><span class='ocrx_word' id='word_1_606' title='bbox 2223 2092 2383 2160; x_wconf 90' lang='lat' dir='ltr'><strong>ciem,</strong></span> <span class='ocrx_word' id='word_1_607' title='bbox 2416 2096 2507 2150; x_wconf 82' lang='lat' dir='ltr'><strong>sed</strong></span> <span class='ocrx_word' id='word_1_608' title='bbox 2543 2109 2749 2154; x_wconf 86' lang='lat' dir='ltr'><strong>rectum</strong></span> <span class='ocrx_word' id='word_1_609' title='bbox 2783 2102 3085 2171; x_wconf 79' lang='lat' dir='ltr'><strong>judicemus</strong></span> <span class='ocrx_word' id='word_1_610' title='bbox 3112 2110 3393 2178; x_wconf 88' lang='lat' dir='ltr'><strong>judicium.</strong></span> <span class='ocrx_word' id='word_1_611' title='bbox 3425 2117 3560 2185; x_wconf 86' lang='lat' dir='ltr'><strong>Quia</strong></span> <span class='ocrx_word' id='word_1_612' title='bbox 3595 2122 3734 2177; x_wconf 90' lang='lat' dir='ltr'><strong>sicut</strong></span> <span class='ocrx_word' id='word_1_613' title='bbox 3765 2125 3817 2179; x_wconf 92' lang='lat' dir='ltr'><strong>in</strong></span> 
     </span>
    </p>
   </div>
   <div class='ocr_carea' id='block_1_83' title="bbox 2222 2192 3816 2284">
    <p class='ocr_par' dir='ltr' id='par_1_83' title="bbox 2222 2192 3816 2284">
     <span class='ocr_line' id='line_1_85' title="bbox 2222 2192 3816 2284; baseline 0.022 -47"><span class='ocrx_word' id='word_1_614' title='bbox 2222 2200 2546 2258; x_wconf 84' lang='lat' dir='ltr'><strong>unoquoque</strong></span> <span class='ocrx_word' id='word_1_615' title='bbox 2592 2192 2932 2250; x_wconf 89' lang='lat' dir='ltr'><strong>minimorum</strong></span> <span class='ocrx_word' id='word_1_616' title='bbox 2983 2214 3205 2256; x_wconf 87' lang='lat' dir='ltr'><strong>suorum</strong></span> <span class='ocrx_word' id='word_1_617' title='bbox 3271 2205 3512 2265; x_wconf 87' lang='lat' dir='ltr'><strong>Christus</strong></span> <span class='ocrx_word' id='word_1_618' title='bbox 3560 2222 3681 2277; x_wconf 88' lang='lat' dir='ltr'><strong>est,</strong></span> <span class='ocrx_word' id='word_1_619' title='bbox 3728 2217 3816 2284; x_wconf 88' lang='lat' dir='ltr'><strong>qui</strong></span> 
     </span>
    </p>
   </div>
   <div class='ocr_carea' id='block_1_84' title="bbox 2220 2281 3817 2369">
    <p class='ocr_par' dir='ltr' id='par_1_84' title="bbox 2220 2281 3817 2369">
     <span class='ocr_line' id='line_1_86' title="bbox 2220 2281 3817 2369; baseline 0.021 -39"><span class='ocrx_word' id='word_1_620' title='bbox 2220 2281 2389 2333; x_wconf 81' lang='lat' dir='ltr'><strong>esurit</strong></span> <span class='ocrx_word' id='word_1_621' title='bbox 2424 2290 2479 2335; x_wconf 88' lang='lat' dir='ltr'><strong>et</strong></span> <span class='ocrx_word' id='word_1_622' title='bbox 2502 2282 2616 2335; x_wconf 88' lang='lat' dir='ltr'><strong>sitit</strong></span> <span class='ocrx_word' id='word_1_623' title='bbox 2640 2294 2698 2339; x_wconf 91' lang='lat' dir='ltr'><strong>et</strong></span> <span class='ocrx_word' id='word_1_624' title='bbox 2727 2287 2901 2342; x_wconf 86' lang='lat' dir='ltr'><strong>nudus</strong></span> <span class='ocrx_word' id='word_1_625' title='bbox 2923 2300 3026 2355; x_wconf 90' lang='lat' dir='ltr'><strong>est,</strong></span> <span class='ocrx_word' id='word_1_626' title='bbox 3058 2302 3111 2347; x_wconf 91' lang='lat' dir='ltr'><strong>et</strong></span> <span class='ocrx_word' id='word_1_627' title='bbox 3138 2292 3253 2363; x_wconf 90' lang='lat' dir='ltr'><strong>ipse</strong></span> <span class='ocrx_word' id='word_1_628' title='bbox 3284 2307 3367 2353; x_wconf 91' lang='lat' dir='ltr'><strong>est</strong></span> <span class='ocrx_word' id='word_1_629' title='bbox 3389 2303 3476 2369; x_wconf 89' lang='lat' dir='ltr'><strong>qui</strong></span> <span class='ocrx_word' id='word_1_630' title='bbox 3505 2281 3817 2364; x_wconf 43' lang='lat' dir='ltr'><strong>reﬁcitur—et</strong></span> 
     </span>
    </p>
   </div>
   <div class='ocr_carea' id='block_1_85' title="bbox 2221 2371 3808 2465">
    <p class='ocr_par' dir='ltr' id='par_1_85' title="bbox 2221 2371 3808 2465">
     <span class='ocr_line' id='line_1_87' title="bbox 2221 2371 3808 2465; baseline 0.02 -40"><span class='ocrx_word' id='word_1_631' title='bbox 2221 2371 2498 2427; x_wconf 89' lang='lat' dir='ltr'><strong>induitur:</strong></span> <span class='ocrx_word' id='word_1_632' title='bbox 2528 2376 2602 2429; x_wconf 92' lang='lat' dir='ltr'><strong>ita</strong></span> <span class='ocrx_word' id='word_1_633' title='bbox 2632 2378 2684 2432; x_wconf 90' lang='lat' dir='ltr'><strong>in</strong></span> <span class='ocrx_word' id='word_1_634' title='bbox 2731 2379 2831 2447; x_wconf 88' lang='lat' dir='ltr'><strong>his,</strong></span> <span class='ocrx_word' id='word_1_635' title='bbox 2867 2384 2959 2451; x_wconf 85' lang='lat' dir='ltr'><strong>qui</strong></span> <span class='ocrx_word' id='word_1_636' title='bbox 2983 2385 3293 2453; x_wconf 86' lang='lat' dir='ltr'><strong>jndicantur</strong></span> <span class='ocrx_word' id='word_1_637' title='bbox 3324 2392 3537 2463; x_wconf 88' lang='lat' dir='ltr'><strong>injuste,</strong></span> <span class='ocrx_word' id='word_1_638' title='bbox 3568 2396 3685 2465; x_wconf 89' lang='lat' dir='ltr'><strong>ipse</strong></span> <span class='ocrx_word' id='word_1_639' title='bbox 3726 2412 3808 2456; x_wconf 89' lang='lat' dir='ltr'><strong>cst</strong></span> 
     </span>
    </p>
   </div>
   <div class='ocr_carea' id='block_1_86' title="bbox 2220 2462 3805 2551">
    <p class='ocr_par' dir='ltr' id='par_1_86' title="bbox 2220 2462 3805 2551">
     <span class='ocr_line' id='line_1_88' title="bbox 2220 2462 3805 2551; baseline 0.022 -38"><span class='ocrx_word' id='word_1_640' title='bbox 2220 2462 2308 2530; x_wconf 89' lang='lat' dir='ltr'><strong>qui</strong></span> <span class='ocrx_word' id='word_1_641' title='bbox 2353 2463 2532 2531; x_wconf 88' lang='lat' dir='ltr'><strong>inique</strong></span> <span class='ocrx_word' id='word_1_642' title='bbox 2569 2466 2859 2535; x_wconf 87' lang='lat' dir='ltr'><strong>jndicatur.</strong></span> <span class='ocrx_word' id='word_1_643' title='bbox 2894 2474 2960 2528; x_wconf 87' lang='lat' dir='ltr'><strong>Et</strong></span> <span class='ocrx_word' id='word_1_644' title='bbox 3010 2492 3108 2544; x_wconf 91' lang='lat' dir='ltr'><strong>pro</strong></span> <span class='ocrx_word' id='word_1_645' title='bbox 3141 2480 3221 2534; x_wconf 90' lang='lat' dir='ltr'><strong>his</strong></span> <span class='ocrx_word' id='word_1_646' title='bbox 3247 2484 3336 2551; x_wconf 89' lang='lat' dir='ltr'><strong>qui</strong></span> <span class='ocrx_word' id='word_1_647' title='bbox 3378 2462 3505 2541; x_wconf 85' lang='lat' dir='ltr'><strong>odio</strong></span> <span class='ocrx_word' id='word_1_648' title='bbox 3538 2462 3805 2547; x_wconf 81' lang='lat' dir='ltr'><strong>habentur</strong></span> 
     </span>
    </p>
   </div>
   <div class='ocr_carea' id='block_1_87' title="bbox 2229 2555 3815 2646">
    <p class='ocr_par' dir='ltr' id='par_1_87' title="bbox 2229 2555 3815 2646">
     <span class='ocr_line' id='line_1_89' title="bbox 2229 2555 3815 2646; baseline 0.021 -42"><span class='ocrx_word' id='word_1_649' title='bbox 2229 2555 2417 2622; x_wconf 82' lang='lat' dir='ltr'><strong>gratis,</strong></span> <span class='ocrx_word' id='word_1_650' title='bbox 2452 2556 2565 2625; x_wconf 88' lang='lat' dir='ltr'><strong>ipse</strong></span> <span class='ocrx_word' id='word_1_651' title='bbox 2595 2560 2838 2617; x_wconf 68' lang='lat' dir='ltr'><strong>dicturus</strong></span> <span class='ocrx_word' id='word_1_652' title='bbox 2864 2573 2965 2629; x_wconf 90' lang='lat' dir='ltr'><strong>est,</strong></span> <span class='ocrx_word' id='word_1_653' title='bbox 2991 2566 3193 2624; x_wconf 85' lang='lat' dir='ltr'><strong>Odistis</strong></span> <span class='ocrx_word' id='word_1_654' title='bbox 3218 2587 3303 2627; x_wconf 90' lang='lat' dir='ltr'><strong>me</strong></span> <span class='ocrx_word' id='word_1_655' title='bbox 3326 2576 3510 2643; x_wconf 87' lang='lat' dir='ltr'><strong>gratis.</strong></span> <span class='ocrx_word' id='word_1_656' title='bbox 3536 2579 3815 2646; x_wconf 87' lang='lat' dir='ltr'><strong>Quomodo</strong></span> 
     </span>
    </p>
   </div>
   <div class='ocr_carea' id='block_1_88' title="bbox 2218 2645 3811 2737">
    <p class='ocr_par' dir='ltr' id='par_1_88' title="bbox 2218 2645 3811 2737">
     <span class='ocr_line' id='line_1_90' title="bbox 2218 2645 3811 2737; baseline 0.021 -39"><span class='ocrx_word' id='word_1_657' title='bbox 2218 2645 2451 2701; x_wconf 70' lang='lat' dir='ltr'><strong>mstitnat</strong></span> <span class='ocrx_word' id='word_1_658' title='bbox 2480 2648 2614 2705; x_wconf 89' lang='lat' dir='ltr'><strong>hanc</strong></span> <span class='ocrx_word' id='word_1_659' title='bbox 2644 2668 2888 2709; x_wconf 90' lang='lat' dir='ltr'><strong>caussam</strong></span> <span class='ocrx_word' id='word_1_660' title='bbox 2921 2666 2975 2711; x_wconf 91' lang='lat' dir='ltr'><strong>et</strong></span> <span class='ocrx_word' id='word_1_661' title='bbox 3017 2660 3124 2732; x_wconf 80' lang='grc' dir='ltr'><strong>[ΑΙ.</strong></span> <span class='ocrx_word' id='word_1_662' title='bbox 3172 2663 3282 2737; x_wconf 85' lang='lat' dir='ltr'><strong>vel]</strong></span> <span class='ocrx_word' id='word_1_663' title='bbox 3315 2665 3414 2722; x_wconf 84' lang='lat' dir='ltr'><strong>hoc</strong></span> <span class='ocrx_word' id='word_1_664' title='bbox 3438 2645 3632 2728; x_wconf 84' lang='lat' dir='ltr'><strong>factum</strong></span> <span class='ocrx_word' id='word_1_665' title='bbox 3656 2689 3811 2732; x_wconf 89' lang='lat' dir='ltr'><strong>suum</strong></span> 
     </span>
    </p>
   </div>
   <div class='ocr_carea' id='block_1_89' title="bbox 2219 2736 3811 2831">
    <p class='ocr_par' dir='ltr' id='par_1_89' title="bbox 2219 2736 3811 2831">
     <span class='ocr_line' id='line_1_91' title="bbox 2219 2736 3811 2831; baseline 0.023 -42"><span class='ocrx_word' id='word_1_666' title='bbox 2219 2736 2269 2789; x_wconf 93' lang='lat' dir='ltr'><strong>in</strong></span> <span class='ocrx_word' id='word_1_667' title='bbox 2305 2740 2659 2797; x_wconf 89' lang='lat' dir='ltr'><strong>tribunalibus</strong></span> <span class='ocrx_word' id='word_1_668' title='bbox 2690 2743 2886 2800; x_wconf 78' lang='lat' dir='ltr'><strong>Christi</strong></span> <span class='ocrx_word' id='word_1_669' title='bbox 2920 2736 3293 2822; x_wconf 89' lang='lat' dir='ltr'><strong>judicandum,</strong></span> <span class='ocrx_word' id='word_1_670' title='bbox 3325 2772 3445 2814; x_wconf 82' lang='lat' dir='ltr'><strong>cum</strong></span> <span class='ocrx_word' id='word_1_671' title='bbox 3489 2761 3687 2831; x_wconf 81' lang='lat' dir='ltr'><strong>habeat</strong></span> <span class='ocrx_word' id='word_1_672' title='bbox 3718 2782 3811 2824; x_wconf 84' lang='lat' dir='ltr'><strong>sna</strong></span> 
     </span>
    </p>
   </div>
   <div class='ocr_carea' id='block_1_90' title="bbox 2218 2831 3808 2917">
    <p class='ocr_par' dir='ltr' id='par_1_90' title="bbox 2218 2831 3808 2917">
     <span class='ocr_line' id='line_1_92' title="bbox 2218 2831 3808 2917; baseline 0.021 -33"><span class='ocrx_word' id='word_1_673' title='bbox 2218 2831 2570 2899; x_wconf 85' lang='lat' dir='ltr'><strong>conscientia,</strong></span> <span class='ocrx_word' id='word_1_674' title='bbox 2612 2838 2751 2905; x_wconf 92' lang='lat' dir='ltr'><strong>quod</strong></span> <span class='ocrx_word' id='word_1_675' title='bbox 2797 2840 3012 2897; x_wconf 88' lang='lat' dir='ltr'><strong>codices</strong></span> <span class='ocrx_word' id='word_1_676' title='bbox 3058 2844 3199 2900; x_wconf 90' lang='lat' dir='ltr'><strong>illius</strong></span> <span class='ocrx_word' id='word_1_677' title='bbox 3230 2860 3414 2906; x_wconf 88' lang='lat' dir='ltr'><strong>contra</strong></span> <span class='ocrx_word' id='word_1_678' title='bbox 3461 2854 3808 2917; x_wconf 84' lang='lat' dir='ltr'><strong>Jovinianum</strong></span> 
     </span>
    </p>
   </div>
   <div class='ocr_carea' id='block_1_91' title="bbox 2215 2923 3811 3017">
    <p class='ocr_par' dir='ltr' id='par_1_91' title="bbox 2215 2923 3811 3017">
     <span class='ocr_line' id='line_1_93' title="bbox 2215 2923 3811 3017; baseline 0.023 -43"><span class='ocrx_word' id='word_1_679' title='bbox 2215 2923 2472 2991; x_wconf 86' lang='lat' dir='ltr'><strong>scriptos,</strong></span> <span class='ocrx_word' id='word_1_680' title='bbox 2504 2926 2594 2995; x_wconf 90' lang='lat' dir='ltr'><strong>qui</strong></span> <span class='ocrx_word' id='word_1_681' title='bbox 2622 2926 2733 2997; x_wconf 88' lang='lat' dir='ltr'><strong>jam</strong></span> <span class='ocrx_word' id='word_1_682' title='bbox 2770 2930 2981 2999; x_wconf 90' lang='lat' dir='ltr'><strong>publice</strong></span> <span class='ocrx_word' id='word_1_683' title='bbox 3016 2934 3334 3005; x_wconf 86' lang='lat' dir='ltr'><strong>legebantur</strong></span> <span class='ocrx_word' id='word_1_684' title='bbox 3370 2952 3423 2999; x_wconf 91' lang='lat' dir='ltr'><strong>et</strong></span> <span class='ocrx_word' id='word_1_685' title='bbox 3452 2951 3811 3017; x_wconf 89' lang='lat' dir='ltr'><strong>reprehende-</strong></span> 
     </span>
    </p>
   </div>
   <div class='ocr_carea' id='block_1_92' title="bbox 2218 3012 3810 3104">
    <p class='ocr_par' dir='ltr' id='par_1_92' title="bbox 2218 3012 3810 3104">
     <span class='ocr_line' id='line_1_94' title="bbox 2218 3012 3810 3104; baseline 0.02 -36"><span class='ocrx_word' id='word_1_686' title='bbox 2218 3012 2433 3083; x_wconf 88' lang='lat' dir='ltr'><strong>bantur,</strong></span> <span class='ocrx_word' id='word_1_687' title='bbox 2467 3017 2797 3075; x_wconf 85' lang='lat' dir='ltr'><strong>subtraxerit</strong></span> <span class='ocrx_word' id='word_1_688' title='bbox 2844 3024 2912 3079; x_wconf 89' lang='lat' dir='ltr'><strong>de</strong></span> <span class='ocrx_word' id='word_1_689' title='bbox 2958 3027 3202 3085; x_wconf 88' lang='lat' dir='ltr'><strong>manibus</strong></span> <span class='ocrx_word' id='word_1_690' title='bbox 3235 3012 3561 3104; x_wconf 80' lang='lat' dir='ltr'><strong>legentium,</strong></span> <span class='ocrx_word' id='word_1_691' title='bbox 3612 3052 3667 3096; x_wconf 88' lang='lat' dir='ltr'><strong>et</strong></span> <span class='ocrx_word' id='word_1_692' title='bbox 3696 3047 3810 3099; x_wconf 64' lang='lat' dir='ltr'><strong>culo</strong></span> 
     </span>
    </p>
   </div>
   <div class='ocr_carea' id='block_1_93' title="bbox 2137 3109 3808 3193">
    <p class='ocr_par' dir='ltr' id='par_1_93' title="bbox 2137 3109 3808 3193">
     <span class='ocr_line' id='line_1_95' title="bbox 2137 3109 3808 3193; baseline 0.022 -36"><span class='ocrx_word' id='word_1_693' title='bbox 2137 3109 2182 3170; x_wconf 85' lang='lat' dir='ltr'><strong><em>C</em></strong></span> <span class='ocrx_word' id='word_1_694' title='bbox 2217 3118 2403 3176; x_wconf 89' lang='lat' dir='ltr'><strong>pantes</strong></span> <span class='ocrx_word' id='word_1_695' title='bbox 2434 3110 2789 3184; x_wconf 88' lang='lat' dir='ltr'><strong>prohibuerit,</strong></span> <span class='ocrx_word' id='word_1_696' title='bbox 2824 3125 2985 3187; x_wconf 88' lang='lat' dir='ltr'><strong>atque</strong></span> <span class='ocrx_word' id='word_1_697' title='bbox 3025 3120 3362 3192; x_wconf 88' lang='lat' dir='ltr'><strong>culpaverit;</strong></span> <span class='ocrx_word' id='word_1_698' title='bbox 3391 3132 3661 3189; x_wconf 90' lang='lat' dir='ltr'><strong>remiserit</strong></span> <span class='ocrx_word' id='word_1_699' title='bbox 3682 3151 3808 3193; x_wconf 87' lang='lat' dir='ltr'><strong>vero</strong></span> 
     </span>
    </p>
   </div>
   <div class='ocr_carea' id='block_1_94' title="bbox 2216 3200 3810 3299">
    <p class='ocr_par' dir='ltr' id='par_1_94' title="bbox 2216 3200 3810 3299">
     <span class='ocr_line' id='line_1_96' title="bbox 2216 3200 3810 3299; baseline 0.021 -47"><span class='ocrx_word' id='word_1_700' title='bbox 2216 3200 2281 3253; x_wconf 87' lang='lat' dir='ltr'><strong>ad</strong></span> <span class='ocrx_word' id='word_1_701' title='bbox 2327 3201 2499 3270; x_wconf 91' lang='lat' dir='ltr'><strong>ipsum</strong></span> <span class='ocrx_word' id='word_1_702' title='bbox 2530 3214 2805 3262; x_wconf 89' lang='lat' dir='ltr'><strong>auctorem</strong></span> <span class='ocrx_word' id='word_1_703' title='bbox 2834 3209 3005 3266; x_wconf 89' lang='lat' dir='ltr'><strong>libros</strong></span> <span class='ocrx_word' id='word_1_704' title='bbox 3051 3228 3202 3281; x_wconf 87' lang='lat' dir='ltr'><strong>suos,</strong></span> <span class='ocrx_word' id='word_1_705' title='bbox 3248 3218 3532 3279; x_wconf 89' lang='lat' dir='ltr'><strong>insinuans</strong></span> <span class='ocrx_word' id='word_1_706' title='bbox 3573 3242 3658 3294; x_wconf 87' lang='lat' dir='ltr'><strong>ea,</strong></span> <span class='ocrx_word' id='word_1_707' title='bbox 3688 3245 3810 3299; x_wconf 59' lang='lat' dir='ltr'><strong>quas</strong></span> 
     </span>
    </p>
   </div>
   <div class='ocr_carea' id='block_1_95' title="bbox 2215 3291 3807 3386">
    <p class='ocr_par' dir='ltr' id='par_1_95' title="bbox 2215 3291 3807 3386">
     <span class='ocr_line' id='line_1_97' title="bbox 2215 3291 3807 3386; baseline 0.022 -43"><span class='ocrx_word' id='word_1_708' title='bbox 2215 3291 2279 3345; x_wconf 87' lang='lat' dir='ltr'><strong>ad</strong></span> <span class='ocrx_word' id='word_1_709' title='bbox 2313 3298 2785 3362; x_wconf 79' lang='lat' dir='ltr'><strong>reprehensionem</strong></span> <span class='ocrx_word' id='word_1_710' title='bbox 2815 3302 3085 3370; x_wconf 76' lang='lat' dir='ltr'><strong>venirent,</strong></span> <span class='ocrx_word' id='word_1_711' title='bbox 3116 3317 3173 3361; x_wconf 93' lang='lat' dir='ltr'><strong>ut</strong></span> <span class='ocrx_word' id='word_1_712' title='bbox 3217 3310 3297 3364; x_wconf 86' lang='lat' dir='ltr'><strong>vel</strong></span> <span class='ocrx_word' id='word_1_713' title='bbox 3338 3316 3677 3386; x_wconf 86' lang='lat' dir='ltr'><strong>emendaret,</strong></span> <span class='ocrx_word' id='word_1_714' title='bbox 3725 3324 3807 3377; x_wconf 86' lang='lat' dir='ltr'><strong>vel</strong></span> 
     </span>
    </p>
   </div>
   <div class='ocr_carea' id='block_1_96' title="bbox 2224 3390 3803 3467">
    <p class='ocr_par' dir='ltr' id='par_1_96' title="bbox 2224 3390 3803 3467">
     <span class='ocr_line' id='line_1_98' title="bbox 2224 3390 3803 3467; baseline 0.02 -32"><span class='ocrx_word' id='word_1_715' title='bbox 2224 3397 2361 3449; x_wconf 90' lang='lat' dir='ltr'><strong>rem,</strong></span> <span class='ocrx_word' id='word_1_716' title='bbox 2380 3400 2593 3455; x_wconf 90' lang='lat' dir='ltr'><strong>quoquo</strong></span> <span class='ocrx_word' id='word_1_717' title='bbox 2617 3390 2777 3444; x_wconf 89' lang='lat' dir='ltr'><strong>modo</strong></span> <span class='ocrx_word' id='word_1_718' title='bbox 2802 3401 2828 3439; x_wconf 77' lang='grc' dir='ltr'><em>ε</em></span> <span class='ocrx_word' id='word_1_719' title='bbox 2854 3405 3054 3461; x_wconf 86' lang='lat' dir='ltr'><strong>posset,</strong></span> <span class='ocrx_word' id='word_1_720' title='bbox 3080 3411 3289 3455; x_wconf 86' lang='lat' dir='ltr'><strong>curaret</strong></span> <span class='ocrx_word' id='word_1_721' title='bbox 3314 3420 3327 3466; x_wconf 92' lang='lat'><strong>;</strong></span> <span class='ocrx_word' id='word_1_722' title='bbox 3362 3420 3512 3461; x_wconf 86' lang='lat' dir='ltr'><strong>meos</strong></span> <span class='ocrx_word' id='word_1_723' title='bbox 3542 3423 3670 3464; x_wconf 90' lang='lat' dir='ltr'><strong>vero</strong></span> <span class='ocrx_word' id='word_1_724' title='bbox 3696 3428 3803 3467; x_wconf 91' lang='lat' dir='ltr'><strong>non</strong></span> 
     </span>
    </p>
   </div>
   <div class='ocr_carea' id='block_1_97' title="bbox 2211 3473 3800 3569">
    <p class='ocr_par' dir='ltr' id='par_1_97' title="bbox 2211 3473 3800 3569">
     <span class='ocr_line' id='line_1_99' title="bbox 2211 3473 3800 3569; baseline 0.019 -43"><span class='ocrx_word' id='word_1_725' title='bbox 2211 3473 2447 3543; x_wconf 89' lang='lat' dir='ltr'><strong>codices,</strong></span> <span class='ocrx_word' id='word_1_726' title='bbox 2505 3484 2599 3533; x_wconf 88' lang='lat' dir='ltr'><strong>sed</strong></span> <span class='ocrx_word' id='word_1_727' title='bbox 2644 3482 2926 3540; x_wconf 90' lang='lat' dir='ltr'><strong>schedulas</strong></span> <span class='ocrx_word' id='word_1_728' title='bbox 2970 3488 3312 3557; x_wconf 86' lang='lat' dir='ltr'><strong>imperfectas</strong></span> <span class='ocrx_word' id='word_1_729' title='bbox 3339 3538 3351 3561; x_wconf 93' lang='lat'><strong>,</strong></span> <span class='ocrx_word' id='word_1_730' title='bbox 3407 3495 3800 3569; x_wconf 87' lang='lat' dir='ltr'><strong>inemendatas,</strong></span> 
     </span>
    </p>
   </div>
   <div class='ocr_carea' id='block_1_98' title="bbox 2212 3564 3802 3657">
    <p class='ocr_par' dir='ltr' id='par_1_98' title="bbox 2212 3564 3802 3657">
     <span class='ocr_line' id='line_1_100' title="bbox 2212 3564 3802 3657; baseline 0.019 -40"><span class='ocrx_word' id='word_1_731' title='bbox 2212 3564 2352 3619; x_wconf 90' lang='lat' dir='ltr'><strong>furto</strong></span> <span class='ocrx_word' id='word_1_732' title='bbox 2380 3568 2659 3636; x_wconf 89' lang='lat' dir='ltr'><strong>cujusdam</strong></span> <span class='ocrx_word' id='word_1_733' title='bbox 2707 3574 2992 3631; x_wconf 89' lang='lat' dir='ltr'><strong>nebulonis</strong></span> <span class='ocrx_word' id='word_1_734' title='bbox 3017 3590 3069 3632; x_wconf 84' lang='lat' dir='ltr'><strong>et</strong></span> <span class='ocrx_word' id='word_1_735' title='bbox 3102 3580 3284 3639; x_wconf 90' lang='lat' dir='ltr'><strong>fraude</strong></span> <span class='ocrx_word' id='word_1_736' title='bbox 3310 3587 3641 3657; x_wconf 75' lang='lat' dir='ltr'><strong>subtractus,</strong></span> <span class='ocrx_word' id='word_1_737' title='bbox 3670 3564 3802 3646; x_wconf 56' lang='lat' dir='ltr'><strong>sibi;</strong></span> 
     </span>
    </p>
   </div>
   <div class='ocr_carea' id='block_1_99' title="bbox 2212 3660 3806 3751">
    <p class='ocr_par' dir='ltr' id='par_1_99' title="bbox 2212 3660 3806 3751">
     <span class='ocr_line' id='line_1_101' title="bbox 2212 3660 3806 3751; baseline 0.018 -38"><span class='ocrx_word' id='word_1_738' title='bbox 2212 3673 2321 3728; x_wconf 90' lang='lat' dir='ltr'><strong>que</strong></span> <span class='ocrx_word' id='word_1_739' title='bbox 2348 3660 2579 3733; x_wconf 89' lang='lat' dir='ltr'><strong>delatas,</strong></span> <span class='ocrx_word' id='word_1_740' title='bbox 2607 3680 2728 3721; x_wconf 92' lang='lat' dir='ltr'><strong>cum</strong></span> <span class='ocrx_word' id='word_1_741' title='bbox 2776 3685 2862 3725; x_wconf 86' lang='lat' dir='ltr'><strong>me</strong></span> <span class='ocrx_word' id='word_1_742' title='bbox 2885 3668 3014 3727; x_wconf 89' lang='lat' dir='ltr'><strong>inibi</strong></span> <span class='ocrx_word' id='word_1_743' title='bbox 3048 3674 3270 3732; x_wconf 85' lang='lat' dir='ltr'><strong>haberet</strong></span> <span class='ocrx_word' id='word_1_744' title='bbox 3302 3692 3641 3751; x_wconf 79' lang='lat' dir='ltr'><strong>praesentem,</strong></span> <span class='ocrx_word' id='word_1_745' title='bbox 3675 3688 3806 3742; x_wconf 90' lang='lat' dir='ltr'><strong>mihi</strong></span> 
     </span>
    </p>
   </div>
   <div class='ocr_carea' id='block_1_100' title="bbox 2219 3750 3804 3845">
    <p class='ocr_par' dir='ltr' id='par_1_100' title="bbox 2219 3750 3804 3845">
     <span class='ocr_line' id='line_1_102' title="bbox 2219 3750 3804 3845; baseline 0.02 -42"><span class='ocrx_word' id='word_1_746' title='bbox 2219 3750 2433 3819; x_wconf 90' lang='lat' dir='ltr'><strong>quidem</strong></span> <span class='ocrx_word' id='word_1_747' title='bbox 2459 3770 2564 3809; x_wconf 91' lang='lat' dir='ltr'><strong>non</strong></span> <span class='ocrx_word' id='word_1_748' title='bbox 2600 3756 2811 3814; x_wconf 67' lang='lat' dir='ltr'><strong>offerret</strong></span> <span class='ocrx_word' id='word_1_749' title='bbox 2856 3761 2961 3835; x_wconf 81' lang='grc' dir='ltr'><strong>[ΑΙ.</strong></span> <span class='ocrx_word' id='word_1_750' title='bbox 2993 3764 3267 3838; x_wconf 84' lang='lat' dir='ltr'><strong>eﬂ&#39;erret].</strong></span> <span class='ocrx_word' id='word_1_751' title='bbox 3302 3787 3475 3840; x_wconf 89' lang='lat' dir='ltr'><strong>neque</strong></span> <span class='ocrx_word' id='word_1_752' title='bbox 3504 3789 3804 3845; x_wconf 90' lang='lat' dir='ltr'><strong>conquere-</strong></span> 
     </span>
    </p>
   </div>
   <div class='ocr_carea' id='block_1_101' title="bbox 2212 3846 3804 3937">
    <p class='ocr_par' dir='ltr' id='par_1_101' title="bbox 2212 3846 3804 3937">
     <span class='ocr_line' id='line_1_103' title="bbox 2212 3846 3804 3937; baseline 0.02 -42"><span class='ocrx_word' id='word_1_753' title='bbox 2212 3852 2377 3911; x_wconf 90' lang='lat' dir='ltr'><strong>retur,</strong></span> <span class='ocrx_word' id='word_1_754' title='bbox 2405 3846 2497 3902; x_wconf 89' lang='lat' dir='ltr'><strong>sed</strong></span> <span class='ocrx_word' id='word_1_755' title='bbox 2518 3864 2585 3904; x_wconf 93' lang='lat' dir='ltr'><strong>ne</strong></span> <span class='ocrx_word' id='word_1_756' title='bbox 2612 3849 2893 3921; x_wconf 90' lang='lat' dir='ltr'><strong>increpare</strong></span> <span class='ocrx_word' id='word_1_757' title='bbox 2921 3856 3154 3925; x_wconf 89' lang='lat' dir='ltr'><strong>quidem,</strong></span> <span class='ocrx_word' id='word_1_758' title='bbox 3183 3873 3271 3915; x_wconf 88' lang='lat' dir='ltr'><strong>aut</strong></span> <span class='ocrx_word' id='word_1_759' title='bbox 3295 3864 3451 3918; x_wconf 86' lang='lat' dir='ltr'><strong>etiam</strong></span> <span class='ocrx_word' id='word_1_760' title='bbox 3476 3880 3699 3937; x_wconf 77' lang='lat' dir='ltr'><strong>arguere</strong></span> <span class='ocrx_word' id='word_1_761' title='bbox 3724 3871 3804 3926; x_wconf 86' lang='lat' dir='ltr'><strong>di-</strong></span> 
     </span>
    </p>
   </div>
   <div class='ocr_carea' id='block_1_102' title="bbox 2221 3930 3799 4021">
    <p class='ocr_par' dir='ltr' id='par_1_102' title="bbox 2221 3930 3799 4021">
     <span class='ocr_line' id='line_1_104' title="bbox 2221 3930 3799 4021; baseline 0.02 -37"><span class='ocrx_word' id='word_1_762' title='bbox 2221 3943 2496 4001; x_wconf 85' lang='lat' dir='ltr'><strong>gnaretur,</strong></span> <span class='ocrx_word' id='word_1_763' title='bbox 2529 3938 2613 3992; x_wconf 87' lang='lat' dir='ltr'><strong>vel</strong></span> <span class='ocrx_word' id='word_1_764' title='bbox 2644 3954 2739 4007; x_wconf 90' lang='lat' dir='ltr'><strong>per</strong></span> <span class='ocrx_word' id='word_1_765' title='bbox 2766 3930 2994 3998; x_wconf 89' lang='lat' dir='ltr'><strong>amicum</strong></span> <span class='ocrx_word' id='word_1_766' title='bbox 3037 3957 3181 4004; x_wconf 91' lang='lat' dir='ltr'><strong>certe</strong></span> <span class='ocrx_word' id='word_1_767' title='bbox 3222 3951 3479 4021; x_wconf 76' lang='lat' dir='ltr'><strong>aliquem,</strong></span> <span class='ocrx_word' id='word_1_768' title='bbox 3514 3967 3606 4012; x_wconf 88' lang='lat' dir='ltr'><strong>aut</strong></span> <span class='ocrx_word' id='word_1_769' title='bbox 3636 3961 3799 4016; x_wconf 89' lang='lat' dir='ltr'><strong>etiam</strong></span> 
     </span>
    </p>
   </div>
   <div class='ocr_carea' id='block_1_103' title="bbox 2211 4027 3803 4116">
    <p class='ocr_par' dir='ltr' id='par_1_103' title="bbox 2211 4027 3803 4116">
     <span class='ocr_line' id='line_1_105' title="bbox 2211 4027 3803 4116; baseline 0.018 -37"><span class='ocrx_word' id='word_1_770' title='bbox 2211 4041 2307 4094; x_wconf 87' lang='lat' dir='ltr'><strong>per</strong></span> <span class='ocrx_word' id='word_1_771' title='bbox 2334 4027 2645 4097; x_wconf 89' lang='lat' dir='ltr'><strong>inimicum;</strong></span> <span class='ocrx_word' id='word_1_772' title='bbox 2673 4034 2768 4088; x_wconf 89' lang='lat' dir='ltr'><strong>sed</strong></span> <span class='ocrx_word' id='word_1_773' title='bbox 2799 4035 2866 4089; x_wconf 91' lang='lat' dir='ltr'><strong>ad</strong></span> <span class='ocrx_word' id='word_1_774' title='bbox 2905 4037 3182 4095; x_wconf 88' lang='lat' dir='ltr'><strong>Orientem</strong></span> <span class='ocrx_word' id='word_1_775' title='bbox 3209 4041 3234 4078; x_wconf 63' lang='grc' dir='ltr'><strong>ιλ</strong></span> <span class='ocrx_word' id='word_1_776' title='bbox 3266 4046 3526 4116; x_wconf 87' lang='lat' dir='ltr'><strong>mitteret,</strong></span> <span class='ocrx_word' id='word_1_777' title='bbox 3557 4060 3611 4103; x_wconf 90' lang='lat' dir='ltr'><strong>et</strong></span> <span class='ocrx_word' id='word_1_778' title='bbox 3643 4052 3803 4107; x_wconf 76' lang='lat' dir='ltr'><strong>insn-</strong></span> 
     </span>
    </p>
   </div>
   <div class='ocr_carea' id='block_1_104' title="bbox 2208 4121 3801 4211">
    <p class='ocr_par' dir='ltr' id='par_1_104' title="bbox 2208 4121 3801 4211">
     <span class='ocr_line' id='line_1_106' title="bbox 2208 4121 3801 4211; baseline 0.017 -39"><span class='ocrx_word' id='word_1_779' title='bbox 2208 4129 2361 4188; x_wconf 80' lang='lat' dir='ltr'><strong>garet</strong></span> <span class='ocrx_word' id='word_1_780' title='bbox 2386 4121 2623 4193; x_wconf 91' lang='lat' dir='ltr'><strong>linguam</strong></span> <span class='ocrx_word' id='word_1_781' title='bbox 2653 4125 2772 4197; x_wconf 89' lang='lat' dir='ltr'><strong>ejus</strong></span> <span class='ocrx_word' id='word_1_782' title='bbox 2801 4127 3058 4201; x_wconf 87' lang='lat' dir='ltr'><strong>hominis,</strong></span> <span class='ocrx_word' id='word_1_783' title='bbox 3090 4134 3179 4205; x_wconf 90' lang='lat' dir='ltr'><strong>qui</strong></span> <span class='ocrx_word' id='word_1_784' title='bbox 3206 4150 3323 4191; x_wconf 88' lang='lat' dir='ltr'><strong>eam</strong></span> <span class='ocrx_word' id='word_1_785' title='bbox 3370 4148 3670 4211; x_wconf 83' lang='lat' dir='ltr'><strong>temperare</strong></span> <span class='ocrx_word' id='word_1_786' title='bbox 3697 4160 3801 4199; x_wconf 91' lang='lat' dir='ltr'><strong>non</strong></span> 
     </span>
    </p>
   </div>
   <div class='ocr_carea' id='block_1_105' title="bbox 2209 4220 3801 4311">
    <p class='ocr_par' dir='ltr' id='par_1_105' title="bbox 2209 4220 3801 4311">
     <span class='ocr_line' id='line_1_107' title="bbox 2209 4220 3801 4311; baseline 0.018 -44"><span class='ocrx_word' id='word_1_787' title='bbox 2209 4227 2451 4272; x_wconf 86' lang='lat' dir='ltr'><strong>noverat.</strong></span> <span class='ocrx_word' id='word_1_788' title='bbox 2489 4220 2627 4287; x_wconf 88' lang='lat' dir='ltr'><strong>Quid</strong></span> <span class='ocrx_word' id='word_1_789' title='bbox 2652 4234 2841 4281; x_wconf 87' lang='lat' dir='ltr'><strong>contra</strong></span> <span class='ocrx_word' id='word_1_790' title='bbox 2866 4227 3185 4298; x_wconf 88' lang='lat' dir='ltr'><strong>religionem</strong></span> <span class='ocrx_word' id='word_1_791' title='bbox 3217 4232 3435 4299; x_wconf 89' lang='lat' dir='ltr'><strong>faceret,</strong></span> <span class='ocrx_word' id='word_1_792' title='bbox 3464 4237 3509 4290; x_wconf 91' lang='lat' dir='ltr'><strong>si</strong></span> <span class='ocrx_word' id='word_1_793' title='bbox 3552 4255 3639 4293; x_wconf 90' lang='lat' dir='ltr'><strong>me</strong></span> <span class='ocrx_word' id='word_1_794' title='bbox 3667 4257 3801 4311; x_wconf 75' lang='lat' dir='ltr'><strong>pra:-</strong></span> 
     </span>
    </p>
   </div>
   <div class='ocr_carea' id='block_1_106' title="bbox 2206 4315 3796 4403">
    <p class='ocr_par' dir='ltr' id='par_1_106' title="bbox 2206 4315 3796 4403">
     <span class='ocr_line' id='line_1_108' title="bbox 2206 4315 3796 4403; baseline 0.016 -40"><span class='ocrx_word' id='word_1_795' title='bbox 2206 4320 2414 4365; x_wconf 88' lang='lat' dir='ltr'><strong>sentem</strong></span> <span class='ocrx_word' id='word_1_796' title='bbox 2448 4315 2626 4382; x_wconf 91' lang='lat' dir='ltr'><strong>potius</strong></span> <span class='ocrx_word' id='word_1_797' title='bbox 2685 4321 3068 4377; x_wconf 80' lang='lat' dir='ltr'><strong>convenisset?</strong></span> <span class='ocrx_word' id='word_1_798' title='bbox 3120 4324 3173 4380; x_wconf 93' lang='lat' dir='ltr'><strong>in</strong></span> <span class='ocrx_word' id='word_1_799' title='bbox 3218 4335 3498 4385; x_wconf 89' lang='lat' dir='ltr'><strong>tantmnne</strong></span> <span class='ocrx_word' id='word_1_800' title='bbox 3526 4333 3796 4403; x_wconf 85' lang='lat' dir='ltr'><strong>colloquio</strong></span> 
     </span>
    </p>
   </div>
   <div class='ocr_carea' id='block_1_107' title="bbox 2208 4406 3800 4496">
    <p class='ocr_par' dir='ltr' id='par_1_107' title="bbox 2208 4406 3800 4496">
     <span class='ocr_line' id='line_1_109' title="bbox 2208 4406 3800 4496; baseline 0.019 -40"><span class='ocrx_word' id='word_1_801' title='bbox 2208 4406 2324 4471; x_wconf 86' lang='lat' dir='ltr'><strong>ejus</strong></span> <span class='ocrx_word' id='word_1_802' title='bbox 2352 4406 2664 4464; x_wconf 87' lang='lat' dir='ltr'><strong>videbamur</strong></span> <span class='ocrx_word' id='word_1_803' title='bbox 2706 4412 2943 4485; x_wconf 87' lang='lat' dir='ltr'><strong>indigni,</strong></span> <span class='ocrx_word' id='word_1_804' title='bbox 2977 4429 3034 4472; x_wconf 92' lang='lat' dir='ltr'><strong>ut</strong></span> <span class='ocrx_word' id='word_1_805' title='bbox 3063 4420 3131 4475; x_wconf 90' lang='lat' dir='ltr'><strong>ab</strong></span> <span class='ocrx_word' id='word_1_806' title='bbox 3157 4436 3223 4477; x_wconf 87' lang='lat' dir='ltr'><strong>eo</strong></span> <span class='ocrx_word' id='word_1_807' title='bbox 3253 4438 3351 4479; x_wconf 89' lang='lat' dir='ltr'><strong>nec</strong></span> <span class='ocrx_word' id='word_1_808' title='bbox 3374 4429 3527 4496; x_wconf 84' lang='lat' dir='ltr'><strong>argui</strong></span> <span class='ocrx_word' id='word_1_809' title='bbox 3563 4445 3800 4485; x_wconf 75' lang='lat' dir='ltr'><strong>nerere-</strong></span> 
     </span>
    </p>
   </div>
   <div class='ocr_carea' id='block_1_108' title="bbox 2266 4498 3800 4589">
    <p class='ocr_par' dir='ltr' id='par_1_108' title="bbox 2266 4498 3800 4589">
     <span class='ocr_line' id='line_1_110' title="bbox 2266 4498 3800 4589; baseline 0.018 -40"><span class='ocrx_word' id='word_1_810' title='bbox 2266 4498 2359 4549; x_wconf 82' lang='lat' dir='ltr'><strong>ur?</strong></span> <span class='ocrx_word' id='word_1_811' title='bbox 2390 4498 2452 4553; x_wconf 86' lang='lat' dir='ltr'><strong>Et</strong></span> <span class='ocrx_word' id='word_1_812' title='bbox 2485 4514 2580 4569; x_wconf 91' lang='lat' dir='ltr'><strong>pro</strong></span> <span class='ocrx_word' id='word_1_813' title='bbox 2609 4503 2762 4558; x_wconf 89' lang='lat' dir='ltr'><strong>nobis</strong></span> <span class='ocrx_word' id='word_1_814' title='bbox 2790 4504 3035 4564; x_wconf 90' lang='lat' dir='ltr'><strong>Christus</strong></span> <span class='ocrx_word' id='word_1_815' title='bbox 3065 4522 3307 4569; x_wconf 87' lang='lat' dir='ltr'><strong>mortuus</strong></span> <span class='ocrx_word' id='word_1_816' title='bbox 3331 4527 3431 4582; x_wconf 88' lang='lat' dir='ltr'><strong>est,</strong></span> <span class='ocrx_word' id='word_1_817' title='bbox 3459 4527 3515 4572; x_wconf 92' lang='lat' dir='ltr'><strong>et</strong></span> <span class='ocrx_word' id='word_1_818' title='bbox 3559 4536 3657 4589; x_wconf 88' lang='lat' dir='ltr'><strong>pro</strong></span> <span class='ocrx_word' id='word_1_819' title='bbox 3700 4539 3800 4576; x_wconf 87' lang='lat' dir='ltr'><strong>no-</strong></span> 
     </span>
    </p>
   </div>
   <div class='ocr_carea' id='block_1_109' title="bbox 2208 4591 3798 4676">
    <p class='ocr_par' dir='ltr' id='par_1_109' title="bbox 2208 4591 3798 4676">
     <span class='ocr_line' id='line_1_111' title="bbox 2208 4591 3798 4676; baseline 0.021 -39"><span class='ocrx_word' id='word_1_820' title='bbox 2208 4596 2319 4639; x_wconf 90' lang='lat' dir='ltr'><strong>stra</strong></span> <span class='ocrx_word' id='word_1_821' title='bbox 2353 4591 2721 4661; x_wconf 84' lang='lat' dir='ltr'><strong>redemptione</strong></span> <span class='ocrx_word' id='word_1_822' title='bbox 2751 4602 3061 4668; x_wconf 86' lang='lat' dir='ltr'><strong>sanguinem</strong></span> <span class='ocrx_word' id='word_1_823' title='bbox 3110 4605 3272 4676; x_wconf 59' lang='lat'><strong>500</strong></span> <span class='ocrx_word' id='word_1_824' title='bbox 3300 4620 3451 4662; x_wconf 88' lang='lat' dir='ltr'><strong>suum</strong></span> <span class='ocrx_word' id='word_1_825' title='bbox 3485 4609 3636 4665; x_wconf 85' lang='lat' dir='ltr'><strong>fudit.</strong></span> <span class='ocrx_word' id='word_1_826' title='bbox 3673 4614 3798 4669; x_wconf 67' lang='grc' dir='ltr'><strong>[δρε-</strong></span> 
     </span>
    </p>
   </div>
   <div class='ocr_carea' id='block_1_110' title="bbox 2207 4684 3799 4775">
    <p class='ocr_par' dir='ltr' id='par_1_110' title="bbox 2207 4684 3799 4775">
     <span class='ocr_line' id='line_1_112' title="bbox 2207 4684 3799 4775; baseline 0.019 -46"><span class='ocrx_word' id='word_1_827' title='bbox 2207 4686 2417 4733; x_wconf 80' lang='lat' dir='ltr'><strong>calores</strong></span> <span class='ocrx_word' id='word_1_828' title='bbox 2463 4684 2676 4751; x_wconf 84' lang='lat' dir='ltr'><strong>quidem</strong></span> <span class='ocrx_word' id='word_1_829' title='bbox 2723 4687 2829 4759; x_wconf 79' lang='grc' dir='ltr'><strong>[Αι.</strong></span> <span class='ocrx_word' id='word_1_830' title='bbox 2866 4688 3177 4764; x_wconf 79' lang='lat' dir='ltr'><strong>siquidem],</strong></span> <span class='ocrx_word' id='word_1_831' title='bbox 3208 4699 3301 4752; x_wconf 89' lang='lat' dir='ltr'><strong>sed</strong></span> <span class='ocrx_word' id='word_1_832' title='bbox 3346 4698 3414 4754; x_wconf 90' lang='lat' dir='ltr'><strong>de</strong></span> <span class='ocrx_word' id='word_1_833' title='bbox 3446 4702 3609 4768; x_wconf 76' lang='lat' dir='ltr'><strong>ipsius</strong></span> <span class='ocrx_word' id='word_1_834' title='bbox 3641 4719 3799 4775; x_wconf 83' lang='lat' dir='ltr'><strong>grege</strong></span> 
     </span>
    </p>
   </div>
   <div class='ocr_carea' id='block_1_111' title="bbox 2208 4776 3794 4854">
    <p class='ocr_par' dir='ltr' id='par_1_111' title="bbox 2208 4776 3794 4854">
     <span class='ocr_line' id='line_1_113' title="bbox 2208 4776 3794 4854; baseline 0.021 -32"><span class='ocrx_word' id='word_1_835' title='bbox 2208 4783 2415 4835; x_wconf 86' lang='lat' dir='ltr'><strong>sumus,</strong></span> <span class='ocrx_word' id='word_1_836' title='bbox 2451 4785 2504 4829; x_wconf 91' lang='lat' dir='ltr'><strong>et</strong></span> <span class='ocrx_word' id='word_1_837' title='bbox 2558 4776 2698 4831; x_wconf 88' lang='lat' dir='ltr'><strong>inter</strong></span> <span class='ocrx_word' id='word_1_838' title='bbox 2746 4781 2862 4849; x_wconf 90' lang='lat' dir='ltr'><strong>ejus</strong></span> <span class='ocrx_word' id='word_1_839' title='bbox 2907 4786 3144 4841; x_wconf 80' lang='lat' dir='ltr'><strong>oviculas</strong></span> <span class='ocrx_word' id='word_1_840' title='bbox 3178 4806 3543 4849; x_wconf 88' lang='lat' dir='ltr'><strong>numeramur.</strong></span> <span class='ocrx_word' id='word_1_841' title='bbox 3597 4797 3794 4854; x_wconf 80' lang='lat' dir='ltr'><strong>Verum</strong></span> 
     </span>
    </p>
   </div>
   <div class='ocr_carea' id='block_1_112' title="bbox 2208 4863 3791 4957">
    <p class='ocr_par' dir='ltr' id='par_1_112' title="bbox 2208 4863 3791 4957">
     <span class='ocr_line' id='line_1_114' title="bbox 2208 4863 3791 4957; baseline 0.023 -43"><span class='ocrx_word' id='word_1_842' title='bbox 2208 4863 2328 4930; x_wconf 86' lang='lat' dir='ltr'><strong>quia</strong></span> <span class='ocrx_word' id='word_1_843' title='bbox 2364 4877 2582 4937; x_wconf 91' lang='lat' dir='ltr'><strong>propter</strong></span> <span class='ocrx_word' id='word_1_844' title='bbox 2612 4870 2777 4927; x_wconf 88' lang='lat' dir='ltr'><strong>Deum</strong></span> <span class='ocrx_word' id='word_1_845' title='bbox 2800 4880 3089 4934; x_wconf 88' lang='lat' dir='ltr'><strong>contemsit</strong></span> <span class='ocrx_word' id='word_1_846' title='bbox 3113 4882 3444 4941; x_wconf 89' lang='lat' dir='ltr'><strong>nobilitatem</strong></span> <span class='ocrx_word' id='word_1_847' title='bbox 3472 4888 3650 4957; x_wconf 66' lang='lat' dir='ltr'><strong>su‘am,</strong></span> <span class='ocrx_word' id='word_1_848' title='bbox 3683 4892 3699 4930; x_wconf 84' lang='grc' dir='ltr'><strong>ί</strong></span> <span class='ocrx_word' id='word_1_849' title='bbox 3736 4905 3791 4949; x_wconf 90' lang='lat' dir='ltr'><strong>et</strong></span> 
     </span>
    </p>
   </div>
   <div class='ocr_carea' id='block_1_113' title="bbox 2212 5026 3792 5113">
    <p class='ocr_par' dir='ltr' id='par_1_113' title="bbox 2212 5026 3792 5113">
     <span class='ocr_line' id='line_1_115' title="bbox 2212 5026 3792 5113; baseline 0.025 -41"><span class='ocrx_word' id='word_1_850' title='bbox 2212 5030 2352 5113; x_wconf 70' lang='lat' dir='ltr'><strong>teres</strong></span> <span class='ocrx_word' id='word_1_851' title='bbox 2380 5026 2643 5106; x_wconf 80' lang='lat' dir='ltr'><strong>editiones</strong></span> <span class='ocrx_word' id='word_1_852' title='bbox 2676 5033 3046 5113; x_wconf 38' lang='lat' dir='ltr'><strong>li‘abent,_quae</strong></span> <span class='ocrx_word' id='word_1_853' title='bbox 3074 5052 3128 5097; x_wconf 90' lang='lat' dir='ltr'><strong>et</strong></span> <span class='ocrx_word' id='word_1_854' title='bbox 3173 5052 3532 5113; x_wconf 80' lang='lat' dir='ltr'><strong>permutauerit</strong></span> <span class='ocrx_word' id='word_1_855' title='bbox 3582 5054 3634 5109; x_wconf 91' lang='lat' dir='ltr'><strong>in</strong></span> <span class='ocrx_word' id='word_1_856' title='bbox 3686 5056 3792 5113; x_wconf 86' lang='lat' dir='ltr'><strong>fine</strong></span> 
     </span>
    </p>
   </div>
   <div class='ocr_carea' id='block_1_114' title="bbox 2208 5096 3178 5180">
    <p class='ocr_par' dir='ltr' id='par_1_114' title="bbox 2208 5096 3178 5180">
     <span class='ocr_line' id='line_1_116' title="bbox 2208 5096 3178 5180; baseline 0.026 -36"><span class='ocrx_word' id='word_1_857' title='bbox 2208 5096 2477 5180; x_wconf 38' lang='lat' dir='ltr'><strong>sectionis‘,</strong></span> <span class='ocrx_word' id='word_1_858' title='bbox 2508 5116 2602 5165; x_wconf 88' lang='lat' dir='ltr'><strong>pro</strong></span> <span class='ocrx_word' id='word_1_859' title='bbox 2636 5096 2959 5180; x_wconf 58' lang='lat' dir='ltr'><strong>subiret-terit;</strong></span> <span class='ocrx_word' id='word_1_860' title='bbox 2979 5096 3178 5180; x_wconf 52' lang='lat' dir='ltr'><strong>legunt:</strong></span> 
     </span>
    </p>
   </div>
   <div class='ocr_carea' id='block_1_115' title="bbox 2285 5163 3791 5262">
    <p class='ocr_par' dir='ltr' id='par_1_115' title="bbox 2285 5163 3791 5262">
     <span class='ocr_line' id='line_1_117' title="bbox 2285 5163 3791 5262; baseline 0.024 -45"><span class='ocrx_word' id='word_1_861' title='bbox 2285 5163 2303 5201; x_wconf 71' lang='grc' dir='ltr'><em>τ</em></span> <span class='ocrx_word' id='word_1_862' title='bbox 2339 5165 2391 5219; x_wconf 92' lang='lat' dir='ltr'><strong>In</strong></span> <span class='ocrx_word' id='word_1_863' title='bbox 2426 5163 2775 5262; x_wconf 65' lang='lat' dir='ltr'><strong>Guarnerian.</strong></span> <span class='ocrx_word' id='word_1_864' title='bbox 2801 5163 3235 5262; x_wconf 39' lang='lat' dir='ltr'><strong>.nts.,;co3noscat</strong></span> <span class='ocrx_word' id='word_1_865' title='bbox 3259 5199 3428 5246; x_wconf 82' lang='lat' dir='ltr'><strong>autem</strong></span> <span class='ocrx_word' id='word_1_866' title='bbox 3458 5210 3547 5262; x_wconf 86' lang='lat' dir='ltr'><strong>per</strong></span> <span class='ocrx_word' id='word_1_867' title='bbox 3573 5205 3619 5249; x_wconf 80' lang='lat' dir='ltr'><strong>te</strong></span> <span class='ocrx_word' id='word_1_868' title='bbox 3639 5198 3791 5252; x_wconf 81' lang='lat' dir='ltr'><strong>etiam</strong></span> 
     </span>
    </p>
   </div>
   <div class='ocr_carea' id='block_1_116' title="bbox 2205 5242 3786 5327">
    <p class='ocr_par' dir='ltr' id='par_1_116' title="bbox 2205 5242 3786 5327">
     <span class='ocr_line' id='line_1_118' title="bbox 2205 5242 3786 5327; baseline 0.026 -44"><span class='ocrx_word' id='word_1_869' title='bbox 2205 5246 2413 5327; x_wconf 60' lang='lat' dir='ltr'><strong>s&#39;qnclus</strong></span> <span class='ocrx_word' id='word_1_870' title='bbox 2576 5244 2693 5309; x_wconf 80' lang='lat' dir='ltr'><strong>ille,</strong></span> <span class='ocrx_word' id='word_1_871' title='bbox 2725 5251 2876 5327; x_wconf 76' lang='lat' dir='ltr'><strong>cujus</strong></span> <span class='ocrx_word' id='word_1_872' title='bbox 2919 5242 3230 5327; x_wconf 23' lang='lat' dir='ltr'><strong>’Epistolam,</strong></span> <span class='ocrx_word' id='word_1_873' title='bbox 3272 5242 3426 5327; x_wconf 32' lang='lat' dir='ltr'><strong>etei,—</strong></span> <span class='ocrx_word' id='word_1_874' title='bbox 3449 5242 3786 5322; x_wconf 78' lang='lat' dir='ltr'><strong>dissimulato</strong></span> 
     </span>
    </p>
   </div>
   <div class='ocr_carea' id='block_1_117' title="bbox 2211 5304 3789 5394">
    <p class='ocr_par' dir='ltr' id='par_1_117' title="bbox 2211 5304 3789 5394">
     <span class='ocr_line' id='line_1_119' title="bbox 2211 5304 3789 5394; baseline 0.025 -40"><span class='ocrx_word' id='word_1_875' title='bbox 2211 5304 2581 5394; x_wconf 62' lang='lat' dir='ltr'><strong>Pammachius</strong></span> <span class='ocrx_word' id='word_1_876' title='bbox 2606 5304 3001 5394; x_wconf 49' lang='lat' dir='ltr'><strong>nominequoil</strong></span> <span class='ocrx_word' id='word_1_877' title='bbox 3029 5304 3083 5378; x_wconf 82' lang='lat' dir='ltr'><strong>et</strong></span> <span class='ocrx_word' id='word_1_878' title='bbox 3110 5329 3158 5380; x_wconf 91' lang='lat' dir='ltr'><strong>in</strong></span> <span class='ocrx_word' id='word_1_879' title='bbox 3187 5304 3369 5386; x_wconf 74' lang='lat' dir='ltr'><strong>vetere</strong></span> <span class='ocrx_word' id='word_1_880' title='bbox 3390 5304 3626 5394; x_wconf 62' lang='lat' dir='ltr'><strong>editidrie</strong></span> <span class='ocrx_word' id='word_1_881' title='bbox 3656 5341 3789 5393; x_wconf 88' lang='lat' dir='ltr'><strong>reti-</strong></span> 
     </span>
    </p>
   </div>
   <div class='ocr_carea' id='block_1_118' title="bbox 2205 5383 3791 5473">
    <p class='ocr_par' dir='ltr' id='par_1_118' title="bbox 2205 5383 3791 5473">
     <span class='ocr_line' id='line_1_120' title="bbox 2205 5383 3791 5473; baseline 0.023 -46"><span class='ocrx_word' id='word_1_882' title='bbox 2205 5386 2469 5473; x_wconf 46' lang='lat' dir='ltr'><strong>cetnr,.ac</strong></span> <span class='ocrx_word' id='word_1_883' title='bbox 2498 5383 2708 5463; x_wconf 80' lang='lat' dir='ltr'><strong>videtur</strong></span> <span class='ocrx_word' id='word_1_884' title='bbox 2728 5404 2794 5443; x_wconf 85' lang='lat' dir='ltr'><strong>ex</strong></span> <span class='ocrx_word' id='word_1_885' title='bbox 2818 5383 2983 5473; x_wconf 70' lang='lat' dir='ltr'><strong>limbo</strong></span> <span class='ocrx_word' id='word_1_886' title='bbox 3010 5395 3082 5473; x_wconf 86' lang='lat' dir='ltr'><strong>in_</strong></span> <span class='ocrx_word' id='word_1_887' title='bbox 3104 5383 3325 5454; x_wconf 72' lang='lat' dir='ltr'><strong>textum</strong></span> <span class='ocrx_word' id='word_1_888' title='bbox 3344 5383 3648 5473; x_wconf 66' lang='lat' dir='ltr'><strong>irrepsiSse.</strong></span> <span class='ocrx_word' id='word_1_889' title='bbox 3686 5383 3791 5463; x_wconf 54' lang='lat' dir='ltr'><strong>ile—</strong></span> 
     </span>
    </p>
   </div>
   <div class='ocr_carea' id='block_1_119' title="bbox 2204 5453 3789 5539">
    <p class='ocr_par' dir='ltr' id='par_1_119' title="bbox 2204 5453 3789 5539">
     <span class='ocr_line' id='line_1_121' title="bbox 2204 5453 3789 5539; baseline 0.025 -43"><span class='ocrx_word' id='word_1_890' title='bbox 2204 5461 2325 5539; x_wconf 65' lang='lat' dir='ltr'><strong>reor</strong></span> <span class='ocrx_word' id='word_1_891' title='bbox 2342 5457 2407 5539; x_wconf 45' lang='lat' dir='ltr'><strong>et</strong></span> <span class='ocrx_word' id='word_1_892' title='bbox 2434 5453 2560 5517; x_wconf 91' lang='lat' dir='ltr'><strong>quin</strong></span> <span class='ocrx_word' id='word_1_893' title='bbox 2596 5467 2801 5513; x_wconf 77' lang='lat' dir='ltr'><strong>sanctus</strong></span> <span class='ocrx_word' id='word_1_894' title='bbox 2829 5462 2903 5516; x_wconf 82' lang='lat' dir='ltr'><strong>vir</strong></span> <span class='ocrx_word' id='word_1_895' title='bbox 2925 5464 3009 5519; x_wconf 83' lang='lat' dir='ltr'><strong>ille</strong></span> <span class='ocrx_word' id='word_1_896' title='bbox 3040 5453 3309 5539; x_wconf 64' lang='grc' dir='ltr'><strong>εἰρωνικῶξ</strong></span> <span class='ocrx_word' id='word_1_897' title='bbox 3338 5453 3789 5535; x_wconf 43' lang='lat' dir='ltr'><strong>indiuiduam.</strong></span> 
     </span>
    </p>
   </div>
   <div class='ocr_carea' id='block_1_120' title="bbox 2276 5519 2859 5595">
    <p class='ocr_par' dir='ltr' id='par_1_120' title="bbox 2276 5519 2859 5595">
     <span class='ocr_line' id='line_1_122' title="bbox 2276 5519 2859 5595; baseline 0.029 -26"><span class='ocrx_word' id='word_1_898' title='bbox 2276 5526 2302 5595; x_wconf 62' lang='lat' dir='ltr'><strong>fo’</strong></span> <span class='ocrx_word' id='word_1_899' title='bbox 2342 5519 2505 5595; x_wconf 87' lang='lat' dir='ltr'><strong>acet</strong></span> <span class='ocrx_word' id='word_1_900' title='bbox 2542 5538 2642 5578; x_wconf 89' lang='lat' dir='ltr'><strong>ms.</strong></span> <span class='ocrx_word' id='word_1_901' title='bbox 2675 5540 2859 5595; x_wconf 76' lang='lat' dir='ltr'><strong>posset.</strong></span> 
     </span>
    </p>
   </div>
   <div class='ocr_carea' id='block_1_121' title="bbox 2278 5585 3786 5683">
    <p class='ocr_par' dir='ltr' id='par_1_121' title="bbox 2278 5585 3786 5683">
     <span class='ocr_line' id='line_1_123' title="bbox 2278 5585 3786 5683; baseline 0.025 -43"><span class='ocrx_word' id='word_1_902' title='bbox 2278 5585 2476 5683; x_wconf 43' lang='lat' dir='ltr'><strong>&quot;uilli,</strong></span> <span class='ocrx_word' id='word_1_903' title='bbox 2498 5585 2713 5683; x_wconf 58' lang='lat' dir='ltr'><strong>mittere,</strong></span> <span class='ocrx_word' id='word_1_904' title='bbox 2732 5612 2797 5683; x_wconf 67' lang='lat' dir='ltr'><strong>et</strong></span> <span class='ocrx_word' id='word_1_905' title='bbox 2819 5585 3084 5675; x_wconf 74' lang='lat' dir='ltr'><strong>instigare.</strong></span> <span class='ocrx_word' id='word_1_906' title='bbox 3108 5609 3271 5683; x_wconf 84' lang='lat' dir='ltr'><strong>Paulo</strong></span> <span class='ocrx_word' id='word_1_907' title='bbox 3301 5625 3422 5683; x_wconf 90' lang='lat' dir='ltr'><strong>post</strong></span> <span class='ocrx_word' id='word_1_908' title='bbox 3451 5634 3515 5671; x_wconf 81' lang='lat' dir='ltr'><strong>ne</strong></span> <span class='ocrx_word' id='word_1_909' title='bbox 3540 5620 3786 5678; x_wconf 85' lang='lat' dir='ltr'><strong>voculatn</strong></span> 
     </span>
    </p>
   </div>
   <div class='ocr_carea' id='block_1_122' title="bbox 2199 5662 3651 5757">
    <p class='ocr_par' dir='ltr' id='par_1_122' title="bbox 2199 5662 3651 5757">
     <span class='ocr_line' id='line_1_124' title="bbox 2199 5662 3651 5757; baseline 0.026 -49"><span class='ocrx_word' id='word_1_910' title='bbox 2199 5662 2976 5757; x_wconf 36' lang='lat' dir='ltr'><strong>tacieti‘ttbiinlanluri&#39;t</strong></span> <span class='ocrx_word' id='word_1_911' title='bbox 3012 5695 3073 5757; x_wconf 67' lang='lat' dir='ltr'><strong>ne</strong></span> <span class='ocrx_word' id='word_1_912' title='bbox 3100 5662 3515 5757; x_wconf 62' lang='lat' dir='ltr'><strong>colloquio</strong></span> 
     </span>
    </p>
   </div>
   <div class='ocr_carea' id='block_1_123' title="bbox 2275 5728 3771 5822">
    <p class='ocr_par' dir='ltr' id='par_1_123' title="bbox 2275 5728 3771 5822">
     <span class='ocr_line' id='line_1_125' title="bbox 2275 5728 3771 5822; baseline 0.027 -41"><span class='ocrx_word' id='word_1_913' title='bbox 2275 5728 2289 5764; x_wconf 71' lang='grc' dir='ltr'><strong>ί</strong></span> <span class='ocrx_word' id='word_1_914' title='bbox 2343 5731 2407 5785; x_wconf 85' lang='lat' dir='ltr'><strong>Et</strong></span> <span class='ocrx_word' id='word_1_915' title='bbox 2443 5732 2768 5808; x_wconf 82' lang='lat' dir='ltr'><strong>Hieronymo</strong></span> <span class='ocrx_word' id='word_1_916' title='bbox 2813 5728 3771 5822; x_wconf 41' lang='lat' dir='ltr'><strong>nobilissimusCiﬁciid’nEzu‘uivcom-</strong></span> 
     </span>
    </p>
   </div>
  </div>
