4128 6360
328 308 425 366 621

1440 311 1807 371 APOLOGIE
1842 312 2050 371 LIBER
2087 312 2471 373 SECUNDUS.

3500 313 3609 370 693

326 434 497 481 totum
545 438 607 480 se
650 425 953 495 exzequavit
996 424 1331 493 humilibus,
1381 428 1663 499 optimum,
1692 429 1909 501 quidem
1942 432 1986 492 Α
2016 438 2163 484 ctum
2209 444 2332 487 esse
2382 432 2772 501 interpretatus
2819 438 2940 497 est,
2989 440 3041 485 et
3085 430 3288 486 addens
3334 430 3403 487 de
3452 444 3607 489 suo:

329 533 463 587 opus
492 518 612 587 ejus
653 518 709 571 in
754 516 860 572 ﬁde
888 519 1125 583 Christi,
1164 528 1218 573 et
1242 520 1385 590 quod
1414 522 1661 591 exemplo
1701 524 1914 579 caeteris

323 626 449 667 esse
496 610 713 675 debeat,
763 612 1133 666 confitemur:
1172 611 1423 667 idcirco.
1472 612 1745 669 noluimus
1789 629 1911 669 eum

328 706 581 760 humanis
626 703 840 767 studiis,
885 703 1427 775 contentionibusque
1472 705 1710 774 raptari,
1759 721 1828 760 ne
1858 705 1913 760 in

329 798 508 865 aliquo
548 795 673 851 ﬁdei
720 811 834 851 sum
884 796 1110 852 sentiret
1151 796 1553 852 detrimentum.
1586 795 1748 853 Certe
1788 812 1912 854 cum

328 887 539 957 legerit,
568 886 708 955 quod
752 902 817 943 ea
852 888 986 957 ipsa.
1013 888 1083 943 de
1111 889 1302 958 quibus
1330 899 1559 944 caeteros
1597 890 1775 960 arguit
1799 905 1915 945 ma-

322 982 493 1054 gister
521 982 609 1036 ille
630 979 659 1019 δ
689 982 1070 1053 Hieronymus,
1101 982 1152 1036 in
1195 981 1362 1049 ipsius
1388 982 1580 1037 electis
1600 982 1762 1038 etiam
1792 992 1914 1052 post

325 1076 699 1148 paenitentiam
732 1076 1147 1131 Commentariis
1188 1074 1453 1140 docuerit,
1486 1075 1626 1144 quod
1671 1091 1768 1131 sua
1801 1090 1909 1131 non

324 1172 456 1235 sint,
487 1185 645 1241 quam
674 1184 862 1225 verum
886 1169 1144 1239 judicium
1168 1177 1370 1232 servet,
1394 1167 1719 1224 videbimus.
1746 1168 1911 1223 Puta-

324 1265 471 1318 hitnr
510 1261 653 1316 enim
707 1262 856 1330 prior
898 1276 1051 1315 i-rror
1094 1259 1257 1316 fuisse
1299 1261 1615 1332 ignorantia:
1641 1300 1659 1326 ,
1699 1262 1744 1317 si
1787 1276 1914 1315 cum

322 1356 624 1413 cmendarit
652 1355 851 1426 agnitio
892 1355 994 1429 [Αἰ.
1029 1353 1281 1427 θι·;υιίο].
1326 1354 1435 1410 Nos
1462 1364 1639 1410 autem
1670 1355 1913 1426 quamvis

327 1448 649 1504 necessitate
691 1446 989 1518 compulsi,
1034 1450 1418 1517 responderee
1466 1447 1569 1502 nisi
1614 1460 1803 1503 sumus
1830 1447 1912 1516 ei,

321 1541 415 1611 qui
466 1554 567 1596 nos
615 1538 955 1611 amarissime
1003 1539 1344 1609 pulsaverat;
1379 1548 1614 1593 attamen
1663 1553 1761 1608 pro
1812 1539 1916 1594 hoc

322 1632 442 1699 ipso
470 1632 677 1688 veniam
711 1631 961 1701 petimus,
994 1630 1038 1685 si
1084 1629 1212 1699 quid
1253 1628 1394 1685 forte
1437 1630 1683 1699 asperius
1717 1643 1910 1699 prose-

323 1726 432 1778 cuti
463 1738 669 1790 sumus,
702 1723 824 1793 quia
849 1722 992 1777 Deus
1022 1721 1369 1778 conscientia:
1393 1730 1593 1777 nostra:
1622 1716 1779 1777 testis
1803 1729 1913 1790 est,

2022 539 2044 573 ι
2072 521 2243 578 Nemo
2277 522 2551 578 existimet
2580 522 2632 577 in
2663 522 2926 578 Trinitate
2952 531 3160 578 natura:
3204 536 3328 579 esse
3354 522 3609 581 diﬁ‘ereu-

2018 610 2169 675 tiam,
2202 626 2327 667 eum
2352 614 2631 669 nominum
2661 612 3042 669 discernuntur
3068 612 3245 669 ofﬁcia
3272 630 3287 681 ;
3322 632 3342 669 ι
3376 629 3471 685 per
3500 615 3607 673 hoc

2016 715 2207 756 curare
2232 714 2292 757 se
2318 702 2643 759 offendicula
2669 703 2844 762 credit
2871 705 3112 775 potuisse
3136 722 3152 772 ;
3187 707 3263 761 ita
3290 716 3347 763 et
3375 722 3476 763 nus
3514 709 3603 764 vel

2016 789 2305 860 ademptis,
2350 793 2435 849 vel
2490 796 2793 852 immutatis
2838 798 3188 868 quihusdam,
3243 800 3327 855 vel
3375 799 3602 867 additis,

2018 895 2248 938 sensum
2279 886 2514 941 auctoris
2564 887 2833 944 adducere
2862 889 3041 944 conati
3085 905 3273 946 sumus
3309 891 3378 946 ad
3409 892 3605 948 intelli-

2017 975 2213 1044 gentia:
2237 976 2508 1033 tramitem
2540 978 2852 1036 rectiorem.
2882 980 3020 1048 Quid
3062 980 3151 1036 hic
3174 981 3472 1049 diversum,
3511 993 3606 1037 aut

2017 1067 2146 1137 quid
2187 1069 2539 1136 contrarium,
2573 1080 2664 1123 aut
2694 1071 2823 1141 quid
2872 1088 2978 1128 non
3019 1072 3158 1127 idem
3206 1073 3472 1130 fecimus?
3497 1074 3605 1131 Sed

2018 1160 2140 1227 quia
2173 1174 2273 1231 ego
2295 1160 2363 1215 de
2392 1162 2608 1231 scriptis
2635 1163 2773 1217 illius
2796 1164 2996 1234 absque
3026 1165 3227 1220 malitia
3256 1174 3311 1221 et
3337 1166 3605 1223 calumnia

2013 1247 2346 1318 judicabam,
2375 1265 2483 1307 non
2502 1253 2630 1323 quid
2662 1252 3044 1310 obtrectationi
3082 1264 3312 1326 pateret,
3350 1256 3449 1312 sed
3475 1258 3607 1329 quid

2018 1352 2337 1414 prospectus
2368 1343 2532 1401 fuerit
2576 1346 3006 1416 interpretantis,
3036 1351 3243 1418 aspexi.
3273 1350 3365 1406 llle
3401 1361 3604 1419 autem,

2019 1435 2113 1505 qui
2139 1436 2456 1492 occasiones
2483 1435 2549 1492 ad
2576 1438 2901 1495 calumniam
2931 1456 3001 1511 qu
3019 1441 3147 1509 erit,
3168 1456 3230 1497 ea
3260 1440 3609 1513 reprehendit

2019 1527 2072 1584 in
2095 1529 2231 1584 meis
2258 1530 2497 1599 scriptis,
2527 1545 2647 1601 quas
2677 1540 2801 1587 ante
2828 1547 2913 1587 me
2947 1533 3095 1602 prior
3123 1533 3238 1603 ipse
3262 1534 3607 1605 conscripsit.

2024 1619 2092 1676 Et
2136 1635 2322 1676 revera
2353 1635 2454 1691 ego
2498 1621 2797 1692 culpandus
2826 1637 2968 1692 sum,
3015 1624 3059 1678 si
3099 1624 3399 1679 secundum
3431 1639 3608 1680 meam

2018 1711 2237 1782 quidem
2265 1714 2610 1779 sententiam,
2651 1728 2770 1784 qua:
2792 1713 3030 1784 scripsit,
3059 1724 3203 1770 recta
3227 1725 3380 1782 sunt;
3411 1730 3611 1772 secun-

324 1817 467 1885 quod
501 1816 671 1870 multo
699 1818 850 1885 plura
882 1812 1201 1870 reticuimus
1222 1828 1386 1884 quam
1423 1814 1779 1883 protulimus;
1814 1828 1911 1883 pe-
1943 1820 1990 1881 Β
2019 1802 2148 1859 dum
2198 1818 2353 1859 81mm
2395 1820 2525 1861 Vero
2551 1804 2817 1875 iudicium
2868 1807 3300 1863 condemnanda.
3350 1809 3463 1864 Hoc
3492 1808 3607 1881 {AL

326 1910 477 1967 nitus
523 1918 705 1967 autem
749 1907 909 1966 silere
940 1914 1127 1966 contra
1177 1906 1564 1962 conscientiam
1609 1904 1912 1960 criminanti

320 2003 543 2058 niinime
571 2002 862 2073 potuimus,
896 2016 1018 2057 cum
1052 2001 1222 2071 ipsius
1252 2011 1387 2069 pene
1436 1994 1559 2050 ﬁdei
1588 2012 1701 2052 sum
1724 1994 1751 2033 ά
1782 2011 1917 2053 non-

330 2095 464 2151 nulli
494 2094 762 2163 iacturam
795 2094 1061 2149 ducerent
1087 2092 1363 2149 silentium
1396 2097 1677 2163 nostrum.

393 2187 485 2243 45.
513 2188 869 2258 Posteaquam
902 2186 1006 2241 ista
1033 2185 1261 2251 dictavi,
1287 2186 1455 2239 frater
1482 2184 1696 2254 aliquis,
1720 2182 1812 2252 qui
1844 2196 1911 2237 ex

328 2282 473 2339 Urbe
520 2296 548 2335 a
579 2291 601 2318 ο
639 2281 792 2335 vobis
824 2283 887 2334 ad
917 2295 1015 2334 nos
1045 2290 1283 2343 venerat,
1309 2293 1432 2333 cum
1478 2278 1734 2348 relegenti
1786 2275 1915 2331 mihi

324 2369 623 2439 assisteret,
676 2372 753 2426 ait
800 2371 1223 2441 praetermissum
1258 2386 1423 2425 unum
1472 2369 1649 2423 adhuc
1688 2382 1919 2423 excusa-

324 2470 487 2524 tionis
519 2467 695 2521 locum
718 2507 734 2533 ,
764 2481 922 2536 quem
956 2464 1026 2519 ibi
1076 2464 1315 2519 audisset
1363 2465 1431 2518 ab
1458 2462 1918 2519 obtrectatoribus

329 2560 582 2615 incusari.
622 2558 840 2613 Dicebat
866 2565 1043 2613 autem
1073 2555 1140 2612 de
1169 2570 1260 2623 eo,
1285 2557 1428 2626 quod
1456 2556 1715 2624 scriptum
1741 2562 1827 2609 est
1861 2553 1916 2609 in

329 2649 742 2706 Prtefntiuncula
790 2663 933 2717 mea,
966 2648 1092 2718 quia
1140 2647 1368 2703 dixerim
1418 2647 1486 2702 de
1519 2646 1623 2702 isto
1650 2688 1665 2711 ,
1705 2646 1796 2716 qui
1832 2660 1919 2701 me

328 2757 468 2797 nunc
500 2741 841 2812 persequitur
870 2750 926 2795 et
970 2748 1189 2794 accusat
1210 2780 1224 2801 ,
1256 2738 1400 2809 quod
1432 2739 1485 2794 in
1539 2739 1647 2806 bis,
1698 2753 1821 2809 qua:
1852 2738 1920 2795 de

326 2832 560 2903 Origene
589 2835 972 2903 interpretatus
993 2839 1098 2897 est,
1134 2827 1156 2867 ί
1184 2830 1434 2885 nonnulla
1455 2829 1771 2885 offendicula
1801 2845 1922 2886 esse

332 2925 621 2981 videantur
651 2924 702 2978 in
735 2923 948 2989 Graeco,
999 2936 1119 2992 qua:
1168 2921 1240 2976 ita
1289 2931 1470 2977 tamen
1516 2920 1922 2991 interpretando

333 3016 667 3088 purgaverit,
699 3024 760 3069 ut
805 3013 940 3069 nihil
971 3014 1024 3070 in
1060 3014 1165 3083 bis,
1197 3013 1337 3084 quod
1381 3030 1411 3068 a
1457 3014 1561 3070 fide
1590 3023 1772 3071 nostra
1811 3016 1920 3072 dis~

329 3122 553 3180 crepet,
598 3111 819 3164 Latinus
860 3108 1054 3164 Lector
1101 3108 1361 3163 inveniat.
1402 3109 1585 3175 Aiunt,
1630 3109 1819 3180 inquit,
1853 3109 1922 3167 de

2023 1893 2169 1966 Haec]
2200 1906 2456 1966 quantum
2486 1896 2555 1951 ad
2584 1896 2862 1953 Trinitatis
2892 1898 3050 1955 fidem
3078 1901 3331 1969 pertinet,
3385 1899 3479 1955 ubi
3508 1898 3614 1954 uti-

1974 2044 1975 2047 η
2021 2004 2126 2059 que
2155 1988 2509 2057 blasphemia:
2535 1990 2741 2047 crimen
2774 1991 3011 2057 ducitur,
3041 1991 3182 2061 quod
3212 1991 3349 2047 dixit
3377 1991 3483 2046 duo
3504 1991 3609 2048 Se-

2022 2080 2256 2149 raphim,
2284 2078 2309 2117 δ
2338 2080 2526 2136 Filium
2564 2096 2686 2137 esse
2716 2092 2773 2138 et
2813 2083 3071 2153 Spiritum
3100 2082 3393 2151 Sanctum,
3424 2082 3468 2137 si
3512 2097 3607 2139 se-

2022 2170 2255 2226 cundum
2300 2186 2451 2227 suam
2498 2175 2845 2243 sententiam,
2885 2189 2987 2243 qua
3022 2173 3308 2245 adversum
3332 2173 3495 2248 402
3528 2190 3625 2230 me.

2024 2263 2155 2331 agit,
2190 2262 2305 2330 ipse
2349 2263 2647 2331 iudicetur.
2692 2264 2998 2319 Secundum
3057 2280 3183 2320 vero
3239 2280 3417 2321 meum
3466 2265 3616 2335 judi-

2023 2353 2194 2419 cium,
2222 2354 2361 2424 quod
2397 2356 2448 2408 in
2480 2356 2697 2424 scriptis
2724 2358 2844 2426 ejus
2873 2356 3079 2427 absque
3109 2357 3386 2426 proposito
3411 2357 3617 2412 calum-

2030 2444 2449 2516 nizejudicavi,
2501 2446 2798 2502 absolvitur
2847 2461 2945 2516 pro
2994 2446 3100 2513 his,
3155 2461 3276 2517 quas
3310 2448 3507 2504 desito
3542 2448 3616 2502 ad

2024 2537 2423 2607 espIanandum
2447 2553 2666 2594 sensum
2697 2538 2934 2594 auctoris
2958 2539 3177 2609 adjecit.

2096 2648 2187 2704 47.
2233 2647 2308 2703 De
2337 2649 2737 2704 resurrccﬁone
2773 2658 2951 2704 autem
2981 2649 3162 2705 carnis
3191 2658 3317 2719 puto
3349 2650 3401 2704 in
3432 2659 3618 2707 trans-

2027 2739 2227 2795 latione
2272 2749 2456 2794 nosti-a
2514 2740 2703 2795 eadem
2746 2739 3045 2809 contineri,
3087 2756 3208 2811 qua:
3246 2742 3302 2795 in
3358 2742 3615 2798 Ecclesiis

2026 2831 2408 2899 prmdicantur.
2450 2830 2656 2886 Caetera
2689 2847 2819 2887 vero
2859 2848 2977 2902 qua:
3017 2831 3087 2888 de
3115 2840 3488 2887 creaturarum
3528 2849 3619 2887 ra-

2028 2922 2265 2978 tionibus
2312 2922 2457 2979 dicta
2505 2932 2652 2989 sunt,
2705 2922 2850 2992 quod
2890 2923 3024 2978 nihil
3076 2922 3145 2977 ad
3183 2921 3343 2977 ﬁdem
3391 2923 3620 2979 Deitatis

2027 3013 2353 3083 pertineant,
2394 3015 2505 3085 jam
2534 3016 2785 3084 superius
2829 3014 3089 3071 diximus.
3123 3015 3231 3070 Sed
3274 3016 3319 3069 si
3370 3016 3473 3071 iste
3506 3020 3625 3076 haec

2027 3106 2190 3163 modo
2215 3107 2282 3161 ad
2324 3107 2649 3163 calumniam
2694 3117 2870 3173 vocat,
2912 3124 3032 3178 quae
3076 3118 3203 3164 ante
3232 3109 3619 3166 oll'endiculum

336 3206 439 3261 hoc
481 3205 718 3273 capitulo
746 3220 760 3258 :
790 3202 952 3259 Vides
993 3202 1263 3274 quomodo
1290 3212 1345 3257 et
1390 3201 1712 3258 collaudavit
1758 3203 1922 3257 inter-
1947 3211 1994 3272 ο
2029 3213 2134 3254 non
2180 3198 2467 3265 habebant,
2497 3216 2600 3252 non
2633 3199 2911 3266 prohibeo,
2960 3200 3005 3254 si
3043 3201 3091 3254 ei
3125 3202 3332 3270 placeat
3368 3202 3475 3274 [Αι.
3509 3204 3626 3272 pla—

336 3299 689 3369 pretationem
736 3299 859 3367 ejus
882 3340 897 3362 ,
951 3305 1009 3352 et
1048 3295 1410 3351 testimonium
1448 3294 1608 3367 ωι
1646 3304 1671 3343 8
1712 3295 1760 3350 ei
1790 3295 1939 3350 dedit
2040 3286 2172 3358 cet],
2212 3302 2463 3344 revocare
2499 3290 2822 3345 sententiain
2855 3305 3029 3345 meam
3061 3291 3205 3346 i.lam
3234 3308 3337 3363 qua
3360 3295 3625 3364 potuisset

336 3395 478 3462 ipse,
506 3392 644 3459 quod
667 3390 785 3445 sine
827 3388 1149 3445 offendicula
1180 3387 1287 3443 sint
1311 3402 1397 3456 ea,
1419 3402 1537 3458 quae
1565 3388 1654 3443 ille
1674 3386 1937 3457 interpre-

334 3496 479 3542 tatus
502 3495 607 3552 est,
636 3494 690 3541 et
731 3484 907 3555 ipsum
950 3493 1260 3539 secuturum
1283 3497 1344 3538 se
1374 3497 1494 3539 esse
1523 3480 1786 3552 promisit.
1827 3480 1937 3535 Cur

338 3594 466 3649 ergo
489 3592 596 3633 non
619 3585 674 3632 et
696 3592 782 3642 ea,
804 3589 923 3645 qua!
948 3576 1061 3645 ipse
1085 3574 1375 3640 transtulit,
1400 3574 1605 3645 absque
1625 3573 1925 3630 offensione

341 3681 493 3737 sunt,
519 3672 659 3727 sicut
687 3670 837 3726 illius
862 3671 1059 3739 scripta
1082 3684 1204 3726 esse
1227 3670 1340 3739 ipse
1364 3678 1587 3725 testatus
1607 3678 1693 3727 est
1714 3669 1738 3725 ἵ

408 3767 501 3822 46.
542 3766 658 3821 Non
692 3765 827 3820 inira
856 3778 963 3830 res,
1004 3763 1145 3834 quod
1186 3763 1260 3819 ibi
1298 3779 1512 3834 semper
1542 3764 1750 3834 culpari
1808 3779 1929 3820 me-

339 3872 485 3924 reor,
508 3856 597 3911 ubi
629 3856 787 3910 istum
818 3855 1134 3910 laudavero.
1173 3855 1238 3910 Et
1279 3867 1427 3911 recre
1451 3855 1692 3925 quidem.
1723 3856 1932 3913 Tamen

339 3950 618 4004 veniamus
672 3948 738 4003 ad
789 3963 927 4004 rem.
990 3947 1105 4002 Dixi
1155 3963 1277 4002 eum
1333 3963 1590 4020 purgasse
1634 3948 1688 4004 in
1740 3949 1930 4005 Latina

340 4041 711 4105 translatione,
742 4040 788 4094 si
835 4054 937 4109 qua
985 4037 1309 4093 oﬁendicula
1353 4039 1473 4095 ﬁdei
1526 4039 1844 4097 videbantur
1873 4041 1928 4097 in

337 4134 550 4200 Graeco,
573 4141 630 4189 et
660 4149 766 4187 non
794 4130 1067 4187 immerito
1094 4149 1108 4185 :
1135 4132 1207 4184 ita
1235 4141 1435 4196 tamen,
1464 4140 1523 4185 ut
1549 4131 1737 4187 eadem
1766 4132 1925 4187 etiam

339 4244 369 4283 a
396 4242 482 4283 me
525 4223 873 4295 commobem
904 4230 1072 4291 gesta.
1120 4222 1251 4276 Nam
1290 4222 1429 4277 sicut
1458 4221 1549 4276 ille
1578 4223 1631 4277 in
1678 4222 1928 4279 flomiliis

338 4323 407 4379 de
434 4321 571 4378 Isaia
613 4320 720 4373 duo
769 4314 1082 4384 Seraphim,
1135 4312 1332 4369 Filium
1378 4322 1436 4370 et
1485 4312 1747 4384 Spiritum
1785 4314 1929 4370 San-

340 4437 585 4507 pellatur.
611 4433 710 4491 Ms.
735 4429 1243 4507 hominibus__babel.__
1259 4443 1356 4507 pro
1380 4428 1681 4507 humilibus,
1703 4437 1761 4485 et
1789 4430 1924 4507 opu“.

339 4499 577 4579 unumque
615 4522 784 4577 opus,
820 4518 942 4559 cum
984 4501 1114 4556 olim
1159 4499 1319 4555 editis
1363 4514 1460 4570 pro
1504 4500 1753 4570 optimum
1798 4499 1925 4571 qui-

338 4580 614 4706 “Thalete
640 4648 693 4703 in
723 4660 828 4701 ms.
857 4641 1107 4708 volumus,
1132 4650 1187 4698 et
1207 4656 1333 4697 mox
1358 4641 1541 4695 sentiat
1561 4639 1923 4697 documentum

577 4721 664 4765 iret
695 4717 1071 4765 detrimentum.

340 4737 435 4793 pro
460 4721 664 4776 sentiret
695 4717 1071 4771 detrimentum.

408 4793 437 4832 ι
478 4786 791 4859 Hieronymi
820 4800 1048 4851 nomen,
1081 4793 1137 4839 ut
1179 4782 1339 4853 paulo
1387 4783 1635 4859 superius
1661 4782 1729 4838 de
1748 4782 1921 4859 Pam-

339 4864 548 4919 inachio
587 4852 828 4914 notatum
878 4866 984 4922 est,
1015 4870 1115 4910 ms.
1158 4852 1214 4910 et
1255 4864 1410 4909 vetus
1449 4852 1616 4908 editio
1660 4854 1918 4922 reticent,

336 4934 475 5006 quod
506 4945 560 4989 et
582 4928 1031 5006 veriusvidetur.

409 5017 432 5045 ο
476 5006 531 5061 In
583 5017 681 5057 ms.
736 5000 830 5054 visi
870 5013 1047 5053 sumus
1077 5036 1092 5064 ,
1146 5004 1257 5050 tum
1303 5004 1532 5050 attamen
1597 5003 1645 5049 et
1688 5012 1784 5067 pro
1828 4998 1922 5051 hoc

335 5078 471 5145 ipso,
502 5085 608 5131 etc.

403 5169 431 5208 ά
474 5168 655 5231 Alias,
687 5162 925 5221 nonnulli
964 5162 1201 5217 deberent
1245 5163 1521 5231 iacturam
1545 5158 1731 5213 ducere
1761 5160 1921 5214 silen-

334 5242 461 5294 tium
488 5250 747 5303 nostrum;
778 5234 931 5303 pejus
967 5234 1021 5288 in
1070 5248 1195 5295 ms.,
1227 5232 1464 5285 nonnulli
1488 5230 1712 5284 dicerent
1749 5233 1921 5284 iactu-

333 5329 443 5367 ram
470 5306 1018 5372 ducerent-silentium,
1048 5312 1157 5359 etc.

407 5413 433 5440 ο
471 5399 754 5456 Contraria
781 5412 968 5461 sensu,
992 5393 1127 5450 falso
1154 5404 1330 5450 autem
1362 5393 1524 5448 habet
1552 5408 1678 5456 ms.,
1710 5410 1741 5445 a
1771 5393 1915 5449 nobis

332 5476 401 5527 ad
426 5489 511 5526 vos
539 5477 760 5535 uenerat,
794 5477 901 5522 tum
929 5468 1323 5539 prwtermissum
1352 5482 1456 5519 esse
1486 5481 1666 5529 unum,
1700 5473 1806 5519 etc.

407 5564 427 5603 ί
471 5556 634 5617 Addit
661 5576 766 5616 ms.
807 5577 922 5614 cum
956 5558 1222 5625 voculam,
1255 5576 1367 5611 cum
1399 5557 1673 5622 nonnulla,
1699 5567 1827 5619 etc.,
1859 5570 1914 5611 et

334 5652 455 5689 mox
482 5650 596 5702 quis
627 5631 941 5702 pronomine
973 5631 1361 5702 praetermisso,
1391 5630 1507 5702 plus
1537 5629 1696 5681 habet
1731 5630 1803 5702 ita
1834 5638 1912 5681 ta-

330 5720 444 5760 men
474 5697 535 5759 ea
562 5697 960 5772 interpretando.
977 5697 1155 5772 Porro
1179 5715 1244 5755 ex
1265 5701 1458 5772 eodem
1484 5699 1697 5772 Latinus
1727 5697 1912 5751 Lector

331 5769 805 5842 restituimus,'pro
838 5788 943 5841 quo
964 5771 1181 5825 Latinus
1206 5787 1369 5842 sermo
1392 5771 1567 5824 minus
1592 5769 1726 5823 bene
1756 5780 1913 5822 antea

332 5846 625 5918 legebatur.
660 5841 898 5915 Denique
924 5852 979 5899 et
1010 5843 1165 5895 Aiunt
1196 5841 1427 5911 plurium
1472 5853 1695 5898 numero
1723 5853 1789 5896 ex
1819 5853 1915 5905 eo:

1951 4593 2005 4652 D

2035 3379 2281 3446 absolvi,
2313 3388 2367 3435 et
2394 3378 2637 3449 proferre
2665 3395 2838 3450 suam,
2872 3396 2975 3452 qua
2998 3381 3227 3438 debebat
3257 3383 3483 3454 alligari.
3507 3385 3625 3442 Non

2036 3486 2166 3543 ergo
2197 3486 2315 3528 mea
2345 3471 2413 3527 de
2444 3488 2508 3527 eo
2538 3474 2801 3528 sententia
2827 3472 3107 3545 culpabilis
3130 3475 3363 3545 putanda
3393 3486 3499 3543 est,
3529 3479 3625 3535 sed

2035 3578 2155 3632 sua,
2212 3579 2333 3634 quae
2377 3564 2725 3636 reprehendit
2762 3566 2817 3621 in
2865 3566 3006 3634 aliis,
3046 3566 3187 3637 quod
3235 3568 3289 3623 in
3333 3570 3626 3641 semetipso

2036 3661 2248 3732 probat.
2284 3659 2488 3718 Novum
2516 3670 2692 3717 autem
2725 3660 2828 3717 hoc
2852 3660 3043 3732 iudicii
3070 3676 3240 3732 genus
3268 3672 3374 3730 est,
3404 3664 3494 3719 ubi
3536 3681 3627 3722 ac-

2033 3763 2334 3810 cusatorem
2378 3768 2557 3809 meum
2585 3768 2687 3825 ego
2732 3754 2847 3824 ipse
2876 3753 3107 3811 defendo
3136 3772 3149 3810 :
3174 3765 3229 3812 et
3257 3756 3345 3812 ubi
3387 3767 3498 3813 tum
3528 3761 3625 3815 de-

2034 3862 2179 3902 mum
2207 3861 2293 3903 me
2317 3846 2409 3902 ille
2443 3857 2753 3917 superatum
2787 3855 2954 3916 putat,
2990 3847 3035 3902 si
3078 3850 3431 3920 semetipsum
3471 3868 3623 3907 reum

2034 3938 2290 4006 probarit.
2339 3937 2698 3994 Veruntamen
2733 3953 3011 4009 ponamus,
3058 3940 3199 4008 quod
3232 3940 3619 4010 EpiscOporum

2032 4027 2282 4100 Synodus
2322 4038 2577 4099 sequatur
2618 4031 2910 4085 sententias
2939 4039 3077 4097 tuas,
3108 4040 3164 4086 et
3205 4031 3391 4101 jubeat
3436 4051 3623 4092 omnes

2041 4118 2057 4158 ί
2085 4121 2272 4186 libros,
2297 4122 2389 4191 qui
2413 4121 2528 4177 haec
2556 4123 2675 4177 talia
2703 4122 2999 4190 continent,
3020 4137 3141 4179 cum
3166 4125 3473 4181 auctoribus
3489 4127 3623 4195 suis,

2032 4225 2091 4272 ut
2132 4217 2303 4281 aiunt,
2351 4215 2549 4272 debere
2597 4216 2863 4272 damnari.
2922 4215 3331 4272 Damnabuntur
3368 4217 3457 4275 isti
3498 4220 3624 4277 libri

2033 4310 2180 4379 prius
2207 4310 2262 4364 in
2294 4305 2496 4364 Graecis
2523 4316 2615 4364 :et
2640 4307 2786 4379 quod
2828 4307 2886 4365 in
2925 4307 3128 4364 Graecis
3154 4308 3459 4377 damnatur,
3502 4313 3623 4381 sine

2028 4418 2558 4547 dembrescripsimus
2587 4433 2685 4490 pro
2711 4418 2817 4488 Ait,
2840 4417 2985 4489 quod
3006 4419 3298 4490 incongrue
3324 4429 3482 4477 antea
3503 4423 3618 4479 ob-

2032 4501 2140 4547 tine
2181 4508 2208 4545 a
2240 4530 2256 4546 .

2032 4500 2313 4618 unbeiiteet
2339 4559 2694 4631 Guarnerian.
2721 4573 2823 4616 ms.
2848 4560 2918 4631 ei.
2950 4560 3112 4616 Paulo
3134 4572 3254 4630 post
3278 4563 3397 4630 plus
3427 4563 3613 4631 habet,

2028 4634 2159 4688 sicut
2179 4643 2225 4687 et
2242 4633 2382 4705 ifffus
2404 4633 2537 4705 (vet.
2567 4630 2701 4687 edit.
2729 4630 2914 4705 ipsius)
2944 4633 3155 4703 scripta.
3185 4632 3321 4690 Tum
3364 4634 3487 4690 Non
3516 4630 3617 4691 mi;

2029 4706 2155 4760 reris
2187 4719 2283 4772 pro
2319 4703 2435 4757 Non
2463 4704 2697 4757 mirares.

2102 4776 2126 4813 δ
2157 4775 2416 4842 Superius
2452 4789 2603 4830 num.
2644 4774 2735 4827 27.
2780 4774 2897 4829 haec
2939 4774 3097 4844 paulo
3133 4776 3292 4831 aliter
3322 4778 3619 4835 recitantur

2030 4846 2343 4917 Hieronymi
2358 4846 2544 4917 verba,
2575 4844 2764 4917 eadem
2798 4846 2989 4917 ferme,
3020 4861 3141 4916 qua:
3169 4847 3223 4901 in
3242 4847 3489 4917 editione
3513 4849 3616 4905 H0.

2030 4914 2293 4972 iniliarum
2333 4915 2545 4972 laudata
2578 4915 2864 4980 habentur,
2897 4914 3011 4971 Nec
3038 4914 3186 4986 putes
3220 4916 3489 4976 Trinitatis
3509 4922 3617 4976 dis-

2027 4989 2192 5043 sidere
2214 4998 2473 5060 naturam,
2502 4988 2548 5042 si
2577 4987 2840 5060 nominum
2876 5000 3144 5043 servantur
3171 4990 3356 5060 oﬂicia.
3391 4992 3614 5059 Recole,

2031 5075 2150 5129 quae
2178 5060 2231 5113 in
2252 5061 2395 5114 hunc
2421 5059 2598 5131 locum
2625 5059 2879 5113 adnotata
2906 5060 3060 5114 nobis
3080 5059 3230 5126 sunt,
3258 5062 3454 5131 quibus
3477 5062 3618 5118 adde
3707 5065 3711 5068 ’

2031 5128 2225 5185 novum
2250 5131 2416 5186 hocce
2443 5128 2497 5184 in
2529 5144 2642 5185 rem
2674 5139 2912 5187 nostram
2953 5146 3020 5184 ex
3047 5140 3193 5186 tanta
3226 5128 3502 5188 Lectionis
3526 5150 3620 5188 va-

2028 5202 2220 5257 rietate
2241 5210 2633 5272 argumentum.
2663 5199 2725 5257 In
2754 5215 2858 5257 ms.
2884 5201 3001 5271 plus
3029 5201 3279 5269 habetur,
3313 5202 3501 5268 Nemo,
3535 5204 3618 5257 iu-

2027 5272 2153 5341 quit,
2178 5274 2450 5339 existimet,
2476 5281 2584 5327 etc.

2107 5339 2407 5412 1Origenis
2436 5351 2586 5398 certe
2611 5341 2778 5397 libros
2806 5345 2908 5398 hoc
2937 5343 3053 5412 ipso
3074 5356 3216 5396 anno
3241 5339 3618 5410 lmperialibns

2027 5414 2217 5470 edictis
2244 5417 2542 5479 damnatos,
2571 5423 2896 5482 cautumque
2920 5429 2986 5468 ne
3019 5412 3349 5482 legerentur,
3385 5420 3618 5468 testatur

2027 5486 2340 5541 Anastasius
2372 5484 2611 5549 Epistola
2638 5485 2703 5537 ad
2732 5479 2990 5537 Joannem
3024 5479 3176 5535 num.
3207 5479 3262 5533 5.
3294 5480 3444 5535 Illud
3486 5499 3617 5552 quo-

2020 5572 2138 5625 que,
2161 5557 2297 5626 quod
2328 5555 2550 5609 evenisse
2576 5553 2803 5623 gaudeo,
2847 5561 3012 5605 tacere
3052 5566 3154 5605 non
3183 5552 3352 5626 potui,
3381 5551 3620 5626 beatissi-

2020 5620 2223 5680 {norunt
2255 5625 2555 5695 Principum
2578 5620 2870 5695 nostrarum
2899 5637 3137 5695 ma_na_ss_e
3173 5620 3464 5695 liesponsa,
3500 5625 3619 5692 qui-

2021 5697 2111 5751 bus
2152 5689 2495 5766 unusquisque
2522 5692 2626 5745 Deo
2667 5691 2889 5744 serviens
2920 5689 3266 5766 Aab_0_rig_enis
3291 5689 3616 5750 lectione-re-

2018 5778 2259 5833 vocatur;
2288 5758 2685 5829 damnatumquc
2717 5760 2966 5833 sententia
2988 5758 3310 5832 Principum,
3344 5778 3496 5833 quem
3535 5767 3614 5821 ie-

2019 5839 2119 5894 ctio
2148 5830 2291 5893 reum
2312 5833 2582 5909 prophana
2614 5830 2920 5901 prodiderit.
