4128 6360
320 437 428 493 6°25
1503 428 1839 486 APOLOGIA
1886 428 1975 483 AD
2015 430 2474 489 ANASTASlUM.
2766 446 2773 453 '
3505 432 3608 487 626

321 554 406 609 hic
430 554 624 622 Filius,
656 562 708 608 et
734 553 823 608 ille
871 550 1103 622 Spiritus
1132 551 1385 605 Sanctus.
1423 547 1658 602 Trinitas
1690 546 1743 599 in
1787 543 1915 598 sub.
1947 544 1999 603 A
2026 546 2139 613 cst,‘
2161 550 2250 618 qui
2274 552 2624 606 criminantur
2649 552 2862 619 fratres,
2898 546 3016 606 cum
3049 553 3161 621 ipso
3194 547 3394 619 pariter
3421 550 3607 604 aeterni

320 644 641 701 sistentibus
696 644 961 715 personis,
1005 642 1179 707 unitas
1230 642 1283 694 in
1336 647 1523 693 natura
1567 645 1726 706 atque
1777 634 1906 691 sub-
2011 634 2175 709 406
2231 642 2365 711 ignis
2423 652 2447 679 ε
2476 643 2785 699 htereditate
2831 644 3098 713 potientur
3140 641 3350 714 (Matth.
3383 641 3517 711 ‘25:).
3551 641 3610 695 Si

321 737 541 790 Stantia.
1889 764 1894 772 -
2012 728 2131 796 qIItS
2162 746 2290 801 ergo
2323 743 2480 804 negat
2506 735 2779 790 diabolum
2808 738 3024 791 mternis
3053 736 3264 803 ignibus
3294 736 3608 804 mancipau-

396 827 482 882 lil.
523 826 716 881 Filium
749 841 961 896 quoque
997 824 1091 880 Dei
1137 827 1187 878 in
1238 820 1541 877 novissimis
1570 820 1758 876 diebus
1812 834 1907 874 na-
2012 822 2160 886 dum,
2219 833 2425 891 partem
2478 841 2601 881 cum
2654 827 2771 896 ipso
2820 830 3004 882 interni
3059 827 3194 898 ignis
3248 826 3503 895 accipiat,
3554 833 3611 879 ut

324 928 432 971 tum
479 933 600 973 esse
629 918 948 973 confitemur
987 932 1053 971 ex
1096 916 1309 985 Virgine
1338 922 1393 969 et
1418 913 1620 984 Spiritu
1671 914 1903 968 Sancto:
2015 910 2123 981 [ΑΙ.
2154 911 2227 982 et]
2260 918 2453 970 sentiat
2498 916 2642 987 quod
2675 910 2908 989 negavit.
3272 916 3281 924 ”

320 1023 538 1062 carnem
573 1019 776 1063 natura:
822 1008 1088 1071 humanm,
1118 1017 1277 1075 atque
1319 1005 1550 1060 animam
1582 1004 1904 1073 suscepisse,
2088 1003 2171 1058 Vl.
2206 1006 2400 1071 Audio,
2434 1018 2489 1063 et
2520 1008 2587 1063 de
2633 1011 2807 1064 anima
2860 1012 3185 1081 quaestiones
3213 1008 3610 1065 essecommo-

323 1102 374 1154 in
419 1115 524 1168 qua
560 1110 614 1155 et
658 1115 849 1171 passus
891 1108 995 1165 est,
1040 1109 1094 1153 et
1135 1100 1397 1167 sepultus,
1440 1104 1498 1151 et
1540 1096 1832 1152 resurrexit
1878 1110 1909 1151 a
2016 1102 2095 1147 tas
2124 1093 2232 1165 [ΑΙ.
2267 1096 2465 1152 multas
2491 1098 2652 1170 esse].
2691 1099 2763 1155 De
2798 1116 2897 1169 qua
2932 1096 2992 1156 re
3022 1110 3198 1154 utrum
3228 1099 3391 1169 recipi
3415 1099 3611 1154 debeat

322 1194 551 1247 mortuis
592 1210 605 1246 :
656 1193 707 1246 in
751 1191 912 1264 5.05
954 1191 1141 1245 eadem
1198 1191 1310 1259 ipsa
1372 1204 1534 1243 carne
1584 1201 1906 1257 resurgens,
2012 1185 2367 1253 querimonia,
2400 1196 2491 1241 aut
2520 1189 2700 1257 abjici,
2735 1204 2827 1243 vos
2861 1191 3103 1260 probate.
3146 1192 3200 1245 Si
3231 1188 3412 1245 autem
3443 1200 3497 1245 et
3539 1189 3608 1243 de

322 1293 483 1353 'qua:
526 1282 767 1352 deposita
829 1283 996 1337 fuerat
1044 1283 1095 1336 in
1132 1282 1376 1351 sepulcro
1407 1300 1417 1333 :
1460 1295 1582 1335 cum
1615 1295 1716 1349 qua
1747 1292 1910 1333 carne
2014 1293 2099 1333 me
2133 1279 2258 1348 quid
2305 1282 2533 1335 sentiam
2564 1283 2845 1351 quavritur,
2897 1284 3067 1339 fateor
3109 1298 3194 1339 me
3223 1285 3290 1338 de
3321 1284 3422 1338 hac
3459 1297 3609 1353 quao-

320 1354 505 1442 simul,‘
531 1385 692 1444 atque
723 1375 898 1427 anima
941 1383 1063 1443 post
1096 1374 1542 1427 resurrectionem
1587 1372 1829 1427 ascendit
1856 1371 1907 1425 in
2012 1373 2185 1427 stione
2232 1374 2370 1442 apud
2403 1377 2825 1443 quamplurimos
2855 1375 3228 1431 Tractatorum
3271 1377 3485 1431 diversa
3528 1376 3608 1429 le-

318 1468 480 1521 crclos
522 1484 536 1519 :
585 1464 726 1520 unde
771 1474 826 1521 et
854 1473 1110 1520 venturus
1150 1473 1490 1535 exspectatur
1533 1464 1599 1519 ad
1650 1463 1906 1534 judicium
2011 1466 2174 1533 gisse.
2208 1465 2331 1535 Legi
2361 1466 2617 1536 quosdam
2649 1467 2911 1533 dicentes,
2944 1468 3083 1537 quod
3113 1470 3311 1537 pariter
3337 1483 3459 1523 cum
3489 1482 3607 1522 eor-

320 1554 613 1611 bvivorum
637 1571 700 1610 ac
729 1566 1087 1612 mortuorum.
2014 1573 2143 1627 pore
2195 1572 2288 1626 per
2338 1557 2555 1612 humani
2605 1558 2826 1614 seminis
2876 1561 3147 1615 traducem
3207 1561 3365 1615 etiam
3432 1559 3606 1612 anima

393 1647 482 1702 IV.
516 1647 622 1702 Sed
658 1660 710 1703 et
755 1650 933 1703 carnis
963 1660 985 1688 ε
1036 1657 1235 1703 nostrae
1284 1650 1729 1704 resurrectionem
1770 1650 1908 1705 fate-
2020 1649 2037 1687 ι
2062 1650 2434 1706 diffundatur:
2487 1661 2542 1707 et
2589 1653 2692 1708 hoc
2740 1653 2934 1722 quibus
2958 1661 3203 1723 poterant
3223 1653 3609 1707 assertionibus

318 1756 438 1795 mur
466 1741 691 1810 integre,
726 1750 778 1797 et
809 1741 1049 1813 perfecte
1079 1743 1306 1797 futuram
1341 1760 1355 1799 :
1405 1742 1560 1812 hujus
1602 1744 1769 1814 ipsius
1792 1760 1909 1799 car-
2014 1745 2421 1799 confirmabant.
2456 1744 2608 1811 Quod
2641 1754 2768 1814 puto
2800 1747 2939 1801 inter
2973 1745 3190 1800 Latinos
3217 1744 3607 1799 Tcrtullianuut

319 1831 401 1884 nis
450 1841 671 1898 nostra},
703 1833 754 1886 iu
802 1849 905 1903 qua
956 1850 1096 1889 nunc
1142 1833 1390 1891 vivimus.
1422 1834 1559 1899 Non,
1594 1846 1651 1890 ut
1692 1836 1906 1906 quidam
2014 1837 2267 1903 sensisse,
2302 1839 2382 1893 vel
2414 1838 2775 1904 Lactantium,
2825 1836 3071 1895 fortassis
3112 1850 3166 1894 et
3211 1838 3347 1892 alios
3378 1836 3608 1891 nonnul-

319 1924 732 1990 Calutnniantur,
767 1925 990 1979 alteram
1041 1940 1138 1994 pro
1170 1927 1267 1980 hac
1298 1934 1722 1981 resurrecturam
1770 1926 1907 1983 dici-
1942 1923 1986 1982 Β
2014 1931 2115 1985 los.
2166 1932 2268 1986 Alii
2300 1944 2568 1997 asserunt,
2600 1933 2740 2001 quod
2794 1932 3035 1986 formatis
3069 1932 3120 1985 in
3166 1941 3323 1985 tttero
3363 1931 3609 1998 corpori-

320 2030 467 2081 mns;
511 2016 604 2070 sed
657 2016 793 2071 hanc
841 2018 1033 2085 ipsam,
1088 2018 1235 2071 nullo
1282 2018 1503 2073 omnino
1551 2018 1666 2089 ejus
1697 2019 1803 2093 [AL
1835 2019 1907 2091 ei]
2018 2026 2136 2090 bus,
2181 2027 2322 2081 Deus
2356 2027 2590 2097 quotidie
2635 2027 2791 2081 faciat
2825 2030 3032 2082 animas
3076 2035 3130 2081 et
3176 2026 3468 2081 infundat:
3517 2025 3609 2079 alii

321 2108 564 2163 membro
590 2118 886 2177 amputato,
915 2109 998 2163 vel
1029 2108 1205 2178 aliqua
1228 2112 1470 2178 corporis
1495 2121 1645 2180 parte
1669 2112 1906 2176 desecta,
2015 2118 2153 2186 quod
2182 2128 2206 2165 π
2240 2118 2404 2175 factas
2427 2119 2534 2187 jam
2568 2120 2716 2185 olim,
2752 2120 2909 2183 idest,
2944 2130 3068 2173 tunc
3112 2136 3230 2173 cum
3260 2118 3436 2173 omnia
3468 2117 3608 2170 Deus

319 2198 410 2251 sed
444 2199 528 2252 cui
553 2200 684 2253 nihil
716 2199 936 2253 omnino
962 2216 1032 2254 ex
1085 2202 1231 2255 murti
1272 2209 1461 2256 natura
1492 2217 1585 2257 sua
1618 2202 1781 2269 desit,
1809 2204 1909 2259 nisi
2015 2210 2217 2263 ereavit
2246 2226 2313 2264 ex
2364 2211 2551 2274 nihilo,
2585 2226 2723 2265 nunc
2768 2226 2863 2265 eas
2883 2210 3087 2278 judicio
3116 2226 3214 2264 suo
3241 2210 3516 2278 dispenset
3557 2210 3606 2265 in

318 2288 429 2341 sola
459 2290 749 2358 corruptio.
782 2290 890 2344 Hoc
921 2293 1062 2345 cnim
1096 2292 1357 2359 promittit
1404 2303 1624 2347 sanctus
1672 2294 1907 2362 Aposto-
2014 2317 2260 2372 corpore.
2317 2303 2427 2358 Hoc
2477 2307 2639 2358 sentit
2686 2313 2738 2357 ct
2790 2305 3074 2374 Origenes,
3122 2313 3181 2358 et
3227 2304 3465 2358 nonnulli
3520 2302 3605 2354 ali‘

320 2385 422 2449 ius,
466 2388 602 2455 quod
648 2387 942 2441 seminetur
970 2402 1167 2457 corpus
1204 2389 1255 2441 in
1279 2388 1712 2457 corruptione,et
1734 2404 1910 2444 resur-
2015 2392 2346 2450 Graecotum.
2387 2394 2497 2466 Ego
2531 2411 2656 2451 vero
2686 2409 2804 2450 cum
2839 2397 2954 2450 haec
2986 2396 3189 2464 singula
3225 2395 3470 2465 legerim,
3496 2394 3597 2450 Dec

320 2492 402 2546 gat
456 2479 506 2532 in
541 2479 939 2550 incorruptione
980 2498 991 2533 :
1024 2490 1074 2534 et
1124 2481 1421 2536 seminetur
1479 2482 1531 2535 in
1578 2482 1907 2549 infirmitate,
2016 2495 2170 2550 teste,
2221 2488 2363 2549 dico,
2397 2484 2519 2556 quia
2547 2502 2712 2556 usque
2759 2487 2823 2539 ad
2862 2501 3098 2554 pra‘scns
3126 2487 3282 2548 certi,
3312 2493 3366 2539 et
3396 2482 3602 2538 definiti

319 2582 503 2640 surgat
537 2569 645 2641 [Αἰ.
681 2571 943 2642 resurgat]
990 2573 1041 2624 in
1074 2571 1305 2627 virtute:
1337 2573 1633 2628 seminetur
1659 2574 1711 2629 in
1756 2575 1908 2643 igno-
2014 2580 2215 2651 aliquid
2254 2581 2322 2635 de
2351 2580 2448 2634 hac
2477 2582 2774 2650 quaestione
2804 2593 2909 2633 non
2935 2588 3115 2641 teneo,
3163 2577 3258 2632 sed
3304 2577 3413 2631 Deo
3445 2577 3609 2630 rei'n.

321 2660 504 2724 minia,
538 2669 722 2731 surgat
752 2666 802 2715 in
850 2663 1046 2731 gloria;
1079 2673 1132 2718 et
1164 2664 1284 2733 quia
1339 2661 1443 2732 [Αἰ.
1479 2665 1643 2738 quod]
1675 2667 1907 2722 semine-
2014 2688 2119 2743 qua
2166 2674 2340 2739 scire,
2371 2672 2496 2741 quid
2546 2673 2614 2725 sit
2664 2672 2715 2725 in
2745 2686 2893 2734 vero,
2926 2680 2980 2726 et
3023 2671 3066 2724 si
3108 2670 3193 2725 cui
3227 2672 3339 2739 ipse
3367 2669 3609 2724 revelare

322 2765 403 2808 tur
445 2770 642 2824 corpus
692 2757 941 2823 animale,
1004 2770 1247 2827 resurgat
1292 2758 1401 2831 [ΑΙ.
1458 2760 1666 2831 surgat]
1716 2774 1911 2829 corpus
2014 2767 2339 2838 dignabitur.
2386 2766 2497 2836 Ego
2551 2776 2743 2824 tamen
2775 2767 2889 2820 haec
2937 2765 3145 2835 singula
3196 2773 3248 2818 et
3277 2762 3468 2833 legisse
3522 2775 3608 2817 nte

322 2847 557 2915 spiritale
585 2847 663 2916 (Ι.
700 2846 820 2903 Cor.
873 2846 1011 2919 15.).
1047 2848 1169 2903 ila‘c
1201 2851 1355 2904 nobis
1393 2849 1461 2905 de
1515 2853 1911 2907 resurrectione
2017 2876 2120 2913 non
2155 2875 2308 2929 nego,
2358 2871 2411 2914 et
2440 2860 2613 2914 adhuc
2647 2861 2893 2929 ignorare
2922 2858 3207 2921 confiteor,
3251 2865 3442 2926 prmter
3484 2856 3606 2918 hoc,

322 2937 513 2992 tradita
544 2947 671 2992 sunt
716 2942 782 2993 ab
821 2940 927 3005 his,
975 2954 1004 2993 a
1035 2941 1227 3010 quibus
1274 2950 1520 2996 sanctum
1556 2943 1819 3013 baptisma
1853 2945 1907 2999 in
2014 2950 2155 3018 quod
2208 2950 2488 3007 manifeste
2521 2950 2676 3004 tradit
2732 2950 2993 3014 Ecclesia,
3029 2949 3195 3003 Deum
3241 2962 3360 3003 esse
3405 2950 3609 3001 anima-

324 3029 651 3099 Aquilejeusi
702 3030 941 3086 Ecclesia
995 3034 1307 3103 consequuti
1342 3049 1529 3088 sumus
1577 3052 1590 3086 :
1634 3048 1752 3103 qua:
1785 3046 1911 3103 puto
2017 3055 2132 3093 tum
2165 3050 2217 3094 et
2244 3054 2528 3109 corporum
2554 3037 2580 3076 ιι
2609 3054 2934 3095 creatorem.

324 3122 433 3192 ipsa
466 3138 608 3191 esse,
644 3138 761 3190 quae
800 3126 963 3177 etiam
994 3124 1301 3194 Apostolica
1333 3122 1358 3162 ά
1388 3126 1545 3182 sedes
1577 3127 1808 3193 tradere,
1855 3137 1912 3183 et
2096 3132 2203 3187 VII.
2240 3132 2380 3189 Sane
2408 3135 2528 3207 quia
2559 3134 2718 3188 audio
2764 3134 2888 3189 inde
2918 3134 3077 3189 etiam
3104 3148 3221 3188 esse
3251 3135 3600 3202 disputatum,

322 3218 518 3273 docere
547 3221 845 3274 consuevit.
2016 3223 2156 3293 quod
2186 3223 2704 3296 quaedamﬂrigenis
2730 3233 2944 3293 rogatus
2974 3239 3003 3277 a
3040 3223 3290 3278 fratribus
3326 3225 3391 3277 de
3406 3224 3605 3277 Graeco

399 3310 461 3364 V.
496 3310 733 3367 Dicimus
778 3328 988 3382 quoque
1017 3323 1072 3369 et
1100 3312 1357 3383 indictum
1408 3312 1669 3379 futurum,
1714 3314 1771 3368 in
1807 3329 1912 3384 quo
1940 3302 1989 3368 C
2020 3318 2072 3373 in
2116 3318 2362 3373 Latinum
2411 3319 2677 3383 transtuli,
2715 3327 2845 3388 puto
2892 3316 3033 3387 quod
3063 3331 3251 3372 omnes
3282 3315 3601 3385 iuteliiganl,

323 3405 521 3473 iudicio
552 3407 921 3476 unusquisque
951 3407 1177 3476 recipiat
1220 3408 1432 3476 propria
1471 3407 1736 3476 corporis,
1757 3417 1916 3478 prout
2018 3412 2132 3467 haec
2163 3412 2267 3486 [AL
2301 3410 2422 3483 hoc]
2457 3426 2552 3481 pro
2581 3411 2696 3466 solo
2728 3410 2897 3466 livore
2926 3409 3149 3479 culpari.
3179 3408 3338 3480 407
3370 3409 3426 3464 Si
3457 3408 3599 3463 enint

324 3500 505 3569 gessit,
538 3499 652 3554 sive
696 3498 859 3568 bona,
910 3500 1024 3553 sive
1073 3499 1234 3556 mala.
1266 3499 1421 3566 Quod
1452 3500 1498 3554 si
1551 3498 1799 3555 homines
1830 3516 1915 3557 re-
2014 3503 2211 3575 aliquid
2242 3513 2348 3571 est,
2391 3503 2533 3573 quod
2579 3502 2861 3572 displiceat
2902 3502 2956 3556 in
2982 3510 3223 3568 auctore,
3254 3517 3421 3570 quare
3454 3501 3503 3555 id
3533 3501 3600 3556 ad

324 3592 524 3658 cepturi
554 3600 675 3644 sunt
704 3606 803 3661 pro
829 3592 1081 3659 aperibus
1112 3594 1252 3647 suis:
1283 3602 1485 3663 quanto
1511 3594 1678 3663 magis
1709 3603 1765 3649 et
1792 3593 1911 3649 dia-
2015 3598 2364 3667 interpretem
2407 3596 2793 3665 detorquctur?
2819 3594 2968 3652 Sicut
2998 3594 3010 3631 ί
3049 3595 3099 3648 in
3122 3594 3323 3650 Griecis
3349 3593 3601 3660 habetur,

324 3684 497 3746 holus,
547 3684 633 3752 qui
663 3684 910 3739 omnibus
938 3687 1122 3740 existit
1156 3685 1262 3758 [ΑΙ.
1288 3684 1515 3757 θιεεὶιίι]
1546 3701 1735 3743 caussa
1784 3702 1910 3757 pec-
2016 3704 2229 3764 rogatus
2271 3707 2389 3749 sum
2422 3700 2481 3747 ut
2527 3691 2734 3747 Latinis
2774 3689 3139 3746 ostenderem.
3185 3688 3389 3746 Graecis
3432 3689 3602 3746 sensi-

326 3777 461 3830 cati?
512 3778 585 3832 De
622 3794 729 3848 quo
761 3778 889 3833 illud
924 3779 1210 3846 sentimus,
1257 3780 1400 3849 quod
1445 3781 1701 3851 scriptum
1732 3791 1817 3838 est
1859 3784 1909 3839 in

2016 3788 2116 3843 bus
2144 3787 2306 3843 verba
2332 3786 2456 3844 dedi
2485 3786 2675 3842 Latina
2699 3784 3088 3841 tantummodo.
3123 3782 3249 3839 Sive
3263 3799 3388 3854 ergo
3411 3784 3461 3837 in
3496 3781 3602 3837 illis

327 3867 658 3939 Evangelio:
699 3872 821 3940 quia
870 3880 924 3926 et
964 3870 1069 3942 [AL
1122 3882 1222 3926 tac.
1264 3871 1339 3943 et]
1383 3873 1497 3942 ipse
1549 3874 1815 3942 diabolus,
1858 3884 1914 3933 et
2015 3880 2261 3935 sensibus
2310 3878 2427 3934 laus
2472 3878 2611 3934 inest
2658 3877 2872 3948 aliqua,
2937 3890 3041 3932 non
3111 3888 3194 3931 εει
3236 3890 3354 3930 mea
3411 3892 3422 3926 :
3484 3874 3600 3929 sive

326 3975 510 4023 omnes
539 3963 709 4034 angeli
740 3963 874 4034 ejus,
901 3979 1021 4020 cum
1053 3964 1135 4021 his
1163 3965 1253 4036 qui
1281 3980 1444 4034 opera
1465 3965 1582 4036 ejus
1610 3965 1831 4035 faciunt,
1858 3967 1911 4023 id
2015 3971 2213 4042 culpa,
2281 3970 2527 4027 similiter
2598 3983 2703 4025 non
2763 3977 2847 4023 est
2910 3982 3049 4024 mea.
3124 3966 3375 4035 Quinimo
3438 3966 3641 4021 etiam.

400 4107 424 4133 ἰ
454 4098 597 4175 lianc
630 4107 775 4175 tacet
817 4098 1217 4175 Guarnerianns
1247 4100 1531 4175 verborum
1582 4101 1906 4170 pericopam,
2016 4104 2299 4175 ἐμφατικῶς
2330 4117 2359 4155 a
2392 4100 2605 4175 Rufino,
2637 4110 2694 4156 ut
2714 4115 2928 4175 omnem
2952 4100 3287 4171 Origenianae
3316 4104 3643 4158 sententias-4

326 4185 438 4234 quae
478 4170 712 4242 deposita
752 4171 913 4238 fuerat
956 4173 1007 4224 in
1039 4172 1297 4242 sepulcro.
1342 4172 1415 4224 Ex
1452 4172 1553 4225 hoc
1582 4182 1760 4224 autem
1794 4175 1911 4227 loco
2017 4170 2378 4242 suspicionem
2410 4172 2478 4227 ab
2508 4187 2567 4226 se
2595 4170 3160 4242 longius_rentoverct.

328 4250 382 4292 et
408 4241 777 4313 subseituenti.
828 4242 916 4295 ubi
946 4240 1123 4295 carnis
1154 4255 1311 4297 nurus
1342 4241 1668 4313 resurrectio
1695 4242 1908 4313 dicitur,
2087 4241 2113 4280 ά
2138 4242 2193 4297 lu
2221 4242 2609 4307 Guarneriano,
2660 4240 2779 4313 qua:
2801 4240 3029 4295 Ecclesia
3056 4242 3343 4310 Apostolici
3370 4241 3468 4297 Dei
3492 4243 3602 4313 fre-

327 4312 596 4365 Contendit
626 4312 690 4368 V.
721 4312 779 4367 C.
817 4313 1079 4367 Bachiarii
1112 4327 1344 4381 nuperus
1376 4312 1692 4377 illustratur,
1720 4310 1911 4367 Rufino
2016 4314 2359 4369 scribendum
2411 4312 2623 4367 videtur
2661 4311 2876 4379 Domni)
2914 4314 3088 4379 sedes,
3106 4322 3211 4367 etc.
3252 4313 3447 4367 Navar.
3494 4310 3596 4370 ms.

329 4382 742 4454 adscribendum
772 4398 891 4438 esse
921 4387 1234 4451 opusculum
1267 4398 1477 4453 quoque
1509 4382 1663 4447 illud,
1713 4383 1826 4439 sive
1849 4384 1913 4439 li-
2017 4386 2143 4452 ﬁdes
2176 4398 2272 4454 pro
2296 4383 2615 4454 sedeslegit.
2646 4382 2826 4454 Pergit
2861 4397 3022 4451 porro
3054 4393 3259 4447 noster,
3292 4383 3490 4438 tradere
3514 4402 3600 4437 so-

332 4451 529 4505 hellmn
562 4455 785 4507 relatum
820 4457 871 4507 in
916 4456 1099 4508 eodice
1125 4451 1403 4508 Canonuui
1436 4453 1685 4508 Ecclesia:
1717 4454 1909 4509 Roma-
2018 4451 2119 4508 teut
2146 4451 2192 4508 et
2215 4451 2617 4523 docereabsque
2641 4451 2822 4508 addito
2845 4454 3121 4520 consuevit,
3147 4454 3599 4523 quemadmodum

331 4538 413 4576 nae
439 4524 569 4593 Cap.
602 4526 689 4579 59.
727 4532 854 4581 tam.
891 4524 951 4579 ll.
985 4529 1218 4594 Uperum
1249 4525 1306 4581 S.
1359 4525 1551 4579 Leonis
1581 4525 1710 4579 edit.
1738 4525 1910 4591 Ques-
2017 4535 2073 4581 et
2100 4526 2229 4589 duo,
2260 4539 2397 4594 quos
2422 4525 2601 4579 laudat
2630 4525 2691 4579 P.
2714 4525 3076 4589 Coustantius,
3112 4541 3243 4580 mss.
3272 4525 3487 4581 habent.

333 4595 580 4667 nelliaua:
625 4596 864 4667 pagum.
899 4606 952 4650 et
980 4598 1026 4649 ei
1074 4598 1285 4664 quidem
1324 4595 1754 4667 adscribendum,
1807 4612 1910 4650 non
1968 4661 1975 4667 _
2090 4605 2115 4635 °
2144 4595 2289 4652 Idem
2322 4610 2427 4652 ms.
2460 4607 2654 4664 patres;
2679 4604 2812 4662 tum,
2835 4597 3012 4650 (vterni
3036 4596 3169 4666 ignis
3190 4597 3410 4667 accipiat
3438 4596 3603 4652 luere-

328 4676 383 4745 nt
411 4668 464 4720 S.
487 4661 724 4747 Gregorii
755 4666 1070 4720 Nazianzeni
1094 4661 1416 4764 'I'n’terprelt'i,
1450 4666 1542 4747 sed
1570 4675 1631 4764 Ittt
1662 4667 1911 4749 primige:
1941 4661 2179 4764 bdztate
2216 4661 2467 4764 ροιιὶριιιν,⁷
2494 4682 2589 4735 pro
2630 4682 2736 4737 quo
2767 4667 2981 4764 scilicetl
3004 4661 3273 4764 postremo
3301 4661 3599 4751 "verboIpo—

328 4738 415 4810 uio
442 4740 646 4790 auctori
693 4748 827 4810 :ant
863 4746 1010 4792 certe
1054 4738 1268 4807 quidem
1316 4738 1538 4810 alicuie
1569 4737 1792 4810 Latinis,
1822 4738 1910 4805 qui
1941 4737 2191 4804 "tietur,
2242 4739 2507 4810 gloss;it_or
2551 4752 2656 4791 non
2710 4754 2866 4810 nemo
2920 4738 2985 4792 ad
3013 4739 3131 4792 lihri
3178 4755 3328 4793 oram
3384 4740 3603 4810 accipiat

329 4806 499 4860 ltulini
533 4811 733 4875 scripta
764 4809 833 4861 de
861 4806 1144 4876 corporum
1200 4809 1614 4880 liesuﬁrrectione
1641 4809 1910 4877 expilave-
2019 4806 2264 4879 scripsit,
2304 4808 2446 4877 quod
2492 4809 2831 4880 postmodum
2865 4810 3111 4864 librarius
3140 4809 3452 4880 imprudens
3493 4806 3602 4866 una

330 4880 419 4941 rit,
456 4880 771 4950 Apologiam
813 4881 949 4951 hanc
979 4880 1202 4941 scilicet,
1237 4890 1289 4934 et
1332 4879 1682 4951 Invectivam,
1717 4890 1911 4951 utivo-
2021 4883 2070 4934 in
2102 4891 2307 4933 textum
2338 4881 2571 4934 intrusit.
2604 4879 2799 4934 Notum
2832 4889 3161 4951 quantopere
3186 4879 3321 4935 hanc
3346 4881 3602 4951 loquendi

331 4960 435 5012 cat,
470 4951 694 5023 primam
739 4962 855 5023 cap.
891 4950 942 5023 5.
987 4960 1039 5023 et
1065 4952 1119 5023 4.
1152 4950 1488 5023 Qucsuellius
1522 4950 1744 5023 Dissert.
1771 4950 1909 5023 XIV.
2021 4951 2325 5012 formulam,
2352 4952 2527 5004 aeterni
2554 4952 2685 5021 ignis
2714 4951 3011 5007 Ita’reditute
3031 4953 3209 5021 potiri,
3242 4950 3601 5023 Hieronymus

329 5036 444 5092 cap.
475 5022 529 5074 7.
561 5022 874 5087 Opusculum
902 5021 1027 5075 illud
1062 5021 1320 5090 Gregorio
1355 5022 1550 5075 Dmtico
1582 5019 1912 5092 Eliberitano
2020 5024 2322 5091 exagitarit,
2355 5031 2513 5092 atque
2543 5019 2979 5090 irriserit.'Quis,
3012 5019 3106 5091 ait,
3137 5039 3363 5092 unquam
3405 5019 3602 5077 audivit

333 5089 596 5166 ltjpiscoiio
619 5092 918 5166 adtribuit:
958 5089 1198 5166 Monachi
1227 5091 1551 5166 Benedictini
1596 5090 1647 5166 in
1681 5091 1911 5147 Historia
2021 5089 2173 5166 potiri
2206 5089 2638 5166 ignibus,'et_frui
2680 5089 2986 5166 suppliciis?
3016 5089 3150 5149 Eum
3182 5089 3379 5151 videsis
3409 5095 3503 5166 lib.
3526 5095 3598 5149 Jl.

331 5161 589 5216 l.iteraria
609 5162 895 5216 Galliarum
921 5171 1048 5218 tom.
1068 5164 1104 5216 I.
1128 5172 1262 5230 part.
1293 5162 1349 5215 Il.
1375 5161 1649 5233 Phoehndzi
1671 5167 1913 5231 Agencn-
2022 5161 2146 5232 cap.
2176 5161 2241 5220 tif
2260 5171 2314 5218 et
2347 5178 2463 5232 seq.
2496 5161 2574 5218 Εἰ
2620 5164 2701 5219 his
2733 5161 2891 5233 porro
2916 5178 3145 5230 constat,
3194 5174 3385 5220 lectum
3413 5165 3603 5219 vitiose

329 5232 403 5305 sis
433 5248 552 5305 esse
584 5234 945 5305 suspicantur.
995 5234 1225 5287 Omnino
1256 5235 1474 5288 alterius
1533 5232 1918 5305 (quisquisgille
2026 5236 2152 5289 olim
2199 5236 2334 5304 apud
2366 5236 2615 5290 Nostrum
2659 5232 3007 5290 Itwreditatem
3047 5237 3322 5305 patientur.
3375 5235 3496 5288 Mox
3547 5235 3601 5288 in

333 5304 516 5378 fuerit)
569 5304 737 5373 magis
780 5319 937 5373 quam
992 5305 1169 5359 Ruliui
1214 5306 1396 5359 stilum
1447 5312 1605 5373 atque
1646 5303 1917 5374 ingenium
2027 5303 2539 5378 Gttarneriano_ergo
2562 5305 2871 5378 adverbium
2901 5303 3255 5378 desideratur.

331 5374 536 5448 refert._
565 5446 572 5448 Α
730 5447 736 5448 ί
804 5446 811 5448 ξ
1077 5446 1086 5448 _
1190 5446 1199 5448 _
1546 5446 1554 5448 4
1682 5444 1710 5448 _
2102 5376 2121 5415 ἲ
2150 5377 2348 5433 Iterum
2378 5374 2731 5433 Gua'rnerian.
2756 5379 3080 5448 infundatur.
3107 5377 3423 5448 Tum_antea
3448 5375 3600 5440 editi,

404 5445 429 5483 δ
460 5446 674 5499 Addunt
710 5446 877 5519 judea:
903 5453 956 5519 et
1001 5446 1201 5519 vulgati
1234 5456 1389 5519 antea
1437 5445 1556 5519 lihri
1586 5456 1639 5500 et
1670 5444 1915 5501 Guarne-
2025 5460 2069 5501 et
2098 5449 2155 5501 hi
2172 5448 2353 5519 quibus
2377 5458 2591 5519 poterat,
2617 5457 2721 5503 etc.
2757 5444 3127 5519 consulendus
3157 5447 3214 5499 S.
3246 5446 3605 5514 Hieronymus

334 5518 515 5570 rianus
563 5532 665 5570 ms.
699 5527 805 5570 tam
840 5517 956 5569 heic
1001 5516 1124 5588 loci,
1155 5532 1313 5588 quam
1348 5517 1398 5569 in
1431 5518 1699 5588 Apologia:
1721 5519 1913 5572 adver-
2024 5520 2159 5575 lih'o
2184 5516 2384 5572 dudum
2417 5520 2628 5573 laudato
2655 5533 2803 5574 num.
2833 5517 2885 5569 8.
2912 5524 2966 5569 et
2991 5530 3104 5583 seq.

333 5603 423 5641 sus
456 5588 968 5658 Hieronymmn_lb.
1018 5587 1057 5642 I.
1091 5603 1237 5642 num.
1280 5586 1332 5640 4.
1365 5588 1449 5640 ubi
1482 5586 1640 5641 verba
1685 5589 1797 5642 hme
1826 5605 1915 5644 ea-
2098 5600 2122 5636 ε
2153 5590 2405 5644 Voculam
2436 5591 2570 5656 quod
2602 5590 2740 5643 idem
2771 5601 2872 5658 ms.
2901 5592 3059 5639 tacet.

336 5659 455 5713 dem
482 5652 787 5714 recurrunt.
820 5656 1201 5726 Castigatiores
1232 5666 1407 5711 autem
1443 5674 1571 5712 mss.
1606 5659 1872 5728 ignorant.
2094 5658 2121 5698 ιι
2150 5661 2331 5715 Denuo
2380 5652 2520 5713 idem
2576 5672 2678 5711 ms.
2728 5657 3040 5728 conditorem
3098 5652 3311 5722 praefert
3355 5668 3369 5706 :
3408 5653 3599 5709 subse-

412 5725 1022 5803 °_Tacet_Guarne_rian.
1057 5744 1349 5803 pronomen
1401 5739 1608 5803 nostrrc,
1629 5725 1762 5783 'non
1796 5730 1915 5786 heic
2019 5732 2200 5803 quanti
2236 5745 2394 5803 versu
2419 5745 2540 5803 esse
2553 5728 2771 5803 verbum
2800 5725 3014 5779 omittit.

338 5800 516 5863 modo,
559 5799 653 5853 sed
683 5809 736 5852 et
768 5798 923 5851 tertio
945 5800 1017 5851 ab
1059 5791 1161 5851 hoc
1182 5813 1368 5864 -versu,
1403 5801 1488 5854 ubi
1519 5791 1695 5853 denuo
1725 5816 1914 5854 occur-
2035 5791 2052 5803 ³
2096 5802 2111 5839 ί
2154 5803 2280 5855 Plus
2311 5799 2469 5852 habet
2501 5797 2851 5851 Guarnerian.
2882 5810 2985 5849 ms.
3016 5795 3145 5847 sicut
3169 5797 3304 5864 enim
3327 5794 3380 5847 in
3403 5791 3601 5851 Graeca

336 5874 580 5949 rit_:_q_t_t_o
608 5867 839 5949 quidem
863 5870 1006 5949 loco
1047 5868 1175 5949 illud
1208 5876 1263 5921 et
1282 5862 1420 5948 mss.
1454 5870 1538 5948 alii
1572 5879 1625 5922 et
1672 5871 1910 5949 plerique
2017 5873 2245 5949 habetur,
2286 5870 2359 5949 sic
2398 5876 2626 5949 rogatus,
2677 5875 2779 5923 etc.
2813 5867 2940 5922 Item
2986 5865 3152 5920 altero
3186 5862 3252 5919 ab
3290 5864 3392 5922 hoc
3433 5878 3635 5935 versu,

340 5943 463 6000 aditi
499 5940 621 6001 libri
652 5939 895 5995 reticent.
923 5939 1026 5993 Nos
1056 5941 1180 5993 olim
1210 5939 1632 5995 caistiuvwimus
1668 5941 1906 5995 additum
2014 5953 2106 6008 est,
2144 5942 2301 5996 habet
2331 5951 2428 6007 pro
2453 5939 2599 5995 ineat.
