  <div class='ocr_page' id='page_1' title='image "/cluster/home/n/w/nwhite01/storage/ocr_20150623/21/hvd.32044015471360/324.png"; bbox 0 0 4128 6360; ppageno 0'>
   <div class='ocr_carea' id='block_1_1' title="bbox 292 378 392 437">
    <p class='ocr_par' dir='ltr' id='par_1_1' title="bbox 292 378 392 437">
     <span class='ocr_line' id='line_1_1' title="bbox 292 378 392 437; baseline 0.01 -1"><span class='ocrx_word' id='word_1_1' title='bbox 292 378 392 437; x_wconf 74' lang='grc'><strong>637</strong></span> 
     </span>
    </p>
   </div>
   <div class='ocr_carea' id='block_1_2' title="bbox 295 484 1880 573">
    <p class='ocr_par' dir='ltr' id='par_1_2' title="bbox 295 484 1880 573">
     <span class='ocr_line' id='line_1_2' title="bbox 295 484 1880 573; baseline -0.001 -23"><span class='ocrx_word' id='word_1_2' title='bbox 295 489 495 573; x_wconf 74' lang='lat' dir='ltr'><strong>(quod</strong></span> <span class='ocrx_word' id='word_1_3' title='bbox 532 491 668 573; x_wconf 78' lang='lat' dir='ltr'><strong>suis</strong></span> <span class='ocrx_word' id='word_1_4' title='bbox 698 490 924 573; x_wconf 79' lang='lat' dir='ltr'><strong>potius</strong></span> <span class='ocrx_word' id='word_1_5' title='bbox 943 487 1308 573; x_wconf 76' lang='lat' dir='ltr'><strong>adscribere</strong></span> <span class='ocrx_word' id='word_1_6' title='bbox 1345 484 1686 573; x_wconf 64' lang='lat' dir='ltr'><strong>debebant)</strong></span> <span class='ocrx_word' id='word_1_7' title='bbox 1726 492 1880 573; x_wconf 85' lang='lat' dir='ltr'><strong>tem-</strong></span> 
     </span>
    </p>
   </div>
   <div class='ocr_carea' id='block_1_3' title="bbox 290 563 1877 650">
    <p class='ocr_par' dir='ltr' id='par_1_3' title="bbox 290 563 1877 650">
     <span class='ocr_line' id='line_1_3' title="bbox 290 563 1877 650; baseline -0.005 -18"><span class='ocrx_word' id='word_1_8' title='bbox 290 563 452 650; x_wconf 76' lang='lat' dir='ltr'><strong>pora</strong></span> <span class='ocrx_word' id='word_1_9' title='bbox 489 563 1119 650; x_wconf 78' lang='lat' dir='ltr'><strong>rejiciantquicquid</strong></span> <span class='ocrx_word' id='word_1_10' title='bbox 1146 566 1397 650; x_wconf 63' lang='lat' dir='ltr'><strong>erroris</strong></span> <span class='ocrx_word' id='word_1_11' title='bbox 1428 563 1671 650; x_wconf 78' lang='lat' dir='ltr'><strong>inﬁde,</strong></span> <span class='ocrx_word' id='word_1_12' title='bbox 1708 568 1877 650; x_wconf 89' lang='lat' dir='ltr'><strong>ac_in</strong></span> 
     </span>
    </p>
   </div>
   <div class='ocr_carea' id='block_1_4' title="bbox 292 644 1880 726">
    <p class='ocr_par' dir='ltr' id='par_1_4' title="bbox 292 644 1880 726">
     <span class='ocr_line' id='line_1_4' title="bbox 292 644 1880 726; baseline -0.004 -17"><span class='ocrx_word' id='word_1_13' title='bbox 292 644 584 710; x_wconf 73' lang='lat' dir='ltr'><strong>moribus</strong></span> <span class='ocrx_word' id='word_1_14' title='bbox 607 648 824 726; x_wconf 85' lang='lat' dir='ltr'><strong>ﬂagitii</strong></span> <span class='ocrx_word' id='word_1_15' title='bbox 849 649 910 706; x_wconf 90' lang='lat' dir='ltr'><strong>in</strong></span> <span class='ocrx_word' id='word_1_16' title='bbox 940 645 1261 723; x_wconf 71' lang='lat' dir='ltr'><strong>republica</strong></span> <span class='ocrx_word' id='word_1_17' title='bbox 1294 644 1652 726; x_wconf 84' lang='lat' dir='ltr'><strong>Christiana</strong></span> <span class='ocrx_word' id='word_1_18' title='bbox 1679 662 1713 704; x_wconf 94' lang='lat' dir='ltr'><strong>a</strong></span> <span class='ocrx_word' id='word_1_19' title='bbox 1743 646 1880 719; x_wconf 86' lang='lat' dir='ltr'><strong>plu-</strong></span> 
     </span>
    </p>
   </div>
   <div class='ocr_carea' id='block_1_5' title="bbox 288 724 1880 804">
    <p class='ocr_par' dir='ltr' id='par_1_5' title="bbox 288 724 1880 804">
     <span class='ocr_line' id='line_1_5' title="bbox 288 724 1880 804; baseline -0.006 -14"><span class='ocrx_word' id='word_1_20' title='bbox 288 729 473 790; x_wconf 85' lang='lat' dir='ltr'><strong>rimis</strong></span> <span class='ocrx_word' id='word_1_21' title='bbox 533 724 722 790; x_wconf 82' lang='lat' dir='ltr'><strong>annis</strong></span> <span class='ocrx_word' id='word_1_22' title='bbox 783 726 1143 804; x_wconf 89' lang='lat' dir='ltr'><strong>pullulavit.</strong></span> <span class='ocrx_word' id='word_1_23' title='bbox 1214 726 1435 798; x_wconf 89' lang='lat' dir='ltr'><strong>Itaque</strong></span> <span class='ocrx_word' id='word_1_24' title='bbox 1490 724 1584 804; x_wconf 83' lang='lat' dir='ltr'><strong>sie</strong></span> <span class='ocrx_word' id='word_1_25' title='bbox 1642 731 1880 804; x_wconf 82' lang='lat' dir='ltr'><strong>statuo,</strong></span> 
     </span>
    </p>
   </div>
   <div class='ocr_carea' id='block_1_6' title="bbox 291 802 1880 885">
    <p class='ocr_par' dir='ltr' id='par_1_6' title="bbox 291 802 1880 885">
     <span class='ocr_line' id='line_1_6' title="bbox 291 802 1880 885; baseline -0.004 -18"><span class='ocrx_word' id='word_1_26' title='bbox 291 816 543 885; x_wconf 91' lang='lat' dir='ltr'><strong>tempus</strong></span> <span class='ocrx_word' id='word_1_27' title='bbox 574 827 673 870; x_wconf 90' lang='lat' dir='ltr'><strong>me</strong></span> <span class='ocrx_word' id='word_1_28' title='bbox 705 802 867 866; x_wconf 79' lang='lat' dir='ltr'><strong>idem</strong></span> <span class='ocrx_word' id='word_1_29' title='bbox 898 823 1091 882; x_wconf 89' lang='lat' dir='ltr'><strong>pr0pe</strong></span> <span class='ocrx_word' id='word_1_30' title='bbox 1124 804 1384 873; x_wconf 91' lang='lat' dir='ltr'><strong>intueri,</strong></span> <span class='ocrx_word' id='word_1_31' title='bbox 1420 802 1707 885; x_wconf 9' lang='lat' dir='ltr'><strong>quodrilli</strong></span> <span class='ocrx_word' id='word_1_32' title='bbox 1747 819 1880 861; x_wconf 89' lang='lat' dir='ltr'><strong>ma-</strong></span> 
     </span>
    </p>
   </div>
   <div class='ocr_carea' id='block_1_7' title="bbox 285 884 1882 968">
    <p class='ocr_par' dir='ltr' id='par_1_7' title="bbox 285 884 1882 968">
     <span class='ocr_line' id='line_1_7' title="bbox 285 884 1882 968; baseline -0.004 -21"><span class='ocrx_word' id='word_1_33' title='bbox 285 887 460 968; x_wconf 82' lang='lat' dir='ltr'><strong>jores</strong></span> <span class='ocrx_word' id='word_1_34' title='bbox 492 888 727 968; x_wconf 73' lang='lat' dir='ltr'><strong>nostri</strong></span> <span class='ocrx_word' id='word_1_35' title='bbox 768 885 1086 968; x_wconf 80' lang='lat' dir='ltr'><strong>Episcopi,</strong></span> <span class='ocrx_word' id='word_1_36' title='bbox 1136 893 1292 968; x_wconf 87' lang='lat' dir='ltr'><strong>tum,</strong></span> <span class='ocrx_word' id='word_1_37' title='bbox 1340 900 1485 941; x_wconf 92' lang='lat' dir='ltr'><strong>cum</strong></span> <span class='ocrx_word' id='word_1_38' title='bbox 1528 884 1631 968; x_wconf 77' lang='lat' dir='ltr'><strong>ad</strong></span> <span class='ocrx_word' id='word_1_39' title='bbox 1662 885 1882 968; x_wconf 80' lang='lat' dir='ltr'><strong>exlin-_</strong></span> 
     </span>
    </p>
   </div>
   <div class='ocr_carea' id='block_1_8' title="bbox 291 961 1884 1041">
    <p class='ocr_par' dir='ltr' id='par_1_8' title="bbox 291 961 1884 1041">
     <span class='ocr_line' id='line_1_8' title="bbox 291 961 1884 1041; baseline -0.003 -15"><span class='ocrx_word' id='word_1_40' title='bbox 291 961 615 1041; x_wconf 69' lang='lat' dir='ltr'><strong>guendam</strong></span> <span class='ocrx_word' id='word_1_41' title='bbox 682 961 905 1025; x_wconf 81' lang='lat' dir='ltr'><strong>Novati</strong></span> <span class='ocrx_word' id='word_1_42' title='bbox 978 964 1331 1041; x_wconf 80' lang='lat' dir='ltr'><strong>doctrinam</strong></span> <span class='ocrx_word' id='word_1_43' title='bbox 1401 961 1719 1041; x_wconf 77' lang='lat' dir='ltr'><strong>excitatus</strong></span> <span class='ocrx_word' id='word_1_44' title='bbox 1785 966 1884 1021; x_wconf 73' lang='lat' dir='ltr'><strong>est</strong></span> 
     </span>
    </p>
   </div>
   <div class='ocr_carea' id='block_1_9' title="bbox 293 1039 1881 1115">
    <p class='ocr_par' dir='ltr' id='par_1_9' title="bbox 293 1039 1881 1115">
     <span class='ocr_line' id='line_1_9' title="bbox 293 1039 1881 1115; baseline -0.004 -10"><span class='ocrx_word' id='word_1_45' title='bbox 293 1039 515 1107; x_wconf 70' lang='lat' dir='ltr'><strong>Romae</strong></span> <span class='ocrx_word' id='word_1_46' title='bbox 567 1062 857 1104; x_wconf 89' lang='lat' dir='ltr'><strong>summus</strong></span> <span class='ocrx_word' id='word_1_47' title='bbox 913 1042 1197 1102; x_wconf 76' lang='lat' dir='ltr'><strong>Pontifex</strong></span> <span class='ocrx_word' id='word_1_48' title='bbox 1246 1039 1634 1115; x_wconf 70' lang='lat' dir='ltr'><strong>Stephanus,</strong></span> <span class='ocrx_word' id='word_1_49' title='bbox 1683 1046 1743 1099; x_wconf 91' lang='lat' dir='ltr'><strong>et</strong></span> <span class='ocrx_word' id='word_1_50' title='bbox 1776 1042 1881 1115; x_wconf 91' lang='lat' dir='ltr'><strong>(ne</strong></span> 
     </span>
    </p>
   </div>
   <div class='ocr_carea' id='block_1_10' title="bbox 293 1120 1882 1201">
    <p class='ocr_par' dir='ltr' id='par_1_10' title="bbox 293 1120 1882 1201">
     <span class='ocr_line' id='line_1_10' title="bbox 293 1120 1882 1201; baseline -0.004 -17"><span class='ocrx_word' id='word_1_51' title='bbox 293 1126 597 1201; x_wconf 76' lang='lat' dir='ltr'><strong>exiguam</strong></span> <span class='ocrx_word' id='word_1_52' title='bbox 627 1125 798 1184; x_wconf 90' lang='lat' dir='ltr'><strong>illam</strong></span> <span class='ocrx_word' id='word_1_53' title='bbox 826 1123 1073 1183; x_wconf 86' lang='lat' dir='ltr'><strong>turbam</strong></span> <span class='ocrx_word' id='word_1_54' title='bbox 1100 1120 1699 1201; x_wconf 69' lang='lat' dir='ltr'><strong>antiquissimorum</strong></span> <span class='ocrx_word' id='word_1_55' title='bbox 1726 1126 1882 1179; x_wconf 88' lang='lat' dir='ltr'><strong>tem-</strong></span> 
     </span>
    </p>
   </div>
   <div class='ocr_carea' id='block_1_11' title="bbox 203 1200 1881 1281">
    <p class='ocr_par' dir='ltr' id='par_1_11' title="bbox 203 1200 1881 1281">
     <span class='ocr_line' id='line_1_11' title="bbox 203 1200 1881 1281; baseline -0.002 -18"><span class='ocrx_word' id='word_1_56' title='bbox 203 1258 208 1263; x_wconf 88' lang='lat'><strong>.</strong></span> <span class='ocrx_word' id='word_1_57' title='bbox 295 1200 555 1281; x_wconf 83' lang='lat' dir='ltr'><strong>porum,</strong></span> <span class='ocrx_word' id='word_1_58' title='bbox 611 1222 756 1264; x_wconf 90' lang='lat' dir='ltr'><strong>cum</strong></span> <span class='ocrx_word' id='word_1_59' title='bbox 799 1203 915 1262; x_wconf 89' lang='lat' dir='ltr'><strong>hac</strong></span> <span class='ocrx_word' id='word_1_60' title='bbox 965 1200 1500 1281; x_wconf 64' lang='lat' dir='ltr'><strong>rerumomnium</strong></span> <span class='ocrx_word' id='word_1_61' title='bbox 1534 1203 1881 1281; x_wconf 51' lang='lat' dir='ltr'><strong>perturbaj</strong></span> 
     </span>
    </p>
   </div>
   <div class='ocr_carea' id='block_1_12' title="bbox 204 1276 1879 1362">
    <p class='ocr_par' dir='ltr' id='par_1_12' title="bbox 204 1276 1879 1362">
     <span class='ocr_line' id='line_1_12' title="bbox 204 1276 1879 1362; baseline -0.005 -19"><span class='ocrx_word' id='word_1_62' title='bbox 204 1285 216 1299; x_wconf 83' lang='lat'><strong><em>&#39;</em></strong></span> <span class='ocrx_word' id='word_1_63' title='bbox 296 1276 469 1343; x_wconf 76' lang='lat' dir='ltr'><strong>tione</strong></span> <span class='ocrx_word' id='word_1_64' title='bbox 522 1300 914 1362; x_wconf 84' lang='lat' dir='ltr'><strong>comparem,</strong></span> <span class='ocrx_word' id='word_1_65' title='bbox 963 1282 1067 1338; x_wconf 89' lang='lat' dir='ltr'><strong>sed</strong></span> <span class='ocrx_word' id='word_1_66' title='bbox 1122 1279 1362 1355; x_wconf 92' lang='lat' dir='ltr'><strong>aliquid</strong></span> <span class='ocrx_word' id='word_1_67' title='bbox 1410 1276 1676 1362; x_wconf 80' lang='lat' dir='ltr'><strong>afferam</strong></span> <span class='ocrx_word' id='word_1_68' title='bbox 1710 1278 1879 1362; x_wconf 77' lang='lat' dir='ltr'><strong>quod</strong></span> 
     </span>
    </p>
   </div>
   <div class='ocr_carea' id='block_1_13' title="bbox 297 1358 1875 1436">
    <p class='ocr_par' dir='ltr' id='par_1_13' title="bbox 297 1358 1875 1436">
     <span class='ocr_line' id='line_1_13' title="bbox 297 1358 1875 1436; baseline -0.004 -13"><span class='ocrx_word' id='word_1_69' title='bbox 297 1362 542 1423; x_wconf 90' lang='lat' dir='ltr'><strong>malum</strong></span> <span class='ocrx_word' id='word_1_70' title='bbox 580 1358 748 1421; x_wconf 81' lang='lat' dir='ltr'><strong>istud</strong></span> <span class='ocrx_word' id='word_1_71' title='bbox 779 1368 1069 1421; x_wconf 71' lang='lat' dir='ltr'><strong>n0~lrum</strong></span> <span class='ocrx_word' id='word_1_72' title='bbox 1115 1358 1433 1436; x_wconf 82' lang='lat' dir='ltr'><strong>exaequet)</strong></span> <span class='ocrx_word' id='word_1_73' title='bbox 1469 1358 1691 1416; x_wconf 82' lang='lat' dir='ltr'><strong>iisdem</strong></span> <span class='ocrx_word' id='word_1_74' title='bbox 1723 1358 1875 1416; x_wconf 92' lang='lat' dir='ltr'><strong>mihi</strong></span> 
     </span>
    </p>
   </div>
   <div class='ocr_carea' id='block_1_14' title="bbox 297 1438 1881 1517">
    <p class='ocr_par' dir='ltr' id='par_1_14' title="bbox 297 1438 1881 1517">
     <span class='ocr_line' id='line_1_14' title="bbox 297 1438 1881 1517; baseline -0.004 -14"><span class='ocrx_word' id='word_1_75' title='bbox 297 1442 523 1503; x_wconf 87' lang='lat' dir='ltr'><strong>videor</strong></span> <span class='ocrx_word' id='word_1_76' title='bbox 552 1442 777 1501; x_wconf 89' lang='lat' dir='ltr'><strong>diebus</strong></span> <span class='ocrx_word' id='word_1_77' title='bbox 830 1455 1046 1517; x_wconf 84' lang='lat' dir='ltr'><strong>agere,</strong></span> <span class='ocrx_word' id='word_1_78' title='bbox 1091 1439 1322 1515; x_wconf 87' lang='lat' dir='ltr'><strong>quibus</strong></span> <span class='ocrx_word' id='word_1_79' title='bbox 1353 1438 1563 1496; x_wconf 88' lang='lat' dir='ltr'><strong>Julius</strong></span> <span class='ocrx_word' id='word_1_80' title='bbox 1602 1438 1706 1517; x_wconf 83' lang='lat' dir='ltr'><strong>ille</strong></span> <span class='ocrx_word' id='word_1_81' title='bbox 1747 1438 1881 1513; x_wconf 88' lang='lat' dir='ltr'><strong>pri-</strong></span> 
     </span>
    </p>
   </div>
   <div class='ocr_carea' id='block_1_15' title="bbox 297 1516 1883 1582">
    <p class='ocr_par' dir='ltr' id='par_1_15' title="bbox 297 1516 1883 1582">
     <span class='ocr_line' id='line_1_15' title="bbox 297 1516 1883 1582; baseline -0.002 -2"><span class='ocrx_word' id='word_1_82' title='bbox 297 1538 443 1581; x_wconf 91' lang='lat' dir='ltr'><strong>mus</strong></span> <span class='ocrx_word' id='word_1_83' title='bbox 480 1520 791 1582; x_wconf 88' lang='lat' dir='ltr'><strong>adversus</strong></span> <span class='ocrx_word' id='word_1_84' title='bbox 847 1516 1119 1578; x_wconf 62' lang='lat' dir='ltr'><strong>Krianos</strong></span> <span class='ocrx_word' id='word_1_85' title='bbox 1158 1524 1282 1577; x_wconf 91' lang='lat' dir='ltr'><strong>tam</strong></span> <span class='ocrx_word' id='word_1_86' title='bbox 1343 1518 1578 1577; x_wconf 84' lang='lat' dir='ltr'><strong>acriter</strong></span> <span class='ocrx_word' id='word_1_87' title='bbox 1611 1516 1883 1577; x_wconf 83' lang='lat' dir='ltr'><strong>dimica-</strong></span> 
     </span>
    </p>
   </div>
   <div class='ocr_carea' id='block_1_16' title="bbox 298 1596 1878 1678">
    <p class='ocr_par' dir='ltr' id='par_1_16' title="bbox 298 1596 1878 1678">
     <span class='ocr_line' id='line_1_16' title="bbox 298 1596 1878 1678; baseline -0.005 -17"><span class='ocrx_word' id='word_1_88' title='bbox 298 1601 414 1675; x_wconf 88' lang='lat' dir='ltr'><strong>vit,</strong></span> <span class='ocrx_word' id='word_1_89' title='bbox 474 1617 829 1678; x_wconf 88' lang='lat' dir='ltr'><strong>omnesque</strong></span> <span class='ocrx_word' id='word_1_90' title='bbox 886 1600 985 1658; x_wconf 91' lang='lat' dir='ltr'><strong>sui</strong></span> <span class='ocrx_word' id='word_1_91' title='bbox 1047 1596 1347 1678; x_wconf 88' lang='lat' dir='ltr'><strong>temporis</strong></span> <span class='ocrx_word' id='word_1_92' title='bbox 1406 1596 1756 1678; x_wconf 81' lang='lat' dir='ltr'><strong>Episcopos</strong></span> <span class='ocrx_word' id='word_1_93' title='bbox 1802 1596 1878 1654; x_wconf 91' lang='lat' dir='ltr'><strong>ad</strong></span> 
     </span>
    </p>
   </div>
   <div class='ocr_carea' id='block_1_17' title="bbox 296 1676 1880 1757">
    <p class='ocr_par' dir='ltr' id='par_1_17' title="bbox 296 1676 1880 1757">
     <span class='ocr_line' id='line_1_17' title="bbox 296 1676 1880 1757; baseline -0.004 -16"><span class='ocrx_word' id='word_1_94' title='bbox 296 1679 636 1757; x_wconf 85' lang='lat' dir='ltr'><strong>spirituale</strong></span> <span class='ocrx_word' id='word_1_95' title='bbox 689 1676 926 1739; x_wconf 77' lang='lat' dir='ltr'><strong>bellum</strong></span> <span class='ocrx_word' id='word_1_96' title='bbox 987 1677 1319 1757; x_wconf 77' lang='lat' dir='ltr'><strong>incitavit:</strong></span> <span class='ocrx_word' id='word_1_97' title='bbox 1379 1682 1437 1757; x_wconf 87' lang='lat' dir='ltr'><strong>et</strong></span> <span class='ocrx_word' id='word_1_98' title='bbox 1486 1684 1612 1737; x_wconf 90' lang='lat' dir='ltr'><strong>tam</strong></span> <span class='ocrx_word' id='word_1_99' title='bbox 1650 1676 1880 1757; x_wconf 90' lang='lat' dir='ltr'><strong>ardens</strong></span> 
     </span>
    </p>
   </div>
   <div class='ocr_carea' id='block_1_18' title="bbox 302 1755 1885 1836">
    <p class='ocr_par' dir='ltr' id='par_1_18' title="bbox 302 1755 1885 1836">
     <span class='ocr_line' id='line_1_18' title="bbox 302 1755 1885 1836; baseline -0.004 -18"><span class='ocrx_word' id='word_1_100' title='bbox 302 1755 417 1820; x_wconf 84' lang='lat' dir='ltr'><strong>fuit</strong></span> <span class='ocrx_word' id='word_1_101' title='bbox 450 1759 804 1819; x_wconf 77' lang='lat' dir='ltr'><strong>Innocentii</strong></span> <span class='ocrx_word' id='word_1_102' title='bbox 837 1757 1021 1836; x_wconf 84' lang='lat' dir='ltr'><strong>primi</strong></span> <span class='ocrx_word' id='word_1_103' title='bbox 1051 1756 1329 1815; x_wconf 88' lang='lat' dir='ltr'><strong>studium</strong></span> <span class='ocrx_word' id='word_1_104' title='bbox 1367 1756 1673 1836; x_wconf 87' lang='lat' dir='ltr'><strong>adversus</strong></span> <span class='ocrx_word' id='word_1_105' title='bbox 1707 1755 1885 1815; x_wconf 88' lang='lat' dir='ltr'><strong>Pela-</strong></span> 
     </span>
    </p>
   </div>
   <div class='ocr_carea' id='block_1_19' title="bbox 301 1835 1884 1915">
    <p class='ocr_par' dir='ltr' id='par_1_19' title="bbox 301 1835 1884 1915">
     <span class='ocr_line' id='line_1_19' title="bbox 301 1835 1884 1915; baseline -0.002 -20"><span class='ocrx_word' id='word_1_106' title='bbox 301 1840 557 1915; x_wconf 85' lang='lat' dir='ltr'><strong>gianos,</strong></span> <span class='ocrx_word' id='word_1_107' title='bbox 588 1845 646 1897; x_wconf 76' lang='lat' dir='ltr'><strong>rt</strong></span> <span class='ocrx_word' id='word_1_108' title='bbox 680 1846 805 1898; x_wconf 92' lang='lat' dir='ltr'><strong>tam</strong></span> <span class='ocrx_word' id='word_1_109' title='bbox 833 1835 1112 1914; x_wconf 83' lang='lat' dir='ltr'><strong>graviter</strong></span> <span class='ocrx_word' id='word_1_110' title='bbox 1142 1852 1432 1895; x_wconf 91' lang='lat' dir='ltr'><strong>summus</strong></span> <span class='ocrx_word' id='word_1_111' title='bbox 1466 1835 1570 1893; x_wconf 88' lang='lat' dir='ltr'><strong>ille</strong></span> <span class='ocrx_word' id='word_1_112' title='bbox 1599 1836 1725 1894; x_wconf 88' lang='lat' dir='ltr'><strong>Leo</strong></span> <span class='ocrx_word' id='word_1_113' title='bbox 1750 1836 1884 1893; x_wconf 86' lang='lat' dir='ltr'><strong>Eu-</strong></span> 
     </span>
    </p>
   </div>
   <div class='ocr_carea' id='block_1_20' title="bbox 301 1916 1881 1995">
    <p class='ocr_par' dir='ltr' id='par_1_20' title="bbox 301 1916 1881 1995">
     <span class='ocr_line' id='line_1_20' title="bbox 301 1916 1881 1995; baseline -0.003 -19"><span class='ocrx_word' id='word_1_114' title='bbox 301 1917 780 1995; x_wconf 60' lang='lat' dir='ltr'><strong>tychianorum,</strong></span> <span class='ocrx_word' id='word_1_115' title='bbox 847 1933 923 1976; x_wconf 90' lang='lat' dir='ltr'><strong>ac</strong></span> <span class='ocrx_word' id='word_1_116' title='bbox 975 1923 1352 1995; x_wconf 65' lang='lat' dir='ltr'><strong>caeterornm</strong></span> <span class='ocrx_word' id='word_1_117' title='bbox 1403 1916 1881 1992; x_wconf 73' lang='lat' dir='ltr'><strong>transfugarum</strong></span> 
     </span>
    </p>
   </div>
   <div class='ocr_carea' id='block_1_21' title="bbox 299 1994 1879 2074">
    <p class='ocr_par' dir='ltr' id='par_1_21' title="bbox 299 1994 1879 2074">
     <span class='ocr_line' id='line_1_21' title="bbox 299 1994 1879 2074; baseline -0.004 -17"><span class='ocrx_word' id='word_1_118' title='bbox 299 1994 555 2057; x_wconf 88' lang='lat' dir='ltr'><strong>errores</strong></span> <span class='ocrx_word' id='word_1_119' title='bbox 592 1997 1006 2074; x_wconf 81' lang='lat' dir='ltr'><strong>expugnavit.</strong></span> <span class='ocrx_word' id='word_1_120' title='bbox 1067 1994 1246 2074; x_wconf 89' lang='lat' dir='ltr'><strong>Nam</strong></span> <span class='ocrx_word' id='word_1_121' title='bbox 1279 2003 1539 2055; x_wconf 67' lang='lat' dir='ltr'><strong>caeteros</strong></span> <span class='ocrx_word' id='word_1_122' title='bbox 1604 2012 1722 2071; x_wconf 91' lang='lat' dir='ltr'><strong>ego</strong></span> <span class='ocrx_word' id='word_1_123' title='bbox 1756 2011 1879 2053; x_wconf 89' lang='lat' dir='ltr'><strong>non</strong></span> 
     </span>
    </p>
   </div>
   <div class='ocr_carea' id='block_1_22' title="bbox 298 2073 1881 2147">
    <p class='ocr_par' dir='ltr' id='par_1_22' title="bbox 298 2073 1881 2147">
     <span class='ocr_line' id='line_1_22' title="bbox 298 2073 1881 2147; baseline -0.003 -11"><span class='ocrx_word' id='word_1_124' title='bbox 298 2073 697 2136; x_wconf 89' lang='lat' dir='ltr'><strong>connumero</strong></span> <span class='ocrx_word' id='word_1_125' title='bbox 726 2076 1085 2143; x_wconf 84' lang='lat' dir='ltr'><strong>Pontifices,</strong></span> <span class='ocrx_word' id='word_1_126' title='bbox 1117 2073 1357 2147; x_wconf 84' lang='lat' dir='ltr'><strong>quibus</strong></span> <span class='ocrx_word' id='word_1_127' title='bbox 1390 2078 1699 2143; x_wconf 81' lang='lat' dir='ltr'><strong>tanquam</strong></span> <span class='ocrx_word' id='word_1_128' title='bbox 1758 2073 1881 2132; x_wconf 87' lang='lat' dir='ltr'><strong>du-</strong></span> 
     </span>
    </p>
   </div>
   <div class='ocr_carea' id='block_1_23' title="bbox 298 2152 1883 2231">
    <p class='ocr_par' dir='ltr' id='par_1_23' title="bbox 298 2152 1883 2231">
     <span class='ocr_line' id='line_1_23' title="bbox 298 2152 1883 2231; baseline -0.002 -16"><span class='ocrx_word' id='word_1_129' title='bbox 298 2156 479 2216; x_wconf 89' lang='lat' dir='ltr'><strong>cibus</strong></span> <span class='ocrx_word' id='word_1_130' title='bbox 511 2154 881 2217; x_wconf 88' lang='lat' dir='ltr'><strong>ccrtissimis</strong></span> <span class='ocrx_word' id='word_1_131' title='bbox 918 2170 1032 2214; x_wconf 90' lang='lat' dir='ltr'><strong>usa</strong></span> <span class='ocrx_word' id='word_1_132' title='bbox 1086 2161 1179 2214; x_wconf 91' lang='lat' dir='ltr'><strong>est</strong></span> <span class='ocrx_word' id='word_1_133' title='bbox 1236 2170 1490 2231; x_wconf 88' lang='lat' dir='ltr'><strong>semper</strong></span> <span class='ocrx_word' id='word_1_134' title='bbox 1520 2152 1883 2214; x_wconf 85' lang='lat' dir='ltr'><strong>Christiana</strong></span> 
     </span>
    </p>
   </div>
   <div class='ocr_carea' id='block_1_24' title="bbox 296 2232 1883 2311">
    <p class='ocr_par' dir='ltr' id='par_1_24' title="bbox 296 2232 1883 2311">
     <span class='ocr_line' id='line_1_24' title="bbox 296 2232 1883 2311; baseline -0.004 -16"><span class='ocrx_word' id='word_1_135' title='bbox 296 2234 586 2296; x_wconf 89' lang='lat' dir='ltr'><strong>Ecclesia</strong></span> <span class='ocrx_word' id='word_1_136' title='bbox 632 2235 708 2296; x_wconf 90' lang='lat' dir='ltr'><strong>ad</strong></span> <span class='ocrx_word' id='word_1_137' title='bbox 764 2233 1389 2311; x_wconf 83' lang='lat' dir='ltr'><strong>improbissimorum</strong></span> <span class='ocrx_word' id='word_1_138' title='bbox 1437 2232 1883 2291; x_wconf 69' lang='lat' dir='ltr'><strong>hiereticorum</strong></span> 
     </span>
    </p>
   </div>
   <div class='ocr_carea' id='block_1_25' title="bbox 297 2311 1882 2391">
    <p class='ocr_par' dir='ltr' id='par_1_25' title="bbox 297 2311 1882 2391">
     <span class='ocr_line' id='line_1_25' title="bbox 297 2311 1882 2391; baseline -0.004 -16"><span class='ocrx_word' id='word_1_139' title='bbox 297 2314 399 2375; x_wconf 89' lang='lat' dir='ltr'><strong>sui</strong></span> <span class='ocrx_word' id='word_1_140' title='bbox 441 2314 749 2391; x_wconf 88' lang='lat' dir='ltr'><strong>temporis</strong></span> <span class='ocrx_word' id='word_1_141' title='bbox 802 2313 1116 2374; x_wconf 90' lang='lat' dir='ltr'><strong>insaniam</strong></span> <span class='ocrx_word' id='word_1_142' title='bbox 1167 2311 1664 2390; x_wconf 82' lang='lat' dir='ltr'><strong>refringendam,</strong></span> <span class='ocrx_word' id='word_1_143' title='bbox 1705 2319 1766 2371; x_wconf 91' lang='lat' dir='ltr'><strong>et</strong></span> <span class='ocrx_word' id='word_1_144' title='bbox 1804 2311 1882 2391; x_wconf 83' lang='lat' dir='ltr'><strong>ad</strong></span> 
     </span>
    </p>
   </div>
   <div class='ocr_carea' id='block_1_26' title="bbox 297 2389 1885 2467">
    <p class='ocr_par' dir='ltr' id='par_1_26' title="bbox 297 2389 1885 2467">
     <span class='ocr_line' id='line_1_26' title="bbox 297 2389 1885 2467; baseline -0.006 -11"><span class='ocrx_word' id='word_1_145' title='bbox 297 2389 777 2456; x_wconf 83' lang='lat' dir='ltr'><strong>Catholicorum</strong></span> <span class='ocrx_word' id='word_1_146' title='bbox 805 2392 1016 2463; x_wconf 89' lang='lat' dir='ltr'><strong>ﬁdem,</strong></span> <span class='ocrx_word' id='word_1_147' title='bbox 1048 2409 1122 2452; x_wconf 90' lang='lat' dir='ltr'><strong>ac</strong></span> <span class='ocrx_word' id='word_1_148' title='bbox 1155 2389 1452 2467; x_wconf 79' lang='lat' dir='ltr'><strong>pietatem</strong></span> <span class='ocrx_word' id='word_1_149' title='bbox 1481 2391 1759 2451; x_wconf 77' lang='lat' dir='ltr'><strong>maxima</strong></span> <span class='ocrx_word' id='word_1_150' title='bbox 1790 2389 1885 2448; x_wconf 86' lang='lat' dir='ltr'><strong>di-</strong></span> 
     </span>
    </p>
   </div>
   <div class='ocr_carea' id='block_1_27' title="bbox 296 2469 1881 2552">
    <p class='ocr_par' dir='ltr' id='par_1_27' title="bbox 296 2469 1881 2552">
     <span class='ocr_line' id='line_1_27' title="bbox 296 2469 1881 2552; baseline -0.004 -16"><span class='ocrx_word' id='word_1_151' title='bbox 296 2472 564 2552; x_wconf 82' lang='lat' dir='ltr'><strong>ligentia</strong></span> <span class='ocrx_word' id='word_1_152' title='bbox 593 2480 652 2533; x_wconf 90' lang='lat' dir='ltr'><strong>et</strong></span> <span class='ocrx_word' id='word_1_153' title='bbox 690 2472 1386 2552; x_wconf 81' lang='lat' dir='ltr'><strong>contentionesumma</strong></span> <span class='ocrx_word' id='word_1_154' title='bbox 1430 2469 1829 2552; x_wconf 82' lang='lat' dir='ltr'><strong>retinendam</strong></span> <span class='ocrx_word' id='word_1_155' title='bbox 1864 2489 1881 2529; x_wconf 92' lang='lat'><strong>:</strong></span> 
     </span>
    </p>
   </div>
   <div class='ocr_carea' id='block_1_28' title="bbox 298 2549 1886 2630">
    <p class='ocr_par' dir='ltr' id='par_1_28' title="bbox 298 2549 1886 2630">
     <span class='ocr_line' id='line_1_28' title="bbox 298 2549 1886 2630; baseline -0.005 -16"><span class='ocrx_word' id='word_1_156' title='bbox 298 2549 515 2630; x_wconf 45' lang='lat' dir='ltr'><strong>si&#39;qua</strong></span> <span class='ocrx_word' id='word_1_157' title='bbox 546 2552 717 2612; x_wconf 89' lang='lat' dir='ltr'><strong>enim</strong></span> <span class='ocrx_word' id='word_1_158' title='bbox 750 2566 1035 2627; x_wconf 83' lang='lat' dir='ltr'><strong>unquam</strong></span> <span class='ocrx_word' id='word_1_159' title='bbox 1070 2550 1356 2619; x_wconf 84' lang='lat' dir='ltr'><strong>victoria,</strong></span> <span class='ocrx_word' id='word_1_160' title='bbox 1390 2549 1441 2608; x_wconf 89' lang='lat' dir='ltr'><strong>si</strong></span> <span class='ocrx_word' id='word_1_161' title='bbox 1476 2550 1617 2625; x_wconf 86' lang='lat' dir='ltr'><strong>quis</strong></span> <span class='ocrx_word' id='word_1_162' title='bbox 1647 2550 1886 2630; x_wconf 79' lang='lat' dir='ltr'><strong>trium-</strong></span> 
     </span>
    </p>
   </div>
   <div class='ocr_carea' id='block_1_29' title="bbox 295 2627 1885 2710">
    <p class='ocr_par' dir='ltr' id='par_1_29' title="bbox 295 2627 1885 2710">
     <span class='ocr_line' id='line_1_29' title="bbox 295 2627 1885 2710; baseline -0.002 -19"><span class='ocrx_word' id='word_1_163' title='bbox 295 2627 463 2710; x_wconf 85' lang='lat' dir='ltr'><strong>phus</strong></span> <span class='ocrx_word' id='word_1_164' title='bbox 514 2633 591 2693; x_wconf 90' lang='lat' dir='ltr'><strong>de</strong></span> <span class='ocrx_word' id='word_1_165' title='bbox 648 2632 960 2692; x_wconf 74' lang='lat' dir='ltr'><strong>hzereticis</strong></span> <span class='ocrx_word' id='word_1_166' title='bbox 1016 2630 1223 2710; x_wconf 90' lang='lat' dir='ltr'><strong>nobis,</strong></span> <span class='ocrx_word' id='word_1_167' title='bbox 1288 2638 1480 2705; x_wconf 88' lang='lat' dir='ltr'><strong>atque</strong></span> <span class='ocrx_word' id='word_1_168' title='bbox 1534 2627 1885 2707; x_wconf 83' lang='lat' dir='ltr'><strong>majoribus</strong></span> 
     </span>
    </p>
   </div>
   <div class='ocr_carea' id='block_1_30' title="bbox 300 2709 1887 2791">
    <p class='ocr_par' dir='ltr' id='par_1_30' title="bbox 300 2709 1887 2791">
     <span class='ocr_line' id='line_1_30' title="bbox 300 2709 1887 2791; baseline -0.004 -19"><span class='ocrx_word' id='word_1_169' title='bbox 300 2709 539 2772; x_wconf 85' lang='lat' dir='ltr'><strong>nostris</strong></span> <span class='ocrx_word' id='word_1_170' title='bbox 572 2712 908 2791; x_wconf 84' lang='lat' dir='ltr'><strong>contingit,</strong></span> <span class='ocrx_word' id='word_1_171' title='bbox 951 2709 1382 2791; x_wconf 80' lang='lat' dir='ltr'><strong>(contigerunt</strong></span> <span class='ocrx_word' id='word_1_172' title='bbox 1410 2714 1624 2791; x_wconf 84' lang='lat' dir='ltr'><strong>autem</strong></span> <span class='ocrx_word' id='word_1_173' title='bbox 1656 2724 1887 2784; x_wconf 88' lang='lat' dir='ltr'><strong>quam-</strong></span> 
     </span>
    </p>
   </div>
   <div class='ocr_carea' id='block_1_31' title="bbox 301 2789 1882 2871">
    <p class='ocr_par' dir='ltr' id='par_1_31' title="bbox 301 2789 1882 2871">
     <span class='ocr_line' id='line_1_31' title="bbox 301 2789 1882 2871; baseline -0.003 -22"><span class='ocrx_word' id='word_1_174' title='bbox 301 2792 593 2871; x_wconf 87' lang='lat' dir='ltr'><strong>plurimi)</strong></span> <span class='ocrx_word' id='word_1_175' title='bbox 632 2789 933 2852; x_wconf 68' lang='lat' dir='ltr'><strong>Ecclesiae</strong></span> <span class='ocrx_word' id='word_1_176' title='bbox 963 2789 1088 2849; x_wconf 76' lang='lat' dir='ltr'><strong>tum</strong></span> <span class='ocrx_word' id='word_1_177' title='bbox 1120 2790 1445 2857; x_wconf 75' lang='lat' dir='ltr'><strong>Bomanze,</strong></span> <span class='ocrx_word' id='word_1_178' title='bbox 1486 2789 1882 2871; x_wconf 78' lang='lat' dir='ltr'><strong>reliquarum</strong></span> 
     </span>
    </p>
   </div>
   <div class='ocr_carea' id='block_1_32' title="bbox 297 2867 1881 2950">
    <p class='ocr_par' dir='ltr' id='par_1_32' title="bbox 297 2867 1881 2950">
     <span class='ocr_line' id='line_1_32' title="bbox 297 2867 1881 2950; baseline -0.003 -21"><span class='ocrx_word' id='word_1_179' title='bbox 297 2867 851 2950; x_wconf 71' lang='lat' dir='ltr'><strong>omniumparenti</strong></span> <span class='ocrx_word' id='word_1_180' title='bbox 872 2871 1494 2950; x_wconf 66' lang='lat' dir='ltr'><strong>optimae,a_cceptum</strong></span> <span class='ocrx_word' id='word_1_181' title='bbox 1523 2867 1881 2950; x_wconf 69' lang='lat' dir='ltr'><strong>referimus.</strong></span> 
     </span>
    </p>
   </div>
   <div class='ocr_carea' id='block_1_33' title="bbox 294 2945 1885 3023">
    <p class='ocr_par' dir='ltr' id='par_1_33' title="bbox 294 2945 1885 3023">
     <span class='ocr_line' id='line_1_33' title="bbox 294 2945 1885 3023; baseline -0.004 -13"><span class='ocrx_word' id='word_1_182' title='bbox 294 2949 452 3023; x_wconf 64' lang='lat' dir='ltr'><strong>Quae</strong></span> <span class='ocrx_word' id='word_1_183' title='bbox 488 2945 634 3011; x_wconf 80' lang='lat' dir='ltr'><strong>cum</strong></span> <span class='ocrx_word' id='word_1_184' title='bbox 690 2965 727 3009; x_wconf 91' lang='lat' dir='ltr'><strong>a</strong></span> <span class='ocrx_word' id='word_1_185' title='bbox 777 2945 1371 3011; x_wconf 69' lang='lat' dir='ltr'><strong>Christo‘a&#39;diﬁcata</strong></span> <span class='ocrx_word' id='word_1_186' title='bbox 1405 2963 1601 3022; x_wconf 83' lang='lat' dir='ltr'><strong>super</strong></span> <span class='ocrx_word' id='word_1_187' title='bbox 1636 2945 1885 3005; x_wconf 89' lang='lat' dir='ltr'><strong>ﬁrmam</strong></span> 
     </span>
    </p>
   </div>
   <div class='ocr_carea' id='block_1_34' title="bbox 295 3025 1883 3107">
    <p class='ocr_par' dir='ltr' id='par_1_34' title="bbox 295 3025 1883 3107">
     <span class='ocr_line' id='line_1_34' title="bbox 295 3025 1883 3107; baseline -0.003 -17"><span class='ocrx_word' id='word_1_188' title='bbox 295 3036 590 3107; x_wconf 87' lang='lat' dir='ltr'><strong>petram,</strong></span> <span class='ocrx_word' id='word_1_189' title='bbox 641 3029 947 3089; x_wconf 87' lang='lat' dir='ltr'><strong>adversus</strong></span> <span class='ocrx_word' id='word_1_190' title='bbox 1012 3026 1365 3087; x_wconf 84' lang='lat' dir='ltr'><strong>inferorum</strong></span> <span class='ocrx_word' id='word_1_191' title='bbox 1423 3032 1639 3107; x_wconf 82' lang='lat' dir='ltr'><strong>portas</strong></span> <span class='ocrx_word' id='word_1_192' title='bbox 1698 3025 1883 3107; x_wconf 78' lang='lat' dir='ltr'><strong>toties</strong></span> 
     </span>
    </p>
   </div>
   <div class='ocr_carea' id='block_1_35' title="bbox 294 3103 1883 3184">
    <p class='ocr_par' dir='ltr' id='par_1_35' title="bbox 294 3103 1883 3184">
     <span class='ocr_line' id='line_1_35' title="bbox 294 3103 1883 3184; baseline -0.001 -17"><span class='ocrx_word' id='word_1_193' title='bbox 294 3103 641 3180; x_wconf 78' lang='lat' dir='ltr'><strong>dimicarit,</strong></span> <span class='ocrx_word' id='word_1_194' title='bbox 667 3108 1018 3184; x_wconf 87' lang='lat' dir='ltr'><strong>permansit</strong></span> <span class='ocrx_word' id='word_1_195' title='bbox 1043 3123 1295 3183; x_wconf 87' lang='lat' dir='ltr'><strong>semper</strong></span> <span class='ocrx_word' id='word_1_196' title='bbox 1322 3103 1491 3184; x_wconf 80' lang='lat' dir='ltr'><strong>quod</strong></span> <span class='ocrx_word' id='word_1_197' title='bbox 1519 3104 1713 3165; x_wconf 89' lang='lat' dir='ltr'><strong>semel</strong></span> <span class='ocrx_word' id='word_1_198' title='bbox 1743 3122 1883 3165; x_wconf 89' lang='lat' dir='ltr'><strong>esse</strong></span> 
     </span>
    </p>
   </div>
   <div class='ocr_carea' id='block_1_36' title="bbox 293 3182 1882 3267">
    <p class='ocr_par' dir='ltr' id='par_1_36' title="bbox 293 3182 1882 3267">
     <span class='ocr_line' id='line_1_36' title="bbox 293 3182 1882 3267; baseline -0.004 -18"><span class='ocrx_word' id='word_1_199' title='bbox 293 3182 817 3267; x_wconf 68' lang='lat' dir='ltr'><strong>coapit,columna</strong></span> <span class='ocrx_word' id='word_1_200' title='bbox 846 3196 1040 3264; x_wconf 90' lang='lat' dir='ltr'><strong>atque</strong></span> <span class='ocrx_word' id='word_1_201' title='bbox 1071 3182 1353 3267; x_wconf 83' lang='lat' dir='ltr'><strong>veritatis</strong></span> <span class='ocrx_word' id='word_1_202' title='bbox 1386 3182 1882 3267; x_wconf 73' lang='lat' dir='ltr'><strong>ﬁrmamentum,</strong></span> 
     </span>
    </p>
   </div>
   <div class='ocr_carea' id='block_1_37' title="bbox 295 3264 1885 3346">
    <p class='ocr_par' dir='ltr' id='par_1_37' title="bbox 295 3264 1885 3346">
     <span class='ocr_line' id='line_1_37' title="bbox 295 3264 1885 3346; baseline -0.003 -19"><span class='ocrx_word' id='word_1_203' title='bbox 295 3264 593 3346; x_wconf 77' lang='lat' dir='ltr'><strong>illudque</strong></span> <span class='ocrx_word' id='word_1_204' title='bbox 624 3286 748 3328; x_wconf 87' lang='lat' dir='ltr'><strong>non</strong></span> <span class='ocrx_word' id='word_1_205' title='bbox 788 3285 899 3343; x_wconf 91' lang='lat' dir='ltr'><strong>per</strong></span> <span class='ocrx_word' id='word_1_206' title='bbox 944 3265 1237 3344; x_wconf 65' lang='lat' dir='ltr'><strong>quaedam</strong></span> <span class='ocrx_word' id='word_1_207' title='bbox 1287 3268 1645 3339; x_wconf 88' lang='lat' dir='ltr'><strong>temporum</strong></span> <span class='ocrx_word' id='word_1_208' title='bbox 1685 3264 1885 3323; x_wconf 90' lang='lat' dir='ltr'><strong>inter-</strong></span> 
     </span>
    </p>
   </div>
   <div class='ocr_carea' id='block_1_38' title="bbox 296 3346 1883 3422">
    <p class='ocr_par' dir='ltr' id='par_1_38' title="bbox 296 3346 1883 3422">
     <span class='ocr_line' id='line_1_38' title="bbox 296 3346 1883 3422; baseline -0.002 -17"><span class='ocrx_word' id='word_1_209' title='bbox 296 3346 469 3408; x_wconf 88' lang='lat' dir='ltr'><strong>valla</strong></span> <span class='ocrx_word' id='word_1_210' title='bbox 507 3353 938 3421; x_wconf 80' lang='lat' dir='ltr'><strong>exstructum,</strong></span> <span class='ocrx_word' id='word_1_211' title='bbox 987 3347 1096 3406; x_wconf 90' lang='lat' dir='ltr'><strong>sed</strong></span> <span class='ocrx_word' id='word_1_212' title='bbox 1142 3350 1448 3422; x_wconf 89' lang='lat' dir='ltr'><strong>perpetua</strong></span> <span class='ocrx_word' id='word_1_213' title='bbox 1481 3360 1883 3422; x_wconf 83' lang='lat' dir='ltr'><strong>summorum</strong></span> 
     </span>
    </p>
   </div>
   <div class='ocr_carea' id='block_1_39' title="bbox 293 3421 1886 3488">
    <p class='ocr_par' dir='ltr' id='par_1_39' title="bbox 293 3421 1886 3488">
     <span class='ocr_line' id='line_1_39' title="bbox 293 3421 1886 3488; baseline -0.003 -1"><span class='ocrx_word' id='word_1_214' title='bbox 293 3426 635 3487; x_wconf 86' lang='lat' dir='ltr'><strong>hominum</strong></span> <span class='ocrx_word' id='word_1_215' title='bbox 664 3433 725 3488; x_wconf 91' lang='lat' dir='ltr'><strong>et</strong></span> <span class='ocrx_word' id='word_1_216' title='bbox 745 3421 1297 3486; x_wconf 84' lang='lat' dir='ltr'><strong>sanctissimorum</strong></span> <span class='ocrx_word' id='word_1_217' title='bbox 1317 3421 1689 3482; x_wconf 88' lang='lat' dir='ltr'><strong>Pontiﬁcum</strong></span> <span class='ocrx_word' id='word_1_218' title='bbox 1721 3424 1886 3482; x_wconf 88' lang='lat' dir='ltr'><strong>serie</strong></span> 
     </span>
    </p>
   </div>
   <div class='ocr_carea' id='block_1_40' title="bbox 294 3501 1886 3583">
    <p class='ocr_par' dir='ltr' id='par_1_40' title="bbox 294 3501 1886 3583">
     <span class='ocr_line' id='line_1_40' title="bbox 294 3501 1886 3583; baseline -0.004 -16"><span class='ocrx_word' id='word_1_219' title='bbox 294 3506 389 3567; x_wconf 84' lang='lat' dir='ltr'><strong>sic</strong></span> <span class='ocrx_word' id='word_1_220' title='bbox 422 3505 678 3579; x_wconf 88' lang='lat' dir='ltr'><strong>fultum,</strong></span> <span class='ocrx_word' id='word_1_221' title='bbox 708 3512 777 3567; x_wconf 88' lang='lat' dir='ltr'><strong>ut</strong></span> <span class='ocrx_word' id='word_1_222' title='bbox 813 3506 921 3583; x_wconf 88' lang='lat' dir='ltr'><strong>qui</strong></span> <span class='ocrx_word' id='word_1_223' title='bbox 954 3523 1022 3564; x_wconf 89' lang='lat' dir='ltr'><strong>se</strong></span> <span class='ocrx_word' id='word_1_224' title='bbox 1054 3504 1205 3564; x_wconf 93' lang='lat' dir='ltr'><strong>huic</strong></span> <span class='ocrx_word' id='word_1_225' title='bbox 1240 3504 1642 3583; x_wconf 68' lang='lat' dir='ltr'><strong>tamcaalesti</strong></span> <span class='ocrx_word' id='word_1_226' title='bbox 1670 3501 1886 3578; x_wconf 87' lang='lat' dir='ltr'><strong>provi-</strong></span> 
     </span>
    </p>
   </div>
   <div class='ocr_carea' id='block_1_41' title="bbox 293 3582 1884 3659">
    <p class='ocr_par' dir='ltr' id='par_1_41' title="bbox 293 3582 1884 3659">
     <span class='ocr_line' id='line_1_41' title="bbox 293 3582 1884 3659; baseline -0.003 -14"><span class='ocrx_word' id='word_1_227' title='bbox 293 3586 526 3647; x_wconf 75' lang='lat' dir='ltr'><strong>dentia)</strong></span> <span class='ocrx_word' id='word_1_228' title='bbox 576 3590 639 3646; x_wconf 83' lang='lat' dir='ltr'><strong>et</strong></span> <span class='ocrx_word' id='word_1_229' title='bbox 682 3582 907 3646; x_wconf 86' lang='lat' dir='ltr'><strong>Divino</strong></span> <span class='ocrx_word' id='word_1_230' title='bbox 939 3583 1146 3645; x_wconf 88' lang='lat' dir='ltr'><strong>ordini</strong></span> <span class='ocrx_word' id='word_1_231' title='bbox 1189 3582 1642 3659; x_wconf 77' lang='lat' dir='ltr'><strong>permiserunt,</strong></span> <span class='ocrx_word' id='word_1_232' title='bbox 1705 3598 1884 3641; x_wconf 91' lang='lat' dir='ltr'><strong>nun-</strong></span> 
     </span>
    </p>
   </div>
   <div class='ocr_carea' id='block_1_42' title="bbox 294 3660 1884 3742">
    <p class='ocr_par' dir='ltr' id='par_1_42' title="bbox 294 3660 1884 3742">
     <span class='ocr_line' id='line_1_42' title="bbox 294 3660 1884 3742; baseline -0.003 -19"><span class='ocrx_word' id='word_1_233' title='bbox 294 3680 491 3742; x_wconf 82' lang='lat' dir='ltr'><strong>quam</strong></span> <span class='ocrx_word' id='word_1_234' title='bbox 529 3665 863 3726; x_wconf 89' lang='lat' dir='ltr'><strong>hominum</strong></span> <span class='ocrx_word' id='word_1_235' title='bbox 892 3681 1112 3725; x_wconf 90' lang='lat' dir='ltr'><strong>errore</strong></span> <span class='ocrx_word' id='word_1_236' title='bbox 1153 3679 1229 3722; x_wconf 85' lang='lat' dir='ltr'><strong>ac</strong></span> <span class='ocrx_word' id='word_1_237' title='bbox 1256 3661 1538 3738; x_wconf 87' lang='lat' dir='ltr'><strong>nequitia</strong></span> <span class='ocrx_word' id='word_1_238' title='bbox 1574 3660 1884 3742; x_wconf 78' lang='lat' dir='ltr'><strong>perculsi,</strong></span> 
     </span>
    </p>
   </div>
   <div class='ocr_carea' id='block_1_43' title="bbox 297 3740 1887 3806">
    <p class='ocr_par' dir='ltr' id='par_1_43' title="bbox 297 3740 1887 3806">
     <span class='ocr_line' id='line_1_43' title="bbox 297 3740 1887 3806; baseline -0.001 -3"><span class='ocrx_word' id='word_1_239' title='bbox 297 3740 359 3804; x_wconf 71' lang='lat' dir='ltr'><strong>in</strong></span> <span class='ocrx_word' id='word_1_240' title='bbox 417 3761 670 3805; x_wconf 88' lang='lat' dir='ltr'><strong>omnem</strong></span> <span class='ocrx_word' id='word_1_241' title='bbox 726 3744 1031 3806; x_wconf 74' lang='lat' dir='ltr'><strong>doctrinm</strong></span> <span class='ocrx_word' id='word_1_242' title='bbox 1070 3750 1327 3803; x_wconf 86' lang='lat' dir='ltr'><strong>ventum</strong></span> <span class='ocrx_word' id='word_1_243' title='bbox 1380 3742 1746 3802; x_wconf 64' lang='lat' dir='ltr'><strong>(estnarint:</strong></span> <span class='ocrx_word' id='word_1_244' title='bbox 1781 3740 1887 3801; x_wconf 81' lang='lat' dir='ltr'><strong>sed</strong></span> 
     </span>
    </p>
   </div>
   <div class='ocr_carea' id='block_1_44' title="bbox 295 3818 1880 3911">
    <p class='ocr_par' dir='ltr' id='par_1_44' title="bbox 295 3818 1880 3911">
     <span class='ocr_line' id='line_1_44' title="bbox 295 3818 1880 3911; baseline -0.003 -28"><span class='ocrx_word' id='word_1_245' title='bbox 295 3824 622 3911; x_wconf 62' lang='grc' dir='ltr'><strong>ςενξιαιεπι</strong></span> <span class='ocrx_word' id='word_1_246' title='bbox 653 3823 838 3911; x_wconf 82' lang='lat' dir='ltr'><strong>_(ula_r_</strong></span> <span class='ocrx_word' id='word_1_247' title='bbox 868 3824 1075 3911; x_wconf 79' lang='lat' dir='ltr'><strong>verbis</strong></span> <span class='ocrx_word' id='word_1_248' title='bbox 1112 3820 1704 3911; x_wconf 81' lang='lat' dir='ltr'><strong>Apostoli_[Ephes.</strong></span> <span class='ocrx_word' id='word_1_249' title='bbox 1743 3818 1831 3898; x_wconf 49' lang='lat' dir='ltr'><strong>In]</strong></span> <span class='ocrx_word' id='word_1_250' title='bbox 1861 3824 1880 3898; x_wconf 91' lang='lat'>)</span> 
     </span>
    </p>
   </div>
   <div class='ocr_carea' id='block_1_45' title="bbox 295 3904 1886 3980">
    <p class='ocr_par' dir='ltr' id='par_1_45' title="bbox 295 3904 1886 3980">
     <span class='ocr_line' id='line_1_45' title="bbox 295 3904 1886 3980; baseline -0.001 -18"><span class='ocrx_word' id='word_1_251' title='bbox 295 3904 595 3980; x_wconf 80' lang='lat' dir='ltr'><strong>facientes</strong></span> <span class='ocrx_word' id='word_1_252' title='bbox 641 3904 708 3965; x_wconf 72' lang='lat' dir='ltr'><strong>in</strong></span> <span class='ocrx_word' id='word_1_253' title='bbox 764 3904 1043 3976; x_wconf 79' lang='lat' dir='ltr'><strong>Christo,</strong></span> <span class='ocrx_word' id='word_1_254' title='bbox 1105 3920 1183 3961; x_wconf 79' lang='lat' dir='ltr'><strong>ea:</strong></span> <span class='ocrx_word' id='word_1_255' title='bbox 1227 3918 1346 3980; x_wconf 84' lang='lat' dir='ltr'><strong>quo</strong></span> <span class='ocrx_word' id='word_1_256' title='bbox 1406 3908 1607 3959; x_wconf 81' lang='lat' dir='ltr'><strong>totum</strong></span> <span class='ocrx_word' id='word_1_257' title='bbox 1655 3917 1886 3979; x_wconf 78' lang='lat' dir='ltr'><strong>corpus</strong></span> 
     </span>
    </p>
   </div>
   <div class='ocr_carea' id='block_1_46' title="bbox 296 3980 1886 4062">
    <p class='ocr_par' dir='ltr' id='par_1_46' title="bbox 296 3980 1886 4062">
     <span class='ocr_line' id='line_1_46' title="bbox 296 3980 1886 4062; baseline -0.002 -19"><span class='ocrx_word' id='word_1_258' title='bbox 296 3992 708 4062; x_wconf 84' lang='lat' dir='ltr'><strong>compactum,</strong></span> <span class='ocrx_word' id='word_1_259' title='bbox 746 3993 798 4044; x_wconf 82' lang='lat' dir='ltr'><strong>et</strong></span> <span class='ocrx_word' id='word_1_260' title='bbox 838 4000 1191 4043; x_wconf 77' lang='lat' dir='ltr'><strong>connexum</strong></span> <span class='ocrx_word' id='word_1_261' title='bbox 1209 3997 1338 4062; x_wconf 63' lang='grc' dir='ltr'><strong>ριιν⁸</strong></span> <span class='ocrx_word' id='word_1_262' title='bbox 1360 3997 1595 4040; x_wconf 81' lang='lat' dir='ltr'><strong>omnem</strong></span> <span class='ocrx_word' id='word_1_263' title='bbox 1616 3980 1886 4059; x_wconf 82' lang='lat' dir='ltr'><strong>junctu-</strong></span> 
     </span>
    </p>
   </div>
   <div class='ocr_carea' id='block_1_47' title="bbox 294 4058 1887 4137">
    <p class='ocr_par' dir='ltr' id='par_1_47' title="bbox 294 4058 1887 4137">
     <span class='ocr_line' id='line_1_47' title="bbox 294 4058 1887 4137; baseline 0.001 -17"><span class='ocrx_word' id='word_1_264' title='bbox 294 4058 1082 4137; x_wconf 52' lang='lat' dir='ltr'><strong>ram&#39;subministrationis,</strong></span> <span class='ocrx_word' id='word_1_265' title='bbox 1106 4058 1442 4120; x_wconf 81' lang='lat' dir='ltr'><strong>secundum</strong></span> <span class='ocrx_word' id='word_1_266' title='bbox 1466 4058 1887 4137; x_wconf 73' lang='lat' dir='ltr'><strong>operationem</strong></span> 
     </span>
    </p>
   </div>
   <div class='ocr_carea' id='block_1_48' title="bbox 302 4137 1888 4233">
    <p class='ocr_par' dir='ltr' id='par_1_48' title="bbox 302 4137 1888 4233">
     <span class='ocr_line' id='line_1_48' title="bbox 302 4137 1888 4233; baseline 0 -32"><span class='ocrx_word' id='word_1_267' title='bbox 302 4143 370 4202; x_wconf 80' lang='lat' dir='ltr'><strong>in</strong></span> <span class='ocrx_word' id='word_1_268' title='bbox 396 4160 745 4233; x_wconf 57' lang='lat' dir='ltr'><strong>manserein</strong></span> <span class='ocrx_word' id='word_1_269' title='bbox 772 4137 1549 4233; x_wconf 39' lang='lat' dir='ltr'><strong>uniuscujusque-membri:</strong></span> <span class='ocrx_word' id='word_1_270' title='bbox 1587 4139 1652 4198; x_wconf 80' lang='lat' dir='ltr'><strong>in</strong></span> <span class='ocrx_word' id='word_1_271' title='bbox 1684 4137 1888 4233; x_wconf 52' lang='lat' dir='ltr'><strong>citari:</strong></span> 
     </span>
    </p>
   </div>
   <div class='ocr_carea' id='block_1_49' title="bbox 305 4218 1888 4302">
    <p class='ocr_par' dir='ltr' id='par_1_49' title="bbox 305 4218 1888 4302">
     <span class='ocr_line' id='line_1_49' title="bbox 305 4218 1888 4302; baseline -0.001 -24"><span class='ocrx_word' id='word_1_272' title='bbox 305 4223 456 4283; x_wconf 79' lang='lat' dir='ltr'><strong>tatis</strong></span> <span class='ocrx_word' id='word_1_273' title='bbox 513 4222 985 4302; x_wconf 74' lang='lat' dir='ltr'><strong>wdiﬁcationem</strong></span> <span class='ocrx_word' id='word_1_274' title='bbox 1033 4218 1424 4302; x_wconf 71' lang='lat' dir='ltr'><strong>incredibile</strong></span> <span class='ocrx_word' id='word_1_275' title='bbox 1452 4218 1888 4302; x_wconf 82' lang='lat' dir='ltr'><strong>sui_ceper_int</strong></span> 
     </span>
    </p>
   </div>
   <div class='ocr_carea' id='block_1_50' title="bbox 302 4297 1884 4373">
    <p class='ocr_par' dir='ltr' id='par_1_50' title="bbox 302 4297 1884 4373">
     <span class='ocr_line' id='line_1_50' title="bbox 302 4297 1884 4373; baseline -0.002 -13"><span class='ocrx_word' id='word_1_276' title='bbox 302 4297 793 4362; x_wconf 79' lang='lat' dir='ltr'><strong>incrementum.</strong></span> <span class='ocrx_word' id='word_1_277' title='bbox 818 4302 977 4362; x_wconf 90' lang='lat' dir='ltr'><strong>Nam</strong></span> <span class='ocrx_word' id='word_1_278' title='bbox 1008 4306 1251 4362; x_wconf 69' lang='lat' dir='ltr'><strong>czeteraa</strong></span> <span class='ocrx_word' id='word_1_279' title='bbox 1278 4297 1532 4373; x_wconf 89' lang='lat' dir='ltr'><strong>quidem</strong></span> <span class='ocrx_word' id='word_1_280' title='bbox 1562 4297 1884 4368; x_wconf 67' lang='lat' dir='ltr'><strong>Ecclesiae,</strong></span> 
     </span>
    </p>
   </div>
   <div class='ocr_carea' id='block_1_51' title="bbox 302 4376 1883 4458">
    <p class='ocr_par' dir='ltr' id='par_1_51' title="bbox 302 4376 1883 4458">
     <span class='ocr_line' id='line_1_51' title="bbox 302 4376 1883 4458; baseline -0.002 -20"><span class='ocrx_word' id='word_1_281' title='bbox 302 4397 663 4458; x_wconf 87' lang='lat' dir='ltr'><strong>earumque</strong></span> <span class='ocrx_word' id='word_1_282' title='bbox 700 4388 992 4458; x_wconf 86' lang='lat' dir='ltr'><strong>pastores</strong></span> <span class='ocrx_word' id='word_1_283' title='bbox 1027 4378 1339 4458; x_wconf 85' lang='lat' dir='ltr'><strong>adversus</strong></span> <span class='ocrx_word' id='word_1_284' title='bbox 1372 4376 1883 4458; x_wconf 82' lang='lat' dir='ltr'><strong>quamplurimos</strong></span> 
     </span>
    </p>
   </div>
   <div class='ocr_carea' id='block_1_52' title="bbox 302 4456 1884 4537">
    <p class='ocr_par' dir='ltr' id='par_1_52' title="bbox 302 4456 1884 4537">
     <span class='ocr_line' id='line_1_52' title="bbox 302 4456 1884 4537; baseline -0.001 -19"><span class='ocrx_word' id='word_1_285' title='bbox 302 4459 472 4530; x_wconf 85' lang='lat' dir='ltr'><strong>fidei,</strong></span> <span class='ocrx_word' id='word_1_286' title='bbox 518 4456 596 4521; x_wconf 77' lang='lat' dir='ltr'><strong>ac</strong></span> <span class='ocrx_word' id='word_1_287' title='bbox 650 4456 979 4537; x_wconf 85' lang='lat' dir='ltr'><strong>religionis</strong></span> <span class='ocrx_word' id='word_1_288' title='bbox 1037 4457 1420 4537; x_wconf 68' lang='lat' dir='ltr'><strong>Apostolica:</strong></span> <span class='ocrx_word' id='word_1_289' title='bbox 1472 4456 1685 4517; x_wconf 85' lang='lat' dir='ltr'><strong>hostes</strong></span> <span class='ocrx_word' id='word_1_290' title='bbox 1717 4472 1884 4534; x_wconf 71' lang='lat' dir='ltr'><strong>saepe</strong></span> 
     </span>
    </p>
   </div>
   <div class='ocr_carea' id='block_1_53' title="bbox 302 4538 1886 4616">
    <p class='ocr_par' dir='ltr' id='par_1_53' title="bbox 302 4538 1886 4616">
     <span class='ocr_line' id='line_1_53' title="bbox 302 4538 1886 4616; baseline -0.003 -18"><span class='ocrx_word' id='word_1_291' title='bbox 302 4538 545 4615; x_wconf 88' lang='lat' dir='ltr'><strong>ubique</strong></span> <span class='ocrx_word' id='word_1_292' title='bbox 580 4538 708 4601; x_wconf 89' lang='lat' dir='ltr'><strong>fere</strong></span> <span class='ocrx_word' id='word_1_293' title='bbox 738 4541 1045 4616; x_wconf 84' lang='lat' dir='ltr'><strong>gentium,</strong></span> <span class='ocrx_word' id='word_1_294' title='bbox 1078 4543 1140 4597; x_wconf 88' lang='lat' dir='ltr'><strong>in</strong></span> <span class='ocrx_word' id='word_1_295' title='bbox 1183 4538 1336 4596; x_wconf 85' lang='lat' dir='ltr'><strong>Asia</strong></span> <span class='ocrx_word' id='word_1_296' title='bbox 1384 4553 1535 4616; x_wconf 87' lang='lat' dir='ltr'><strong>vero</strong></span> <span class='ocrx_word' id='word_1_297' title='bbox 1583 4540 1886 4611; x_wconf 82' lang='lat' dir='ltr'><strong>maxime,</strong></span> 
     </span>
    </p>
   </div>
   <div class='ocr_carea' id='block_1_54' title="bbox 301 4615 1886 4697">
    <p class='ocr_par' dir='ltr' id='par_1_54' title="bbox 301 4615 1886 4697">
     <span class='ocr_line' id='line_1_54' title="bbox 301 4615 1886 4697; baseline -0.001 -20"><span class='ocrx_word' id='word_1_298' title='bbox 301 4622 366 4678; x_wconf 89' lang='lat' dir='ltr'><strong>et</strong></span> <span class='ocrx_word' id='word_1_299' title='bbox 403 4616 628 4697; x_wconf 83' lang='lat' dir='ltr'><strong>Libya,</strong></span> <span class='ocrx_word' id='word_1_300' title='bbox 686 4615 1121 4691; x_wconf 78' lang='lat' dir='ltr'><strong>decertarent,</strong></span> <span class='ocrx_word' id='word_1_301' title='bbox 1174 4623 1234 4677; x_wconf 94' lang='lat' dir='ltr'><strong>et</strong></span> <span class='ocrx_word' id='word_1_302' title='bbox 1270 4632 1397 4697; x_wconf 84' lang='lat' dir='ltr'><strong>non</strong></span> <span class='ocrx_word' id='word_1_303' title='bbox 1456 4615 1597 4674; x_wconf 83' lang='lat' dir='ltr'><strong>sine</strong></span> <span class='ocrx_word' id='word_1_304' title='bbox 1638 4631 1886 4675; x_wconf 89' lang='lat' dir='ltr'><strong>summa</strong></span> 
     </span>
    </p>
   </div>
   <div class='ocr_carea' id='block_1_55' title="bbox 302 4694 1890 4776">
    <p class='ocr_par' dir='ltr' id='par_1_55' title="bbox 302 4694 1890 4776">
     <span class='ocr_line' id='line_1_55' title="bbox 302 4694 1890 4776; baseline -0.003 -19"><span class='ocrx_word' id='word_1_305' title='bbox 302 4698 493 4759; x_wconf 83' lang='lat' dir='ltr'><strong>laude</strong></span> <span class='ocrx_word' id='word_1_306' title='bbox 523 4694 729 4760; x_wconf 53' lang='lat' dir='ltr'><strong>&#39;victos</strong></span> <span class='ocrx_word' id='word_1_307' title='bbox 770 4698 1233 4776; x_wconf 84' lang='lat' dir='ltr'><strong>proﬂigarunt:</strong></span> <span class='ocrx_word' id='word_1_308' title='bbox 1271 4694 1377 4754; x_wconf 91' lang='lat' dir='ltr'><strong>sed</strong></span> <span class='ocrx_word' id='word_1_309' title='bbox 1407 4712 1549 4754; x_wconf 93' lang='lat' dir='ltr'><strong>cum</strong></span> <span class='ocrx_word' id='word_1_310' title='bbox 1598 4710 1890 4776; x_wconf 87' lang='lat' dir='ltr'><strong>sese_eo-</strong></span> 
     </span>
    </p>
   </div>
   <div class='ocr_carea' id='block_1_56' title="bbox 302 4774 1885 4854">
    <p class='ocr_par' dir='ltr' id='par_1_56' title="bbox 302 4774 1885 4854">
     <span class='ocr_line' id='line_1_56' title="bbox 302 4774 1885 4854; baseline -0.004 -16"><span class='ocrx_word' id='word_1_311' title='bbox 302 4793 452 4838; x_wconf 84' lang='lat' dir='ltr'><strong>rum</strong></span> <span class='ocrx_word' id='word_1_312' title='bbox 482 4774 868 4854; x_wconf 14' lang='lat' dir='ltr'><strong>posterisiad</strong></span> <span class='ocrx_word' id='word_1_313' title='bbox 899 4774 1216 4853; x_wconf 84' lang='lat' dir='ltr'><strong>normam,</strong></span> <span class='ocrx_word' id='word_1_314' title='bbox 1249 4782 1309 4834; x_wconf 89' lang='lat' dir='ltr'><strong>et</strong></span> <span class='ocrx_word' id='word_1_315' title='bbox 1362 4790 1701 4834; x_wconf 84' lang='lat' dir='ltr'><strong>censuram</strong></span> <span class='ocrx_word' id='word_1_316' title='bbox 1749 4774 1885 4832; x_wconf 72' lang='lat' dir='ltr'><strong>lto-</strong></span> 
     </span>
    </p>
   </div>
   <div class='ocr_carea' id='block_1_57' title="bbox 304 4855 1891 4936">
    <p class='ocr_par' dir='ltr' id='par_1_57' title="bbox 304 4855 1891 4936">
     <span class='ocr_line' id='line_1_57' title="bbox 304 4855 1891 4936; baseline -0.002 -20"><span class='ocrx_word' id='word_1_317' title='bbox 304 4871 512 4917; x_wconf 71' lang='lat' dir='ltr'><strong>manaa</strong></span> <span class='ocrx_word' id='word_1_318' title='bbox 554 4858 742 4931; x_wconf 89' lang='lat' dir='ltr'><strong>sedis,</strong></span> <span class='ocrx_word' id='word_1_319' title='bbox 773 4875 967 4936; x_wconf 90' lang='lat' dir='ltr'><strong>quam</strong></span> <span class='ocrx_word' id='word_1_320' title='bbox 999 4863 1241 4919; x_wconf 78' lang='lat' dir='ltr'><strong>veteres</strong></span> <span class='ocrx_word' id='word_1_321' title='bbox 1272 4855 1359 4913; x_wconf 89' lang='lat' dir='ltr'><strong>illi</strong></span> <span class='ocrx_word' id='word_1_322' title='bbox 1412 4858 1741 4936; x_wconf 84' lang='lat' dir='ltr'><strong>tantopere</strong></span> <span class='ocrx_word' id='word_1_323' title='bbox 1778 4871 1891 4936; x_wconf 88' lang='lat' dir='ltr'><strong>ve—_</strong></span> 
     </span>
    </p>
   </div>
   <div class='ocr_carea' id='block_1_58' title="bbox 306 4934 1885 5007">
    <p class='ocr_par' dir='ltr' id='par_1_58' title="bbox 306 4934 1885 5007">
     <span class='ocr_line' id='line_1_58' title="bbox 306 4934 1885 5007; baseline -0.004 -12"><span class='ocrx_word' id='word_1_324' title='bbox 306 4938 513 4997; x_wconf 89' lang='lat' dir='ltr'><strong>nerati</strong></span> <span class='ocrx_word' id='word_1_325' title='bbox 545 4944 719 5007; x_wconf 86' lang='lat' dir='ltr'><strong>sunt,</strong></span> <span class='ocrx_word' id='word_1_326' title='bbox 794 4934 1281 4998; x_wconf 79' lang='lat' dir='ltr'><strong>accommodare</strong></span> <span class='ocrx_word' id='word_1_327' title='bbox 1350 4934 1724 5007; x_wconf 89' lang='lat' dir='ltr'><strong>noluerunt,</strong></span> <span class='ocrx_word' id='word_1_328' title='bbox 1779 4934 1885 4992; x_wconf 84' lang='lat' dir='ltr'><strong>sed</strong></span> 
     </span>
    </p>
   </div>
   <div class='ocr_carea' id='block_1_59' title="bbox 303 5014 1885 5093">
    <p class='ocr_par' dir='ltr' id='par_1_59' title="bbox 303 5014 1885 5093">
     <span class='ocr_line' id='line_1_59' title="bbox 303 5014 1885 5093; baseline -0.003 -17"><span class='ocrx_word' id='word_1_329' title='bbox 303 5021 531 5093; x_wconf 86' lang='lat' dir='ltr'><strong>sponte</strong></span> <span class='ocrx_word' id='word_1_330' title='bbox 564 5034 631 5077; x_wconf 88' lang='lat' dir='ltr'><strong>se</strong></span> <span class='ocrx_word' id='word_1_331' title='bbox 667 5034 744 5078; x_wconf 93' lang='lat' dir='ltr'><strong>ac</strong></span> <span class='ocrx_word' id='word_1_332' title='bbox 796 5017 1236 5092; x_wconf 88' lang='lat' dir='ltr'><strong>imprudenter</strong></span> <span class='ocrx_word' id='word_1_333' title='bbox 1264 5014 1401 5091; x_wconf 86' lang='lat' dir='ltr'><strong>ejus</strong></span> <span class='ocrx_word' id='word_1_334' title='bbox 1436 5014 1685 5090; x_wconf 85' lang='lat' dir='ltr'><strong>legibus</strong></span> <span class='ocrx_word' id='word_1_335' title='bbox 1721 5014 1885 5072; x_wconf 91' lang='lat' dir='ltr'><strong>sub-</strong></span> 
     </span>
    </p>
   </div>
   <div class='ocr_carea' id='block_1_60' title="bbox 303 5094 1886 5171">
    <p class='ocr_par' dir='ltr' id='par_1_60' title="bbox 303 5094 1886 5171">
     <span class='ocr_line' id='line_1_60' title="bbox 303 5094 1886 5171; baseline -0.003 -16"><span class='ocrx_word' id='word_1_336' title='bbox 303 5096 659 5171; x_wconf 84' lang='lat' dir='ltr'><strong>duxerunt,</strong></span> <span class='ocrx_word' id='word_1_337' title='bbox 692 5096 1065 5158; x_wconf 83' lang='lat' dir='ltr'><strong>incredibile</strong></span> <span class='ocrx_word' id='word_1_338' title='bbox 1096 5106 1185 5155; x_wconf 91' lang='lat' dir='ltr'><strong>est</strong></span> <span class='ocrx_word' id='word_1_339' title='bbox 1220 5094 1415 5160; x_wconf 89' lang='lat' dir='ltr'><strong>dictu,</strong></span> <span class='ocrx_word' id='word_1_340' title='bbox 1440 5100 1678 5167; x_wconf 90' lang='lat' dir='ltr'><strong>quanta</strong></span> <span class='ocrx_word' id='word_1_341' title='bbox 1711 5094 1886 5153; x_wconf 85' lang='lat' dir='ltr'><strong>clade</strong></span> 
     </span>
    </p>
   </div>
   <div class='ocr_carea' id='block_1_61' title="bbox 306 5171 1889 5253">
    <p class='ocr_par' dir='ltr' id='par_1_61' title="bbox 306 5171 1889 5253">
     <span class='ocr_line' id='line_1_61' title="bbox 306 5171 1889 5253; baseline -0.003 -17"><span class='ocrx_word' id='word_1_342' title='bbox 306 5176 529 5252; x_wconf 85' lang='lat' dir='ltr'><strong>paucis</strong></span> <span class='ocrx_word' id='word_1_343' title='bbox 588 5176 775 5236; x_wconf 91' lang='lat' dir='ltr'><strong>annis</strong></span> <span class='ocrx_word' id='word_1_344' title='bbox 825 5184 1107 5253; x_wconf 85' lang='lat' dir='ltr'><strong>accepta,</strong></span> <span class='ocrx_word' id='word_1_345' title='bbox 1166 5191 1359 5252; x_wconf 88' lang='lat' dir='ltr'><strong>quam</strong></span> <span class='ocrx_word' id='word_1_346' title='bbox 1407 5171 1764 5231; x_wconf 76' lang='lat' dir='ltr'><strong>infmliciter</strong></span> <span class='ocrx_word' id='word_1_347' title='bbox 1801 5189 1889 5253; x_wconf 74' lang='lat' dir='ltr'><strong>ac</strong></span> 
     </span>
    </p>
   </div>
   <div class='ocr_carea' id='block_1_62' title="bbox 306 5251 1886 5329">
    <p class='ocr_par' dir='ltr' id='par_1_62' title="bbox 306 5251 1886 5329">
     <span class='ocr_line' id='line_1_62' title="bbox 306 5251 1886 5329; baseline -0.001 -15"><span class='ocrx_word' id='word_1_348' title='bbox 306 5251 542 5315; x_wconf 82' lang='lat' dir='ltr'><strong>misere</strong></span> <span class='ocrx_word' id='word_1_349' title='bbox 567 5251 1003 5318; x_wconf 70' lang='lat' dir='ltr'><strong>conciderunt.</strong></span> <span class='ocrx_word' id='word_1_350' title='bbox 1036 5256 1111 5314; x_wconf 89' lang='lat' dir='ltr'><strong>Et</strong></span> <span class='ocrx_word' id='word_1_351' title='bbox 1148 5251 1425 5329; x_wconf 84' lang='lat' dir='ltr'><strong>profecto</strong></span> <span class='ocrx_word' id='word_1_352' title='bbox 1458 5261 1525 5312; x_wconf 93' lang='lat' dir='ltr'><strong>ut</strong></span> <span class='ocrx_word' id='word_1_353' title='bbox 1571 5251 1886 5329; x_wconf 84' lang='lat' dir='ltr'><strong>permulta</strong></span> 
     </span>
    </p>
   </div>
   <div class='ocr_carea' id='block_1_63' title="bbox 306 5330 1888 5396">
    <p class='ocr_par' dir='ltr' id='par_1_63' title="bbox 306 5330 1888 5396">
     <span class='ocr_line' id='line_1_63' title="bbox 306 5330 1888 5396; baseline -0.001 -4"><span class='ocrx_word' id='word_1_354' title='bbox 306 5332 373 5393; x_wconf 91' lang='lat' dir='ltr'><strong>in</strong></span> <span class='ocrx_word' id='word_1_355' title='bbox 408 5332 531 5395; x_wconf 86' lang='lat' dir='ltr'><strong>hac</strong></span> <span class='ocrx_word' id='word_1_356' title='bbox 565 5335 847 5396; x_wconf 86' lang='lat' dir='ltr'><strong>Ecclesia</strong></span> <span class='ocrx_word' id='word_1_357' title='bbox 876 5343 1087 5396; x_wconf 88' lang='lat' dir='ltr'><strong>nostra</strong></span> <span class='ocrx_word' id='word_1_358' title='bbox 1125 5332 1455 5394; x_wconf 80' lang='lat' dir='ltr'><strong>Gallicana</strong></span> <span class='ocrx_word' id='word_1_359' title='bbox 1491 5332 1573 5391; x_wconf 91' lang='lat' dir='ltr'><strong>ab</strong></span> <span class='ocrx_word' id='word_1_360' title='bbox 1628 5330 1888 5390; x_wconf 67' lang='lat' dir='ltr'><strong>haareti-</strong></span> 
     </span>
    </p>
   </div>
   <div class='ocr_carea' id='block_1_64' title="bbox 308 5411 1884 5490">
    <p class='ocr_par' dir='ltr' id='par_1_64' title="bbox 308 5411 1884 5490">
     <span class='ocr_line' id='line_1_64' title="bbox 308 5411 1884 5490; baseline -0.003 -17"><span class='ocrx_word' id='word_1_361' title='bbox 308 5412 399 5473; x_wconf 89' lang='lat' dir='ltr'><strong>cis</strong></span> <span class='ocrx_word' id='word_1_362' title='bbox 423 5411 579 5473; x_wconf 89' lang='lat' dir='ltr'><strong>ﬁant</strong></span> <span class='ocrx_word' id='word_1_363' title='bbox 607 5414 951 5489; x_wconf 80' lang='lat' dir='ltr'><strong>dcpravate</strong></span> <span class='ocrx_word' id='word_1_364' title='bbox 999 5432 1073 5473; x_wconf 92' lang='lat' dir='ltr'><strong>ac</strong></span> <span class='ocrx_word' id='word_1_365' title='bbox 1111 5412 1462 5490; x_wconf 84' lang='lat' dir='ltr'><strong>flagitiose:</strong></span> <span class='ocrx_word' id='word_1_366' title='bbox 1498 5412 1618 5470; x_wconf 92' lang='lat' dir='ltr'><strong>hoc</strong></span> <span class='ocrx_word' id='word_1_367' title='bbox 1673 5418 1884 5471; x_wconf 90' lang='lat' dir='ltr'><strong>tamen</strong></span> 
     </span>
    </p>
   </div>
   <div class='ocr_carea' id='block_1_65' title="bbox 306 5491 1884 5571">
    <p class='ocr_par' dir='ltr' id='par_1_65' title="bbox 306 5491 1884 5571">
     <span class='ocr_line' id='line_1_65' title="bbox 306 5491 1884 5571; baseline -0.002 -20"><span class='ocrx_word' id='word_1_368' title='bbox 306 5508 511 5571; x_wconf 84' lang='lat' dir='ltr'><strong>unum</strong></span> <span class='ocrx_word' id='word_1_369' title='bbox 539 5491 863 5556; x_wconf 65' lang='lat' dir='ltr'><strong>ﬁdissima;</strong></span> <span class='ocrx_word' id='word_1_370' title='bbox 914 5512 1165 5571; x_wconf 88' lang='lat' dir='ltr'><strong>semper</strong></span> <span class='ocrx_word' id='word_1_371' title='bbox 1192 5493 1492 5552; x_wconf 64' lang='lat' dir='ltr'><strong>anchorae</strong></span> <span class='ocrx_word' id='word_1_372' title='bbox 1540 5491 1744 5550; x_wconf 90' lang='lat' dir='ltr'><strong>instar</strong></span> <span class='ocrx_word' id='word_1_373' title='bbox 1795 5491 1884 5551; x_wconf 93' lang='lat' dir='ltr'><strong>illi</strong></span> 
     </span>
    </p>
   </div>
   <div class='ocr_carea' id='block_1_66' title="bbox 306 5569 1884 5647">
    <p class='ocr_par' dir='ltr' id='par_1_66' title="bbox 306 5569 1884 5647">
     <span class='ocr_line' id='line_1_66' title="bbox 306 5569 1884 5647; baseline -0.001 -16"><span class='ocrx_word' id='word_1_374' title='bbox 306 5569 505 5633; x_wconf 80' lang='lat' dir='ltr'><strong>fuisse</strong></span> <span class='ocrx_word' id='word_1_375' title='bbox 532 5572 595 5632; x_wconf 93' lang='lat' dir='ltr'><strong>in</strong></span> <span class='ocrx_word' id='word_1_376' title='bbox 623 5591 872 5634; x_wconf 89' lang='lat' dir='ltr'><strong>summa</strong></span> <span class='ocrx_word' id='word_1_377' title='bbox 900 5569 1536 5635; x_wconf 21' lang='lat' dir='ltr'><strong>ﬁdei‘conllictatinne</strong></span> <span class='ocrx_word' id='word_1_378' title='bbox 1560 5574 1884 5647; x_wconf 84' lang='lat' dir='ltr'><strong>existimo,</strong></span> 
     </span>
    </p>
   </div>
   <div class='ocr_carea' id='block_1_67' title="bbox 304 5650 1886 5788">
    <p class='ocr_par' dir='ltr' id='par_1_67' title="bbox 304 5650 1886 5788">
     <span class='ocr_line' id='line_1_67' title="bbox 304 5650 1886 5788; baseline -0.001 -77"><span class='ocrx_word' id='word_1_379' title='bbox 304 5651 479 5788; x_wconf 57' lang='lat' dir='ltr'><strong>quod</strong></span> <span class='ocrx_word' id='word_1_380' title='bbox 516 5653 663 5713; x_wconf 89' lang='lat' dir='ltr'><strong>boni</strong></span> <span class='ocrx_word' id='word_1_381' title='bbox 695 5655 1011 5728; x_wconf 78' lang='lat' dir='ltr'><strong>l’astores,</strong></span> <span class='ocrx_word' id='word_1_382' title='bbox 1044 5660 1236 5728; x_wconf 91' lang='lat' dir='ltr'><strong>atque</strong></span> <span class='ocrx_word' id='word_1_383' title='bbox 1264 5671 1485 5713; x_wconf 89' lang='lat' dir='ltr'><strong>eorum</strong></span> <span class='ocrx_word' id='word_1_384' title='bbox 1509 5668 1656 5711; x_wconf 89' lang='lat' dir='ltr'><strong>oves</strong></span> <span class='ocrx_word' id='word_1_385' title='bbox 1680 5650 1886 5710; x_wconf 90' lang='lat' dir='ltr'><strong>incre-</strong></span> 
     </span>
     <span class='ocr_line' id='line_1_68' title="bbox 349 5731 1886 5788; baseline 0 0"><span class='ocrx_word' id='word_1_386' title='bbox 349 5731 481 5788; x_wconf 90' lang='lat' dir='ltr'><strong>ibili</strong></span> <span class='ocrx_word' id='word_1_387' title='bbox 514 5748 786 5788; x_wconf 87' lang='lat' dir='ltr'><strong>numero</strong></span> <span class='ocrx_word' id='word_1_388' title='bbox 817 5733 968 5788; x_wconf 89' lang='lat' dir='ltr'><strong>olim</strong></span> <span class='ocrx_word' id='word_1_389' title='bbox 999 5733 1253 5788; x_wconf 78' lang='lat' dir='ltr'><strong>uuidem</strong></span> <span class='ocrx_word' id='word_1_390' title='bbox 1281 5740 1540 5788; x_wconf 67' lang='lat' dir='ltr'><strong>coactae.</strong></span> <span class='ocrx_word' id='word_1_391' title='bbox 1572 5738 1703 5788; x_wconf 86' lang='lat' dir='ltr'><strong>tum</strong></span> <span class='ocrx_word' id='word_1_392' title='bbox 1734 5749 1886 5788; x_wconf 90' lang='lat' dir='ltr'><strong>vero</strong></span> 
     </span>
    </p>
   </div>
   <div class='ocr_carea' id='block_1_68' title="bbox 349 5731 1900 5810">
    <p class='ocr_par' dir='ltr' id='par_1_68' title="bbox 349 5731 1900 5810">
     <span class='ocr_line' id='line_1_69' title="bbox 349 5731 1900 5810; baseline 0.001 -21"><span class='ocrx_word' id='word_1_393' title='bbox 349 5731 481 5792; x_wconf 91' lang='lat' dir='ltr'><strong>ibili</strong></span> <span class='ocrx_word' id='word_1_394' title='bbox 514 5748 786 5793; x_wconf 84' lang='lat' dir='ltr'><strong>numero</strong></span> <span class='ocrx_word' id='word_1_395' title='bbox 817 5733 968 5792; x_wconf 88' lang='lat' dir='ltr'><strong>olim</strong></span> <span class='ocrx_word' id='word_1_396' title='bbox 999 5733 1253 5810; x_wconf 82' lang='lat' dir='ltr'><strong>quidem</strong></span> <span class='ocrx_word' id='word_1_397' title='bbox 1281 5740 1540 5803; x_wconf 65' lang='lat' dir='ltr'><strong>coactae,</strong></span> <span class='ocrx_word' id='word_1_398' title='bbox 1572 5738 1703 5790; x_wconf 88' lang='lat' dir='ltr'><strong>tum</strong></span> <span class='ocrx_word' id='word_1_399' title='bbox 1734 5742 1900 5791; x_wconf 74' lang='lat' dir='ltr'><strong>vero&quot;</strong></span> 
     </span>
    </p>
   </div>
   <div class='ocr_carea' id='block_1_69' title="bbox 301 5809 1882 5889">
    <p class='ocr_par' dir='ltr' id='par_1_69' title="bbox 301 5809 1882 5889">
     <span class='ocr_line' id='line_1_70' title="bbox 301 5809 1882 5889; baseline 0 -22"><span class='ocrx_word' id='word_1_400' title='bbox 301 5809 575 5872; x_wconf 79' lang='lat' dir='ltr'><strong>diversis</strong></span> <span class='ocrx_word' id='word_1_401' title='bbox 603 5811 786 5883; x_wconf 92' lang='lat' dir='ltr'><strong>locis,</strong></span> <span class='ocrx_word' id='word_1_402' title='bbox 820 5821 889 5872; x_wconf 90' lang='lat' dir='ltr'><strong>nt</strong></span> <span class='ocrx_word' id='word_1_403' title='bbox 942 5809 1309 5889; x_wconf 30' lang='lat' dir='ltr'><strong>in’pu&#39;blica</strong></span> <span class='ocrx_word' id='word_1_404' title='bbox 1343 5810 1706 5889; x_wconf 82' lang='lat' dir='ltr'><strong>calamitate</strong></span> <span class='ocrx_word' id='word_1_405' title='bbox 1748 5810 1882 5871; x_wconf 91' lang='lat' dir='ltr'><strong>ﬁeri</strong></span> 
     </span>
    </p>
   </div>
   <div class='ocr_carea' id='block_1_70' title="bbox 301 5887 1878 5971">
    <p class='ocr_par' dir='ltr' id='par_1_70' title="bbox 301 5887 1878 5971">
     <span class='ocr_line' id='line_1_71' title="bbox 301 5887 1878 5971; baseline -0.003 -20"><span class='ocrx_word' id='word_1_406' title='bbox 301 5889 860 5971; x_wconf 53' lang='lat' dir='ltr'><strong>sqlel,dissipatze,</strong></span> <span class='ocrx_word' id='word_1_407' title='bbox 915 5897 972 5953; x_wconf 86' lang='lat' dir='ltr'><strong>te</strong></span> <span class='ocrx_word' id='word_1_408' title='bbox 1031 5887 1230 5951; x_wconf 79' lang='lat' dir='ltr'><strong>unum</strong></span> <span class='ocrx_word' id='word_1_409' title='bbox 1289 5891 1510 5967; x_wconf 89' lang='lat' dir='ltr'><strong>tuique</strong></span> <span class='ocrx_word' id='word_1_410' title='bbox 1546 5887 1786 5951; x_wconf 89' lang='lat' dir='ltr'><strong>similes</strong></span> <span class='ocrx_word' id='word_1_411' title='bbox 1817 5890 1878 5949; x_wconf 89' lang='lat' dir='ltr'><strong>in</strong></span> 
     </span>
    </p>
   </div>
   <div class='ocr_carea' id='block_1_71' title="bbox 1741 374 2134 435">
    <p class='ocr_par' dir='ltr' id='par_1_71' title="bbox 1741 374 2134 435">
     <span class='ocr_line' id='line_1_72' title="bbox 1741 374 2134 435; baseline 0.008 -6"><span class='ocrx_word' id='word_1_412' title='bbox 1741 374 2134 435; x_wconf 68' lang='lat' dir='ltr'><strong>PRASFATIO.</strong></span> 
     </span>
    </p>
   </div>
   <div class='ocr_carea' id='block_1_72' title="bbox 3460 391 3564 445">
    <p class='ocr_par' dir='ltr' id='par_1_72' title="bbox 3460 391 3564 445">
     <span class='ocr_line' id='line_1_73' title="bbox 3460 391 3564 445; baseline -0.019 0"><span class='ocrx_word' id='word_1_413' title='bbox 3460 391 3564 445; x_wconf 72' lang='lat' dir='ltr'><strong>G38</strong></span> 
     </span>
    </p>
   </div>
   <div class='ocr_carea' id='block_1_73' title="bbox 1988 487 3567 575">
    <p class='ocr_par' dir='ltr' id='par_1_73' title="bbox 1988 487 3567 575">
     <span class='ocr_line' id='line_1_74' title="bbox 1988 487 3567 575; baseline 0.011 -29"><span class='ocrx_word' id='word_1_414' title='bbox 1988 488 2277 575; x_wconf 80' lang='lat' dir='ltr'><strong>Romana</strong></span> <span class='ocrx_word' id='word_1_415' title='bbox 2337 487 2994 575; x_wconf 73' lang='lat' dir='ltr'><strong>sedeconspexerint,</strong></span> <span class='ocrx_word' id='word_1_416' title='bbox 3042 500 3235 570; x_wconf 86' lang='lat' dir='ltr'><strong>atque</strong></span> <span class='ocrx_word' id='word_1_417' title='bbox 3272 500 3353 559; x_wconf 92' lang='lat' dir='ltr'><strong>ab</strong></span> <span class='ocrx_word' id='word_1_418' title='bbox 3389 502 3567 575; x_wconf 77' lang='lat' dir='ltr'><strong>Ann-</strong></span> 
     </span>
    </p>
   </div>
   <div class='ocr_carea' id='block_1_74' title="bbox 1986 569 3565 649">
    <p class='ocr_par' dir='ltr' id='par_1_74' title="bbox 1986 569 3565 649">
     <span class='ocr_line' id='line_1_75' title="bbox 1986 569 3565 649; baseline 0.008 -23"><span class='ocrx_word' id='word_1_419' title='bbox 1986 569 2225 649; x_wconf 75' lang='lat' dir='ltr'><strong>stolicze</strong></span> <span class='ocrx_word' id='word_1_420' title='bbox 2256 569 2654 629; x_wconf 88' lang='lat' dir='ltr'><strong>auctoritatis</strong></span> <span class='ocrx_word' id='word_1_421' title='bbox 2688 572 3016 647; x_wconf 85' lang='lat' dir='ltr'><strong>majestate</strong></span> <span class='ocrx_word' id='word_1_422' title='bbox 3048 569 3320 649; x_wconf 86' lang='lat' dir='ltr'><strong>pendere</strong></span> <span class='ocrx_word' id='word_1_423' title='bbox 3349 569 3565 644; x_wconf 83' lang='lat' dir='ltr'><strong>volue-</strong></span> 
     </span>
    </p>
   </div>
   <div class='ocr_carea' id='block_1_75' title="bbox 1986 648 3563 738">
    <p class='ocr_par' dir='ltr' id='par_1_75' title="bbox 1986 648 3563 738">
     <span class='ocr_line' id='line_1_76' title="bbox 1986 648 3563 738; baseline 0.011 -34"><span class='ocrx_word' id='word_1_424' title='bbox 1986 648 2135 738; x_wconf 77' lang='lat' dir='ltr'><strong>rin_t.</strong></span> <span class='ocrx_word' id='word_1_425' title='bbox 2172 649 2329 738; x_wconf 68' lang='lat' dir='ltr'><strong>Quae</strong></span> <span class='ocrx_word' id='word_1_426' title='bbox 2359 665 2651 738; x_wconf 51' lang='lat' dir='ltr'><strong>resncum</strong></span> <span class='ocrx_word' id='word_1_427' title='bbox 2688 650 2780 738; x_wconf 87' lang='lat' dir='ltr'><strong>ab</strong></span> <span class='ocrx_word' id='word_1_428' title='bbox 2812 648 3275 738; x_wconf 81' lang='lat' dir='ltr'><strong>improbisfere</strong></span> <span class='ocrx_word' id='word_1_429' title='bbox 3307 658 3419 738; x_wconf 77' lang='lat' dir='ltr'><strong>hos</strong></span> <span class='ocrx_word' id='word_1_430' title='bbox 3454 682 3563 738; x_wconf 85' lang='lat' dir='ltr'><strong>p0-</strong></span> 
     </span>
    </p>
   </div>
   <div class='ocr_carea' id='block_1_76' title="bbox 1987 726 3564 818">
    <p class='ocr_par' dir='ltr' id='par_1_76' title="bbox 1987 726 3564 818">
     <span class='ocr_line' id='line_1_77' title="bbox 1987 726 3564 818; baseline 0.011 -35"><span class='ocrx_word' id='word_1_431' title='bbox 1987 726 2172 817; x_wconf 41' lang='lat' dir='ltr'><strong>p.ulos</strong></span> <span class='ocrx_word' id='word_1_432' title='bbox 2205 726 2609 816; x_wconf 80' lang='lat' dir='ltr'><strong>dogmatibus</strong></span> <span class='ocrx_word' id='word_1_433' title='bbox 2638 736 2831 806; x_wconf 87' lang='lat' dir='ltr'><strong>atque</strong></span> <span class='ocrx_word' id='word_1_434' title='bbox 2858 726 3268 818; x_wconf 79' lang='lat' dir='ltr'><strong>opinionibus</strong></span> <span class='ocrx_word' id='word_1_435' title='bbox 3296 726 3564 818; x_wconf 75' lang='lat' dir='ltr'><strong>flagitio-</strong></span> 
     </span>
    </p>
   </div>
   <div class='ocr_carea' id='block_1_77' title="bbox 1984 813 3560 889">
    <p class='ocr_par' dir='ltr' id='par_1_77' title="bbox 1984 813 3560 889">
     <span class='ocr_line' id='line_1_78' title="bbox 1984 813 3560 889; baseline 0.011 -27"><span class='ocrx_word' id='word_1_436' title='bbox 1984 813 2254 889; x_wconf 71' lang='lat' dir='ltr'><strong>sissimis</strong></span> <span class='ocrx_word' id='word_1_437' title='bbox 2302 824 2532 889; x_wconf 80' lang='lat' dir='ltr'><strong>magna</strong></span> <span class='ocrx_word' id='word_1_438' title='bbox 2593 827 2670 868; x_wconf 83' lang='lat' dir='ltr'><strong>ex</strong></span> <span class='ocrx_word' id='word_1_439' title='bbox 2730 818 2908 886; x_wconf 90' lang='lat' dir='ltr'><strong>parte</strong></span> <span class='ocrx_word' id='word_1_440' title='bbox 2956 813 3319 889; x_wconf 80' lang='lat' dir='ltr'><strong>vindiearit,</strong></span> <span class='ocrx_word' id='word_1_441' title='bbox 3382 813 3444 880; x_wconf 72' lang='lat' dir='ltr'><strong>et</strong></span> <span class='ocrx_word' id='word_1_442' title='bbox 3498 822 3560 880; x_wconf 86' lang='lat' dir='ltr'><strong>in</strong></span> 
     </span>
    </p>
   </div>
   <div class='ocr_carea' id='block_1_78' title="bbox 1985 884 3559 973">
    <p class='ocr_par' dir='ltr' id='par_1_78' title="bbox 1985 884 3559 973">
     <span class='ocr_line' id='line_1_79' title="bbox 1985 884 3559 973; baseline 0.015 -35"><span class='ocrx_word' id='word_1_443' title='bbox 1985 885 2266 973; x_wconf 70' lang='lat' dir='ltr'><strong>antiquae</strong></span> <span class='ocrx_word' id='word_1_444' title='bbox 2303 884 2440 973; x_wconf 80' lang='lat' dir='ltr'><strong>ﬁdei</strong></span> <span class='ocrx_word' id='word_1_445' title='bbox 2479 892 2645 947; x_wconf 91' lang='lat' dir='ltr'><strong>statu</strong></span> <span class='ocrx_word' id='word_1_446' title='bbox 2686 884 3046 963; x_wconf 84' lang='lat' dir='ltr'><strong>retinuerit,</strong></span> <span class='ocrx_word' id='word_1_447' title='bbox 3084 884 3338 971; x_wconf 68' lang='lat' dir='ltr'><strong>aequum</strong></span> <span class='ocrx_word' id='word_1_448' title='bbox 3375 907 3466 958; x_wconf 90' lang='lat' dir='ltr'><strong>est</strong></span> <span class='ocrx_word' id='word_1_449' title='bbox 3498 904 3559 960; x_wconf 91' lang='lat' dir='ltr'><strong>in</strong></span> 
     </span>
    </p>
   </div>
   <div class='ocr_carea' id='block_1_79' title="bbox 1986 960 3559 1050">
    <p class='ocr_par' dir='ltr' id='par_1_79' title="bbox 1986 960 3559 1050">
     <span class='ocr_line' id='line_1_80' title="bbox 1986 960 3559 1050; baseline 0.013 -31"><span class='ocrx_word' id='word_1_450' title='bbox 1986 960 2091 1050; x_wconf 78' lang='lat' dir='ltr'><strong>his</strong></span> <span class='ocrx_word' id='word_1_451' title='bbox 2134 981 2277 1038; x_wconf 67' lang='lat' dir='ltr'><strong>quae</strong></span> <span class='ocrx_word' id='word_1_452' title='bbox 2324 966 2805 1050; x_wconf 60' lang='lat' dir='ltr'><strong>reliquasunt,</strong></span> <span class='ocrx_word' id='word_1_453' title='bbox 2857 960 3331 1050; x_wconf 55' lang='lat' dir='ltr'><strong>prOpulsa&#39;ndis,</strong></span> <span class='ocrx_word' id='word_1_454' title='bbox 3381 986 3450 1037; x_wconf 91' lang='lat' dir='ltr'><strong>ut</strong></span> <span class='ocrx_word' id='word_1_455' title='bbox 3497 982 3559 1039; x_wconf 92' lang='lat' dir='ltr'><strong>in</strong></span> 
     </span>
    </p>
   </div>
   <div class='ocr_carea' id='block_1_80' title="bbox 1984 1040 3557 1134">
    <p class='ocr_par' dir='ltr' id='par_1_80' title="bbox 1984 1040 3557 1134">
     <span class='ocr_line' id='line_1_81' title="bbox 1984 1040 3557 1134; baseline 0.008 -35"><span class='ocrx_word' id='word_1_456' title='bbox 1984 1040 2338 1134; x_wconf 74' lang='lat' dir='ltr'><strong>hujustuze</strong></span> <span class='ocrx_word' id='word_1_457' title='bbox 2372 1040 2668 1134; x_wconf 61' lang='lat' dir='ltr'><strong>Ecclesia:</strong></span> <span class='ocrx_word' id='word_1_458' title='bbox 2705 1040 3054 1134; x_wconf 72' lang='lat' dir='ltr'><strong>matrisque</strong></span> <span class='ocrx_word' id='word_1_459' title='bbox 3109 1040 3344 1115; x_wconf 72' lang='lat' dir='ltr'><strong>nostrze</strong></span> <span class='ocrx_word' id='word_1_460' title='bbox 3385 1055 3557 1134; x_wconf 82' lang='lat' dir='ltr'><strong>judi-</strong></span> 
     </span>
    </p>
   </div>
   <div class='ocr_carea' id='block_1_81' title="bbox 1982 1122 3563 1210">
    <p class='ocr_par' dir='ltr' id='par_1_81' title="bbox 1982 1122 3563 1210">
     <span class='ocr_line' id='line_1_82' title="bbox 1982 1122 3563 1210; baseline 0.012 -32"><span class='ocrx_word' id='word_1_461' title='bbox 1982 1122 2106 1210; x_wconf 82' lang='lat' dir='ltr'><strong>cio,</strong></span> <span class='ocrx_word' id='word_1_462' title='bbox 2136 1122 2690 1210; x_wconf 81' lang='lat' dir='ltr'><strong>atque_voluntate_</strong></span> <span class='ocrx_word' id='word_1_463' title='bbox 2712 1122 3140 1203; x_wconf 81' lang='lat' dir='ltr'><strong>quiescamus,</strong></span> <span class='ocrx_word' id='word_1_464' title='bbox 3173 1122 3563 1210; x_wconf 57' lang='lat' dir='ltr'><strong>iisque&#39;dun-</strong></span> 
     </span>
    </p>
   </div>
   <div class='ocr_carea' id='block_1_82' title="bbox 1986 1202 3562 1292">
    <p class='ocr_par' dir='ltr' id='par_1_82' title="bbox 1986 1202 3562 1292">
     <span class='ocr_line' id='line_1_83' title="bbox 1986 1202 3562 1292; baseline 0.011 -33"><span class='ocrx_word' id='word_1_465' title='bbox 1986 1207 2161 1292; x_wconf 78' lang='lat' dir='ltr'><strong>taxat</strong></span> <span class='ocrx_word' id='word_1_466' title='bbox 2192 1202 2389 1261; x_wconf 92' lang='lat' dir='ltr'><strong>armis</strong></span> <span class='ocrx_word' id='word_1_467' title='bbox 2424 1205 3067 1292; x_wconf 66' lang='lat' dir='ltr'><strong>contendamus,qu_ze</strong></span> <span class='ocrx_word' id='word_1_468' title='bbox 3097 1202 3289 1292; x_wconf 77' lang='lat' dir='ltr'><strong>nobis</strong></span> <span class='ocrx_word' id='word_1_469' title='bbox 3312 1215 3416 1274; x_wconf 89' lang='lat' dir='ltr'><strong>illa</strong></span> <span class='ocrx_word' id='word_1_470' title='bbox 3448 1234 3562 1292; x_wconf 88' lang='lat' dir='ltr'><strong>per</strong></span> 
     </span>
    </p>
   </div>
   <div class='ocr_carea' id='block_1_83' title="bbox 1986 1284 3562 1374">
    <p class='ocr_par' dir='ltr' id='par_1_83' title="bbox 1986 1284 3562 1374">
     <span class='ocr_line' id='line_1_84' title="bbox 1986 1284 3562 1374; baseline 0.013 -37"><span class='ocrx_word' id='word_1_471' title='bbox 1986 1285 2359 1374; x_wconf 51' lang='lat' dir='ltr'><strong>te,”tuoqune</strong></span> <span class='ocrx_word' id='word_1_472' title='bbox 2395 1284 2690 1374; x_wconf 72' lang='lat' dir='ltr'><strong>consilio</strong></span> <span class='ocrx_word' id='word_1_473' title='bbox 2750 1284 3236 1374; x_wconf 67' lang='lat' dir='ltr'><strong>prieseripserit.</strong></span> <span class='ocrx_word' id='word_1_474' title='bbox 3298 1295 3387 1353; x_wconf 82' lang='lat' dir='ltr'><strong>Ac</strong></span> <span class='ocrx_word' id='word_1_475' title='bbox 3443 1284 3562 1374; x_wconf 77' lang='lat' dir='ltr'><strong>ego</strong></span> 
     </span>
    </p>
   </div>
   <div class='ocr_carea' id='block_1_84' title="bbox 1984 1360 3559 1443">
    <p class='ocr_par' dir='ltr' id='par_1_84' title="bbox 1984 1360 3559 1443">
     <span class='ocr_line' id='line_1_85' title="bbox 1984 1360 3559 1443; baseline 0.011 -26"><span class='ocrx_word' id='word_1_476' title='bbox 1984 1360 2266 1433; x_wconf 89' lang='lat' dir='ltr'><strong>quidem,</strong></span> <span class='ocrx_word' id='word_1_477' title='bbox 2303 1362 2484 1421; x_wconf 71' lang='lat' dir='ltr'><strong>Pater</strong></span> <span class='ocrx_word' id='word_1_478' title='bbox 2508 1362 2892 1433; x_wconf 90' lang='lat' dir='ltr'><strong>beatissime,</strong></span> <span class='ocrx_word' id='word_1_479' title='bbox 2926 1366 3001 1425; x_wconf 91' lang='lat' dir='ltr'><strong>de</strong></span> <span class='ocrx_word' id='word_1_480' title='bbox 3022 1360 3225 1443; x_wconf 73' lang='lat' dir='ltr'><strong>statu,</strong></span> <span class='ocrx_word' id='word_1_481' title='bbox 3253 1380 3313 1433; x_wconf 92' lang='lat' dir='ltr'><strong>et</strong></span> <span class='ocrx_word' id='word_1_482' title='bbox 3339 1360 3559 1434; x_wconf 75' lang='lat' dir='ltr'><strong>earum</strong></span> 
     </span>
    </p>
   </div>
   <div class='ocr_carea' id='block_1_85' title="bbox 1984 1444 3561 1529">
    <p class='ocr_par' dir='ltr' id='par_1_85' title="bbox 1984 1444 3561 1529">
     <span class='ocr_line' id='line_1_86' title="bbox 1984 1444 3561 1529; baseline 0.011 -33"><span class='ocrx_word' id='word_1_483' title='bbox 1984 1455 2195 1529; x_wconf 77' lang='lat' dir='ltr'><strong>rerum</strong></span> <span class='ocrx_word' id='word_1_484' title='bbox 2231 1457 2674 1529; x_wconf 31' lang='lat' dir='ltr'><strong>summatquze</strong></span> <span class='ocrx_word' id='word_1_485' title='bbox 2702 1444 2775 1502; x_wconf 86' lang='lat' dir='ltr'><strong>ad</strong></span> <span class='ocrx_word' id='word_1_486' title='bbox 2795 1446 3179 1529; x_wconf 83' lang='lat' dir='ltr'><strong>_rcligionem</strong></span> <span class='ocrx_word' id='word_1_487' title='bbox 3218 1456 3561 1529; x_wconf 88' lang='lat' dir='ltr'><strong>pertinent,</strong></span> 
     </span>
    </p>
   </div>
   <div class='ocr_carea' id='block_1_86' title="bbox 1983 1518 3563 1608">
    <p class='ocr_par' dir='ltr' id='par_1_86' title="bbox 1983 1518 3563 1608">
     <span class='ocr_line' id='line_1_87' title="bbox 1983 1518 3563 1608; baseline 0.011 -33"><span class='ocrx_word' id='word_1_488' title='bbox 1983 1518 2074 1604; x_wconf 81' lang='lat' dir='ltr'><strong>sic</strong></span> <span class='ocrx_word' id='word_1_489' title='bbox 2109 1518 2343 1608; x_wconf 75' lang='lat' dir='ltr'><strong>sentio,</strong></span> <span class='ocrx_word' id='word_1_490' title='bbox 2379 1520 2560 1608; x_wconf 80' lang='lat' dir='ltr'><strong>nobis</strong></span> <span class='ocrx_word' id='word_1_491' title='bbox 2610 1522 2687 1608; x_wconf 73' lang='grc' dir='ltr'><strong>ἱιι⁵</strong></span> <span class='ocrx_word' id='word_1_492' title='bbox 2714 1518 2958 1597; x_wconf 59' lang='lat' dir='ltr'><strong>primis,</strong></span> <span class='ocrx_word' id='word_1_493' title='bbox 2996 1530 3108 1608; x_wconf 81' lang='lat' dir='ltr'><strong>qui</strong></span> <span class='ocrx_word' id='word_1_494' title='bbox 3148 1518 3371 1590; x_wconf 55' lang='lat' dir='ltr'><strong>su&#39;mus</strong></span> <span class='ocrx_word' id='word_1_495' title='bbox 3409 1518 3563 1608; x_wconf 61' lang='lat' dir='ltr'><strong>Epi-1</strong></span> 
     </span>
    </p>
   </div>
   <div class='ocr_carea' id='block_1_87' title="bbox 1985 1598 3561 1673">
    <p class='ocr_par' dir='ltr' id='par_1_87' title="bbox 1985 1598 3561 1673">
     <span class='ocr_line' id='line_1_88' title="bbox 1985 1598 3561 1673; baseline 0.011 -18"><span class='ocrx_word' id='word_1_496' title='bbox 1985 1598 2188 1672; x_wconf 70' lang='lat' dir='ltr'><strong>SCOpi,</strong></span> <span class='ocrx_word' id='word_1_497' title='bbox 2217 1617 2357 1658; x_wconf 81' lang='lat' dir='ltr'><strong>esse</strong></span> <span class='ocrx_word' id='word_1_498' title='bbox 2391 1600 2832 1669; x_wconf 86' lang='lat' dir='ltr'><strong>adnitendum,</strong></span> <span class='ocrx_word' id='word_1_499' title='bbox 2872 1621 2947 1663; x_wconf 92' lang='lat' dir='ltr'><strong>ne</strong></span> <span class='ocrx_word' id='word_1_500' title='bbox 2976 1598 3261 1668; x_wconf 85' lang='lat' dir='ltr'><strong>doctrina</strong></span> <span class='ocrx_word' id='word_1_501' title='bbox 3297 1598 3561 1673; x_wconf 78' lang='lat' dir='ltr'><strong>careant</strong></span> 
     </span>
    </p>
   </div>
   <div class='ocr_carea' id='block_1_88' title="bbox 1985 1679 3562 1764">
    <p class='ocr_par' dir='ltr' id='par_1_88' title="bbox 1985 1679 3562 1764">
     <span class='ocr_line' id='line_1_89' title="bbox 1985 1679 3562 1764; baseline 0.01 -29"><span class='ocrx_word' id='word_1_502' title='bbox 1985 1684 2350 1764; x_wconf 82' lang='lat' dir='ltr'><strong>nostrorum</strong></span> <span class='ocrx_word' id='word_1_503' title='bbox 2389 1679 2724 1764; x_wconf 80' lang='lat' dir='ltr'><strong>hominum</strong></span> <span class='ocrx_word' id='word_1_504' title='bbox 2768 1682 3053 1764; x_wconf 86' lang='lat' dir='ltr'><strong>ingenia,</strong></span> <span class='ocrx_word' id='word_1_505' title='bbox 3099 1688 3204 1745; x_wconf 90' lang='lat' dir='ltr'><strong>sed</strong></span> <span class='ocrx_word' id='word_1_506' title='bbox 3253 1689 3327 1748; x_wconf 88' lang='lat' dir='ltr'><strong>iis</strong></span> <span class='ocrx_word' id='word_1_507' title='bbox 3361 1707 3562 1764; x_wconf 77' lang='lat' dir='ltr'><strong>argu-</strong></span> 
     </span>
    </p>
   </div>
   <div class='ocr_carea' id='block_1_89' title="bbox 1983 1757 3559 1845">
    <p class='ocr_par' dir='ltr' id='par_1_89' title="bbox 1983 1757 3559 1845">
     <span class='ocr_line' id='line_1_90' title="bbox 1983 1757 3559 1845; baseline 0.009 -32"><span class='ocrx_word' id='word_1_508' title='bbox 1983 1757 2240 1845; x_wconf 76' lang='lat' dir='ltr'><strong>mentis,</strong></span> <span class='ocrx_word' id='word_1_509' title='bbox 2259 1775 2467 1845; x_wconf 75' lang='lat' dir='ltr'><strong>eaque</strong></span> <span class='ocrx_word' id='word_1_510' title='bbox 2499 1760 2856 1845; x_wconf 74' lang='lat' dir='ltr'><strong>eruditione</strong></span> <span class='ocrx_word' id='word_1_511' title='bbox 2883 1757 3274 1845; x_wconf 74' lang='lat' dir='ltr'><strong>iinbUantur,</strong></span> <span class='ocrx_word' id='word_1_512' title='bbox 3313 1757 3559 1845; x_wconf 27' lang='lat' dir='ltr'><strong>quiti/ad</strong></span> 
     </span>
    </p>
   </div>
   <div class='ocr_carea' id='block_1_90' title="bbox 1984 1835 3562 1907">
    <p class='ocr_par' dir='ltr' id='par_1_90' title="bbox 1984 1835 3562 1907">
     <span class='ocr_line' id='line_1_91' title="bbox 1984 1835 3562 1907; baseline 0.008 -14"><span class='ocrx_word' id='word_1_513' title='bbox 1984 1835 2378 1895; x_wconf 82' lang='lat' dir='ltr'><strong>retinendam</strong></span> <span class='ocrx_word' id='word_1_514' title='bbox 2412 1854 2632 1897; x_wconf 91' lang='lat' dir='ltr'><strong>eorum</strong></span> <span class='ocrx_word' id='word_1_515' title='bbox 2688 1840 2751 1898; x_wconf 93' lang='lat' dir='ltr'><strong>in</strong></span> <span class='ocrx_word' id='word_1_516' title='bbox 2786 1840 3127 1903; x_wconf 83' lang='lat' dir='ltr'><strong>Ecclesiam</strong></span> <span class='ocrx_word' id='word_1_517' title='bbox 3170 1835 3562 1907; x_wconf 61' lang='lat' dir='ltr'><strong>benevolen-</strong></span> 
     </span>
    </p>
   </div>
   <div class='ocr_carea' id='block_1_91' title="bbox 1984 1914 3563 2003">
    <p class='ocr_par' dir='ltr' id='par_1_91' title="bbox 1984 1914 3563 2003">
     <span class='ocr_line' id='line_1_92' title="bbox 1984 1914 3563 2003; baseline 0.008 -30"><span class='ocrx_word' id='word_1_518' title='bbox 1984 1914 2162 2003; x_wconf 78' lang='lat' dir='ltr'><strong>tiam,</strong></span> <span class='ocrx_word' id='word_1_519' title='bbox 2201 1922 2259 2003; x_wconf 83' lang='lat' dir='ltr'><strong>et</strong></span> <span class='ocrx_word' id='word_1_520' title='bbox 2295 1915 2587 2003; x_wconf 75' lang='lat' dir='ltr'><strong>alendam</strong></span> <span class='ocrx_word' id='word_1_521' title='bbox 2626 1919 2689 2003; x_wconf 84' lang='lat' dir='ltr'><strong>in</strong></span> <span class='ocrx_word' id='word_1_522' title='bbox 2728 1920 3049 1981; x_wconf 89' lang='lat' dir='ltr'><strong>Christum</strong></span> <span class='ocrx_word' id='word_1_523' title='bbox 3094 1925 3388 1999; x_wconf 84' lang='lat' dir='ltr'><strong>pietatem</strong></span> <span class='ocrx_word' id='word_1_524' title='bbox 3423 1946 3563 2003; x_wconf 90' lang='lat' dir='ltr'><strong>per-</strong></span> 
     </span>
    </p>
   </div>
   <div class='ocr_carea' id='block_1_92' title="bbox 1983 1996 3561 2083">
    <p class='ocr_par' dir='ltr' id='par_1_92' title="bbox 1983 1996 3561 2083">
     <span class='ocr_line' id='line_1_93' title="bbox 1983 1996 3561 2083; baseline 0.011 -33"><span class='ocrx_word' id='word_1_525' title='bbox 1983 1996 2269 2083; x_wconf 57' lang='lat' dir='ltr'><strong>tineant;</strong></span> <span class='ocrx_word' id='word_1_526' title='bbox 2301 1996 2543 2083; x_wconf 83' lang='lat' dir='ltr'><strong>alioqui</strong></span> <span class='ocrx_word' id='word_1_527' title='bbox 2573 1998 2743 2083; x_wconf 85' lang='lat' dir='ltr'><strong>enim</strong></span> <span class='ocrx_word' id='word_1_528' title='bbox 2774 1996 3168 2062; x_wconf 82' lang='lat' dir='ltr'><strong>coacervatis</strong></span> <span class='ocrx_word' id='word_1_529' title='bbox 3198 2005 3318 2065; x_wconf 86' lang='lat' dir='ltr'><strong>sibi</strong></span> <span class='ocrx_word' id='word_1_530' title='bbox 3349 1996 3561 2067; x_wconf 52' lang='lat' dir='ltr'><strong>ad&#39;sua</strong></span> 
     </span>
    </p>
   </div>
   <div class='ocr_carea' id='block_1_93' title="bbox 1982 2074 3564 2152">
    <p class='ocr_par' dir='ltr' id='par_1_93' title="bbox 1982 2074 3564 2152">
     <span class='ocr_line' id='line_1_94' title="bbox 1982 2074 3564 2152; baseline 0.008 -20"><span class='ocrx_word' id='word_1_531' title='bbox 1982 2074 2293 2134; x_wconf 82' lang='lat' dir='ltr'><strong>desideria</strong></span> <span class='ocrx_word' id='word_1_532' title='bbox 2349 2077 2695 2152; x_wconf 83' lang='lat' dir='ltr'><strong>magistris,</strong></span> <span class='ocrx_word' id='word_1_533' title='bbox 2758 2097 2948 2139; x_wconf 89' lang='lat' dir='ltr'><strong>aures</strong></span> <span class='ocrx_word' id='word_1_534' title='bbox 3008 2100 3221 2142; x_wconf 90' lang='lat' dir='ltr'><strong>rerum</strong></span> <span class='ocrx_word' id='word_1_535' title='bbox 3282 2086 3564 2147; x_wconf 85' lang='lat' dir='ltr'><strong>novitate</strong></span> 
     </span>
    </p>
   </div>
   <div class='ocr_carea' id='block_1_94' title="bbox 1984 2154 3563 2242">
    <p class='ocr_par' dir='ltr' id='par_1_94' title="bbox 1984 2154 3563 2242">
     <span class='ocr_line' id='line_1_95' title="bbox 1984 2154 3563 2242; baseline 0.011 -33"><span class='ocrx_word' id='word_1_536' title='bbox 1984 2154 2357 2242; x_wconf 79' lang='lat' dir='ltr'><strong>prurientes</strong></span> <span class='ocrx_word' id='word_1_537' title='bbox 2378 2158 2971 2242; x_wconf 78' lang='lat' dir='ltr'><strong>accommodabunt,</strong></span> <span class='ocrx_word' id='word_1_538' title='bbox 3002 2160 3324 2242; x_wconf 80' lang='lat' dir='ltr'><strong>ducesque</strong></span> <span class='ocrx_word' id='word_1_539' title='bbox 3348 2181 3422 2225; x_wconf 90' lang='lat' dir='ltr'><strong>ac</strong></span> <span class='ocrx_word' id='word_1_540' title='bbox 3450 2182 3563 2242; x_wconf 87' lang='lat' dir='ltr'><strong>pa-</strong></span> 
     </span>
    </p>
   </div>
   <div class='ocr_carea' id='block_1_95' title="bbox 1982 2235 3562 2305">
    <p class='ocr_par' dir='ltr' id='par_1_95' title="bbox 1982 2235 3562 2305">
     <span class='ocr_line' id='line_1_96' title="bbox 1982 2235 3562 2305; baseline 0.01 -16"><span class='ocrx_word' id='word_1_541' title='bbox 1982 2240 2193 2292; x_wconf 84' lang='lat' dir='ltr'><strong>rentes</strong></span> <span class='ocrx_word' id='word_1_542' title='bbox 2231 2235 2514 2294; x_wconf 85' lang='lat' dir='ltr'><strong>veritatis</strong></span> <span class='ocrx_word' id='word_1_543' title='bbox 2550 2246 2980 2298; x_wconf 90' lang='lat' dir='ltr'><strong>contemnent.</strong></span> <span class='ocrx_word' id='word_1_544' title='bbox 3024 2235 3378 2302; x_wconf 32' lang='lat' dir='ltr'><strong>Fecit’hmc</strong></span> <span class='ocrx_word' id='word_1_545' title='bbox 3420 2235 3562 2305; x_wconf 83' lang='lat' dir='ltr'><strong>mea</strong></span> 
     </span>
    </p>
   </div>
   <div class='ocr_carea' id='block_1_96' title="bbox 1982 2312 3629 2398">
    <p class='ocr_par' dir='ltr' id='par_1_96' title="bbox 1982 2312 3629 2398">
     <span class='ocr_line' id='line_1_97' title="bbox 1982 2312 3629 2398; baseline 0.009 -27"><span class='ocrx_word' id='word_1_546' title='bbox 1982 2312 2285 2398; x_wconf 83' lang='lat' dir='ltr'><strong>cogitatio</strong></span> <span class='ocrx_word' id='word_1_547' title='bbox 2318 2314 2532 2398; x_wconf 83' lang='lat' dir='ltr'><strong>plane,</strong></span> <span class='ocrx_word' id='word_1_548' title='bbox 2566 2323 2631 2374; x_wconf 91' lang='lat' dir='ltr'><strong>ut</strong></span> <span class='ocrx_word' id='word_1_549' title='bbox 2664 2333 2736 2376; x_wconf 91' lang='lat' dir='ltr'><strong>ea</strong></span> <span class='ocrx_word' id='word_1_550' title='bbox 2773 2317 2835 2398; x_wconf 90' lang='lat' dir='ltr'><strong>in</strong></span> <span class='ocrx_word' id='word_1_551' title='bbox 2871 2337 2961 2391; x_wconf 88' lang='lat' dir='ltr'><strong>re,</strong></span> <span class='ocrx_word' id='word_1_552' title='bbox 3014 2338 3156 2381; x_wconf 86' lang='lat' dir='ltr'><strong>mea</strong></span> <span class='ocrx_word' id='word_1_553' title='bbox 3207 2322 3560 2398; x_wconf 84' lang='lat' dir='ltr'><strong>diligentia,</strong></span> <span class='ocrx_word' id='word_1_554' title='bbox 3621 2380 3629 2386; x_wconf 93' lang='lat'><strong>.</strong></span> 
     </span>
    </p>
   </div>
   <div class='ocr_carea' id='block_1_97' title="bbox 1988 2395 3561 2475">
    <p class='ocr_par' dir='ltr' id='par_1_97' title="bbox 1988 2395 3561 2475">
     <span class='ocr_line' id='line_1_98' title="bbox 1988 2395 3561 2475; baseline 0.01 -28"><span class='ocrx_word' id='word_1_555' title='bbox 1988 2396 2181 2475; x_wconf 79' lang='lat' dir='ltr'><strong>atque</strong></span> <span class='ocrx_word' id='word_1_556' title='bbox 2213 2395 2563 2475; x_wconf 85' lang='lat' dir='ltr'><strong>auctoritas</strong></span> <span class='ocrx_word' id='word_1_557' title='bbox 2596 2413 2720 2475; x_wconf 84' lang='lat' dir='ltr'><strong>non</strong></span> <span class='ocrx_word' id='word_1_558' title='bbox 2759 2397 3003 2456; x_wconf 79' lang='lat' dir='ltr'><strong>deesset</strong></span> <span class='ocrx_word' id='word_1_559' title='bbox 3034 2399 3134 2469; x_wconf 92' lang='lat' dir='ltr'><strong>iis,</strong></span> <span class='ocrx_word' id='word_1_560' title='bbox 3172 2402 3280 2475; x_wconf 92' lang='lat' dir='ltr'><strong>qui</strong></span> <span class='ocrx_word' id='word_1_561' title='bbox 3325 2395 3462 2462; x_wconf 73' lang='lat' dir='ltr'><strong>tum</strong></span> <span class='ocrx_word' id='word_1_562' title='bbox 3496 2395 3561 2462; x_wconf 87' lang='lat' dir='ltr'><strong>in</strong></span> 
     </span>
    </p>
   </div>
   <div class='ocr_carea' id='block_1_98' title="bbox 1985 2468 3561 2543">
    <p class='ocr_par' dir='ltr' id='par_1_98' title="bbox 1985 2468 3561 2543">
     <span class='ocr_line' id='line_1_99' title="bbox 1985 2468 3561 2543; baseline 0.01 -16"><span class='ocrx_word' id='word_1_563' title='bbox 1985 2468 2103 2529; x_wconf 89' lang='lat' dir='ltr'><strong>hac</strong></span> <span class='ocrx_word' id='word_1_564' title='bbox 2136 2473 2292 2531; x_wconf 88' lang='lat' dir='ltr'><strong>urbe</strong></span> <span class='ocrx_word' id='word_1_565' title='bbox 2332 2475 2578 2543; x_wconf 63' lang='lat' dir='ltr'><strong>magnis</strong></span> <span class='ocrx_word' id='word_1_566' title='bbox 2606 2474 3070 2537; x_wconf 88' lang='lat' dir='ltr'><strong>desideriorum</strong></span> <span class='ocrx_word' id='word_1_567' title='bbox 3110 2468 3407 2539; x_wconf 76' lang='lat' dir='ltr'><strong>fluctibus</strong></span> <span class='ocrx_word' id='word_1_568' title='bbox 3446 2500 3561 2542; x_wconf 68' lang='lat' dir='ltr'><strong>tes-</strong></span> 
     </span>
    </p>
   </div>
   <div class='ocr_carea' id='block_1_99' title="bbox 1986 2552 3564 2637">
    <p class='ocr_par' dir='ltr' id='par_1_99' title="bbox 1986 2552 3564 2637">
     <span class='ocr_line' id='line_1_100' title="bbox 1986 2552 3564 2637; baseline 0.009 -31"><span class='ocrx_word' id='word_1_569' title='bbox 1986 2552 2213 2637; x_wconf 66' lang='lat' dir='ltr'><strong>tuenti,</strong></span> <span class='ocrx_word' id='word_1_570' title='bbox 2250 2556 2475 2611; x_wconf 91' lang='lat' dir='ltr'><strong>tumin</strong></span> <span class='ocrx_word' id='word_1_571' title='bbox 2513 2553 2652 2613; x_wconf 89' lang='lat' dir='ltr'><strong>aliis</strong></span> <span class='ocrx_word' id='word_1_572' title='bbox 2682 2572 2939 2631; x_wconf 85' lang='lat' dir='ltr'><strong>quoque</strong></span> <span class='ocrx_word' id='word_1_573' title='bbox 2970 2556 3328 2637; x_wconf 88' lang='lat' dir='ltr'><strong>civitatibus</strong></span> <span class='ocrx_word' id='word_1_574' title='bbox 3359 2573 3413 2620; x_wconf 89' lang='lat' dir='ltr'><strong>et</strong></span> <span class='ocrx_word' id='word_1_575' title='bbox 3450 2580 3564 2637; x_wconf 87' lang='lat' dir='ltr'><strong>op-</strong></span> 
     </span>
    </p>
   </div>
   <div class='ocr_carea' id='block_1_100' title="bbox 1987 2627 3565 2713">
    <p class='ocr_par' dir='ltr' id='par_1_100' title="bbox 1987 2627 3565 2713">
     <span class='ocr_line' id='line_1_101' title="bbox 1987 2627 3565 2713; baseline 0.01 -28"><span class='ocrx_word' id='word_1_576' title='bbox 1987 2627 2146 2703; x_wconf 90' lang='lat' dir='ltr'><strong>pidis</strong></span> <span class='ocrx_word' id='word_1_577' title='bbox 2183 2631 2635 2713; x_wconf 87' lang='lat' dir='ltr'><strong>hanc_operam</strong></span> <span class='ocrx_word' id='word_1_578' title='bbox 2667 2627 2805 2692; x_wconf 85' lang='lat' dir='ltr'><strong>meo</strong></span> <span class='ocrx_word' id='word_1_579' title='bbox 2838 2627 3095 2695; x_wconf 80' lang='lat' dir='ltr'><strong>nomine</strong></span> <span class='ocrx_word' id='word_1_580' title='bbox 3128 2643 3318 2713; x_wconf 87' lang='lat' dir='ltr'><strong>atque</strong></span> <span class='ocrx_word' id='word_1_581' title='bbox 3346 2627 3565 2699; x_wconf 75' lang='lat' dir='ltr'><strong>volun-</strong></span> 
     </span>
    </p>
   </div>
   <div class='ocr_carea' id='block_1_101' title="bbox 1986 2710 3560 2789">
    <p class='ocr_par' dir='ltr' id='par_1_101' title="bbox 1986 2710 3560 2789">
     <span class='ocr_line' id='line_1_102' title="bbox 1986 2710 3560 2789; baseline 0.01 -25"><span class='ocrx_word' id='word_1_582' title='bbox 1986 2715 2112 2767; x_wconf 90' lang='lat' dir='ltr'><strong>tate</strong></span> <span class='ocrx_word' id='word_1_583' title='bbox 2170 2710 2430 2787; x_wconf 89' lang='lat' dir='ltr'><strong>p0pulo,</strong></span> <span class='ocrx_word' id='word_1_584' title='bbox 2482 2728 2557 2771; x_wconf 88' lang='lat' dir='ltr'><strong>ac</strong></span> <span class='ocrx_word' id='word_1_585' title='bbox 2607 2713 2772 2789; x_wconf 89' lang='lat' dir='ltr'><strong>plebi</strong></span> <span class='ocrx_word' id='word_1_586' title='bbox 2834 2724 3067 2775; x_wconf 62' lang='lat' dir='ltr'><strong>nostra:</strong></span> <span class='ocrx_word' id='word_1_587' title='bbox 3103 2710 3363 2776; x_wconf 78' lang='lat' dir='ltr'><strong>navant.</strong></span> <span class='ocrx_word' id='word_1_588' title='bbox 3399 2720 3473 2777; x_wconf 88' lang='lat' dir='ltr'><strong>Et</strong></span> <span class='ocrx_word' id='word_1_589' title='bbox 3506 2721 3560 2779; x_wconf 92' lang='lat' dir='ltr'><strong>si</strong></span> 
     </span>
    </p>
   </div>
   <div class='ocr_carea' id='block_1_102' title="bbox 1984 2790 3566 2869">
    <p class='ocr_par' dir='ltr' id='par_1_102' title="bbox 1984 2790 3566 2869">
     <span class='ocr_line' id='line_1_103' title="bbox 1984 2790 3566 2869; baseline 0.009 -25"><span class='ocrx_word' id='word_1_590' title='bbox 1984 2802 2111 2869; x_wconf 81' lang='lat' dir='ltr'><strong>qua</strong></span> <span class='ocrx_word' id='word_1_591' title='bbox 2145 2790 2220 2846; x_wconf 88' lang='lat' dir='ltr'><strong>ad</strong></span> <span class='ocrx_word' id='word_1_592' title='bbox 2258 2791 2475 2866; x_wconf 82' lang='lat' dir='ltr'><strong>populi</strong></span> <span class='ocrx_word' id='word_1_593' title='bbox 2515 2792 2704 2869; x_wconf 84' lang='lat' dir='ltr'><strong>hujus</strong></span> <span class='ocrx_word' id='word_1_594' title='bbox 2730 2799 2788 2851; x_wconf 90' lang='lat' dir='ltr'><strong>el</strong></span> <span class='ocrx_word' id='word_1_595' title='bbox 2820 2790 3173 2869; x_wconf 86' lang='lat' dir='ltr'><strong>juventutis</strong></span> <span class='ocrx_word' id='word_1_596' title='bbox 3202 2796 3566 2859; x_wconf 67' lang='lat' dir='ltr'><strong>erudienda:</strong></span> 
     </span>
    </p>
   </div>
   <div class='ocr_carea' id='block_1_103' title="bbox 1987 2867 3565 2949">
    <p class='ocr_par' dir='ltr' id='par_1_103' title="bbox 1987 2867 3565 2949">
     <span class='ocr_line' id='line_1_104' title="bbox 1987 2867 3565 2949; baseline 0.01 -26"><span class='ocrx_word' id='word_1_597' title='bbox 1987 2867 2300 2949; x_wconf 83' lang='lat' dir='ltr'><strong>rationem</strong></span> <span class='ocrx_word' id='word_1_598' title='bbox 2350 2867 2661 2930; x_wconf 88' lang='lat' dir='ltr'><strong>industria</strong></span> <span class='ocrx_word' id='word_1_599' title='bbox 2713 2867 3138 2949; x_wconf 79' lang='lat' dir='ltr'><strong>desideratur,</strong></span> <span class='ocrx_word' id='word_1_600' title='bbox 3189 2892 3331 2935; x_wconf 89' lang='lat' dir='ltr'><strong>eam</strong></span> <span class='ocrx_word' id='word_1_601' title='bbox 3367 2894 3565 2938; x_wconf 85' lang='lat' dir='ltr'><strong>aecu-</strong></span> 
     </span>
    </p>
   </div>
   <div class='ocr_carea' id='block_1_104' title="bbox 1986 2947 3565 3027">
    <p class='ocr_par' dir='ltr' id='par_1_104' title="bbox 1986 2947 3565 3027">
     <span class='ocr_line' id='line_1_105' title="bbox 1986 2947 3565 3027; baseline 0.009 -25"><span class='ocrx_word' id='word_1_602' title='bbox 1986 2947 2521 3027; x_wconf 72' lang='lat' dir='ltr'><strong>ratissimenobis</strong></span> <span class='ocrx_word' id='word_1_603' title='bbox 2554 2951 2906 3027; x_wconf 84' lang='lat' dir='ltr'><strong>Collegium</strong></span> <span class='ocrx_word' id='word_1_604' title='bbox 2950 2947 3205 3012; x_wconf 87' lang='lat' dir='ltr'><strong>Patrum</strong></span> <span class='ocrx_word' id='word_1_605' title='bbox 3240 2958 3565 3017; x_wconf 77' lang='lat' dir='ltr'><strong>societatis</strong></span> 
     </span>
    </p>
   </div>
   <div class='ocr_carea' id='block_1_105' title="bbox 1981 3023 3565 3101">
    <p class='ocr_par' dir='ltr' id='par_1_105' title="bbox 1981 3023 3565 3101">
     <span class='ocr_line' id='line_1_106' title="bbox 1981 3023 3565 3101; baseline 0.011 -20"><span class='ocrx_word' id='word_1_606' title='bbox 1981 3023 2135 3084; x_wconf 88' lang='lat' dir='ltr'><strong>Jesu</strong></span> <span class='ocrx_word' id='word_1_607' title='bbox 2174 3025 2341 3101; x_wconf 91' lang='lat' dir='ltr'><strong>quod</strong></span> <span class='ocrx_word' id='word_1_608' title='bbox 2382 3027 2482 3087; x_wconf 86' lang='lat' dir='ltr'><strong>hic</strong></span> <span class='ocrx_word' id='word_1_609' title='bbox 2517 3023 2827 3088; x_wconf 84' lang='lat' dir='ltr'><strong>habemus</strong></span> <span class='ocrx_word' id='word_1_610' title='bbox 2866 3031 3249 3093; x_wconf 74' lang='lat' dir='ltr'><strong>fmlicissime</strong></span> <span class='ocrx_word' id='word_1_611' title='bbox 3291 3036 3565 3097; x_wconf 85' lang='lat' dir='ltr'><strong>inchoa—</strong></span> 
     </span>
    </p>
   </div>
   <div class='ocr_carea' id='block_1_106' title="bbox 1987 3106 3564 3194">
    <p class='ocr_par' dir='ltr' id='par_1_106' title="bbox 1987 3106 3564 3194">
     <span class='ocr_line' id='line_1_107' title="bbox 1987 3106 3564 3194; baseline 0.011 -34"><span class='ocrx_word' id='word_1_612' title='bbox 1987 3108 2144 3194; x_wconf 73' lang='lat' dir='ltr'><strong>tum,</strong></span> <span class='ocrx_word' id='word_1_613' title='bbox 2175 3106 2561 3194; x_wconf 52' lang='lat' dir='ltr'><strong>suppeditat:</strong></span> <span class='ocrx_word' id='word_1_614' title='bbox 2596 3109 2655 3194; x_wconf 68' lang='lat' dir='ltr'><strong>Si</strong></span> <span class='ocrx_word' id='word_1_615' title='bbox 2704 3109 2854 3183; x_wconf 92' lang='lat' dir='ltr'><strong>quid</strong></span> <span class='ocrx_word' id='word_1_616' title='bbox 2917 3129 3110 3188; x_wconf 89' lang='lat' dir='ltr'><strong>porro</strong></span> <span class='ocrx_word' id='word_1_617' title='bbox 3144 3119 3239 3173; x_wconf 88' lang='lat' dir='ltr'><strong>est</strong></span> <span class='ocrx_word' id='word_1_618' title='bbox 3275 3115 3442 3189; x_wconf 88' lang='lat' dir='ltr'><strong>quod</strong></span> <span class='ocrx_word' id='word_1_619' title='bbox 3472 3116 3564 3177; x_wconf 86' lang='lat' dir='ltr'><strong>la-</strong></span> 
     </span>
    </p>
   </div>
   <div class='ocr_carea' id='block_1_107' title="bbox 1987 3185 3564 3265">
    <p class='ocr_par' dir='ltr' id='par_1_107' title="bbox 1987 3185 3564 3265">
     <span class='ocr_line' id='line_1_108' title="bbox 1987 3185 3564 3265; baseline 0.009 -25"><span class='ocrx_word' id='word_1_620' title='bbox 1987 3185 2110 3241; x_wconf 92' lang='lat' dir='ltr'><strong>tius</strong></span> <span class='ocrx_word' id='word_1_621' title='bbox 2171 3185 2361 3244; x_wconf 88' lang='lat' dir='ltr'><strong>etiam</strong></span> <span class='ocrx_word' id='word_1_622' title='bbox 2401 3185 2462 3244; x_wconf 92' lang='lat' dir='ltr'><strong>in</strong></span> <span class='ocrx_word' id='word_1_623' title='bbox 2505 3187 2884 3260; x_wconf 88' lang='lat' dir='ltr'><strong>vicinarum,</strong></span> <span class='ocrx_word' id='word_1_624' title='bbox 2918 3185 3114 3265; x_wconf 79' lang='lat' dir='ltr'><strong>atque</strong></span> <span class='ocrx_word' id='word_1_625' title='bbox 3147 3185 3564 3254; x_wconf 79' lang='lat' dir='ltr'><strong>externarum</strong></span> 
     </span>
    </p>
   </div>
   <div class='ocr_carea' id='block_1_108' title="bbox 1982 3265 3557 3347">
    <p class='ocr_par' dir='ltr' id='par_1_108' title="bbox 1982 3265 3557 3347">
     <span class='ocr_line' id='line_1_109' title="bbox 1982 3265 3557 3347; baseline 0.01 -29"><span class='ocrx_word' id='word_1_626' title='bbox 1982 3279 2250 3347; x_wconf 84' lang='lat' dir='ltr'><strong>quoque</strong></span> <span class='ocrx_word' id='word_1_627' title='bbox 2278 3265 2607 3347; x_wconf 84' lang='lat' dir='ltr'><strong>nationum</strong></span> <span class='ocrx_word' id='word_1_628' title='bbox 2644 3267 2978 3328; x_wconf 88' lang='lat' dir='ltr'><strong>utilitatem</strong></span> <span class='ocrx_word' id='word_1_629' title='bbox 3032 3287 3069 3329; x_wconf 88' lang='lat' dir='ltr'><strong>a</strong></span> <span class='ocrx_word' id='word_1_630' title='bbox 3108 3288 3205 3329; x_wconf 91' lang='lat' dir='ltr'><strong>me</strong></span> <span class='ocrx_word' id='word_1_631' title='bbox 3245 3272 3557 3347; x_wconf 90' lang='lat' dir='ltr'><strong>proﬁcisci</strong></span> 
     </span>
    </p>
   </div>
   <div class='ocr_carea' id='block_1_109' title="bbox 1982 3342 3562 3425">
    <p class='ocr_par' dir='ltr' id='par_1_109' title="bbox 1982 3342 3562 3425">
     <span class='ocr_line' id='line_1_110' title="bbox 1982 3342 3562 3425; baseline 0.007 -26"><span class='ocrx_word' id='word_1_632' title='bbox 1982 3352 2204 3425; x_wconf 71' lang='lat' dir='ltr'><strong>queat,</strong></span> <span class='ocrx_word' id='word_1_633' title='bbox 2236 3342 2293 3404; x_wconf 94' lang='lat' dir='ltr'><strong>id</strong></span> <span class='ocrx_word' id='word_1_634' title='bbox 2314 3360 2484 3425; x_wconf 82' lang='lat' dir='ltr'><strong>curo</strong></span> <span class='ocrx_word' id='word_1_635' title='bbox 2509 3345 2571 3403; x_wconf 90' lang='lat' dir='ltr'><strong>in</strong></span> <span class='ocrx_word' id='word_1_636' title='bbox 2614 3347 2833 3422; x_wconf 91' lang='lat' dir='ltr'><strong>primis</strong></span> <span class='ocrx_word' id='word_1_637' title='bbox 2862 3348 3133 3425; x_wconf 80' lang='lat' dir='ltr'><strong>proferri</strong></span> <span class='ocrx_word' id='word_1_638' title='bbox 3164 3342 3562 3424; x_wconf 80' lang='lat' dir='ltr'><strong>inmedium,</strong></span> 
     </span>
    </p>
   </div>
   <div class='ocr_carea' id='block_1_110' title="bbox 1983 3422 3565 3499">
    <p class='ocr_par' dir='ltr' id='par_1_110' title="bbox 1983 3422 3565 3499">
     <span class='ocr_line' id='line_1_111' title="bbox 1983 3422 3565 3499; baseline 0.006 -18"><span class='ocrx_word' id='word_1_639' title='bbox 1983 3430 2041 3481; x_wconf 91' lang='lat' dir='ltr'><strong>et</strong></span> <span class='ocrx_word' id='word_1_640' title='bbox 2077 3422 2180 3493; x_wconf 91' lang='lat' dir='ltr'><strong>iis,</strong></span> <span class='ocrx_word' id='word_1_641' title='bbox 2217 3422 2327 3499; x_wconf 90' lang='lat' dir='ltr'><strong>qui</strong></span> <span class='ocrx_word' id='word_1_642' title='bbox 2365 3425 2812 3485; x_wconf 88' lang='lat' dir='ltr'><strong>communibus</strong></span> <span class='ocrx_word' id='word_1_643' title='bbox 2857 3422 3038 3488; x_wconf 84' lang='lat' dir='ltr'><strong>bonis</strong></span> <span class='ocrx_word' id='word_1_644' title='bbox 3092 3431 3426 3490; x_wconf 86' lang='lat' dir='ltr'><strong>nobiscum</strong></span> <span class='ocrx_word' id='word_1_645' title='bbox 3480 3422 3565 3491; x_wconf 54' lang='lat' dir='ltr'><strong>lié</strong></span> 
     </span>
    </p>
   </div>
   <div class='ocr_carea' id='block_1_111' title="bbox 1986 3500 2921 3580">
    <p class='ocr_par' dir='ltr' id='par_1_111' title="bbox 1986 3500 2921 3580">
     <span class='ocr_line' id='line_1_112' title="bbox 1986 3500 2921 3580; baseline 0.003 -19"><span class='ocrx_word' id='word_1_646' title='bbox 1986 3500 2207 3580; x_wconf 83' lang='lat' dir='ltr'><strong>benter</strong></span> <span class='ocrx_word' id='word_1_647' title='bbox 2247 3511 2541 3578; x_wconf 89' lang='lat' dir='ltr'><strong>utuntur,</strong></span> <span class='ocrx_word' id='word_1_648' title='bbox 2584 3504 2921 3580; x_wconf 91' lang='lat' dir='ltr'><strong>impertiri.</strong></span> 
     </span>
    </p>
   </div>
   <div class='ocr_carea' id='block_1_112' title="bbox 2063 3578 3563 3661">
    <p class='ocr_par' dir='ltr' id='par_1_112' title="bbox 2063 3578 3563 3661">
     <span class='ocr_line' id='line_1_113' title="bbox 2063 3578 3563 3661; baseline 0.009 -22"><span class='ocrx_word' id='word_1_649' title='bbox 2063 3578 2245 3652; x_wconf 90' lang='lat' dir='ltr'><strong>Quod</strong></span> <span class='ocrx_word' id='word_1_650' title='bbox 2276 3600 2421 3642; x_wconf 92' lang='lat' dir='ltr'><strong>cum</strong></span> <span class='ocrx_word' id='word_1_651' title='bbox 2453 3584 2612 3644; x_wconf 88' lang='lat' dir='ltr'><strong>alias</strong></span> <span class='ocrx_word' id='word_1_652' title='bbox 2643 3578 2801 3645; x_wconf 79' lang='lat' dir='ltr'><strong>sane</strong></span> <span class='ocrx_word' id='word_1_653' title='bbox 2840 3603 2963 3646; x_wconf 89' lang='lat' dir='ltr'><strong>non</strong></span> <span class='ocrx_word' id='word_1_654' title='bbox 2992 3587 3209 3661; x_wconf 86' lang='lat' dir='ltr'><strong>semel,</strong></span> <span class='ocrx_word' id='word_1_655' title='bbox 3239 3596 3368 3650; x_wconf 86' lang='lat' dir='ltr'><strong>tum</strong></span> <span class='ocrx_word' id='word_1_656' title='bbox 3393 3596 3563 3652; x_wconf 87' lang='lat' dir='ltr'><strong>certe</strong></span> 
     </span>
    </p>
   </div>
   <div class='ocr_carea' id='block_1_113' title="bbox 1985 3661 3561 3732">
    <p class='ocr_par' dir='ltr' id='par_1_113' title="bbox 1985 3661 3561 3732">
     <span class='ocr_line' id='line_1_114' title="bbox 1985 3661 3561 3732; baseline 0.008 -12"><span class='ocrx_word' id='word_1_657' title='bbox 1985 3677 2158 3721; x_wconf 91' lang='lat' dir='ltr'><strong>nunc</strong></span> <span class='ocrx_word' id='word_1_658' title='bbox 2188 3662 2251 3720; x_wconf 93' lang='lat' dir='ltr'><strong>in</strong></span> <span class='ocrx_word' id='word_1_659' title='bbox 2284 3661 2403 3721; x_wconf 89' lang='lat' dir='ltr'><strong>hac</strong></span> <span class='ocrx_word' id='word_1_660' title='bbox 2428 3662 2635 3723; x_wconf 78' lang='lat' dir='ltr'><strong>Ruﬁni</strong></span> <span class='ocrx_word' id='word_1_661' title='bbox 2668 3666 2785 3722; x_wconf 89' lang='lat' dir='ltr'><strong>mei</strong></span> <span class='ocrx_word' id='word_1_662' title='bbox 2814 3666 3087 3727; x_wconf 89' lang='lat' dir='ltr'><strong>editione</strong></span> <span class='ocrx_word' id='word_1_663' title='bbox 3119 3676 3387 3730; x_wconf 86' lang='lat' dir='ltr'><strong>conatus</strong></span> <span class='ocrx_word' id='word_1_664' title='bbox 3421 3690 3561 3732; x_wconf 90' lang='lat' dir='ltr'><strong>sum</strong></span> 
     </span>
    </p>
   </div>
   <div class='ocr_carea' id='block_1_114' title="bbox 1985 3731 3566 3832">
    <p class='ocr_par' dir='ltr' id='par_1_114' title="bbox 1985 3731 3566 3832">
     <span class='ocr_line' id='line_1_115' title="bbox 1985 3731 3566 3832; baseline 0.009 -34"><span class='ocrx_word' id='word_1_665' title='bbox 1985 3731 2097 3832; x_wconf 76' lang='lat' dir='ltr'><strong>tibi</strong></span> <span class='ocrx_word' id='word_1_666' title='bbox 2130 3742 2191 3799; x_wconf 93' lang='lat' dir='ltr'><strong>in</strong></span> <span class='ocrx_word' id='word_1_667' title='bbox 2221 3742 2468 3820; x_wconf 81' lang='lat' dir='ltr'><strong>primis,</strong></span> <span class='ocrx_word' id='word_1_668' title='bbox 2499 3745 2678 3804; x_wconf 85' lang='lat' dir='ltr'><strong>Pater</strong></span> <span class='ocrx_word' id='word_1_669' title='bbox 2711 3745 3101 3832; x_wconf 75' lang='lat' dir='ltr'><strong>beatissime,</strong></span> <span class='ocrx_word' id='word_1_670' title='bbox 3134 3753 3433 3832; x_wconf 73' lang='lat' dir='ltr'><strong>testatum</strong></span> <span class='ocrx_word' id='word_1_671' title='bbox 3466 3731 3566 3812; x_wconf 81' lang='lat' dir='ltr'><strong>re-</strong></span> 
     </span>
    </p>
   </div>
   <div class='ocr_carea' id='block_1_115' title="bbox 1985 3818 3562 3907">
    <p class='ocr_par' dir='ltr' id='par_1_115' title="bbox 1985 3818 3562 3907">
     <span class='ocr_line' id='line_1_116' title="bbox 1985 3818 3562 3907; baseline 0.008 -28"><span class='ocrx_word' id='word_1_672' title='bbox 1985 3818 2673 3907; x_wconf 71' lang='lat' dir='ltr'><strong>linquere,__ne_no_stra</strong></span> <span class='ocrx_word' id='word_1_673' title='bbox 2709 3824 2841 3885; x_wconf 71' lang='lat' dir='ltr'><strong>haec</strong></span> <span class='ocrx_word' id='word_1_674' title='bbox 2871 3828 3063 3885; x_wconf 90' lang='lat' dir='ltr'><strong>etiam</strong></span> <span class='ocrx_word' id='word_1_675' title='bbox 3088 3818 3212 3887; x_wconf 86' lang='lat' dir='ltr'><strong>tam</strong></span> <span class='ocrx_word' id='word_1_676' title='bbox 3246 3830 3562 3907; x_wconf 83' lang='lat' dir='ltr'><strong>languens</strong></span> 
     </span>
    </p>
   </div>
   <div class='ocr_carea' id='block_1_116' title="bbox 1985 3898 3562 3984">
    <p class='ocr_par' dir='ltr' id='par_1_116' title="bbox 1985 3898 3562 3984">
     <span class='ocr_line' id='line_1_117' title="bbox 1985 3898 3562 3984; baseline 0.009 -26"><span class='ocrx_word' id='word_1_677' title='bbox 1985 3898 2277 3984; x_wconf 76' lang='lat' dir='ltr'><strong>videatur</strong></span> <span class='ocrx_word' id='word_1_678' title='bbox 2314 3900 2624 3979; x_wconf 83' lang='lat' dir='ltr'><strong>Ecclesia,</strong></span> <span class='ocrx_word' id='word_1_679' title='bbox 2654 3910 2719 3963; x_wconf 88' lang='lat' dir='ltr'><strong>ut</strong></span> <span class='ocrx_word' id='word_1_680' title='bbox 2745 3924 2869 3964; x_wconf 88' lang='lat' dir='ltr'><strong>non</strong></span> <span class='ocrx_word' id='word_1_681' title='bbox 2905 3907 3112 3965; x_wconf 89' lang='lat' dir='ltr'><strong>solum</strong></span> <span class='ocrx_word' id='word_1_682' title='bbox 3146 3898 3562 3984; x_wconf 73' lang='lat' dir='ltr'><strong>recentiores,</strong></span> 
     </span>
    </p>
   </div>
   <div class='ocr_carea' id='block_1_117' title="bbox 1986 3978 3567 4062">
    <p class='ocr_par' dir='ltr' id='par_1_117' title="bbox 1986 3978 3567 4062">
     <span class='ocr_line' id='line_1_118' title="bbox 1986 3978 3567 4062; baseline 0.006 -22"><span class='ocrx_word' id='word_1_683' title='bbox 1986 3978 2095 4040; x_wconf 85' lang='lat' dir='ltr'><strong>sed</strong></span> <span class='ocrx_word' id='word_1_684' title='bbox 2146 3978 2615 4042; x_wconf 86' lang='lat' dir='ltr'><strong>vetustissimos</strong></span> <span class='ocrx_word' id='word_1_685' title='bbox 2662 4002 2924 4062; x_wconf 90' lang='lat' dir='ltr'><strong>quoque</strong></span> <span class='ocrx_word' id='word_1_686' title='bbox 2955 3987 3261 4046; x_wconf 89' lang='lat' dir='ltr'><strong>Doctores</strong></span> <span class='ocrx_word' id='word_1_687' title='bbox 3301 3989 3363 4047; x_wconf 92' lang='lat' dir='ltr'><strong>in</strong></span> <span class='ocrx_word' id='word_1_688' title='bbox 3415 3978 3567 4050; x_wconf 45' lang='lat' dir='ltr'><strong>are;-</strong></span> 
     </span>
    </p>
   </div>
   <div class='ocr_carea' id='block_1_118' title="bbox 1986 4062 3565 4140">
    <p class='ocr_par' dir='ltr' id='par_1_118' title="bbox 1986 4062 3565 4140">
     <span class='ocr_line' id='line_1_119' title="bbox 1986 4062 3565 4140; baseline 0.006 -22"><span class='ocrx_word' id='word_1_689' title='bbox 1986 4076 2165 4140; x_wconf 81' lang='lat' dir='ltr'><strong>nam,</strong></span> <span class='ocrx_word' id='word_1_690' title='bbox 2208 4076 2284 4121; x_wconf 87' lang='lat' dir='ltr'><strong>ac</strong></span> <span class='ocrx_word' id='word_1_691' title='bbox 2330 4062 2529 4140; x_wconf 88' lang='lat' dir='ltr'><strong>solem</strong></span> <span class='ocrx_word' id='word_1_692' title='bbox 2581 4064 2895 4123; x_wconf 82' lang='lat' dir='ltr'><strong>adversus</strong></span> <span class='ocrx_word' id='word_1_693' title='bbox 2938 4066 3164 4140; x_wconf 91' lang='lat' dir='ltr'><strong>impios</strong></span> <span class='ocrx_word' id='word_1_694' title='bbox 3200 4066 3565 4127; x_wconf 87' lang='lat' dir='ltr'><strong>divinarum</strong></span> 
     </span>
    </p>
   </div>
   <div class='ocr_carea' id='block_1_119' title="bbox 1987 4138 3561 4217">
    <p class='ocr_par' dir='ltr' id='par_1_119' title="bbox 1987 4138 3561 4217">
     <span class='ocr_line' id='line_1_120' title="bbox 1987 4138 3561 4217; baseline 0.008 -21"><span class='ocrx_word' id='word_1_695' title='bbox 1987 4138 2322 4198; x_wconf 89' lang='lat' dir='ltr'><strong>literarum</strong></span> <span class='ocrx_word' id='word_1_696' title='bbox 2354 4139 2734 4217; x_wconf 89' lang='lat' dir='ltr'><strong>interpretes</strong></span> <span class='ocrx_word' id='word_1_697' title='bbox 2775 4138 3105 4217; x_wconf 81' lang='lat' dir='ltr'><strong>producat.</strong></span> <span class='ocrx_word' id='word_1_698' title='bbox 3135 4144 3273 4215; x_wconf 91' lang='lat' dir='ltr'><strong>Qua</strong></span> <span class='ocrx_word' id='word_1_699' title='bbox 3308 4163 3458 4207; x_wconf 86' lang='lat' dir='ltr'><strong>vero</strong></span> <span class='ocrx_word' id='word_1_700' title='bbox 3484 4148 3561 4209; x_wconf 88' lang='lat' dir='ltr'><strong>de</strong></span> 
     </span>
    </p>
   </div>
   <div class='ocr_carea' id='block_1_120' title="bbox 1986 4220 3565 4301">
    <p class='ocr_par' dir='ltr' id='par_1_120' title="bbox 1986 4220 3565 4301">
     <span class='ocr_line' id='line_1_121' title="bbox 1986 4220 3565 4301; baseline 0.006 -26"><span class='ocrx_word' id='word_1_701' title='bbox 1986 4233 2183 4301; x_wconf 84' lang='lat' dir='ltr'><strong>causa</strong></span> <span class='ocrx_word' id='word_1_702' title='bbox 2215 4236 2426 4301; x_wconf 86' lang='lat' dir='ltr'><strong>meum</strong></span> <span class='ocrx_word' id='word_1_703' title='bbox 2465 4238 2604 4279; x_wconf 89' lang='lat' dir='ltr'><strong>esse</strong></span> <span class='ocrx_word' id='word_1_704' title='bbox 2638 4220 2933 4301; x_wconf 80' lang='lat' dir='ltr'><strong>Rufinum</strong></span> <span class='ocrx_word' id='word_1_705' title='bbox 2967 4222 3259 4295; x_wconf 80' lang='lat' dir='ltr'><strong>dixerim,</strong></span> <span class='ocrx_word' id='word_1_706' title='bbox 3292 4226 3401 4301; x_wconf 89' lang='lat' dir='ltr'><strong>qui</strong></span> <span class='ocrx_word' id='word_1_707' title='bbox 3437 4232 3565 4286; x_wconf 91' lang='lat' dir='ltr'><strong>tam</strong></span> 
     </span>
    </p>
   </div>
   <div class='ocr_carea' id='block_1_121' title="bbox 1988 4296 3565 4379">
    <p class='ocr_par' dir='ltr' id='par_1_121' title="bbox 1988 4296 3565 4379">
     <span class='ocr_line' id='line_1_122' title="bbox 1988 4296 3565 4379; baseline 0.006 -24"><span class='ocrx_word' id='word_1_708' title='bbox 1988 4296 2373 4372; x_wconf 84' lang='lat' dir='ltr'><strong>improvisus</strong></span> <span class='ocrx_word' id='word_1_709' title='bbox 2410 4314 2485 4358; x_wconf 88' lang='lat' dir='ltr'><strong>ac</strong></span> <span class='ocrx_word' id='word_1_710' title='bbox 2517 4305 2645 4359; x_wconf 88' lang='lat' dir='ltr'><strong>tam</strong></span> <span class='ocrx_word' id='word_1_711' title='bbox 2694 4317 2840 4358; x_wconf 90' lang='lat' dir='ltr'><strong>sero</strong></span> <span class='ocrx_word' id='word_1_712' title='bbox 2882 4300 3247 4360; x_wconf 89' lang='lat' dir='ltr'><strong>hominibus</strong></span> <span class='ocrx_word' id='word_1_713' title='bbox 3279 4296 3565 4379; x_wconf 74' lang='lat' dir='ltr'><strong>profera-</strong></span> 
     </span>
    </p>
   </div>
   <div class='ocr_carea' id='block_1_122' title="bbox 1988 4379 3563 4459">
    <p class='ocr_par' dir='ltr' id='par_1_122' title="bbox 1988 4379 3563 4459">
     <span class='ocr_line' id='line_1_123' title="bbox 1988 4379 3563 4459; baseline 0.006 -26"><span class='ocrx_word' id='word_1_714' title='bbox 1988 4384 2114 4459; x_wconf 83' lang='lat' dir='ltr'><strong>tur,</strong></span> <span class='ocrx_word' id='word_1_715' title='bbox 2167 4379 2544 4459; x_wconf 7' lang='lat' dir='ltr'><strong>etquemgin</strong></span> <span class='ocrx_word' id='word_1_716' title='bbox 2599 4380 2768 4454; x_wconf 89' lang='lat' dir='ltr'><strong>aliis,</strong></span> <span class='ocrx_word' id='word_1_717' title='bbox 2824 4396 2946 4459; x_wconf 85' lang='lat' dir='ltr'><strong>non</strong></span> <span class='ocrx_word' id='word_1_718' title='bbox 2986 4381 3179 4440; x_wconf 88' lang='lat' dir='ltr'><strong>semel</strong></span> <span class='ocrx_word' id='word_1_719' title='bbox 3237 4385 3563 4459; x_wconf 85' lang='lat' dir='ltr'><strong>opusculis</strong></span> 
     </span>
    </p>
   </div>
   <div class='ocr_carea' id='block_1_123' title="bbox 1988 4456 3563 4535">
    <p class='ocr_par' dir='ltr' id='par_1_123' title="bbox 1988 4456 3563 4535">
     <span class='ocr_line' id='line_1_124' title="bbox 1988 4456 3563 4535; baseline 0.005 -20"><span class='ocrx_word' id='word_1_720' title='bbox 1988 4456 2107 4515; x_wconf 90' lang='lat' dir='ltr'><strong>viri</strong></span> <span class='ocrx_word' id='word_1_721' title='bbox 2140 4456 2518 4535; x_wconf 72' lang='lat' dir='ltr'><strong>superioris,</strong></span> <span class='ocrx_word' id='word_1_722' title='bbox 2569 4476 2643 4516; x_wconf 90' lang='lat' dir='ltr'><strong>ac</strong></span> <span class='ocrx_word' id='word_1_723' title='bbox 2690 4456 2952 4534; x_wconf 90' lang='lat' dir='ltr'><strong>proinde</strong></span> <span class='ocrx_word' id='word_1_724' title='bbox 3006 4456 3321 4535; x_wconf 75' lang='lat' dir='ltr'><strong>gravioris</strong></span> <span class='ocrx_word' id='word_1_725' title='bbox 3360 4466 3563 4523; x_wconf 66' lang='lat' dir='ltr'><strong>aetatis</strong></span> 
     </span>
    </p>
   </div>
   <div class='ocr_carea' id='block_1_124' title="bbox 1989 4531 3563 4616">
    <p class='ocr_par' dir='ltr' id='par_1_124' title="bbox 1989 4531 3563 4616">
     <span class='ocr_line' id='line_1_125' title="bbox 1989 4531 3563 4616; baseline 0.008 -25"><span class='ocrx_word' id='word_1_726' title='bbox 1989 4531 2497 4610; x_wconf 86' lang='lat' dir='ltr'><strong>reprehendunt,</strong></span> <span class='ocrx_word' id='word_1_727' title='bbox 2577 4531 2785 4614; x_wconf 63' lang='lat' dir='ltr'><strong>Operae</strong></span> <span class='ocrx_word' id='word_1_728' title='bbox 2856 4531 3127 4616; x_wconf 74' lang='lat' dir='ltr'><strong>pretium</strong></span> <span class='ocrx_word' id='word_1_729' title='bbox 3196 4541 3348 4600; x_wconf 83' lang='lat' dir='ltr'><strong>duxi</strong></span> <span class='ocrx_word' id='word_1_730' title='bbox 3430 4545 3563 4616; x_wconf 86' lang='lat' dir='ltr'><strong>tibi,</strong></span> 
     </span>
    </p>
   </div>
   <div class='ocr_carea' id='block_1_125' title="bbox 1988 4615 3563 4696">
    <p class='ocr_par' dir='ltr' id='par_1_125' title="bbox 1988 4615 3563 4696">
     <span class='ocr_line' id='line_1_126' title="bbox 1988 4615 3563 4696; baseline 0.008 -26"><span class='ocrx_word' id='word_1_731' title='bbox 1988 4631 2239 4696; x_wconf 80' lang='lat' dir='ltr'><strong>summo</strong></span> <span class='ocrx_word' id='word_1_732' title='bbox 2264 4631 2477 4673; x_wconf 90' lang='lat' dir='ltr'><strong>rerum</strong></span> <span class='ocrx_word' id='word_1_733' title='bbox 2493 4632 2715 4674; x_wconf 89' lang='lat' dir='ltr'><strong>earum</strong></span> <span class='ocrx_word' id='word_1_734' title='bbox 2743 4634 2887 4693; x_wconf 67' lang='lat' dir='ltr'><strong>quae</strong></span> <span class='ocrx_word' id='word_1_735' title='bbox 2914 4615 2988 4675; x_wconf 93' lang='lat' dir='ltr'><strong>ad</strong></span> <span class='ocrx_word' id='word_1_736' title='bbox 3018 4618 3199 4676; x_wconf 89' lang='lat' dir='ltr'><strong>ﬁdem</strong></span> <span class='ocrx_word' id='word_1_737' title='bbox 3220 4615 3563 4696; x_wconf 87' lang='lat' dir='ltr'><strong>pertinent,</strong></span> 
     </span>
    </p>
   </div>
   <div class='ocr_carea' id='block_1_126' title="bbox 1980 4692 3563 4775">
    <p class='ocr_par' dir='ltr' id='par_1_126' title="bbox 1980 4692 3563 4775">
     <span class='ocr_line' id='line_1_127' title="bbox 1980 4692 3563 4775; baseline 0.007 -25"><span class='ocrx_word' id='word_1_738' title='bbox 1980 4692 2205 4775; x_wconf 89' lang='lat' dir='ltr'><strong>judici,</strong></span> <span class='ocrx_word' id='word_1_739' title='bbox 2259 4697 2643 4775; x_wconf 80' lang='lat' dir='ltr'><strong>exprimere.</strong></span> <span class='ocrx_word' id='word_1_740' title='bbox 2686 4692 2787 4755; x_wconf 68' lang='lat' dir='ltr'><strong>list</strong></span> <span class='ocrx_word' id='word_1_741' title='bbox 2842 4696 2901 4754; x_wconf 92' lang='lat' dir='ltr'><strong>in</strong></span> <span class='ocrx_word' id='word_1_742' title='bbox 2959 4713 3117 4774; x_wconf 83' lang='lat' dir='ltr'><strong>agro</strong></span> <span class='ocrx_word' id='word_1_743' title='bbox 3154 4692 3563 4775; x_wconf 82' lang='lat' dir='ltr'><strong>Lugdunensi</strong></span> 
     </span>
    </p>
   </div>
   <div class='ocr_carea' id='block_1_127' title="bbox 1988 4774 3566 4853">
    <p class='ocr_par' dir='ltr' id='par_1_127' title="bbox 1988 4774 3566 4853">
     <span class='ocr_line' id='line_1_128' title="bbox 1988 4774 3566 4853; baseline 0.006 -21"><span class='ocrx_word' id='word_1_744' title='bbox 1988 4774 2197 4853; x_wconf 83' lang='lat' dir='ltr'><strong>insula</strong></span> <span class='ocrx_word' id='word_1_745' title='bbox 2229 4774 2543 4849; x_wconf 63' lang='lat' dir='ltr'><strong>quietiam,</strong></span> <span class='ocrx_word' id='word_1_746' title='bbox 2596 4792 2787 4851; x_wconf 79' lang='lat' dir='ltr'><strong>quain</strong></span> <span class='ocrx_word' id='word_1_747' title='bbox 2832 4776 3048 4835; x_wconf 69' lang='lat' dir='ltr'><strong>Barba:</strong></span> <span class='ocrx_word' id='word_1_748' title='bbox 3078 4774 3406 4853; x_wconf 83' lang='lat' dir='ltr'><strong>appellant</strong></span> <span class='ocrx_word' id='word_1_749' title='bbox 3454 4782 3566 4840; x_wconf 88' lang='lat' dir='ltr'><strong>in-</strong></span> 
     </span>
    </p>
   </div>
   <div class='ocr_carea' id='block_1_128' title="bbox 1988 4851 3564 4931">
    <p class='ocr_par' dir='ltr' id='par_1_128' title="bbox 1988 4851 3564 4931">
     <span class='ocr_line' id='line_1_129' title="bbox 1988 4851 3564 4931; baseline 0.008 -22"><span class='ocrx_word' id='word_1_750' title='bbox 1988 4854 2143 4912; x_wconf 63' lang='lat' dir='ltr'><strong>coire</strong></span> <span class='ocrx_word' id='word_1_751' title='bbox 2172 4851 2357 4931; x_wconf 76' lang='lat' dir='ltr'><strong>(ttocti</strong></span> <span class='ocrx_word' id='word_1_752' title='bbox 2396 4871 2543 4913; x_wconf 90' lang='lat' dir='ltr'><strong>vero</strong></span> <span class='ocrx_word' id='word_1_753' title='bbox 2579 4854 2964 4931; x_wconf 73' lang='lat' dir='ltr'><strong>Barbulam),</strong></span> <span class='ocrx_word' id='word_1_754' title='bbox 2997 4851 3272 4917; x_wconf 86' lang='lat' dir='ltr'><strong>medium</strong></span> <span class='ocrx_word' id='word_1_755' title='bbox 3310 4860 3564 4921; x_wconf 83' lang='lat' dir='ltr'><strong>alveum</strong></span> 
     </span>
    </p>
   </div>
   <div class='ocr_carea' id='block_1_129' title="bbox 1986 4931 3563 5009">
    <p class='ocr_par' dir='ltr' id='par_1_129' title="bbox 1986 4931 3563 5009">
     <span class='ocr_line' id='line_1_130' title="bbox 1986 4931 3563 5009; baseline 0.006 -18"><span class='ocrx_word' id='word_1_756' title='bbox 1986 4934 2209 4991; x_wconf 88' lang='lat' dir='ltr'><strong>Araris</strong></span> <span class='ocrx_word' id='word_1_757' title='bbox 2240 4931 2511 5005; x_wconf 90' lang='lat' dir='ltr'><strong>ﬁndens,</strong></span> <span class='ocrx_word' id='word_1_758' title='bbox 2552 4935 2612 4991; x_wconf 85' lang='lat' dir='ltr'><strong>in</strong></span> <span class='ocrx_word' id='word_1_759' title='bbox 2646 4952 2771 5008; x_wconf 91' lang='lat' dir='ltr'><strong>qua</strong></span> <span class='ocrx_word' id='word_1_760' title='bbox 2826 4944 3123 5009; x_wconf 83' lang='lat' dir='ltr'><strong>pervetus</strong></span> <span class='ocrx_word' id='word_1_761' title='bbox 3164 4956 3239 4998; x_wconf 90' lang='lat' dir='ltr'><strong>ac</strong></span> <span class='ocrx_word' id='word_1_762' title='bbox 3270 4947 3563 5001; x_wconf 90' lang='lat' dir='ltr'><strong>sanctum</strong></span> 
     </span>
    </p>
   </div>
   <div class='ocr_carea' id='block_1_130' title="bbox 1989 5013 3567 5099">
    <p class='ocr_par' dir='ltr' id='par_1_130' title="bbox 1989 5013 3567 5099">
     <span class='ocr_line' id='line_1_131' title="bbox 1989 5013 3567 5099; baseline 0.006 -30"><span class='ocrx_word' id='word_1_763' title='bbox 1989 5013 2446 5099; x_wconf 82' lang='lat' dir='ltr'><strong>monasterium</strong></span> <span class='ocrx_word' id='word_1_764' title='bbox 2479 5013 3151 5099; x_wconf 12' lang='lat' dir='ltr'><strong>exstructu_mfuit,iet</strong></span> <span class='ocrx_word' id='word_1_765' title='bbox 3204 5036 3434 5099; x_wconf 88' lang='lat' dir='ltr'><strong>magna</strong></span> <span class='ocrx_word' id='word_1_766' title='bbox 3465 5027 3567 5079; x_wconf 88' lang='lat' dir='ltr'><strong>to-</strong></span> 
     </span>
    </p>
   </div>
   <div class='ocr_carea' id='block_1_131' title="bbox 1990 5093 3563 5170">
    <p class='ocr_par' dir='ltr' id='par_1_131' title="bbox 1990 5093 3563 5170">
     <span class='ocr_line' id='line_1_132' title="bbox 1990 5093 3563 5170; baseline 0.004 -21"><span class='ocrx_word' id='word_1_767' title='bbox 1990 5095 2116 5150; x_wconf 92' lang='lat' dir='ltr'><strong>tius</strong></span> <span class='ocrx_word' id='word_1_768' title='bbox 2152 5093 2499 5170; x_wconf 70' lang='lat' dir='ltr'><strong>provincize</strong></span> <span class='ocrx_word' id='word_1_769' title='bbox 2537 5096 2948 5154; x_wconf 67' lang='lat' dir='ltr'><strong>veneratione</strong></span> <span class='ocrx_word' id='word_1_770' title='bbox 2984 5093 3417 5158; x_wconf 78' lang='lat' dir='ltr'><strong>celebratum:</strong></span> <span class='ocrx_word' id='word_1_771' title='bbox 3456 5100 3563 5158; x_wconf 86' lang='lat' dir='ltr'><strong>sed</strong></span> 
     </span>
    </p>
   </div>
   <div class='ocr_carea' id='block_1_132' title="bbox 1987 5171 3563 5251">
    <p class='ocr_par' dir='ltr' id='par_1_132' title="bbox 1987 5171 3563 5251">
     <span class='ocr_line' id='line_1_133' title="bbox 1987 5171 3563 5251; baseline 0.004 -21"><span class='ocrx_word' id='word_1_772' title='bbox 1987 5171 2069 5231; x_wconf 88' lang='lat' dir='ltr'><strong>ita</strong></span> <span class='ocrx_word' id='word_1_773' title='bbox 2104 5174 2438 5246; x_wconf 87' lang='lat' dir='ltr'><strong>superiore</strong></span> <span class='ocrx_word' id='word_1_774' title='bbox 2472 5173 2632 5232; x_wconf 84' lang='lat' dir='ltr'><strong>bello</strong></span> <span class='ocrx_word' id='word_1_775' title='bbox 2658 5174 2737 5232; x_wconf 88' lang='lat' dir='ltr'><strong>ab</strong></span> <span class='ocrx_word' id='word_1_776' title='bbox 2769 5174 3080 5235; x_wconf 70' lang='lat' dir='ltr'><strong>hieretieis</strong></span> <span class='ocrx_word' id='word_1_777' title='bbox 3109 5177 3563 5251; x_wconf 85' lang='lat' dir='ltr'><strong>disturbatum,</strong></span> 
     </span>
    </p>
   </div>
   <div class='ocr_carea' id='block_1_133' title="bbox 1986 5251 3564 5333">
    <p class='ocr_par' dir='ltr' id='par_1_133' title="bbox 1986 5251 3564 5333">
     <span class='ocr_line' id='line_1_134' title="bbox 1986 5251 3564 5333; baseline 0.004 -24"><span class='ocrx_word' id='word_1_778' title='bbox 1986 5251 2518 5333; x_wconf 84' lang='lat' dir='ltr'><strong>atquedirutum,</strong></span> <span class='ocrx_word' id='word_1_779' title='bbox 2546 5260 2613 5311; x_wconf 92' lang='lat' dir='ltr'><strong>ut</strong></span> <span class='ocrx_word' id='word_1_780' title='bbox 2656 5253 2810 5312; x_wconf 92' lang='lat' dir='ltr'><strong>nihil</strong></span> <span class='ocrx_word' id='word_1_781' title='bbox 2851 5254 2912 5312; x_wconf 90' lang='lat' dir='ltr'><strong>in</strong></span> <span class='ocrx_word' id='word_1_782' title='bbox 2950 5274 3026 5314; x_wconf 81' lang='lat' dir='ltr'><strong>eo</strong></span> <span class='ocrx_word' id='word_1_783' title='bbox 3056 5257 3172 5314; x_wconf 91' lang='lat' dir='ltr'><strong>nisi</strong></span> <span class='ocrx_word' id='word_1_784' title='bbox 3206 5257 3324 5315; x_wconf 86' lang='lat' dir='ltr'><strong>loci</strong></span> <span class='ocrx_word' id='word_1_785' title='bbox 3359 5257 3564 5333; x_wconf 86' lang='lat' dir='ltr'><strong>cujus-</strong></span> 
     </span>
    </p>
   </div>
   <div class='ocr_carea' id='block_1_134' title="bbox 1986 5330 3563 5410">
    <p class='ocr_par' dir='ltr' id='par_1_134' title="bbox 1986 5330 3563 5410">
     <span class='ocr_line' id='line_1_135' title="bbox 1986 5330 3563 5410; baseline 0.003 -21"><span class='ocrx_word' id='word_1_786' title='bbox 1986 5332 2131 5390; x_wconf 89' lang='lat' dir='ltr'><strong>dam</strong></span> <span class='ocrx_word' id='word_1_787' title='bbox 2163 5330 2496 5393; x_wconf 80' lang='lat' dir='ltr'><strong>divinioris</strong></span> <span class='ocrx_word' id='word_1_788' title='bbox 2531 5334 2795 5410; x_wconf 74' lang='lat' dir='ltr'><strong>vestigia</strong></span> <span class='ocrx_word' id='word_1_789' title='bbox 2829 5351 3163 5408; x_wconf 87' lang='lat' dir='ltr'><strong>superesse</strong></span> <span class='ocrx_word' id='word_1_790' title='bbox 3205 5330 3563 5395; x_wconf 77' lang='lat' dir='ltr'><strong>videantur.</strong></span> 
     </span>
    </p>
   </div>
   <div class='ocr_carea' id='block_1_135' title="bbox 1986 5410 3563 5489">
    <p class='ocr_par' dir='ltr' id='par_1_135' title="bbox 1986 5410 3563 5489">
     <span class='ocr_line' id='line_1_136' title="bbox 1986 5410 3563 5489; baseline 0.003 -19"><span class='ocrx_word' id='word_1_791' title='bbox 1986 5410 2050 5470; x_wconf 89' lang='lat' dir='ltr'><strong>ld</strong></span> <span class='ocrx_word' id='word_1_792' title='bbox 2080 5428 2225 5471; x_wconf 90' lang='lat' dir='ltr'><strong>cum</strong></span> <span class='ocrx_word' id='word_1_793' title='bbox 2257 5429 2376 5489; x_wconf 85' lang='lat' dir='ltr'><strong>ego</strong></span> <span class='ocrx_word' id='word_1_794' title='bbox 2430 5414 2646 5472; x_wconf 89' lang='lat' dir='ltr'><strong>multis</strong></span> <span class='ocrx_word' id='word_1_795' title='bbox 2698 5415 2828 5489; x_wconf 89' lang='lat' dir='ltr'><strong>jam</strong></span> <span class='ocrx_word' id='word_1_796' title='bbox 2860 5412 3318 5487; x_wconf 83' lang='lat' dir='ltr'><strong>superioribus</strong></span> <span class='ocrx_word' id='word_1_797' title='bbox 3374 5414 3563 5475; x_wconf 89' lang='lat' dir='ltr'><strong>annis</strong></span> 
     </span>
    </p>
   </div>
   <div class='ocr_carea' id='block_1_136' title="bbox 1985 5490 3565 5568">
    <p class='ocr_par' dir='ltr' id='par_1_136' title="bbox 1985 5490 3565 5568">
     <span class='ocr_line' id='line_1_137' title="bbox 1985 5490 3565 5568; baseline 0.001 -17"><span class='ocrx_word' id='word_1_798' title='bbox 1985 5493 2364 5551; x_wconf 81' lang='lat' dir='ltr'><strong>auctoritate</strong></span> <span class='ocrx_word' id='word_1_799' title='bbox 2396 5493 2559 5552; x_wconf 85' lang='lat' dir='ltr'><strong>sedis</strong></span> <span class='ocrx_word' id='word_1_800' title='bbox 2596 5491 2973 5566; x_wconf 79' lang='lat' dir='ltr'><strong>Apostolij</strong></span> <span class='ocrx_word' id='word_1_801' title='bbox 3024 5490 3137 5567; x_wconf 90' lang='lat' dir='ltr'><strong>(uti</strong></span> <span class='ocrx_word' id='word_1_802' title='bbox 3188 5491 3277 5568; x_wconf 76' lang='lat' dir='ltr'><strong>fit)</strong></span> <span class='ocrx_word' id='word_1_803' title='bbox 3323 5492 3565 5568; x_wconf 86' lang='lat' dir='ltr'><strong>guber-</strong></span> 
     </span>
    </p>
   </div>
   <div class='ocr_carea' id='block_1_137' title="bbox 1988 5571 3564 5647">
    <p class='ocr_par' dir='ltr' id='par_1_137' title="bbox 1988 5571 3564 5647">
     <span class='ocr_line' id='line_1_138' title="bbox 1988 5571 3564 5647; baseline 0.001 -18"><span class='ocrx_word' id='word_1_804' title='bbox 1988 5574 2269 5630; x_wconf 89' lang='lat' dir='ltr'><strong>nandum</strong></span> <span class='ocrx_word' id='word_1_805' title='bbox 2300 5574 2747 5647; x_wconf 83' lang='lat' dir='ltr'><strong>suscepissem,</strong></span> <span class='ocrx_word' id='word_1_806' title='bbox 2783 5588 2927 5629; x_wconf 92' lang='lat' dir='ltr'><strong>cum</strong></span> <span class='ocrx_word' id='word_1_807' title='bbox 2987 5574 3184 5627; x_wconf 84' lang='lat' dir='ltr'><strong>multa</strong></span> <span class='ocrx_word' id='word_1_808' title='bbox 3244 5571 3305 5628; x_wconf 93' lang='lat' dir='ltr'><strong>in</strong></span> <span class='ocrx_word' id='word_1_809' title='bbox 3353 5589 3430 5630; x_wconf 91' lang='lat' dir='ltr'><strong>eo</strong></span> <span class='ocrx_word' id='word_1_810' title='bbox 3462 5572 3564 5631; x_wconf 85' lang='lat' dir='ltr'><strong>of-</strong></span> 
     </span>
    </p>
   </div>
   <div class='ocr_carea' id='block_1_138' title="bbox 1990 5648 3563 5725">
    <p class='ocr_par' dir='ltr' id='par_1_138' title="bbox 1990 5648 3563 5725">
     <span class='ocr_line' id='line_1_139' title="bbox 1990 5648 3563 5725; baseline -0.001 -15"><span class='ocrx_word' id='word_1_811' title='bbox 1990 5650 2153 5710; x_wconf 86' lang='lat' dir='ltr'><strong>fendi</strong></span> <span class='ocrx_word' id='word_1_812' title='bbox 2187 5653 2436 5725; x_wconf 89' lang='lat' dir='ltr'><strong>pietatis</strong></span> <span class='ocrx_word' id='word_1_813' title='bbox 2469 5653 2751 5721; x_wconf 71' lang='lat' dir='ltr'><strong>antiqua)</strong></span> <span class='ocrx_word' id='word_1_814' title='bbox 2784 5648 3199 5719; x_wconf 88' lang='lat' dir='ltr'><strong>monimenta,</strong></span> <span class='ocrx_word' id='word_1_815' title='bbox 3238 5658 3370 5709; x_wconf 90' lang='lat' dir='ltr'><strong>tum</strong></span> <span class='ocrx_word' id='word_1_816' title='bbox 3413 5670 3563 5712; x_wconf 82' lang='lat' dir='ltr'><strong>vero</strong></span> 
     </span>
    </p>
   </div>
   <div class='ocr_carea' id='block_1_139' title="bbox 1988 5726 3563 5808">
    <p class='ocr_par' dir='ltr' id='par_1_139' title="bbox 1988 5726 3563 5808">
     <span class='ocr_line' id='line_1_140' title="bbox 1988 5726 3563 5808; baseline 0.004 -21"><span class='ocrx_word' id='word_1_817' title='bbox 1988 5732 2300 5807; x_wconf 66' lang='lat' dir='ltr'><strong>praecipue</strong></span> <span class='ocrx_word' id='word_1_818' title='bbox 2384 5728 2829 5787; x_wconf 79' lang='lat' dir='ltr'><strong>biblioberam</strong></span> <span class='ocrx_word' id='word_1_819' title='bbox 2909 5726 3307 5808; x_wconf 79' lang='lat' dir='ltr'><strong>opulentam,</strong></span> <span class='ocrx_word' id='word_1_820' title='bbox 3366 5748 3563 5808; x_wconf 86' lang='lat' dir='ltr'><strong>quam</strong></span> 
     </span>
    </p>
   </div>
   <div class='ocr_carea' id='block_1_140' title="bbox 1987 5806 3562 5876">
    <p class='ocr_par' dir='ltr' id='par_1_140' title="bbox 1987 5806 3562 5876">
     <span class='ocr_line' id='line_1_141' title="bbox 1987 5806 3562 5876; baseline 0.001 -8"><span class='ocrx_word' id='word_1_821' title='bbox 1987 5806 2129 5868; x_wconf 86' lang='lat' dir='ltr'><strong>cum</strong></span> <span class='ocrx_word' id='word_1_822' title='bbox 2164 5806 2443 5867; x_wconf 81' lang='lat' dir='ltr'><strong>studiose</strong></span> <span class='ocrx_word' id='word_1_823' title='bbox 2478 5808 2877 5876; x_wconf 86' lang='lat' dir='ltr'><strong>lustrassem,</strong></span> <span class='ocrx_word' id='word_1_824' title='bbox 2901 5806 3133 5864; x_wconf 76' lang='lat' dir='ltr'><strong>oll&#39;en‘di</strong></span> <span class='ocrx_word' id='word_1_825' title='bbox 3157 5806 3562 5875; x_wconf 81' lang='lat' dir='ltr'><strong>Commenta-</strong></span> 
     </span>
    </p>
   </div>
   <div class='ocr_carea' id='block_1_141' title="bbox 1996 5884 3559 5969">
    <p class='ocr_par' dir='ltr' id='par_1_141' title="bbox 1996 5884 3559 5969">
     <span class='ocr_line' id='line_1_142' title="bbox 1996 5884 3559 5969; baseline -0.004 -22"><span class='ocrx_word' id='word_1_826' title='bbox 1996 5890 2120 5950; x_wconf 89' lang='lat' dir='ltr'><strong>rios</strong></span> <span class='ocrx_word' id='word_1_827' title='bbox 2149 5886 2354 5947; x_wconf 74' lang='lat' dir='ltr'><strong>Ruﬁni</strong></span> <span class='ocrx_word' id='word_1_828' title='bbox 2390 5886 2739 5966; x_wconf 68' lang='lat' dir='ltr'><strong>presbyteri</strong></span> <span class='ocrx_word' id='word_1_829' title='bbox 2768 5884 3191 5963; x_wconf 83' lang='lat' dir='ltr'><strong>Aquilejensis</strong></span> <span class='ocrx_word' id='word_1_830' title='bbox 3220 5888 3281 5948; x_wconf 91' lang='lat' dir='ltr'><strong>in</strong></span> <span class='ocrx_word' id='word_1_831' title='bbox 3313 5899 3559 5969; x_wconf 62' lang='lat' dir='ltr'><strong>septua.</strong></span> 
     </span>
    </p>
   </div>
  </div>
