4128 6360
583 293 686 417 σε)

566 453 763 531 «ςὶηιει
795 451 1083 530 quinque
1114 455 1369 515 Davidis
1404 451 1706 529 psalmos,
1738 450 1905 531 notis
1937 454 1997 507 et
2019 447 2167 507 cha-

585 534 946 611 racteribus
1005 537 1114 611 qui
1179 548 1490 593 summam
1538 530 1983 611 antiquitatem
2038 544 2167 604 prie

588 630 656 671 se
695 610 955 691 ferrt‘nl,
984 608 1362 689 descriptos,
1394 617 1461 691 et
1512 608 1900 669 membranis
1931 624 2167 691 prope-

589 690 849 749 modum
880 694 1113 763 exesis,
1174 708 1248 751 ac
1282 689 1417 767 ipsa
1453 695 1763 750 vetustate
1796 693 1857 747 et
1910 689 2034 746 situ
2066 692 2169 745 at-

589 770 753 827 tritis
789 772 1258 830 cornmendatos
1291 790 1305 827 :
1356 785 1516 845 quos
1554 786 1697 827 cum
1735 767 1917 828 avide
1956 767 2168 843 perle-

588 846 845 925 gisscm,
880 850 1154 926 aliisque
1186 850 1340 912 viris
1377 849 1643 910 eruditis
1694 848 1996 923 legendos
2031 851 2169 905 tra-

589 927 915 999 didissem,
948 929 1163 987 censui
1223 946 1350 989 non
1403 945 1543 987 esse
1592 927 1759 985 hunc
1797 926 2167 986 thesaurum

588 1006 800 1065 denuo
833 1006 1299 1079 defodiendam,
1331 1007 1437 1068 sed
1468 1006 1617 1075 luci,
1655 1022 1731 1065 ac
1760 1022 1936 1065 aurae
1979 1004 2168 1063 exhi-

592 1085 892 1145 bendum.
945 1086 1162 1163 Neque
1219 1104 1371 1147 vero
1429 1103 1529 1145 me
1583 1085 1663 1145 ah
1717 1084 1836 1144 hac
1892 1083 2167 1144 editione

590 1164 894 1223 deterruit
930 1165 988 1223 id
1030 1162 1199 1241 quod
1233 1167 1489 1242 quidam
1529 1183 1608 1223 ex
1662 1164 1811 1221 mihi
1846 1162 2169 1221 amicissi-

588 1244 708 1302 mis
743 1243 804 1301 in
860 1244 981 1305 hoc
1017 1263 1211 1321 opere
1262 1250 1681 1319 annotarunt,
1719 1242 2037 1319 plerisque
2093 1257 2169 1300 ac

587 1321 855 1403 infinitis
912 1343 1109 1403 prope
1160 1326 1315 1384 locis
1364 1324 1450 1383 ita
1488 1341 1631 1382 cum
1688 1323 2049 1403 Augustino
2104 1322 2164 1379 in

588 1402 724 1461 suis
782 1402 1188 1464 Tractatibus
1249 1405 1310 1461 in
1352 1403 1633 1463 Psalmos
1693 1402 2055 1460 consentire
2101 1404 2169 1458 ut

588 1480 822 1540 eaedem
847 1499 1016 1559 szepe
1047 1484 1173 1543 sint
1205 1483 1558 1552 sententia},
1591 1480 1807 1559 eadem
1841 1480 2168 1559 verba,at-

590 1559 907 1636 que'adeo
938 1558 1177 1622 Similes
1214 1563 1380 1621 inter
1409 1580 1474 1621 se
1529 1558 1792 1637 periodi.
1826 1558 1980 1617 Nam
2014 1558 2069 1615 id
2104 1559 2163 1615 in

588 1638 713 1698 hoc
761 1657 955 1715 opere
1022 1643 1094 1699 Ι).
1156 1641 1510 1717 Augustino
1572 1640 1860 1697 evenisse
1912 1654 2164 1709 censeo,

591 1717 763 1795 quod
802 1720 873 1777 D.
908 1722 1245 1779 Ambrosio
1277 1722 1337 1779 in
1372 1720 1501 1779 suis
1540 1718 1716 1777 libris
1740 1718 2164 1786 Exaemeron,

591 1794 667 1856 ac
696 1797 768 1856 de
799 1798 1036 1876 Spiritu
1089 1800 1319 1859 Sancto
1370 1798 1699 1872 contingit,
1740 1807 1809 1856 ut
1858 1794 2171 1876 quemad-

584 1875 852 1953 '_m0dum'
884 1878 984 1937 hic
1039 1879 1320 1950 integras
1378 1880 1438 1936 in
1474 1894 1661 1936 suum
1697 1892 1860 1953 opus
1894 1890 1970 1935 ex
2017 1875 2171 1933 Divo

590 1950 827 2015 Basilio
860 1958 1148 2033 periodos
1177 1958 1525 2025 transtulit,
1554 1958 1644 2015 sic
1668 1950 1756 2013 ρι’
1778 1953 2034 2027 Ruﬁno,
2070 1971 2170 2011 ve-

593 2033 707 2115 luti
734 2036 895 2095 alibi
929 2056 1004 2098 ex
1039 2037 1427 2115 Hieronymo
1476 2040 1534 2097 et
1561 2035 1905 2115 Cypriane,
1931 2034 1992 2115 in
2017 2050 2168 2115 suos

590 2114 699 2175 ille
743 2115 1249 2177 Commentarios
1283 2112 1786 2194 quamplurima
1840 2112 2164 2194 derivaril.

588 2194 732 2252 Fuit
779 2194 947 2253 enim
1005 2196 1267 2255 llulinus
1328 2192 1689 2273 Augustino
1739 2192 2076 2273 antiquior,
2110 2199 2168 2250 et

594 2289 841 2349 magna:
870 2275 1034 2353 apud
1062 2294 1207 2335 eum
1241 2270 1671 2343 auctoritatis,
1703 2281 1769 2333 ut
1802 2272 1878 2353 ad
1916 2270 2169 2353 D.Hie-

593 2351 931 2430 ronymum
969 2356 1173 2414 deillo
1204 2354 1437 2415 scribat
1464 2371 1589 2412 non
1624 2354 1760 2411 sine
1792 2351 2061 2427 pietatis,
2096 2369 2170 2411 ac

589 2432 965 2493 eruditionis
991 2432 1568 2505 commendatione,
1594 2448 1870 2506 eumque
1890 2448 2030 2488 cum
2052 2449 2168 2489 suo

593 2516 724 2569 tum
758 2512 1154 2579 adversario,
1188 2513 1338 2571 oliui
1376 2529 1524 2571 vero
1548 2510 1746 2569 sottali
1770 2510 2168 2569 amicissimo

592 2590 783 2649 mella
866 2590 1340 2666 Scripturarum
1430 2591 1706 2650 studiose.
1789 2590 2167 2665 lambuisse,

590 2678 939 2742 utrumque
973 2671 1225 2746 quidem
1255 2676 1523 2729 conatus
1559 2670 1619 2727 iu
1656 2675 1942 2727 mutuam
1979 2669 2168 2727 bene-

590 2748 936 2808 volentiam
983 2766 1313 2821 revocare,
1344 2750 1449 2809 sed
1486 2751 1567 2809 ita
1617 2764 1908 2807 caussam
1948 2747 2165 2806 inimi-

591 2826 887 2887 citiarum
923 2829 1358 2896 dissimulans,
1399 2834 1465 2888 ut
1499 2830 1706 2887 neutri
1765 2824 2017 2905 culpam
2050 2844 2168 2887 ea-

590 2922 733 2963 rum
764 2906 1048 2985 aflingat.
1080 2909 1203 2968 Hos
1238 2926 1427 2984 porro
1452 2916 1578 2966 tam
1610 2906 2165 2967 luculentosCom-

593 2989 939 3046 mentarins
977 2990 1192 3045 landiu
1251 2988 1509 3046 latuisse
1547 3004 1673 3046 non
1710 2988 1942 3045 mirum
1980 2986 2163 3044 debet

592 3066 667 3123 iis
704 3083 865 3139 esse,
898 3068 1004 3143 qui
1042 3078 1274 3126 norunt
1312 3087 1387 3125 ex
1422 3066 1771 3125 'I‘rithemio
1810 3068 2023 3143 plures
2052 3064 2162 3123 ad-

591 3143 718 3205 huc
752 3146 946 3204 libros
978 3148 1057 3205 ab
1085 3157 1344 3207 auclore
1386 3154 1606 3205 nostro
1642 3147 2068 3223 conscriptos,
2104 3151 2165 3204 et

589 3224 846 3282 silentio
879 3232 1089 3284 tamen
1130 3234 1187 3285 et
1220 3226 1546 3286 oblivione
1601 3227 1906 3285 hactenus
1944 3226 2165 3300 sepul-

588 3311 706 3383 tos.
732 3304 869 3363 Jam
904 3322 1057 3365 vero
1082 3323 1161 3365 ex
1201 3306 1338 3383 ipsa
1368 3306 1490 3364 stili
1525 3304 1821 3365 facilitate
1846 3322 1920 3365 ac
1951 3320 2167 3380 aequa-

591 3382 698 3442 bili
736 3384 981 3443 dicendi
1022 3382 1255 3462 genere
1314 3391 1563 3445 constat
1616 3384 1785 3443 hunc
1834 3392 2163 3443 auctorem

588 3479 754 3535 esse,
790 3468 849 3521 et
878 3482 955 3524 eo
985 3464 1330 3525 studiosius
1362 3480 1397 3523 a
1438 3465 1654 3542 primis
1684 3482 1718 3523 a
1754 3464 2024 3524 Barbata
2063 3464 2167 3520 in-

587 3543 731 3602 sula
760 3543 1087 3602 monachis
1119 3553 1481 3604 asservatos
1515 3542 1924 3619 fuisse,quod
1962 3546 2022 3601 in
2055 3560 2163 3601 eos

592 3620 722 3680 fere
758 3622 1092 3682 dumtaxat
1130 3624 1409 3683 Psalmos
1462 3624 1567 3683 ille
1602 3622 1956 3701 scripserit,
2004 3639 2163 3698 quos

589 3701 728 3759 sine
750 3702 1187 3763 controversia
1223 3702 1473 3763 Davidis
1495 3720 1657 3774 esse,
1693 3702 1855 3761 docti
1893 3701 2163 3760 fereom-

590 3796 700 3839 nes
732 3788 1125 3840 asseverant.
1160 3782 1249 3842 Ac
1281 3801 1355 3841 ne
1385 3783 1727 3859 quisquam
1761 3782 1970 3839 minus
2004 3780 2168 3839 hanc

589 3861 1397 3938 operamexistimet,quod
1432 3862 1722 3938 quaedam
1744 3861 1942 3936 ipsius
1973 3876 2169 3935 Opus-

590 3939 733 3998 cula
758 3940 1121 4000 auctoritati
1153 3942 1533 4019 Apostolicre
1569 3945 1861 4017 suspecta
1889 3940 2167 3997 habean-

592 4023 719 4089 tur,
759 4020 814 4076 id
848 4036 1047 4078 unum
1077 4026 1323 4081 tantum
1354 4021 1653 4093 dixerim,
1709 4019 1862 4077 nihil
1898 4019 2006 4075 illu
2042 4019 2166 4079 Ca-

590 4113 763 4157 none
793 4101 1058 4159 omnino
1091 4101 1398 4161 adversus
1448 4100 1748 4160 Rufinum
1800 4098 1946 4165 dici,
1998 4098 2165 4173 quod

590 4175 780 4255 hujus
812 4180 952 4237 libri
988 4178 1322 4241 lectionem
1356 4180 1674 4258 impediat.
1708 4177 1863 4258 Nam
1893 4186 1950 4237 et
1982 4177 2167 4237 Gela-

589 4258 722 4317 sius
760 4259 1128 4335 religiosum
1159 4277 1302 4318 eum
1336 4256 1541 4318 virum
1575 4256 1878 4333 appellat,
1913 4264 1973 4315 et
2006 4276 2169 4315 non-

589 4336 799 4396 nullas
832 4342 912 4396 ab
935 4356 1010 4396 eo
1037 4338 1395 4415 Scripturas
1426 4338 1775 4412 explicatas
1811 4336 2002 4395 fuisse
2033 4345 2169 4395 tra-

589 4416 681 4475 dit
739 4416 1057 4490 (l’salmns
1125 4437 1244 4495 ego
1300 4419 1413 4476 hos
1470 4416 2166 4491 septuaginlaquinque

592 4495 910 4576 intelligo)
941 4506 996 4553 et
1031 4498 1147 4556 hoc
1172 4517 1239 4555 se
1278 4496 1531 4576 nomine
1556 4501 1851 4571 suspecta
1876 4496 2164 4571 qua'dam

591 4574 731 4650 ejus
760 4574 1020 4648 habere,
1044 4579 1210 4652 quod
1240 4593 1274 4635 a
1307 4577 1377 4633 D.
1404 4575 1793 4649 Hieronymo
1822 4576 2164 4648 scribatur,

590 4653 667 4713 dc
690 4656 892 4713 libero
925 4655 1198 4713 hominis
1229 4656 1498 4714 arbitrio
1534 4654 1743 4712 minus
1779 4671 1921 4712 vere
1951 4653 2167 4729 diSpu-

592 4736 796 4794 tasse:
832 4733 937 4791 sed
974 4743 1035 4791 ut
1060 4738 1344 4793 omittam
1377 4751 1515 4791 eam
1547 4750 1741 4810 quam
1776 4733 1836 4790 in
1875 4733 2163 4804 dicendo,

593 4821 784 4888 alque
819 4810 1143 4872 veritatem
1178 4814 1524 4872 ass-erendo
1560 4830 1684 4888 pra:
1714 4830 1781 4871 se
1815 4812 1953 4871 tulit
1981 4814 2170 4869 liber-

595 4898 784 4950 tatem
820 4893 914 4951 vir
963 4892 1403 4951 sanctissimus
1441 4892 1732 4968 idemque
1764 4891 2169 4950 doctissimus

593 4971 1053 5048 Hieronymus,
1087 4971 1162 5028 ad
1194 4970 1376 5045 cujus
1407 4972 1723 5030 calculum
1761 4989 1874 5029 nos
1907 4971 2169 5030 remittit

594 5050 914 5125 Gelasius,
962 5051 1115 5108 m.lii
1153 5052 1343 5126 plane
1407 5052 1468 5108 in
1528 5050 1623 5109 his
1679 5051 2169 5111 Commentariis

595 5138 720 5190 tam
753 5141 842 5190 est
883 5137 1198 5204 apertum,
1231 5147 1424 5205 quam
1457 5131 1623 5206 quod
1669 5148 1782 5206 pro
1820 5128 2021 5187 libero
2053 5129 2172 5187 lio-

594 5211 779 5267 minis
810 5209 1102 5278 arbitrio,
1143 5226 1255 5284 pro
1290 5209 1470 5267 bonis
1496 5211 1823 5284 operibus,
1864 5225 1978 5283 pro
2012 5226 2171 5285 mys-

595 5287 755 5347 terio
789 5287 1213 5347 Sanctissimae
1251 5288 1608 5359 Trinitatis,
1649 5298 1707 5348 et
1743 5295 2170 5348 sacrosanctae

591 5366 1034 5438 Eucharistize,
1069 5383 1182 5441 pro
1210 5368 1606 5443 purgatorio,
1644 5386 1756 5443 pro
1787 5384 1931 5427 vera
1968 5367 2171 5425 homi-

595 5449 692 5505 nis
725 5446 999 5521 justitia,
1030 5450 1222 5521 atque
1252 5446 1392 5506 aliis
1433 5446 1796 5522 huiusmodi
1838 5446 2167 5523 permultis

594 5543 719 5582 non
746 5525 967 5594 semel,
987 5541 1353 5603 neque-uno
1374 5524 1515 5584 loco
1542 5526 1746 5603 docet.
1773 5528 1989 5603 Neque
2023 5544 2169 5585 vero

589 5604 1085 5684 cuiquamnova
1139 5602 1323 5684 debet
1372 5620 1512 5662 esse
1544 5601 1817 5683 (tametsi
1851 5601 2063 5684 gravis
2097 5623 2171 5665 ac

587 5685 857 5741 molesta
895 5680 1077 5740 bonis
1125 5682 1426 5741 omnibus
1478 5680 1729 5747 semoer
1762 5680 1899 5763 ﬁat)
1934 5702 2167 5765 repens-

1555 334 1617 390 ΙΝ
1658 333 2011 390 COMMENT.
2056 332 2116 385 IN
2162 330 2343 385 LXXV
2393 330 2581 386 PSAL.
2625 331 3002 401 ΡιιτΕΡΑτιυ.

3741 337 3839 393 640

2278 450 2411 530 tina
2438 448 2547 509 illa
2587 450 2931 530 voluntatis
2964 452 3127 511 inter
3181 451 3254 511 D.
3288 452 3749 530 Hieronymum
3788 457 3845 513 et

2274 526 2601 607 ltuﬁnum,
2645 529 2975 602 alienatio,
3034 538 3165 590 tum
3198 532 3365 607 quod
3405 526 3686 591 illc’zelo
3734 548 3845 591 ar-

2272 605 2426 664 dens
2464 624 2540 666 ac
2591 608 2950 670 eruditione
3004 605 3389 670 fretus—nihil
3422 612 3484 669 in
3518 611 3743 671 alienis
3770 612 3842 670 li-

2276 684 2405 762 bris
2434 702 2558 744 non
2594 686 2970 762 depuratum
3004 696 3063 748 et
3100 690 3175 748 ad
3209 690 3515 749 amussim
3554 697 3846 751 exactum

2274 761 2440 822 ferre
2478 761 2770 842 poterat:
2805 767 2904 826 hic
2937 786 3087 827 vero
3116 769 3564 838 sanctimonia,
3596 785 3673 829 ac
3702 770 3845 829 mul-

2275 847 2483 923 torum
2505 846 2967 923 praecipuorum
2994 848 3285 908 Ecclesize
3311 848 3624 908 luminum
3651 866 3846 907 exem-

2276 922 2381 1004 plo
2415 922 2847 1004 communitus
2908 926 2969 984 in
3018 926 3427 1004 Origenianis
3486 927 3665 987 libris
3720 928 3845 987 sive

2276 1000 2587 1083 legendis,
2627 1003 2773 1083 sive
2825 1004 2885 1063 in
2936 1000 3209 1065 aliena'm
3251 1009 3533 1083 linguam
3569 1007 3845 1067 transfe-

2274 1081 2486 1139 rendis
2515 1080 2818 1141 audacter
2855 1086 3247 1145 versabatur.
3278 1080 3439 1146 Tum
3465 1102 3619 1145 vero
3648 1086 3843 1145 maxi-

2277 1177 2375 1239 me
2413 1161 2580 1235 quod
2640 1178 2718 1219 ex
2756 1161 3031 1237 quadam
3082 1165 3459 1239 opinionum
3518 1165 3842 1236 varietate,

2280 1238 2471 1297 veluti
2509 1258 2585 1321 ex
2616 1240 2689 1298 D.
2716 1241 3073 1321 Augustino
3103 1238 3558 1321 comperimus,
3592 1245 3653 1303 iu
3689 1246 3844 1303 hanc

2275 1320 2748 1401 contentionem
2790 1320 3166 1401 inciderant,
3198 1324 3256 1382 in
3290 1341 3481 1401 quam
3522 1325 3678 1383 forte
3709 1324 3845 1383 licet

2276 1396 2671 1479 imprudens,
2721 1417 2864 1460 cum
2915 1402 3055 1477 ipso
3093 1396 3481 1479 Hieronymo
3534 1403 3639 1464 ille
3690 1404 3845 1464 idem

2276 1476 2625 1545 incidisset,
2663 1480 2782 1537 nisi
2821 1476 2951 1555 qua
3004 1487 3141 1539 erat
3189 1476 3408 1546 animi.
3473 1499 3548 1542 ac
3603 1499 3843 1541 morum

2278 1555 2612 1635 modestia,
2663 1574 2848 1616 omne
2879 1556 2985 1635 jus
3038 1560 3100 1617 in
3160 1560 3528 1621 disserendo
3577 1563 3844 1623 victoria!

2275 1632 2672 1712 Hieronymo
2699 1632 3065 1705 remisisset,
3094 1656 3237 1715 qua:
3265 1641 3513 1711 mentis,
3534 1659 3608 1701 ac
3633 1644 3841 1699 volun-

2283 1715 2425 1793 tatis
2454 1715 2941 1785 dissensionem,
2968 1722 3161 1793 atque
3187 1718 3247 1777 in
3277 1716 3561 1779 Ecclesia
3588 1720 3844 1780 scanda-

2276 1792 2405 1850 lum
2446 1810 2665 1854 creare
2702 1799 2968 1870 paterat.
3003 1792 3207 1873 Atque
3236 1805 3303 1858 ut
3359 1800 3649 1858 omittam
3680 1799 3840 1872 quod

2275 1888 2401 1929 non
2437 1873 2499 1931 in
2536 1873 2825 1932 dissimili
2858 1892 3088 1950 genere
3122 1880 3285 1936 inter
3318 1895 3385 1938 se
3413 1880 3843 1938 contenderint

2277 1951 2509 2011 Paulus
2539 1959 2599 2012 et
2631 1953 2981 2024 Barnabas,
3019 1956 3086 2013 D.
3122 1959 3310 2017 etiam
3342 1959 3559 2017 Petrus
3592 1965 3651 2017 et
3684 1959 3842 2017 Pau—

2276 2031 2385 2111 lus
2411 2033 2697 2105 Apostoli
2732 2030 2875 2111 (nec
2908 2035 3190 2106 profecto
3208 2036 3346 2095 sine
3372 2038 3704 2096 sententia:
3726 2038 3842 2099 dis-

2275 2110 2434 2168 sidio
2466 2112 2547 2171 ab
2577 2112 2935 2194 augustino
2963 2114 3429 2194 etHieronymo
3456 2117 3841 2194 exagitatae),

2277 2196 2425 2275 nota
2457 2196 2550 2249 est
2586 2189 3029 2275 illqegyeteri
3070 2189 3333 2255 historia
3368 2197 3534 2254 inter
3569 2189 3843 2275 Epipha-

2277 2269 2477 2349 niam,
2540 2286 2617 2331 ac
2676 2270 2746 2329 D.
2784 2268 3302 2349 Chrysostomum
3367 2268 3840 2335 controversia:

2276 2346 2392 2432 illa
2416 2350 2606 2432 etiam
2654 2366 2728 2409 eo
2763 2346 3133 2432 modestior,
3174 2369 3303 2427 quo
3344 2353 3672 2432 antiquior
3712 2354 3844 2415 Vic-

2274 2429 2430 2486 toris
2461 2433 2520 2486 et
2554 2428 2799 2499 lrentei,
2833 2447 2976 2505 quae
3011 2438 3219 2492 tamen
3273 2428 3519 2495 omnia'
3547 2450 3673 2492 non
3712 2434 3845 2494 ideo

2252 2508 2543 2589 'summis
2596 2508 2746 2566 viris
2788 2525 2926 2566 eam
2966 2517 3178 2569 notam
3235 2514 3627 2589 inusserant,
3678 2520 3746 2573 ut
3795 2514 3840 2572 si

2272 2585 2423 2668 quid
2464 2586 2673 2668 minus
2709 2596 2875 2668 recte
2919 2589 2980 2647 in
3024 2590 3376 2660 nOlanlllS,
3418 2610 3561 2668 qua:
3599 2585 3723 2651 non
3763 2593 3843 2655 ita

2272 2667 2354 2724 ab
2402 2666 2748 2727 universali
2798 2668 3081 2731 Ecclesia
3142 2669 3204 2730 in
3262 2666 3557 2731 Concitiis
3618 2672 3845 2733 Sacro-

2272 2745 2508 2803 sanctis
2548 2753 2813 2806 tractata
2854 2745 3131 2821 fuerant,
3168 2756 3229 2809 et
3281 2753 3557 2821 decreta,
3606 2752 3845 2811 sensis-

2272 2829 2435 2905 sent,
2472 2825 2556 2905 in
2604 2828 2851 2885 caeteris
2890 2845 3148 2905 quoque
3201 2846 3451 2889 errasse
3491 2831 3842 2905 videantur.

2271 2902 2396 2962 Sua
2429 2904 2508 2963 sit
2540 2922 2691 2981 ergo
2722 2911 2942 2967 sancta
2989 2902 3059 2965 D.
3098 2908 3350 2968 Gelasio
3382 2902 3756 2981 auctoritas,
3790 2919 3845 2969 et

2272 2999 2391 3068 sua
2420 2982 2493 3042 D.
2526 2983 2919 3068 Hieronymo
2970 2993 3213 3068 constet
3268 2988 3659 3064 innocentia,
3707 3008 3843 3068 quae

2274 3067 2483 3121 tamen
2538 3070 2705 3122 recte
2752 3064 2914 3124 dicta
2970 3065 3177 3125 Ruﬁni
3228 3085 3351 3126 non
3404 3069 3675 3140 elevent,
3726 3064 3857 3127 imo

2270 3158 2415 3217 quas
2452 3141 2527 3200 ad
2582 3143 2939 3210 veritatem,
2996 3150 3065 3204 ut
3119 3146 3219 3206 hic
3271 3148 3484 3207 omnia
3520 3158 3744 3209 exacta
3792 3151 3842 3208 si

2272 3219 2505 3281 fuerint
2540 3221 2813 3300 integra,
2856 3239 2981 3283 non
3023 3226 3233 3285 minus
3288 3227 3362 3284 ad
3397 3226 3555 3286 bene
3585 3231 3845 3288 creden-

2270 3301 2419 3382 dum
2450 3317 2563 3359 uos
2600 3302 2952 3375 instruant,
2984 3313 3043 3362 et
3078 3304 3156 3365 ad
3208 3305 3365 3363 bene
3398 3306 3713 3382 agendum
3745 3307 3843 3365 ἰη-

2272 3376 2617 3463 ﬂamment,
2676 3398 3059 3463 quamquae
3109 3383 3190 3442 ab
3243 3383 3319 3443 iis
3356 3376 3627 3463 perfecta
3676 3395 3843 3449 sunt.

2271 3459 2379 3534 qui
2439 3461 2792 3534 speciosius
2851 3461 2963 3521 illo
2996 3462 3287 3536 fortasse,
3340 3459 3399 3523 et
3445 3465 3843 3525 ambitiosius

2272 3538 2390 3614 legi
2424 3540 2670 3615 terique
2700 3541 2971 3601 soleant.

2352 3617 2439 3678 Te
2504 3636 2681 3691 vero,
2722 3621 2908 3681 Pater
2969 3620 3356 3693 beatissime,
3411 3623 3502 3683 sic
3561 3626 3845 3682 nostrum

2270 3695 2391 3757 hoc
2414 3701 2867 3759 munusculum
2901 3718 3090 3780 spero
3113 3707 3554 3779 excepturum,
3586 3712 3657 3762 ut
3685 3705 3845 3763 soles

2270 3793 2373 3849 ea,
2409 3795 2552 3853 quae
2585 3781 2879 3855 quamvis
2934 3782 3062 3841 sint
3120 3782 3571 3856 luculentiora,
3638 3792 3845 3841 tamen

2271 3857 2423 3931 quia
2458 3874 2582 3915 non
2615 3876 2692 3917 ex
2730 3858 2847 3918 hoc
2877 3861 3016 3919 solo
3045 3868 3267 3922 nostro
3301 3869 3427 3922 tam
3461 3862 3847 3935 infrecundo,

2273 3953 2348 3994 ac
2368 3935 2633 4018 difficili,
2649 3938 2711 3996 in
2729 3956 2859 4014 quo
2881 3940 3234 4000 excolendo
3254 3958 3644 4018 magnopere
3672 3957 3846 4015 voce,

2273 4032 2346 4073 ac
2371 4015 2538 4075 edito
2583 4035 2785 4095 nuper
2818 4018 3218 4079 Catechismo
3251 4030 3309 4079 et
3347 4015 3674 4080 Brev'iario
3715 4019 3849 4082 ela-

2276 4094 2486 4175 boras,
2523 4097 2802 4170 profecta
2837 4106 3009 4170 sunt,
3050 4116 3177 4159 non
3210 4116 3390 4175 teque
3434 4099 3647 4160 forsan
3705 4106 3849 4160 sunt

2273 4174 2936 4256 admirationedigna,
2973 4195 3177 4253 eoque
3216 4174 3440 4255 magis,
3490 4178 3661 4256 quod
3708 4185 3849 4239 tan-

2272 4271 2464 4329 quam
2501 4255 2844 4327 manubize,
2879 4265 2989 4315 aut
3027 4257 3276 4317 exuvize
3310 4255 3519 4333 potius
3546 4258 3847 4317 crudelis-

2277 4335 2450 4392 sima
2470 4337 2701 4408 stragis
2731 4336 2793 4393 in
2824 4353 3044 4396 omnes
3078 4338 3305 4396 veteris
3344 4337 3661 4410 Ecclesiae,
3696 4356 3850 4398 uou-

2276 4412 2423 4494 dum
2457 4413 2639 4473 editze
2673 4415 2733 4471 in
2770 4416 2976 4474 lucem
3016 4416 3312 4474 Doctores
3367 4419 3427 4474 in
3487 4419 3604 4476 hoc
3637 4418 3850 4494 Regno

2271 4492 2379 4550 lilii
2415 4494 2827 4553 exhibentur.
2875 4494 3008 4571 Ego
3040 4512 3195 4555 sane
3250 4496 3299 4553 si
3353 4494 3505 4571 qu‘d
3542 4492 3845 4555 haberem

2272 4573 2703 4647 praestantius,
2739 4590 2868 4650 quo
2910 4574 3015 4631 tibi
3056 4573 3275 4649 aliquo
3314 4576 3569 4633 nomine
3607 4575 3849 4652 gratiﬁ-

2269 4654 2400 4710 cari
2456 4670 2733 4726 possem,
2777 4660 2899 4711 tam
2972 4653 3190 4711 libenti
3248 4655 3456 4712 studio
3493 4671 3567 4713 ac
3598 4656 3851 4732 egregia

2274 4732 2602 4789 voluntate
2656 4732 3147 4790 transmitterem
3203 4750 3281 4790 ex
3344 4734 3462 4792 hac
3516 4750 3652 4791 mea
3708 4734 3850 4794 sede

2271 4810 2708 4886 Lugdunensi,
2766 4826 2961 4886 quam
3022 4811 3140 4870 hoc
3178 4811 3384 4887 ipsum
3428 4813 3848 4886 opusculum:

2274 4890 2336 4946 in
2391 4888 2573 4966 cujus
2625 4890 2896 4949 lectione
2947 4890 2998 4949 si
3053 4892 3201 4964 quid
3251 4888 3525 4949 offendet
3575 4891 3851 4956 Ecclesia

2272 4968 2621 5037 Catholica,
2648 4969 2814 5047 quod
2843 4987 2967 5026 non
3003 4986 3206 5043 usque
3231 4970 3388 5028 adeo
3419 4971 3675 5045 probari
3714 4990 3851 5045 pos-

2272 5048 2352 5108 sit
2407 5050 2681 5124 (tametsi
2720 5048 2877 5106 nihil
2915 5050 3039 5107 tale
3074 5047 3175 5109 hic
3206 5047 3643 5125 offendimus),
3677 5050 3737 5107 id
3790 5057 3850 5109 ut

2273 5134 2496 5209 caetera
2537 5134 2713 5209 curet
2744 5128 3063 5186 emendari
3094 5130 3244 5209 ;Asin
3271 5134 3481 5188 autem
3514 5130 3852 5209 quamplu-

2274 5207 2453 5290 rima
2494 5208 2807 5290 reperiet,
2869 5222 3010 5290 quae
3065 5207 3139 5266 ad
3202 5207 3853 5290 suani,‘suorum'que

2275 5284 2724 5357 eruditionem,
2790 5302 2864 5345 ac
2925 5288 3220 5366 pietatem
3279 5286 3663 5362 pertineant,
3714 5284 3854 5366 aget

2274 5367 2364 5427 illi
2401 5366 2642 5443 gratias
2672 5365 3094 5437 immortales,
3128 5366 3235 5439 qui
3268 5368 3582 5423 bonorum
3619 5373 3711 5426 est
3735 5365 3855 5425 om-

2278 5441 2452 5504 nium
2484 5441 2623 5504 fons
2656 5446 3021 5505 uberrimus
3058 5444 3247 5516 Deus,
3280 5459 3314 5503 a
3338 5462 3467 5521 quo
3496 5445 3605 5504 tibi
3640 5445 3850 5510 ftelici-

2276 5529 2467 5583 tatem
2514 5540 2657 5582 cum
2710 5522 3197 5583 diuturnissima
3263 5525 3387 5583 vita
3446 5522 3851 5602 conjunctaui

2278 5603 2415 5671 tibi,
2450 5603 2629 5675 Pater
2662 5602 3054 5671 beatissime,
3115 5602 3509 5677 quolidianis
3563 5608 3857 5678 precibus

2276 5698 2583 5752 exposco.
2618 5681 2909 5767 Lugduni
2941 5680 3157 5741 ldibus
3196 5681 3431 5744 Martii.
3468 5681 3643 5749 1570.
