4128 6360
557 380 678 438 ‘fSl

1642 377 1896 432 ΒΗΓ]Νο
1934 376 2388 433 I’RESBYTEIKO
2427 376 2802 435 ASCRlPTl'S

3760 386 3851 443 ιω

591 513 762 564 δίωκε
806 518 1116 580 ρνατερωηι
1159 510 1289 579 ejus.
1325 510 1478 580 rgo,
1500 506 1737 580 inquam,
1770 507 1923 580 cujus
1951 507 2165 580 vinc_ula
2194 507 2242 564 A
2274 504 2339 580 ad
2380 506 2779 580 similitudinem
2826 504 3067 580 hominis
3093 504 3350 580 (Pltitt'pp.
3525 508 3590 561 Et
3631 508 3774 580 unde
3801 525 3855 565 se

590 583 654 634 ιιιί
680 576 1006 645 diruiu.ere,
1038 591 1089 632 et
1127 576 1311 649 ju’gtnn
1344 576 2020 649 meditabanturabiicere.
2060 576 2161 631 Per

587 653 711 704 Sion
743 649 867 721 (Ea:_
896 648 1223 720 Augustino),
1250 665 1369 721 qua!
1414 649 1691 713 specularia
1728 648 1939 721 dicitur,
1974 657 2159 721 sancta

585 718 825 775 Ecclesia
857 718 1168 787 intelligitur
1192 738 1207 776 :
1231 718 1383 791 cujus
1411 723 1631 774 intentio
1656 720 1891 791 quotidie
1930 718 1994 770 ad
2038 734 2161 784 spe—

579 792 867 847 culaudam
914 794 1208 846 claritatem
1259 789 1349 846 Dei
1396 792 1638 853 erigitur.
1682 792 1833 843 Sicut
1869 789 2161 857 Apostolus

576 863 711 917 dicit
736 880 750 917 :
778 862 884 917 Nos
906 874 1083 917 autem
1115 868 1347 918 revelata
1386 861 1518 916 facie
1545 861 1772 927 gloriam
1800 859 2009 913 Domini
2037 875 2162 927 spe-

1247 935 1415 1001 Quam
1450 932 2004 1001 Ecclesiam_moutem
2036 945 2162 985 san-

573 1013 723 1059 ctum
778 993 1007 1075 appellat
1052 1004 1131 1073 (2.
1168 993 1310 1058 Peli.
1346 1002 1443 1068 l.),
1480 993 2067 1075 propterge'tninentiant
2107 1012 2161 1054 et

573 1072 908 1130 ﬁrmitatem.
944 1072 1117 1143 Super
1158 1076 1294 1129 hanc
1334 1090 1462 1140 ergo
1507 1073 1801 1127 lﬁcclesiam
1853 1072 2160 1140 unigenitns

575 1146 676 1199 Dei
708 1148 876 1201 Patris
902 1163 987 1201 rex
1010 1147 1329 1201 constitutus
1367 1153 1471 1209 est,
1505 1159 1612 1198 non
1641 1153 1699 1197 ιιι
1738 1153 1951 1197 terreno
1974 1152 2161 1207 regnet

574 933 824 988 rulantes
848 932 926 1001 (3.
959 934 1081 989 Cor.
1110 936 1212 991 5.).

575 1218 830 1285 imperio,
854 1218 946 1272 sed
976 1220 1197 1272 caelesti.
1237 1219 1319 1269 Ait
1339 1216 1481 1268 enim
1524 1215 1574 1267 in
1606 1215 1835 1285 quodam
1871 1216 1989 1267 loco
2012 1214 2157 1285 ειὶθ-

576 1283 741 1355 gnum
768 1304 944 1343 meum
978 1305 1080 1341 non
1112 1298 1194 1340 est
1222 1287 1289 1339 de
1321 1286 1418 1339 hoc
1444 1285 1642 1339 mundo
1670 1283 1849 1351 (Joan.
1881 1286 1982 1355 6.).
2019 1284 2159 1354 Ergo

578 1367 659 1412 est
692 1374 851 1429 supra
885 1360 1159 1411 mundum.
1194 1357 1273 1429 Et
1310 1372 1429 1409 cum
1472 1372 1592 1410 eum
1624 1356 1919 1429 voluissent
1970 1370 2158 1429 rapere

578 1430 631 1481 in
666 1425 871 1499 regem,
902 1428 1364 1509 ut_temporaliter
1396 1435 1643 1509 regnaret
1682 1427 1895 1509 irritus,
1930 1425 2157 1506 aul’ogit,

580 1511 635 1553 et
662 1496 931 1554 terrenum
975 1499 1253 1565 imperium
1284 1500 1505 1564 reSpuit.
1544 1499 1679 1561 Ergo
1706 1496 1951 1551 Christus
1999 1498 2160 1564 spiri-

581 1572 796 1625 tualitrr
820 1586 908 1623 rex
933 1572 1254 1622 constitutus
1285 1579 1365 1623 est
1394 1569 1443 1620 in
1479 1568 1650 1631 nobis,
1686 1577 1760 1624 ut.
1792 1567 2015 1633 expulsi
2044 1584 2158 1619 ma-

581 1640 724 1707 ligno
751 1639 990 1707 principe
1020 1638 1086 1691 de
1116 1638 1366 1692 cordibus
1390 1642 1607 1703 nostris,
1642 1651 1824 1709 regnet
1858 1640 1969 1707 ipse
1999 1639 2049 1690 in
2077 1638 2160 1690 iu-

579 1713 776 1765 teriore
827 1710 1040 1762 homine
1085 1710 1375 1764 secundum
1425 1712 1691 1778 spiritum,
1744 1710 2034 1763 secundum
2063 1710 2160 1760 do-

581 1782 825 1836 nationes
857 1786 1170 1849 gratiarum,
1211 1790 1261 1835 et
1295 1781 1602 1850 largitiones
1630 1788 1905 1843 Virtutum,
1940 1789 1994 1834 ct
2024 1780 2156 1834 tedi-

576 1852 854 1905 licationes
880 1866 1110 1915 morum,
1157 1852 1222 1904 ad
1253 1852 1477 1906 salutem
1510 1851 1807 1904 animarum
1853 1859 2152 1904 nostrarum

560 1893 947 1991 v.('i“:',;i;;.':“3.')".
973 1893 1315 1991 ursam.
1336 1893 1537 1987 ἷεὶῖεξιιεῖ
1566 1893 1838 1987 peccatum
1874 1924 1924 1976 in
1954 1893 2155 1976 “n.....'.
2193 1893 2209 1951 ¹

576 1993 786 2046 mortali
824 2007 1073 2061 corpore,
1106 2008 1203 2047 nec
1250 1993 1545 2047 serviamus
1579 1992 1930 2046 iuirnunditize
1959 1994 2022 2045 ad
2054 1993 2146 2047 iui.

576 2063 867 2131 quitatem,
917 2066 1010 2117 sed
1060 2073 1228 2130 potius
1273 2065 1495 2131 jtlstilitl:
1550 2065 1602 2117 in
1667 2062 2152 2118 sanctiﬁcationetn

575 2134 753 2200 (Rom.
782 2132 882 2201 6.).
908 2132 999 2189 Sic
1032 2150 1160 2205 ergo
1190 2132 1434 2189 Christus
1474 2135 1525 2187 in
1573 2133 1731 2187 nobis
1762 2150 1983 2203 regnare
2017 2137 2156 2205 desi-

560 2206 747 2271 Aderat,
779 2216 833 2259 ut
856 2205 921 2259 ab
953 2204 1236 2259 immundis
1277 2205 1553 2274 spiritibus
1588 2216 1641 2259 et
1666 2206 1808 2258 vitiis
1842 2221 1940 2258 nos
1967 2204 2157 2259 defen-

574 2280 685 2342 dat,
722 2286 778 2329 ut
807 2276 1087 2331 virtutibus
1117 2286 1171 2331 et
1204 2278 1371 2330 sacris
1396 2276 1644 2345 operibus
1682 2290 1780 2329 nos
1811 2276 2034 2329 muniat.
2065 2276 2155 2331 Sic

575 2346 625 2400 in
659 2345 811 2427 nobis
840 2361 1063 2429 regnare
1109 2350 1329 2416 appetit,
1372 2361 1423 2398 ιιι
1446 2346 1768 2429 ad_t-wleste
1811 2363 2029 2429 regnum
2056 2362 2154 2400 suo

576 2433 674 2472 nos
704 2416 961 2486 regimine
1004 2419 1199 2472 ducere
1227 2429 1411 2487 possd.
1445 2417 1549 2471 Sed
1590 2417 1713 2485 quia
1757 2422 1932 2470 adhuc
1969 2434 2154 2473 sumus

574 2487 628 2542 in
674 2488 987 2551 certamine,
1020 2491 1130 2543 suis
1183 2504 1278 2542 nos
1313 2490 1593 2555 praereptis
1623 2504 1725 2540 non
1755 2500 1931 2542 cessat
1967 2489 2155 2542 admo-

574 2574 720 2613 nere.
767 2559 915 2614 Unde
938 2559 1071 2613 bene
1100 2559 1315 2625 dicitur,
1349 2556 1646 2611 Prazdicans
1672 2570 1980 2627 pra'ceptum
2008 2560 2151 2627 ejus:

570 2630 693 2698 quia
745 2645 847 2683 non
894 2642 1182 2699 praecepta.
1226 2638 1317 2685 sed
1355 2640 1682 2699 praeceptum
1723 2629 1872 2694 dicit,
1909 2632 2152 2684 fortassis

570 2703 852 2755 caritatem
896 2701 1049 2754 nobis
1098 2701 1291 2760 innuit,
1347 2701 1398 2754 iii
1430 2717 1531 2769 qua
1567 2708 1758 2753 cuncta
1797 2711 2061 2769 prmcepta
2093 2702 2153 2753 ti—

571 2773 789 2853 oiuntur
812 2772 886 2853 (1.
930 2770 1049 2853 βίῃ.
1086 2774 1196 2840 13.)
1224 2782 1319 2853 εει
1357 2786 1399 2853 si
1436 2770 1554 2853 quis
1584 2772 1920 2853 _iiiipleverit,
1949 2782 2149 2826 caatera

568 2843 637 2896 ab
668 2844 784 2909 ipso
815 2840 1175 2912 implebantur
1213 2840 1432 2907 (Matth.
1481 2840 1621 2912 22.).
1671 2842 1783 2895 lloc
1824 2856 2147 2910 prmeepmm

570 2914 727 2967 nobis
773 2912 1009 2981 quotidie
1054 2912 1300 2967 Christus
1345 2912 1621 2982 prmdicat,
1656 2915 1757 2965 hoc
1801 2926 2070 2983 praecepto
2116 2928 2148 2967 a

570 2984 728 3039 terris
754 2985 820 3037 ad
844 2983 1074 3037 etclestia
1098 2985 1337 3038 su'ilcvat
1362 3002 1373 3036 :
1400 2994 1453 3038 et
1475 2984 1726 3053 quicquid
1763 2998 1855 3052 per
1884 2984 1982 3037 alia
2009 3000 2149 3050 pra:-

568 3065 724 3123 eepta
770 3054 919 3119 dicit,
961 3058 1172 3108 miti-re
1214 3073 1311 3108 nos
1362 3055 1427 3109 ad
1476 3055 1575 3109 ltoc
1619 3070 1779 3108 unum
1825 3068 2145 3123 praeceptum

570 3141 782 3194 semper
817 3126 1063 3179 intendit.
1091 3126 1241 3194 Quod
1287 3128 1501 3191 quidem
1554 3126 1749 3192 duplex
1798 3136 1879 3180 est
1928 3127 2149 3179 manda-

566 3206 679 3250 tum
707 3214 720 3250 :
756 3212 874 3250 nam
906 3196 958 3250 in
981 3197 1266 3251 dilectione
1302 3197 1392 3251 Dei
1430 3207 1512 3251 est
1538 3196 1593 3250 di
1617 3202 1759 3250 ertio
1788 3197 2038 3263 proximi.
2081 3198 2146 3250 Et

2268 576 2333 627 ad
2363 585 2595 629 nostram
2623 575 3008 629 humanitatem
3040 576 3357 640 humiliavit,
3385 575 3505 631 inde
3536 593 3636 632 nos
3662 579 3728 632 ad
3755 581 3856 634 ha:-

2266 646 2510 717 reditatis
2540 662 2652 699 sua;
2681 645 2907 714 gloriam
2947 645 3245 700 sublevavit
3274 646 3492 716 (Ep/tes.
3530 649 3636 717 4.).
3676 650 3731 703 In
3765 653 3854 706 hac

2262 715 2426 839 figitur
2467 719 2643 772 carnis
2667 720 3016 786 generatione
3058 726 3115 771 et
3162 719 3532 776 humiliatione
3574 715 3623 775 ei
3654 736 3684 775 a
3713 731 3855 791 patio

2305 798 2497 839 icnur:

2305 798 2461 841 ICIllll'
2487 806 2497 841 ε

2337 858 2388 911 7.
2436 858 2648 911 Postulo
2696 876 2728 911 a
2759 875 2858 923 me,
2897 867 2942 911 et
2991 860 3122 913 dabo
3166 859 3258 913 tibi
3302 872 3474 930 gentes
3512 861 3854 917 hereditatem

2263 937 2435 993 tuam,
2491 940 2536 984 et
2585 931 2945 998 possessionem
3000 940 3136 982 tuam
3185 935 3427 987 terminos
3467 945 3638 987 terra'.
3694 935 3856 990 Minor

2265 1000 2477 1073 quidem
2504 1004 2713 1053 videtur
2761 1002 2849 1053 ille
2877 1002 2967 1068 qui
3002 1003 3253 1065 postulat,
3300 1022 3364 1055 eo
3407 1006 3496 1073 qui
3535 1008 3849 1070 postulatur.

2266 1072 2332 1145 _Et
2360 1074 2482 1145 dum
2508 1073 2749 1124 Christus
2777 1088 2991 1145 carnem
3026 1074 3336 1140 assumpsit,
3383 1072 3595 1141 a’patre
3638 1091 3738 1129 suo
3770 1094 3853 1145 per

2265 1141 2645 1214 ltuttt..niiati:tn
2702 1157 2761 1196 se
2809 1144 3113 1196 tninoravit.
3159 1146 3209 1197 Ιιι
3261 1147 3361 1199 hoc
3413 1148 3557 1199 enim
3617 1141 3853 1214 quod'in

2267 1214 2433 1286 fortuna
2471 1212 2559 1286 Dei
2593 1224 2673 1265 e-t
2703 1214 2923 1286 aequalis
2970 1216 3127 1281 patri,
3173 1232 3277 1269 non
3333 1217 3565 1283 postulat
3608 1212 3647 1270 τι
3687 1228 3849 1286 patre,

2265 1282 2358 1337 sed
2394 1284 2551 1335 simul
2583 1284 2761 1336 omnia
2792 1296 3043 1347 operatur
3076 1302 3195 1338 cum
3244 1282 3413 1356 patre.
3446 1287 3501 1341 Ιιι
3542 1289 3645 1342 hoc
3675 1282 3850 1343 antem

2262 1356 2401 1420 quol
2429 1370 2524 1418 pro
2548 1356 2651 1406 noli
2675 1370 2701 1407 s
2734 1370 2791 1407 se
2818 1356 3064 1423 dignatus
3093 1370 3173 1408 est
3205 1358 3509 1420 hnmiliare,
3551 1360 3730 1412 minor
3762 1375 3849 1422 pa-

2265 1424 2568 1497 lre_i'ac_'tts,
2625 1442 2729 1497 non
2777 1437 2952 1479 cessat
2996 1442 3094 1494 pro
3141 1428 3295 1480 nobis
3337 1430 3702 1497 interpellare.
3751 1428 3851 1483 Ρο-

2258 1495 2397 1547 διιιΙα
2437 1495 2714 1568 (inquil)u
2761 1513 2858 1559 me,
2907 1508 2953 1548 et
2995 1498 3128 1549 dabo
3160 1498 3248 1551 tibi
3292 1495 3851 1568 gentrsihwreditatem

2261 1572 2425 1638 tuam.
2454 1569 2631 1638 Sancti
2660 1566 2983 1621 l‘atriarclne
3032 1578 3085 1620 et
3130 1566 3411 1636 Proplietm
3454 1574 3850 1638 postulaverunt

2264 1636 2601 1709 proJuda-is.
2656 1642 2770 1705 Ipse
2815 1640 3115 1706 unigenitus
3149 1640 3313 1694 Filius
3344 1636 3464 1709 Dei,
3510 1640 3672 1695 homo
3720 1644 3852 1697 inter

2264 1707 2509 1782 homines
2546 1709 2734 1782 lactus,
2767 1713 3036 1776 postulare
3079 1712 3330 1778 dignatus
3355 1707 3561 1782 estipro
3583 1716 3847 1781 gentibus.

2263 1778 2336 1830 Illi
2390 1780 2795 1845 postulaverunt
2841 1781 2984 1845 genti
3036 1798 3145 1835 sua:
3190 1778 3547 1841 saluteinfet
3588 1778 3730 1836 inisit
3772 1786 3849 1838 eis

2267 1848 2405 1901 Dens
2440 1849 2791 1904 Salvatoreui.
2826 1851 2928 1904 Sed
2974 1852 3095 1919 quit
3129 1853 3267 1906 hunc
3302 1854 3351 1906 in
3405 1868 3567 1907 carne
3598 1854 3846 1909 humilem

2262 1920 2553 1985 viderunt,
2613 1926 2848 1985 Superbo
2886 1925 3049 1974 corde
3098 1936 3151 1975 et
3187 1938 3333 1978 ειυεο
3382 1937 3839 1988 cornempseruut.

2261 1993 2430 2064 Quem
2465 2007 2590 2044 vero
2619 1992 2801 2045 Judwa
2850 1992 2983 2045 elata
3016 1996 3236 2060 repulit,
3270 1996 3410 2049 hunc
3453 1996 3728 2064 gentilitas
3757 1999 3847 2049 int-

2260 2063 2458 2115 miliat-t
2516 2064 2770 2131 suscepit.
2828 2066 2918 2117 Illa
2975 2078 3068 2130 per
3108 2066 3412 2131 superbiam
3461 2063 3844 2122 ilizcretlitatem

2261 2134 2487 2199 perdidit
2516 2150 2528 2187 :
2557 2133 2669 2186 inec
2720 2149 2812 2194 per
2851 2135 3199 2189 humilitatem
3232 2137 3295 2188 ad
3342 2136 3713 2191 haereditatcm
3763 2155 3845 2191 ve-

2259 2203 2357 2256 ttit.
2390 2206 2493 2257 Sed
2527 2204 2645 2269 quia
2682 2206 2781 2258 hoc
2812 2222 2914 2257 nou
2946 2208 3055 2258 suis
3082 2207 3306 2266 meritis,
3336 2210 3427 2260 sed
3463 2208 3553 2261 Dei
3590 2207 3724 2261 Filio
3751 2224 3836 2261 vo-

2262 2275 2427 2337 lente,
2471 2284 2524 2328 et
2579 2277 2731 2329 l’atre
2779 2291 2895 2340 eius
2926 2287 3194 2330 annuente
3238 2279 3436 2330 factum
3466 2291 3570 2335 est.
3611 2294 3757 2332 recte
3796 2281 3841 2334 ei

2257 2345 2475 2409 dicitur,
2509 2345 2721 2399 Postulo
2748 2363 2780 2398 a
2812 2364 2908 2412 me,
2939 2359 2982 2397 et
3012 2350 3144 2399 a‘abo
3175 2348 3263 2400 tibi
3297 2361 3469 2417 gentes
3500 2351 3842 2404 liwreditatem

2257 2426 2418 2469 tuoin.
2452 2419 2583 2489 Νοιιῄ
2600 2420 2742 2471 enim
2769 2420 2862 2480 ait,
2898 2418 3173 2472 l’o-tnleut
3222 2420 3327 2471 illa:
3367 2435 3574 2485 gentes,
3610 2422 3703 2474 sed
3752 2437 3842 2489 po-

2261 2490 2402 2561 stula
2436 2495 2511 2541 tu.
2548 2487 2617 2540 Es
2657 2489 2845 2561 quibus
2880 2489 3053 2543 terbis
3083 2490 3213 2543 satis
3245 2491 3534 2559 colligitur,
3568 2491 3688 2561 quia
3714 2487 3841 2561 gett—

2259 2558 2420 2613 tilitas
2467 2574 2571 2611 non
2619 2559 2717 2629 13
2746 2560 2856 2613 suis
2910 2563 3114 2613 meritis
3159 2558 3548 2615 salvator:sed
3588 2558 3841 2618 'ille'lioc

2258 2629 2370 2681 lii-ri
2402 2630 2575 2697 petiit,
2609 2634 2697 2701 qui
2731 2631 2869 2683 l’atri
2923 2647 3017 2697 pro
3050 2630 3156 2684 nob
3177 2649 3199 2683 s
3234 2647 3401 2701 u~que
3432 2634 3496 2685 ad
3542 2635 3838 2697 passionem

2257 2702 2446 2753 tnortis
2473 2700 2730 2754 obedivit.
2766 2702 2824 2754 Et
2849 2702 2969 2767 quia
2993 2703 3204 2769 gentilis
3235 2700 3459 2771 populus
3490 2707 3556 2757 ab
3588 2705 3841 2759 extremis

2255 2771 2437 2825 mundi
2468 2770 2704 2837 partibus
2735 2773 2799 2824 ad
2826 2772 2980 2824 tidem
3021 2776 3277 2826 cole-tus
3304 2770 3411 2839 est,
3448 2785 3595 2829 recte
3623 2775 3836 2840 dicitur,

2256 2841 2322 2893 Et
2347 2844 2711 2910 possessionem
2742 2853 2882 2895 tuam
2911 2854 3152 2896 tertianos
3184 2855 3354 2908 terrm,
3391 2846 3672 2909 subaudis,
3710 2849 3839 2902 dabo

2254 2913 2363 2965 tibi.
2393 2911 2524 2985 Dum
2558 2914 2701 2966 enim
2736 2916 3033 2979 persecutio
3084 2930 3135 2966 in
3184 2915 3362 2968 ludam
3408 2918 3603 2985 agitur,
3643 2920 3834 2973 Sancta

2255 2983 2631 3051 Apostolorum
2682 2987 2985 3050 prtedicatio
3026 2988 3076 3037 in
3128 2987 3433 3040 universum
3452 2983 3723 3041 tumidum
3756 2992 3833 3041 ιΙΙ·

2253 3055 2724 3121 Spergiturzsicut
2751 3056 3005 3122 scriptum
3037 3065 3140 3120 est,
3199 3056 3357 3111 Vobis
3408 3058 3628 3111 missum
3664 3058 3837 3113 luerat

2251 3127 2477 3197 verbum
2515 3124 2605 3177 Dei
2631 3142 2643 3177 :
2668 3126 2761 3179 sed
2803 3128 2925 3193 quia
2964 3129 3205 3193 indignos
3237 3142 3328 3181 vos
3365 3127 3665 3197 judicistis,
3710 3145 3836 3185 ecce

2252 3196 2391 3269 intus
2418 3196 2481 3249 ad
2513 3206 2700 3266 gentes
2726 3198 2863 3269 (Act.
2900 3196 3032 3265 15.).
3080 3198 3181 3251 Pro
3212 3196 3529 3254 crudelitate
3552 3216 3682 3269 ergo
3728 3218 3835 3255 ina«

565 3266 824 3339 scriptum
850 3276 958 3333 est,
998 3269 1131 3334 Quia
1181 3271 1229 3320 in
1266 3268 1346 3321 bis
1386 3268 1595 3320 duobus
1650 3269 1911 3339 tnandali~
1947 3268 2144 3335 pendet
2169 3274 2215 3337 (ζ
2250 3266 2374 3321 litia:
2404 3283 2521 3335 qua:
2566 3266 2799 3322 mentem
2828 3268 3025 3339 Judaza:
3071 3272 3452 3332 concremavit,
3497 3266 3835 3339 mnmpoteus

560 3338 651 3411 les
692 3350 746 3393 et
793 3342 1066 3407 prophetas
1113 3339 1325 3411 (Matth.
1376 3339 1517 3411 2a.).
1560 3338 1822 3405 Quicqu‘d
1869 3354 1996 3406 ergo
2037 3345 2140 3403 lex,

480 3426 491 3436 ·
560 3409 811 3479 quicquid
844 3409 1143 3479 prOphetia,
1185 3409 1434 3480 quicquid
1478 3410 1849 3476 Evangelitnn,
1893 3410 2142 3479 quicquid

563 3495 745 3535 sermo
776 3481 1113 3549 Aposmlicus
1151 3481 1403 3548 pra-dicat
1430 3498 1441 3532 ε
1474 3482 1649 3533 omnia
1685 3482 1785 3550 12
1815 3496 1977 3532 unum
2009 3496 2144 3547 pra:-

563 3563 798 3618 ceptum,
829 3552 983 3615 idest,
1015 3557 1210 3606 caritas
1240 3567 1341 3604 una
1384 3565 1745 3605 consummat.
1779 3550 1882 3606 Sed
1924 3550 2044 3619 quia
2077 3554 2143 3605 de

565 3631 797 3686 potentia
838 3624 1160 3688 audivimus,
1204 3626 1271 3678 de
1301 3622 1562 3690 dignitate
1613 3621 1769 3690 hujus
1801 3629 1943 3691 regis
1973 3624 2140 3676 nostri

563 3693 861 3746 audiamus.
892 3693 1144 3762 Sequitur
1169 3697 1332 3757 enim,
1368 3703 1422 3746 et
1446 3692 1577 3746 dicit
1601 3707 1615 3741 :

635 3763 688 3835 ti.
736 3762 982 3817 Dominus
1023 3765 1150 3816 άίλιι
1206 3764 1273 3816 αι]
1314 3779 1414 3826 me,
1464 3762 1631 3815 Filius
1664 3780 1802 3817 meus
1832 3781 1883 3816 es
1931 3775 2006 3830 tu,
2049 3781 2141 3835 ego

565 3834 716 3888 hodie
745 3835 894 3903 genui
937 3845 1005 3888 te.
1048 3836 1197 3899 Quod
1234 3851 1326 3903 per
1369 3835 1690 3898 Prophetam
1741 3836 2005 3897 audimus,
2043 3834 2139 3892 hoc

563 3909 723 3959 etiam
750 3922 843 3972 per
868 3906 1210 3973 Evangelintn
1241 3906 1484 3974 legimus.
1513 3906 1583 3959 lbi
1607 3908 1749 3976 enim
1774 3906 1987 3971 dicitur,
2020 3911 2137 3976 quia

562 3990 683 4029 cum
728 3977 986 4031 Dominus
1022 3978 1179 4031 Jesus
1221 3976 1600 4044 ιιειιιιὶιειιιειιιτ,
1641 3975 1869 4044 Spiritus
1912 3979 2139 4034 Sanetus

562 4048 613 4100 in
646 4049 907 4102 columba:
935 4063 1112 4116 Speme
1135 4049 1430 4111 dcsrcudit,
1463 4059 1518 4102 et
1549 4064 1649 4101 vox
1688 4048 1858 4100 Patris
1890 4053 2135 4116 intonuit,

564 4118 658 4172 llic
684 4116 767 4172 est
798 4118 964 4189 Filius
997 4136 1169 4181 meus,
1219 4136 1269 4172 ιιι
1301 4135 1405 4179 quo
1452 4119 1582 4172 mihi
1612 4120 1929 4189 complacui,
1963 4124 2134 4189 ipsum

558 4189 739 4245 audite
772 4188 946 4259 (Joan.
987 4191 1049 4255 ~l;
1083 4189 1271 4243 Martii.
1302 4189 1434 4258 17.).
1472 4188 1568 4245 Ubi
1599 4188 1877 4243 tttunil'este
1920 4188 2139 4246 sc’Tri-

559 4260 698 4317 nitas
751 4263 994 4315 humana:
1039 4270 1247 4316 natura:
1285 4261 1698 4330 ostendit:quia
1730 4261 1896 4315 Filius
1940 4262 2032 4316 Dei
2083 4264 2135 4318 in

556 4338 740 4397 specie
796 4333 1051 4394 hominis,
1092 4342 1145 4387 et
1192 4333 1422 4397 Spiritus
1468 4332 1695 4387 Sanctus
1727 4336 1779 4386 in
1829 4334 2008 4401 specie
2045 4351 2137 4388 eo-

551 4403 775 4464 luntbtt‘,
804 4413 858 4456 et
888 4418 987 4457 vox
1021 4403 1193 4456 Pati-is
1222 4404 1272 4454 in
1305 4401 1652 4457 similitudine
1699 4406 1944 4459 humanm
1985 4406 2135 4458 vocis

551 4476 800 4540 apparuit
831 4471 979 4539 (Lar.
1003 4472 1091 4545 2;,
1115 4471 1301 4545 Matth.
1342 4473 1445 4545 2.).
1477 4476 1787 4544 Quanquam
1820 4488 1996 4529 autem
2027 4474 2135 4545 (Es;

550 4546 865 4613 Augustino)
891 4546 1053 4611 possit
1085 4544 1175 4598 itle
1201 4544 1314 4597 dies
1339 4544 1388 4598 in
1425 4546 1699 4612 proiihetia
1729 4549 1904 4602 dietus
1937 4544 2127 4613 videri,

550 4630 655 4680 quo
705 4616 860 4669 Jesus
896 4614 1143 4669 Christus
1174 4618 1462 4670 secundum
1505 4619 1773 4671 hominem
1820 4629 1974 4671 natus
2003 4628 2084 4671 est
2114 4637 2125 4671 :

551 4696 734 4738 tamen
768 4684 925 4740 hodie
953 4688 1072 4753 quia
1099 4690 1428 4749 pra-sentiam
1462 4689 1747 4755 signiﬁcat,
1778 4698 1936 4756 atquc
1975 4688 2027 4741 in
2057 4706 2129 4740 ae-

550 4757 807 4811 ternitate
840 4773 937 4811 nec
967 4758 1312 4823 praeteritum,
1346 4774 1444 4814 nec
1470 4763 1703 4812 luturuin
1729 4769 1831 4819 est,
1875 4758 1967 4811 sed
1994 4773 2130 4827 prae-

549 4844 674 4879 seos
707 4845 718 4880 :
747 4828 998 4882 divinitus
1044 4828 1300 4895 accipitur
1334 4833 1626 4883 secundum
1660 4831 1709 4882 id
1752 4830 1973 4892 dictum,
2020 4828 2128 4895 Ego

550 4897 698 4970 hodie
731 4900 881 4967 genui
914 4911 1000 4954 te:
1024 4916 1126 4966 quo
1164 4900 1542 4969 sempiternam
1589 4904 1984 4970 generationem
2021 4902 2126 4952 vir-

549 4969 674 5040 tutis
707 4981 762 5025 et
788 4971 1063 5040 sapientia:
1088 4971 1202 5034 Dei,
1226 4974 1311 5038 qui
1342 4985 1422 5027 est
1448 4969 1747 5040 unigenitus
1772 4969 1961 5038 Filius,
1996 4971 2127 5025 lidvs

528 5038 812 5109 vi-atholica
846 5038 1112 5112 praedicat.
1148 5041 1289 5097 Duas
1338 5059 1466 5111 ergo
1496 5038 1794 5094 iuChristo
1825 5047 2127 5109 generatio-

549 5124 643 5163 nes
674 5127 795 5168 esse
838 5113 1103 5168 credimus
1131 5129 1145 5166 :
1170 5130 1324 5166 uuam
1357 5114 1612 5176 divinam,
1666 5120 1889 5164 atteram
1935 5117 2125 5166 huma-

522 5196 667 5251 nam
698 5200 712 5237 :
739 5199 893 5240 unam
920 5202 1021 5255 qua
1053 5203 1118 5240 ex
1150 5193 1299 5251 patre
1333 5183 1384 5234 in
1418 5184 1552 5235 cazlo
1584 5194 1736 5235 natus
1763 5193 1844 5235 est
1871 5183 1988 5237 sine
2014 5200 2126 5237 ma-

544 5263 643 5315 tre,
693 5256 911 5311 alteram
939 5272 1044 5325 qua
1088 5262 1139 5309 in
1179 5266 1319 5308 terra
1365 5261 1649 5325 exgiuatre
1696 5263 1851 5306 natus
1881 5265 1963 5307 est
2008 5270 2125 5309 sme

544 5336 714 5386 ltatre.
747 5323 1049 5383 Secundum
1083 5328 1245 5387 illam,
1269 5340 1390 5376 cum
1415 5323 1541 5377 nihil
1574 5338 1834 5388 essemus,
1860 5341 1954 5377 nos
1976 5343 2127 5379 crea-

544 5404 636 5447 wt.
673 5398 978 5454 Secundum
1015 5399 1197 5459 istaut,
1236 5411 1355 5447 cum
1386 5394 1574 5459 perditi
1613 5408 1873 5458 essemus,
1907 5412 2004 5449 nos
2030 5413 2126 5450 rc-

543 5464 810 5523 l'ormavit.
858 5470 1178 5539 Uuigenitus
1205 5478 1333 5533 ergo
1367 5464 1509 5517 lilius
1557 5479 1622 5517 ex
1657 5475 1805 5539 patre
1828 5468 1952 5525 sine
1985 5477 2120 5520 tem-

544 5552 672 5609 pore
712 5549 887 5595 natus.
932 5535 1052 5609 quia
1084 5535 1352 5590 cmlcsteut
1382 5548 1533 5587 suam
1580 5536 1942 5609 hatreditalem
1972 5540 2120 5609 solus

543 5608 743 5665 habere
772 5605 963 5675 noluit,
1009 5610 1292 5660 humanam
1340 5614 1581 5657 naturain
1612 5605 1678 5657 ad
1717 5608 2120 5675 contemplatio-

542 5682 872 5749 nelugloriu:
911 5694 1025 5731 sua:
1056 5677 1312 5728 coodidit.
1345 5676 1449 5729 Sed
1479 5692 1601 5749 qttta
1644 5681 1909 5743 peccando
1940 5680 2116 5745 periit,

541 5749 631 5803 ille
658 5748 821 5807 eiiam
856 5754 995 5802 hanc
1035 5750 1085 5799 in
1120 5761 1279 5799 carne
1309 5748 1574 5799 nasccnth
1604 5749 1879 5815 requisivit
1906 5766 1915 5800 :
1951 5760 2004 5805 et
2030 5754 2117 5816 qui

519 5819 811 5884 tioiiiinetn
839 5819 1037 5873 fecerat
1072 5819 1137 5868 ad
1169 5816 1450 5887 imaginem
1481 5830 1533 5871 et
1582 5818 1981 5873 sinnLtudiuem
2027 5823 2117 5877 Dei

536 5888 559 5958 ί
570 5889 751 5947 Cenes.
786 5888 886 5959 1.),
917 5890 1055 5944 miro
1077 5900 1185 5943 sua:
1213 5889 1451 5944 caritatis
1477 5888 1668 5946 allectu
1698 5887 1867 5946 lactus
1897 5902 1976 5947 est
2006 5890 2119 5963 ipse

2252 3339 2389 3411 Deus
2418 3348 2606 3411 gentes
2636 3339 2685 3391 in
2728 3338 3095 3393 hmrcditatem
3126 3344 3351 3409 sumpsit
3378 3359 3389 3392 :
3415 3342 3537 3410 quia
3586 3338 3681 3411 per
3713 3344 3833 3407 hoc,

2249 3410 2388 3479 quod
2419 3410 2507 3462 illa
2540 3411 2933 3481 redemptorem
2965 3426 3118 3462 suum
3150 3426 3210 3463 ac
3243 3412 3479 3465 membra
3506 3410 3624 3481 ejus
3656 3428 3835 3481 perse—

2248 3492 2369 3534 cuta
2394 3490 2499 3551 est,
2531 3480 2743 3534 Sanctis
2767 3482 3033 3546 Apostolis
3066 3498 3159 3549 per
3190 3485 3399 3535 diversa
3425 3480 3706 3551 dispersis,
3740 3502 3832 3535 nos

2248 3556 2334 3620 qui
2378 3550 2583 3605 Judtea:
2616 3552 2665 3603 in
2697 3552 2920 3604 circuitu
2953 3566 3166 3623 sumus,
3200 3553 3341 3605 dono
3378 3556 3617 3623 etulestis
3652 3555 3831 3622 gratia:

2246 3638 2288 3682 s,
2314 3623 2586 3675 lendorem
2628 3624 2735 3674 veri
2780 3621 2993 3675 luminis
3033 3626 3296 3676 videmus.
3345 3621 3445 3676 Sed
3474 3641 3599 3692 quia
3630 3621 3680 3677 in
3712 3629 3830 3679 vitte

2250 3693 2557 3767 fortitudine
2593 3708 2693 3767 nos
2736 3693 2965 3767 invenit,
3012 3705 3063 3748 et
3104 3694 3169 3746 ad
3212 3694 3437 3763 justitiae
3469 3699 3709 3767 regulam
3751 3714 3831 3751 re-

2246 3766 2413 3828 duxit,
2451 3765 2583 3817 bene
2614 3762 2861 3816 subdimr
2889 3781 2901 3815 :
3220 3762 3223 3763 ⁷
3534 3762 3555 3767 ⁷
3688 3817 3692 3821 .

2318 3838 2370 3886 8.
2408 3835 2565 3903 [leges
2586 3850 2669 3907 eos
2696 3835 2746 3885 iu
2765 3835 2905 3904 virga
2928 3838 2955 3905 f
2980 3852 3108 3898 rrea,
3125 3845 3170 3887 et
3191 3846 3429 3903 tauquam
3448 3854 3533 3889 vas
3551 3838 3693 3907 ﬁguli
3712 3855 3830 3892 con-

2243 3906 2437 3974 fringes
2467 3922 2569 3979 eos.
2611 3905 2761 3973 Virga
2806 3908 2982 3959 lerrca
3036 3908 3296 3975 accipitur
3327 3905 3632 3963 inﬂexibilis
3676 3912 3829 3979 justi-

2244 3988 2337 4039 tta,
2369 3992 2485 4048 qua:
2515 3976 2632 4029 ideo
2664 3991 2828 4048 virga,
2860 3979 2981 4044 quia
3043 3987 3183 4032 recta
3213 3996 3226 4029 :
3285 3981 3401 4032 ideo
3451 3980 3645 4046 ferrea,
3678 3976 3822 4048 'quia

2241 4048 2395 4101 dura.
2426 4045 2780 4120 Rectanobis,
2806 4051 2935 4100 dura
2962 4052 3151 4102 malis:
3182 4049 3373 4102 blanda
3402 4051 3585 4118 justis,
3633 4045 3820 4120 aspera

2242 4118 2620 4189 pervers:s.l£t
2644 4134 2762 4184 quia
2797 4134 2889 4186 per
2921 4122 3056 4173 hanc
3089 4122 3342 4173 Dominus
3395 4118 3708 4189 spirituales
3742 4137 3825 4176 re-

2238 4191 2336 4255 git,
2369 4188 2614 4242 carnales
2659 4190 2962 4258 conlringit,
3000 4198 3145 4244 recte
3174 4190 3369 4244 dicitur
3402 4188 3519 4245 {Et
3566 4203 3823 4260 tamquam

2222 4260 2327 4313 ’ναι
2348 4260 2497 4328 ﬁguli
2528 4261 2820 4329 confringes
2846 4278 2947 4313 eos.
2967 4261 3066 4328 Qui
3090 4268 3101 4313 l
3127 4262 3271 4314 enim
3307 4273 3521 4317 terrena
3548 4272 3672 4316 sunt
3702 4279 3822 4317 cur-

2237 4332 2326 4394 da,
2357 4332 2456 4382 nisi
2482 4344 2609 4383 vasa
2656 4330 2865 4384 lietilia?
2891 4331 2993 4385 Vas
3020 4333 3163 4385 enim
3216 4329 3399 4394 ﬁctile.
3460 4345 3736 4387 terrenum
3769 4346 3821 4387 et

2238 4402 2423 4473 fragile
2452 4410 2535 4454 est
2558 4401 2619 4467 (Ι.
2646 4401 2764 4454 Cor.
2790 4400 2999 4471 b.).Cai
3017 4406 3153 4456 nalia
3169 4418 3299 4472 ergo
3326 4407 3510 4469 corda,
3535 4420 3653 4473 quae
3680 4414 3820 4458 tran-

2236 4472 2421 4525 sitoria
2455 4482 2732 4539 appetunt,
2766 4473 2867 4526 hoc
2892 4475 3032 4542 quod
3073 4475 3421 4542 corrupiiliile
3466 4484 3522 4529 ct
3558 4472 3674 4527 vile
3718 4486 3818 4540 est,

2234 4543 2481 4610 diligunt,
2517 4548 2744 4597 terrenis
2785 4544 2945 4597 rebus
2993 4546 3120 4599 totis
3148 4546 3434 4599 desideriis
3481 4549 3812 4611 incumbunt,

2162 4648 2209 4708 υ
2235 4615 2358 4681 quid
2384 4615 2544 4695 aliud,
2578 4631 2737 4708 quam
2785 4628 2998 4708 terrena
3039 4632 3161 4699 vasa
3191 4617 3351 4668 sunt?
3379 4616 3531 4698 Quae
3564 4616 3817 4697 Dominus

2240 4702 2331 4753 per
2348 4686 2549 4752 virgam
2579 4686 2806 4738 ferream
2833 4686 3275 4753 coiilriiigit,cum
3304 4687 3626 4757 perpistitia:
3656 4689 3816 4741 recti-

2241 4759 2474 4810 tudinem
2501 4772 2650 4809 suam
2677 4758 2729 4809 iit
2756 4757 2834 4809 eis
2855 4759 3222 4812 carnalitatetn
3249 4758 3495 4824 destruit,
3520 4774 3640 4810 cum
3672 4773 3817 4813 nien-

2241 4830 2307 4881 tis
2354 4828 2637 4882 elationem
2696 4830 2959 4894 conterit,
2993 4845 3113 4881 cum
3166 4829 3448 4882 inlirniitas
3493 4828 3707 4898 propria
3753 4829 3815 4882 ad

2240 4899 2554 4953 tuetnotiam
2593 4899 2896 4961 reducitur,
2937 4911 2992 4953 et
3022 4901 3378 4964 corruptionis
3432 4903 3647 4953 miseria
3696 4900 3815 4953 dili-

2235 4979 2421 5039 genter
2447 4979 2501 5021 at
2525 4972 2758 5032 euditur,
2780 4980 2833 5023 et
2859 4972 3112 5024 vitiorum
3164 4969 3397 5025 fractura
3430 4972 3657 5025 aolerter
3690 4986 3815 5039 pen-

2235 5053 2403 5095 satur.
2437 5042 2569 5107 Quia
2613 5057 2742 5107 ergo
2773 5044 2940 5108 pietas
2981 5056 3185 5093 smmna
3228 5042 3307 5094 sic
3338 5057 3435 5095 nos
3465 5042 3608 5105 ferit,
3638 5052 3694 5095 ut
3730 5057 3814 5096 re-

2234 5128 2352 5180 gat:
2382 5112 2462 5165 sic
2485 5113 2800 5179 coniungit,
2842 5123 2899 5164 ut
2953 5128 3143 5165 meuus
3200 5114 3466 5177 restituat,
3509 5115 3634 5164 dum
3690 5127 3809 5165 vasa

2234 5186 2329 5238 ira:
2356 5192 2649 5237 commutat
2677 5188 2727 5236 iu
2764 5199 2884 5235 vasa
2924 5181 3325 5246 misericordias,
3359 5195 3412 5237 et
3444 5199 3567 5237 vasa
3596 5191 3716 5249 apta
3745 5181 3809 5235 ad

2234 5257 2452 5310 interitu
2480 5278 2532 5316 ιι,
2568 5259 2689 5307 lactt
2718 5269 2838 5321 apta
2866 5254 2929 5306 ad
2954 5269 3175 5321 giortam
3213 5254 3389 5324 (llom.
3422 5252 3503 5325 9.)
3541 5272 3551 5305 :
3605 5255 3811 5325 dicatur

2235 5339 2396 5390 recte,
2437 5329 2597 5390 [leges
2625 5343 2710 5378 eos
2738 5325 2791 5377 in
2818 5328 2960 5394 virga
2986 5325 3180 5393 ferrea,
3204 5336 3250 5376 et
3284 5334 3528 5396 tanquam
3554 5341 3639 5376 ras
3661 5324 3808 5393 ﬁguli

2232 5399 2523 5466 confringe:
2564 5412 2667 5449 eos.
2712 5399 2858 5461 Quos
2907 5410 3016 5464 iam
3048 5395 3259 5449 divinus
3288 5414 3467 5451 sermo
3502 5398 3806 5463 alloquitur,

2231 5484 2352 5522 cum
2385 5466 2656 5537 subjungit
2686 5485 2697 5519 :

2301 5539 2353 5593 9.
2392 5538 2455 5591 Et
2487 5536 2644 5608 mine,
2669 5555 2833 5608 reges,
2859 5536 3165 5607 intelligite:
3196 5538 3470 5592 erudimini
3489 5540 3578 5607 qui
3600 5539 3809 5608 judica-

2228 5612 2291 5663 tis
2321 5621 2527 5661 terram.
2566 5606 2633 5661 Et
2672 5606 2826 5675 nunc,
2858 5610 3015 5671 idest,
3046 5610 3156 5675 jam
3191 5607 3432 5663 innovati
3461 5606 3569 5679 (Ea:
3601 5606 3805 5678 Augus-

2227 5683 2381 5749 tino),
2404 5680 2512 5748 jatn
2538 5682 2782 5733 contritis
2816 5680 2972 5733 luteis
3004 5682 3325 5747 tegumentis
3346 5681 3672 5747 carnalibus,
3709 5693 3802 5730 va-

2227 5756 2301 5805 sis
2325 5750 2547 5813 erroris,
2572 5767 2692 5820 qua:
2723 5753 2785 5803 ad
2824 5754 3093 5805 carnalem
3131 5750 3287 5800 vita.“
3327 5755 3592 5818 pertinent
3624 5769 3635 5801 :
3674 5763 3805 5820 mino

2227 5823 2490 5893 iuzelligite
2512 5819 2620 5890 jam
2648 5838 2822 5892 reges,
2849 5822 2900 5876 id
2936 5831 3019 5874 est
3042 5821 3280 5893 valentes
3315 5837 3499 5889 regere
3554 5819 3801 5889 quicquid

2228 5894 2377 5949 vobis
2391 5889 2613 5960 servile,
2647 5889 2941 5947 etin-suile
2966 5904 3046 5945 est
3080 5907 3091 5942 :
3127 5889 3449 5960 castiganies
3476 5902 3651 5948 vestra
3681 5908 3798 5945 eor-
