4128 6360
523 264 652 326 δεῖν

543 398 669 445 runt
699 386 879 441 dicere
904 432 917 449 ,
965 389 1100 454 nisi,
1155 389 1200 456 ρ

545 473 672 512 vera
725 458 860 512 bona
910 462 1052 514 intra
1107 461 1429 527 semetipsos
1481 458 1665 511 videre
1729 473 1833 510 non
1881 460 2123 524 possunt.

545 527 725 597 Itaque
755 543 1146 602 consequenter
1175 532 1242 584 de
1279 532 1364 584 bis
1394 530 1624 602 dicitur:

614 603 666 653 8.
695 602 734 653 Α
769 597 952 660 [ructn'
970 604 1227 670 frumenti,
1279 604 1414 663 vini,
1442 611 1486 656 et
1530 601 1629 654 olei
1673 599 1754 654 sui
1799 597 2130 663 multiplicati

543 684 680 724 sunt.
716 672 829 726 Non
859 669 1011 729 vacat
1045 675 1151 743 (Ea:
1180 671 1502 744 Augustino)
1530 671 1670 742 quod
1692 669 1956 744 _additum
1987 675 2087 744 est
2111 707 2128 729 ,

515 807 518 812 ι
545 745 662 808 Sui,
699 755 776 797 est
801 747 941 797 enim
975 738 1297 799 frumentum
1331 745 1423 798 Dei
1446 738 1627 814 (Joan.
1656 741 1810 814 12.)}
1843 741 1886 794 si
1911 738 2129 814 quidem

543 817 698 883 panis
726 817 894 887 vivus,
928 819 1030 887 21
1063 816 1150 886 qui
1173 815 1239 868 de
1266 816 1399 871 caelo
1423 810 1700 870 descendit
1735 810 2043 887 (Joan._6.).
2069 810 2133 863 Et

543 897 619 940 est
645 887 821 940 vinum
852 883 980 941 DCI—t
993 883 1118 940 nam
1145 887 1551 942 inebriabuntnr
1571 887 1785 956 (inquit)
1805 885 1872 938 ab
1888 883 2131 956 ubertate

543 959 732 1010 domus
759 967 861 1029 ture
890 958 1062 1029 (Psal.
1094 957 1233 1026 55.).
1269 960 1359 1013 Est
1385 967 1439 1012 et
1459 954 1896 1029 oleum—dequo
1927 954 2130 1029 dictum

543 1038 620 1099 est
658 1043 672 1083 :
708 1027 1050 1099 Impinguasti
1082 1031 1133 1083 in
1183 1030 1303 1084 oleo
1346 1040 1507 1097 caput
1549 1044 1728 1082 meum
1781 1027 2129 1099 (Psal.72‘2.).

544 1097 634 1152 Isti
661 1109 835 1154 autem
863 1097 1012 1154 i'iiulti
1039 1103 1126 1167 qui
1151 1101 1355 1165 dicunt,
1374 1101 1504 1166 Quis
1523 1100 1756 1154 ostendit
1774 1097 1929 1151 nobis
1959 1098 2134 1152 bona?

542 1172 580 1242 Α
617 1173 788 1238 {ructu
828 1171 1093 1242 frumenti,
1125 1174 1226 1225 vini
1255 1183 1300 1224 et
1340 1171 1439 1224 olei
1485 1174 1565 1223 sui
1610 1171 1939 1242 multiplicati
1990 1181 2129 1242 sunt.

544 1241 665 1308 Sui,
691 1258 796 1295 n0n
831 1241 942 1304 Dei,
978 1244 1027 1299 id
1057 1255 1159 1304 est,
1193 1242 1503 1308 temporalis
1526 1258 1632 1293 non
1663 1241 1981 1309 Spirittialis.
2014 1241 2134 1298 Istis

543 1322 720 1367 autem
768 1315 990 1378 relictis,
1032 1317 1118 1377 qui
1155 1314 1488 1381 multiplicati
1522 1322 1646 1365 sunt
1679 1314 1972 1382 cupiditate
2006 1323 2134 1367 tein-

543 1387 830 1451 poralittui,
863 1387 945 1440 vir
973 1385 1148 1438 lidelis
1179 1387 1404 1443 t-Xttllat,
1429 1393 1483 1435 et
1519 1383 1652 1437 dicit
1683 1403 1695 1436 :

613 1456 666 1507 9.
704 1455 767 1507 In
797 1471 922 1524 pace
947 1457 999 1508 in
1021 1457 1242 1525 idipsum
1263 1456 1514 1508 dormiam
1535 1465 1580 1506 et
1606 1456 1936 1524 requiescam.
1967 1453 2132 1512 Recte

544 1527 688 1579 enim
721 1537 1007 1591 superatur
1037 1543 1064 1577 a
1101 1529 1294 1580 talibus
1317 1527 1625 1578 umnitnoda
1658 1528 1854 1580 mentis
1876 1528 2130 1582 alienatio

545 1613 571 1645 τι
606 1601 923 1652 mortalibus
975 1598 1172 1661 rebus,
1230 1608 1282 1650 rt
1335 1599 1674 1651 miseriarum
1730 1597 1913 1652 εωθιΗί
1971 1597 2130 1663 hujus

546 1670 749 1720 oblivia
773 1713 786 1732 ,
819 1686 937 1737 qua:
980 1671 1193 1721 nomine
1221 1669 1557 1722 dormitionis
1589 1679 1639 1722 et
1667 1669 1842 1723 Somni
1875 1671 2131 1724 decenter

547 1749 595 1789 et
627 1741 941 1809 proplietice
972 1741 1324 1806 signiﬁcatur.
1374 1741 1478 1794 Sed
1522 1739 1624 1794 hoc
1661 1756 1764 1793 non
1817 1751 2028 1794 tenetur
2071 1743 2122 1796 in

548 1812 647 1862 bac
680 1825 817 1872 vna,
851 1813 956 1863 imo
980 1813 1300 1878 sperandum
1331 1820 1414 1862 est
1445 1812 1494 1864 iu
1529 1809 1726 1864 futura.
1756 1811 1867 1867 lloc
1890 1821 1945 1866 et
1968 1813 2127 1867 verba

548 1882 862 1948 ostendunt,
893 1897 1011 1950 qua:
1045 1884 1202 1935 l’utn-i
1237 1884 1493 1950 temporis
1519 1893 1664 1936 sunt.

618 1951 703 2005 10.
750 1955 1000 2018 Quoniam
1034 1963 1087 2006 In
1111 1951 1324 2025 Domine
1345 1994 1359 2015 ,
1387 1953 1718 2022 singulariter
1739 1955 1791 2006 in
1817 1970 1905 2025 spe
1941 1955 2130 2007 consti-

547 2026 687 2076 tuisti
711 2042 787 2076 me
842 2025 980 2077 Bene
1007 2029 1100 2096 ait,
1135 2023 1500 2095 Singuluriter.
1530 2025 1692 2079 Periit
1719 2023 1860 2080 enim
1897 2025 2004 2096 (Ea:
2027 2027 2133 2077 Au-

548 2097 785 2165 gustino)
817 2095 1121 2158 supradicta
1163 2096 1559 2163 multiplicius,
1593 2106 1646 2149 et
1687 2108 1830 2149 tenet
1856 2098 1906 2150 in
1934 2100 2133 2150 sanctis

545 2168 886 2226 singularitas
916 2184 929 2218 :
957 2166 1024 2220 de
1053 2167 1248 2234 quibus
1282 2168 1478 2220 Illt'lllll’
1509 2169 1558 2220 in
1594 2169 1817 2222 Actibus
1840 2168 2132 2236 Apostolo-

544 2255 679 2295 rum.
715 2237 1070 2291 Multitudinis
1097 2237 1431 2291 credentium
1463 2250 1579 2291 erat
1609 2255 1703 2293 cor
1728 2255 1915 2299 unum.
1940 2252 1987 2293 et
2018 2239 2136 2292 ani-

544 2325 624 2360 ma
655 2325 758 2362 una
787 2310 923 2378 (Act.
951 2307 1051 2376 4.).
1087 2309 1394 2379 Singulares
1421 2325 1550 2377 ergo
1572 2321 1622 2365 et
1655 2311 1945 2378 simplices,
1973 2311 2131 2370 idwst,

543 2383 733 2432 secreti
764 2399 790 2433 :t
826 2381 1164 2434 multitudine
1187 2393 1240 2435 et
1260 2383 1415 2433 turba
1446 2385 1780 2434 nascentium
1811 2396 1986 2433 rerum
2013 2395 2133 2435 esse

547 2455 826 2512 ili-bemus.
860 2463 910 2504 et
939 2461 1208 2505 amatores
1239 2452 1557 2505 :elernitatis
1606 2463 1659 2505 et
1694 2451 1911 2504 unitatis
1933 2493 1946 2514 ,
1975 2456 2016 2505 si
2041 2452 2134 2505 uni

549 2523 657 2575 Deo
689 2536 739 2576 et
775 2523 1001 2576 Domino
1033 2525 1295 2578 inliatrere
1323 2538 1593 2589 cupimus.

999 2657 1294 2714 Tl'l‘l7LUS
1337 2658 1578 2714 I'SALMI
1618 2658 1684 2712 ν.

612 2783 878 2846 I._Titolos
899 2783 1072 2846 Psa‘mi
1099 2792 1194 2840 est,
1222 2785 1321 2832 Pro
1341 2796 1401 2833 ea
1421 2796 1531 2846 qna:
1565 2782 1898 2834 haereditatem
1939 2785 2135 2846 uccip't.

553 2843 848 2907 Intelligitur
872 2845 1108 2908 Ecclesia.
1133 2861 1242 2907 quae
1265 2843 1442 2908 accipit
1469 2848 1829 2906 litereditatem,
1869 2847 1915 2894 id
1941 2843 2137 2905 est,‘vi—

547 2917 644 2958 tam
689 2918 926 2958 attentam
971 2920 1062 2970 per
1100 2907 1358 2958 Douiuum
1381 2909 1550 2958 Jesum
1578 2924 1591 2957 :
1618 2915 1672 2958 ttt
1696 2909 2133 2970 pessideatipsum,

548 2981 599 3020 et
621 2972 684 3019 ab
704 2972 807 3033 ipso
827 2971 1149 3032 possideatur.
1177 2971 1390 3020 intentio
1436 2972 1656 3032 ejusdem
1708 2971 1941 3021 Ecclesiae
1988 2975 2138 3021 estin

549 3035 639 3081 hoc
655 3033 862 3093 Psalmo,
887 3033 1066 3082 Omnes
1092 3034 1265 3082 tideles
1287 3033 1490 3094 orando,
1519 3043 1567 3082 et
1593 3037 1724 3083 bene
1744 3033 1992 3095 operando
2012 3035 2139 3082 iuvi-

547 3098 744 3159 tarerad
767 3097 1104 3159 litei'editatem
1127 3104 1326 3145 aeternio
1363 3096 1702 3158 beatitudinis,
1727 3099 1940 3158 seipsam
1964 3110 2138 3159 propo-

552 3158 711 3206 nendo
733 3159 778 3205 in
800 3157 1104 3220 exemplum,
1127 3167 1178 3207 et
1200 3161 1382 3206 orando
1399 3161 1486 3206 sic.

1110 3284 1242 3344 PSA
1256 3284 1461 3346 LMUS
1498 3286 1570 3344 V.

616 3420 673 3472 2.
716 3418 882 3472 Verba
921 3435 1033 3470 mea
1079 3417 1291 3489 auribus
1336 3419 1576 3487 percipe,
1615 3416 1869 3484 Domine,
1910 3417 2140 3489 intellige

549 3492 824 3542 clamorem
863 3505 1051 3542 meum.
1079 3488 1275 3542 Vocata
1315 3489 1550 3542 Ecclesia
1587 3489 1694 3558 (Ex
1722 3489 2031 3558 Augustino)
2057 3488 2138 3543 in-

550 3571 706 3614 vocat
738 3561 926 3622 Deum,
954 3570 1013 3613 ut
1035 3560 1122 3629 (eu
1144 3559 1461 3628 epiiulante)
1486 3568 1824 3625 pertranseat
1845 3562 2134 3627 nequitiam

550 3630 731 3683 saeculi
764 3631 945 3695 hujus,
975 3639 1028 3683 et
1058 3630 1121 3682 ad
1158 3645 1280 3682 eum
1314 3631 1608 3695 perveniat.
1643 3631 1773 3698 Qua:
1801 3639 1980 3684 autem
2010 3643 2136 3686 sunt

555 3715 716 3753 aures
744 3699 1067 3763 divinitatis,
1101 3700 1200 3752 nisi
1246 3699 1413 3768 pietas
1463 3701 1579 3768 ejus
1626 3717 1680 3754 et
1730 3703 2130 3768 misericordia,

553 3772 749 3832 quibus
777 3785 877 3824 nos
905 3771 1092 3824 audire
1114 3769 1398 3836 dignatur?
1421 3771 1591 3838 lpSius
1618 3788 1832 3842 quoque
1858 3785 1942 3827 est
1976 3776 2134 3829 intel-

554 3843 722 3914 ligere
773 3843 1066 3914 clamorem
1103 3849 1358 3914 nostrum
1384 3885 1398 3909 ,
1421 3845 1720 3914 (attendere
1757 3856 1810 3899 et
1835 3848 2132 3914 approbare

557 3913 725 3967 nostri
777 3913 956 3966 cordis
1001 3912 1354 3966 desiderium.
1413 3913 1604 3966 Verba‘
1634 3928 1813 3970 nostra
1873 3912 2130 3972 Dominus
2175 3937 2177 3940 ‘

549 3987 700 4050 quasi
722 3987 953 4056 auribus
984 3984 1229 4056 percipit,
1261 3985 1474 4054 quando
1503 3996 1714 4040 nostras
1746 4003 1932 4056 preces
1965 3989 2050 4056 pie
2077 4000 2130 4043 et

552 4055 976 4110 misericorditer
1010 4055 1255 4124 suscipit.
1301 4057 1363 4109 Et
1409 4060 1546 4111 bene
1587 4069 1705 4126 post
1738 4055 1896 4112 verba
1923 4055 2131 4114 clamor

550 4126 858 4197 adjungitur
881 4143 894 4178 :
919 4126 1043 4196 quia
1075 4137 1200 4182 tunc
1230 4127 1442 4194 placent
1474 4127 1583 4184 Deo
1612 4130 1772 4184 verba
1804 4140 2005 4185 nostra:
2029 4133 2126 4187 de-

549 4199 873 4260 precationis
897 4239 912 4263 ,
943 4198 1162 4268 quando
1194 4201 1493 4263 proitedunt
1520 4217 1584 4253 ex
1616 4201 1885 4255 desiderio
1921 4205 2124 4257 cordis.

547 4269 682 4323 lliiic
709 4283 804 4336 per
828 4271 1140 4342 Apostolum
1169 4269 1384 4342 dicitur,
1410 4269 1640 4326 Psallam
1663 4274 1876 4340 Spiritu,
1905 4275 2124 4342 psallam

544 4351 600 4394 et
626 4349 804 4394 mente
822 4340 901 4411 (ι.
931 4340 1051 4394 Cor.
1074 4341 1209 4410 ‘14.).
1238 4341 1343 4396 Sed
1367 4346 1489 4412 quia
1513 4361 1617 4396 non
1644 4343 1864 4404 sufﬁcit,
1885 4340 1941 4396 ut
1965 4346 2123 4397 verba

549 4415 730 4485 nnatra
762 4412 948 4485 audiat
977 4412 1118 4465 Deus
1139 4456 1153 4479 ,
1186 4425 1239 4466 et
1264 4413 1554 4468 clamorem
1587 4414 1850 4485 iutengat
1875 4454 1891 4482 ,
1923 4415 2026 4469 nisi
2057 4414 2123 4468 ad

545 4481 794 4554 edoctum
822 4482 1078 4548 perducat
1102 4500 1114 4535 :
1145 4495 1290 4537 recte
1317 4486 1690 4554 subjuugitor:

1616 267 1872 328 RUFINO
1913 255 2362 324 PRESBYTERO
2403 248 2781 312 ASCRIPTUS

1205 390 1282 444 ui,
1327 387 1544 442 ostendit
1592 386 1738 440 nobis
1787 383 1954 438 bona!
2001 393 2122 433 cum
2155 383 2201 442 Α
2228 369 2336 440 (Ex
2358 365 2664 444 augustino)
2689 364 2946 444 superius
2977 363 3112 418 dixlt
3143 363 3378 431 Exaudi,
3406 362 3568 444 quasi
3592 364 3644 417 in
3675 376 3817 444 pra:-

3719 249 3818 303 060

2235 432 2374 495 senti
2428 432 2486 492 se
2528 432 2776 491 exaudiri
2816 445 3075 505 cuperet:
3111 452 3250 490 nunc
3295 432 3436 490 vero
3465 437 3629 499 dicit,
3666 432 3816 487 Mane

2233 511 2510 571 exaudies,
2543 525 2647 561 non
2688 508 2880 562 exaudi
2914 525 2926 560 :
2961 518 3036 572 et,
3085 509 3166 560 Ad
3214 517 3260 560 te
3298 511 3480 570 orabo,
3516 516 3596 570 et,
3639 506 3821 558 Adsta-

2234 584 2316 648 bo,
2359 593 2412 636 i-t
2459 579 2687 633 Videbo?
2753 579 2912 632 Forte
2961 580 3208 646 superior
3255 579 3373 646 ejus
3421 583 3597 632 oratio
3654 577 3819 645 ipsam

2234 663 2259 691 ⁸
2287 647 2619 708 vocationem
2637 650 2890 705 ostendit.
2910 647 3160 717 Caligans
3181 659 3361 703 autem
3392 650 3534 704 inter
3560 648 3821 709 tiret-cllas

2235 725 2395 794 hujus
2422 722 2626 794 szeculi,
2661 723 2780 788 quia
2814 726 2977 776 sentit
3005 737 3067 774 se
3097 735 3202 776 non
3234 721 3419 794 videre
3453 719 3597 794 quod
3627 720 3820 794 cupit:

2234 790 2356 851 ideo
2383 796 2534 857 dicit,
2565 793 2721 845 Mane
2742 795 3002 847 exaudies.
3037 797 3112 846 Ac
3145 794 3191 846 si
3225 792 3451 854 diceret,
3489 791 3604 844 Non
3640 805 3700 843 es
3729 790 3822 842 ille

2231 867 2323 938 qui
2351 865 2522 932 possis
2553 863 2722 917 videri
2755 865 2823 917 ab
2850 866 2928 916 eis
2953 907 2982 938 ,_
3011 879 3038 914 a
3071 878 3296 938 quorum
3340 864 3512 938 oculis
3556 876 3661 915 nox
3692 877 3821 928 pec-

2237 933 2480 992 catorum
2511 937 2746 988 nondum
2787 933 3008 989 recessit
3038 950 3052 986 :
3079 935 3170 988 sed
3195 949 3369 998 mane,
3405 936 3580 996 idest,
3609 941 3821 1002 peracta

2235 1009 2436 1064 erroris
2467 1006 2570 1059 mei
2604 1019 2792 1068 nocte,
2820 1018 2872 1060 et
2909 1003 3315 1059 discedentibus
3367 1015 3711 1073 peccatorum
3744 1012 3822 1055 te-

2235 1080 2435 1146 nebris,
2465 1076 2723 1130 Exaudies
2744 1093 2914 1131 vocem
2942 1093 3140 1131 meam:
3169 1076 3329 1142 idest,
3361 1075 3619 1130 ostendes
3638 1088 3822 1128 vocem

2244 1166 2419 1205 meam
2450 1150 2781 1202 exauditam.

2304 1220 2360 1276 4.
2404 1220 2559 1274 Mane
2586 1221 2798 1272 adstabo
2824 1219 2914 1272 tibi
2938 1228 2987 1274 et
3007 1218 3206 1276 videbo.
3233 1218 3477 1281 Adstabo,
3502 1216 3694 1287 inquit,
3716 1231 3821 1270 non

2230 1291 2445 1360 jacebo.
2498 1292 2692 1346 Jacere
2737 1306 2880 1344 enim
2942 1289 3050 1354 (Ea:
3088 1291 3432 1360 Augustino),
3485 1287 3538 1342 in
3598 1289 3825 1360 terrenis

2233 1358 2517 1432 quiescere
2547 1375 2652 1415 εει.
2688 1361 2802 1415 Non
2833 1371 2917 1414 i-st
2943 1377 3071 1425 ergo
3093 1358 3463 1415 intimrendum
3495 1361 3746 1424 terrenis,
3774 1358 3822 1412 si

2237 1436 2482 1488 volumus
2532 1433 2694 1487 Deum
2745 1432 2948 1486 videre.
2999 1435 3064 1487 Et
3113 1432 3332 1501 exponit
3376 1447 3626 1486 caussam
3657 1445 3821 1499 quare

2235 1520 2394 1559 mane
2421 1506 2653 1558 adsmbit
2683 1511 2739 1558 et
2773 1504 2973 1557 videbit
3005 1520 3019 1559 :
3055 1503 3311 1569 Quoniam
3346 1519 3447 1555 non
3481 1501 3621 1554 Deus
3650 1502 3821 1554 colens

2233 1575 2553 1645 iniquitatem
2583 1583 2637 1627 tu
2657 1590 2730 1629 es.
2764 1575 3042 1643 Iniquitas,
3076 1574 3409 1642 tnaligoitas,
3443 1573 3817 1636 mendacium,

2238 1646 2592 1700 homicidium
2618 1687 2631 1706 ,
2676 1646 2833 1700 dolus
2860 1653 2914 1697 et
2943 1646 3192 1713 quicquid
3226 1646 3529 1711 liujusmodi
3560 1656 3676 1710 est,
3718 1659 3819 1696 nos

2236 1725 2358 1770 est:
2392 1734 2492 1784 qua
2523 1728 2850 1779 transeunte,
2885 1717 2942 1770 lit
2974 1734 3149 1778 mane,
3175 1725 3233 1770 ιιι
3253 1717 3499 1769 videatur
3521 1715 3685 1769 Deus.
3715 1714 3819 1767 Nos

2167 1784 2208 1842 Β
2235 1787 2468 1856 quandiu
2502 1789 2554 1840 in
2586 1795 2683 1841 Iioc
2706 1789 2905 1841 sarculo
2953 1789 3092 1842 inter
3139 1787 3464 1841 tentatioiies
3514 1796 3732 1850 siunus,
3767 1787 3818 1838 in

2239 1871 2575 1927 peccatorum
2610 1861 2844 1912 tenebris
2870 1861 3110 1924 jacemus
3139 1877 3152 1911 :
3183 1873 3282 1911 nec
3314 1873 3497 1910 verum
3521 1858 3704 1911 statim
3730 1859 3820 1909 Ita-

2241 1939 2448 1992 bemus,
2483 1945 2580 1984 nec
2610 1929 2869 1984 veraciter
2898 1931 3158 1984 edemus.
3190 1929 3463 1984 Veraciter
3482 1930 3626 1982 enim
3651 1938 3814 1992 stare,

2238 2010 2322 2054 est
2353 2003 2403 2054 in
2433 2001 2752 2054 :vternitatis
2794 2000 3127 2055 beatitudine
3170 2015 3524 2066 permanere:
3555 2010 3610 2054 et
3637 2013 3819 2052 verum

2239 2072 2445 2136 videre,
2471 2081 2552 2125 est
2584 2071 2748 2124 Deum
2775 2073 2826 2125 in
2857 2086 2951 2125 sua
2983 2071 3262 2141 majestate
3297 2070 3675 2141 contemplari.
3709 2069 3814 2125 Sed

2240 2144 2328 2196 ille
2355 2146 2443 2211 qui
2473 2145 2736 2196 veraciter
2763 2152 2868 2206 est,
2887 2152 2941 2196 et
2963 2143 3410 2196 incommutabilis
3435 2151 3641 2208 manet,
3664 2141 3814 2211 Apud

2239 2229 2395 2281 quem
2427 2214 2506 2282 (iit
2533 2211 2763 2266 Jacobus
2789 2216 2883 2282 ait)
2913 2225 3122 2268 nonest
3157 2223 3569 2278 transmutatio,
3604 2228 3704 2267 nec
3737 2214 3808 2264 vi-

2239 2286 2566 2338 ciss:ti.diuis
2593 2286 2931 2338 obumbratio
2962 2283 3165 2352 (Jacob.
3199 2286 3299 2352 ω,
3327 2284 3578 2345 quoniam
3609 2299 3712 2337 non
3739 2293 3819 2337 est

2244 2355 2382 2408 Deus
2411 2359 2499 2422 qui
2530 2357 2693 2421 iniqui
2725 2366 2865 2409 atem
2898 2358 3061 2409 velit:
3089 2357 3210 2407 ideo
3252 2355 3303 2407 in
3338 2353 3440 2408 hoc
3482 2357 3686 2409 suaequ
3727 2357 3813 2406 ubi

2243 2426 2496 2493 iniquitas
2527 2427 2801 2489 abundat,
2837 2432 3073 2493 seipsum
3128 2442 3233 2478 non
3275 2426 3534 2480 ostendit.
3560 2425 3667 2480 Sed
3697 2426 3817 2495 quia

2243 2498 2477 2549 futurum
2502 2507 2607 2560 est,
2640 2509 2698 2550 ut
2726 2513 2829 2550 nox
2860 2498 3017 2564 hujus
3047 2495 3340 2567 iniquitatis
3373 2506 3733 2564 pertranseat,
3765 2507 3818 2550 et

2243 2583 2430 2632 mane,
2460 2569 2510 2620 id
2538 2574 2652 2629 est,
2697 2568 2748 2620 in
2783 2570 3177 2622 resurrectione
3213 2569 3415 2622 electos
3446 2582 3578 2621 suos
3612 2567 3679 2621 ad
3710 2567 3812 2620 im-

2242 2638 2582 2692 mortalitatis
2622 2647 2818 2692 statum
2865 2649 2919 2693 et
2973 2655 3082 2690 sua:
3125 2640 3595 2706 contemplationis
3650 2640 3818 2691 visum

2241 2710 2522 2763 restituat:
2551 2723 2681 2763 voce
2715 2710 2970 2764 Ecclesia:
3000 2711 3206 2763 dicatur
3225 2721 3393 2773 rei-te,
3421 2707 3580 2762 Mane
3606 2709 3820 2762 adstabo

2241 2783 2351 2844 tibi,
2372 2794 2419 2834 et
2439 2781 2614 2834 videbo
2633 2796 2652 2834 :
2676 2782 2913 2849 quoniam
2939 2797 3037 2833 non
3061 2782 3196 2834 Deus
3220 2783 3389 2834 volens
3415 2781 3738 2848 iniquitatem
3765 2792 3819 2832 tu

2241 2867 2314 2904 es.
2346 2852 2479 2918 Quia
2509 2867 2635 2906 ve~o
2669 2855 2718 2904 in
2751 2852 3352 2920 collectionejustorum
3386 2851 3696 2919 reprobatio
3727 2850 3819 2907 ﬂet

2245 2925 2528 2990 impiorum
2551 2922 2768 2990 (Matth.
2794 2920 2932 2989 25.),
2965 2936 3107 2976 recte
3132 2921 3510 2993 subiungitur:

2313 2997 2366 3048 5.
2402 2992 2580 3064 Neque
2607 2994 2848 3046 hauitabit
2869 2997 3021 3063 juxta
3046 3005 3094 3046 te
3123 2992 3401 3063 malignus,
3429 3009 3588 3063 neque
3615 3008 3820 3062 perma-

2245 3065 2430 3118 nebunt
2459 3065 2641 3134 injusti
2680 3074 2797 3117 ante
2828 3069 3000 3118 oculos
3026 3073 3160 3120 tuos.
3204 3066 3462 3134 Maliguus
3493 3067 3645 3134 quasi
3677 3065 3818 3117 malo

2249 3152 2366 3204 igne
2411 3137 2596 3204 plenus
2635 3135 2851 3189 dicitur.
2885 3135 3097 3202 Matigni
3127 3150 3257 3206 ergo
3303 3138 3520 3189 nomine
3561 3150 3818 3206 numerus

2250 3207 2543 3260 intidetiuui
2591 3207 2862 3276 designari
2895 3216 3100 3273 potest,
3127 3205 3214 3276 qui
3246 3207 3372 3260 dum
3408 3208 3459 3260 in
3493 3205 3820 3260 inﬁdelitatis

2244 3292 2423 3332 errore
2455 3279 2767 3346 persistunt,
2796 3279 3125 3346 malignitate
3147 3294 3239 3331 sua
3271 3280 3468 3331 bonum
3494 3277 3673 3346 ignem
3697 3291 3818 3346 gra-

2243 3348 2328 3402 tia:
2358 3349 2648 3418 spiritualis
2675 3359 3048 3402 contemnunt.
3082 3349 3265 3418 lnjusti
3307 3358 3487 3402 autem
3516 3359 3643 3400 sunt
3669 3349 3758 3415 qui
3786 3362 3816 3400 a

2240 3419 2385 3473 bono
2410 3435 2574 3488 opere
2607 3430 2938 3487 torpescunt.
2969 3419 3130 3473 Juxta
3167 3421 3446 3473 Dominum
3491 3434 3620 3488 ergo
3663 3419 3815 3471 mali-

2238 3506 2376 3559 gnus
2408 3507 2512 3544 non
2547 3490 2823 3554 habitabit,
2846 3495 2966 3560 quia
2999 3500 3147 3544 tanto
3179 3502 3304 3544 tunc
3330 3493 3397 3542 ab
3419 3502 3640 3544 auctore
3661 3488 3816 3558 justi-

2240 3571 2327 3614 tia:
2359 3562 2652 3616 inlideliiim
2705 3577 2961 3616 numerus
3006 3567 3305 3630 elongatur,
3351 3570 3552 3630 quanto
3601 3575 3744 3614 nunc
3785 3576 3812 3612 a

2233 3631 2438 3702 ju-titii
2487 3634 2609 3687 lidei
2657 3635 2998 3702 disiungitur.
3035 3632 3220 3702 liijiisti
3269 3648 3484 3701 quoque
3530 3640 3656 3686 ante
3704 3631 3815 3700 ejus

2237 3706 2424 3758 oculos
2451 3716 2576 3758 tunc
2608 3720 2922 3771 permanere
2953 3721 3056 3758 non
3088 3707 3285 3762 valent.
3311 3719 3434 3772 quia
3466 3717 3630 3762 nunc,
3657 3705 3807 3756 vide-

2237 3776 2363 3829 licet
2392 3776 2444 3828 itt
2474 3776 2728 3840 otierious
2761 3777 3122 3835 tenebrarum,
3152 3777 3442 3840 perdurare
3466 3789 3574 3827 non
3599 3775 3810 3828 timent.

2237 3850 2423 3900 Adhuc
2455 3847 2615 3899 etiam
2639 3845 2705 3897 de
2738 3848 2982 3914 reprobis
3009 3847 3251 3899 subditur
3277 3862 3291 3898 :

2306 3921 2358 3971 b'.
2395 3917 2561 3970 Udisti
2589 3932 2763 3969 omnes
2804 3919 2893 3986 qui
2931 3931 3204 3987 operantur
3246 3917 3594 3984 iniquitatem,
3637 3915 3812 3984 perdes

2235 4005 2406 4042 omnes
2446 3988 2530 4058 qui
2559 3990 2837 4057 loquuntur
2887 3990 3224 4041 mendacium.
3261 3987 3460 4040 Perdes
3499 4000 3691 4040 otnues
3727 3988 3812 4053 qui

2234 4075 2340 4114 non
2374 4075 2545 4113 soum
2577 4069 2870 4126 operantur
2899 4077 3018 4127 qua:
3055 4059 3236 4121 odisti,
3261 4059 3355 4112 sed
3387 4063 3550 4112 etiam
3584 4058 3636 4112 lo
3657 4073 3806 4125 luun-

2234 4141 2320 4185 tur
2349 4132 2707 4194 mendacium,
2739 4131 2923 4182 falsam
2953 4130 3210 4196 justitiam
3248 4128 3633 4195 prattendeudo
3658 4168 3675 4191 ,
3719 4142 3812 4181 nec

2231 4203 2284 4255 in
2339 4203 2650 4271 poenitentia
2705 4203 3013 4254 coolitendo
3041 4201 3146 4272 23
3184 4209 3418 4268 peci-ata.
3461 4200 3576 4254 Non
3611 4199 3810 4272 perdes

2230 4269 2431 4337 autem,
2461 4271 2506 4325 si
2535 4273 2864 4339 pieniteudo,
2897 4269 3172 4326 verittﬁeiii
3199 4274 3507 4340 loquuntur,
3538 4280 3598 4324 ut
3620 4269 3813 4323 iacien-

2229 4345 2300 4396 do
2323 4346 2478 4396 istam
2513 4343 2809 4409 veritatem,
2840 4348 3054 4396 veniant
3083 4343 3149 4395 ad
3180 4346 3374 4396 lucem.
3402 4342 3504 4395 Per
3525 4350 3810 4409 operantes

2230 4414 2584 4483 iniquitatem,
2609 4414 2953 4483 designantur
2985 4415 3059 4479 bi,
3083 4414 3172 4482 qui
3202 4428 3306 4466 non
3333 4415 3509 4465 solum
3532 4411 3671 4464 bona
3702 4427 3804 4463 non

2229 4485 2451 4548 faciunt,
2479 4488 2570 4538 sed
2595 4494 2753 4538 etiam
2783 4501 3037 4552 perversi:
3067 4499 3270 4539 vivunt.
3291 4487 3437 4549 Quos
3466 4484 3810 4550 omnipotens

615 4553 668 4605 5.
717 4550 1084 4633 Intendenvoci
1131 4556 1376 4633 orationis
1413 4550 1567 4633 unde,
1613 4573 1709 4633 rea:
1739 4564 1959 4633 meusAet
1984 4552 2122 4633 Deus
2153 4573 2203 4633 ι)
2233 4557 2369 4609 Deus
2399 4557 2552 4633 odit,
2577 4558 2624 4607 id
2654 4567 2764 4619 est,
2785 4550 2912 4608 udto
2942 4571 3040 4633 suo
3065 4555 3260 4610 diutos
3295 4554 3562 4613 ostendit,
3593 4565 3648 4608 et
3687 4552 3807 4621 qitia

545 4639 708 4678 meus.
744 4637 816 4679 ac
841 4625 886 4677 si
915 4626 1115 4679 iliceiet
1151 4643 1164 4676 :
1195 4625 1281 4679 Sic
1306 4629 1426 4681 audi
1459 4631 1642 4695 verba,
1667 4629 1745 4681 sic
1775 4627 2014 4694 intellige
2033 4629 2122 4681 de-

545 4697 762 4755 sideria,
795 4707 851 4749 ut
883 4697 1068 4762 probet
1103 4697 1179 4749 rei
1209 4697 1452 4760 eliectus,
1478 4710 1530 4752 te
1552 4697 1809 4752 intentum
1838 4711 1960 4750 esse
1986 4699 2120 4751 meis

546 4768 902 4819 orationibus.
933 4768 994 4819 Et
1023 4784 1146 4836 quia
1169 4779 1369 4824 sancta:
1409 4771 1665 4824 Ecclesia:
1707 4773 1880 4822 oratio
1909 4782 2003 4834 per
2036 4767 2118 4820 Fi-

546 4838 671 4888 Iium
704 4840 930 4911 mittitur
955 4839 1020 4890 ad
1063 4840 1270 4893 Patrem
1306 4840 1521 4911 (Ma'tlt.
1554 4843 1663 4908 (5.),
1708 4851 1830 4911 ao_te
1861 4841 1932 4892 ait
1960 4877 1975 4901 ,
2010 4836 2121 4892 Rex

543 4923 685 4960 meus
728 4919 773 4961 et
817 4908 952 4962 Deus
999 4926 1158 4964 meus.
1194 4908 1523 4979 l'er'regem
1567 4913 1708 4965 enim
1752 4909 1942 4962 Filium
1977 4926 1989 4960 :
2027 4926 2120 4975 per

545 4982 743 5044 Deinu,
777 4980 982 5033 Patrem
1013 4984 1274 5049 desqgnat.
1313 4985 1380 5035 Et
1426 4981 1590 5035 Filius
1637 4981 1732 5047 ait,
1770 4981 1868 5032 Per
1899 4996 1984 5033 me
2010 4979 2121 5032 itur

541 5050 606 5100 a-l
633 5050 843 5106 l’atrem
879 5051 1057 5116 (Joan.
1081 5052 1212 5116 1L).
1233 5053 1394 5107 [tecte
1415 5056 1520 5122 22
1539 5067 1665 5119 ergo
1683 5051 1790 5121 (Ea:
1809 5050 2118 5121 Augustino)

543 5121 715 5184 primo
743 5139 836 5176 rex
863 5141 1023 5186 meus,
1049 5126 1242 5176 deinde
1271 5124 1405 5176 Deus
1419 5121 1594 5174 Tneus.
1621 5121 1728 5176 Nec
1762 5131 1938 5175 tamen
1965 5123 2117 5186 dixt,

540 5191 822 5259 lntendite,
858 5207 948 5248 set
981 5194 1198 5247 [munde
1223 5209 1240 5244 :
1265 5211 1385 5256 quia
1419 5195 1578 5246 l‘ater
1606 5206 1660 5248 et
1691 5194 1851 5246 Filius
1880 5210 1984 5245 mm
2015 5194 2122 5249 dtto

543 5265 645 5326 Ilii,
672 5267 763 5317 sed
795 5282 929 5318 unus
958 5275 1042 5319 est
1076 5266 1234 5318 Deus.
1265 5262 1523 5318 C'dllSaﬂlll
1555 5280 1660 5331 quo
1683 5280 1769 5330 (ue
1810 5265 2082 5334 subjuugit
2103 5309 2116 5332 ,

539 5350 704 5398 quare
726 5339 1063 5389 exaudientia
1093 5337 1185 5400 sit,
1213 5350 1333 5387 cum
1363 5336 1699 5388 subinl‘ertnr
1727 5353 1742 5390 :

607 5406 662 5458 5.
698 5405 954 5470 Quoniam
990 5412 1056 5457 ait
1091 5417 1137 5457 te
1163 5406 1347 5470 orabo,
1378 5405 1614 5458 Domine.
1651 5407 1715 5459 Et
1756 5407 1998 5474 protinus
2027 5407 2121 5461 ad-

533 5472 724 5544 jongit,
751 5477 906 5530 Mane
924 5476 1167 5530 exaudiet
1191 5491 1357 5527 vat-em
1385 5491 1569 5540 meam,
1592 5491 1698 5530 etc.
1723 5472 1857 5544 Quid
1880 5490 1959 5531 cst
1980 5481 2119 5548 quiid

610 5646 636 5672 ι
669 5638 818 5703 Apud
857 5635 1167 5705 Augustin.,
1208 5637 1702 5707 contradicentibus
1735 5639 1962 5707 vulgatis
1997 5657 2117 5694 om-

534 5707 692 5759 nibus
720 5718 773 5758 et
797 5707 918 5759 Mss.
951 5709 1151 5773 aliquot
1175 5705 1356 5778 libris,
1387 5708 1616 5778 denique
1641 5705 1875 5765 Auctore
1908 5727 2093 5769 nostro

507 5785 825 5846 '1‘I‘poallum
859 5787 958 5840 est,
986 5775 1378 5831 invocationem.

2228 4642 2322 4681 eos
2354 4645 2404 4680 in
2431 4628 2653 4693 justitia:
2675 4643 2786 4680 sue
2816 4629 2997 4695 regula
3025 4642 3128 4680 non
3153 4635 3450 4694 cognoscit,
3482 4644 3507 4674 a
3530 4641 3631 4679 suo
3659 4639 3805 4677 amo-

2228 4715 2285 4751 re
2314 4701 2555 4766 repulsos
2596 4702 2647 4751 in
2697 4707 2956 4750 aeternum
3003 4708 3170 4764 punit.
3208 4699 3307 4751 Per
3353 4701 3634 4766 loquentes
3684 4709 3805 4766 vero

2230 4765 2562 4822 mendacium
2591 4769 2826 4822 ltiiet'etiri
2861 4785 2966 4821 non
3005 4771 3271 4822 immerito
3301 4765 3522 4836 possunt
3554 4765 3807 4832 intelligi,

2225 4857 2312 4910 qui
2345 4856 2437 4893 sua
2471 4844 2700 4894 falsitate
2731 4848 3012 4893 ventaiem
3047 4839 3167 4892 liilei
3198 4848 3460 4894 c0iiautur
3487 4838 3810 4893 destruere:

2226 4929 2358 4978 quos
2386 4911 2660 4966 districtus
2676 4911 2845 4978 judex
2866 4926 2986 4964 cum
3011 4913 3253 4980 reprobis
3277 4914 3490 4977 perdet.
3514 4912 3650 4975 Quia
3673 4912 3810 4961 sicut

2229 4983 2306 5036 ilii
2331 4983 2651 5035 damnantur
2687 4999 2752 5035 ex
2785 4998 2950 5050 pravo
2985 4997 3177 5049 Opere.
3220 4985 3292 5036 ita
3329 4981 3382 5034 lti
3411 4995 3623 5048 quoque
3662 4981 3810 5032 dam-

2229 5056 2387 5106 nandi
2416 5064 2534 5107 sunt
2567 5071 2627 5106 ex
2660 5069 2820 5121 prava
2858 5057 3150 5108 loeuttone.
3189 5053 3279 5106 Vel
3311 5053 3411 5104 hoc
3447 5055 3607 5105 modo
3638 5058 3809 5118 potest

2225 5127 2419 5192 espoiii
2447 5143 2460 5177 :
2496 5124 2684 5178 Perdes
2716 5142 2889 5177 omnes
2923 5126 3012 5194 qui
3051 5124 3339 5193 loquuntur
3366 5124 3688 5175 mendacium
3713 5135 3732 5174 :
3761 5121 3806 5194 id

2225 5191 2328 5260 esi,
2357 5199 2565 5249 veritati
2591 5199 2918 5248 contrarium
2935 5191 2955 5247 ἐ
2980 5191 3458 5262 quodrecedentes
3484 5201 3552 5247 ab
3572 5211 3638 5244 eo
3666 5191 3806 5261 quod

2225 5277 2326 5329 est,
2362 5270 2425 5320 ad
2458 5269 2508 5321 id
2543 5270 2680 5335 quod
2727 5283 2829 5319 uoti
2861 5279 2972 5331 est,
2999 5267 3025 5304 δ
3059 5268 3349 5320 declinant.
3390 5266 3540 5318 Unde
3573 5264 3680 5334 (Ea:
3705 5265 3802 5315 Au-

2224 5338 2450 5407 gustino)
2472 5341 2759 5406 Apo~tolus
2780 5339 2875 5400 ait,
2901 5340 3000 5404 Qui
3026 5339 3151 5390 dicit
3175 5355 3231 5392 ευ
3250 5338 3303 5391 in
3325 5336 3801 5407 Cltrt8t0_tlllltt’_t'e,

2224 5403 2278 5461 et
2298 5403 2544 5463 mandata
2563 5411 2676 5477 «ἡαπ
2696 5427 2798 5462 non
2819 5403 3070 5474 custodit,
3097 5411 3323 5463 mendax
3339 5411 3511 5472 est(t.
3526 5403 3685 5477 latin.
3705 5405 3805 5468 7.).

2232 5482 2344 5533 lluo
2389 5492 2513 5534 sunt
2554 5475 2748 5548 genera
2781 5482 3176 5534 ttteudaciorunt
3205 5479 3314 5551 (Ea;
3338 5482 3560 5547 eodem),
3599 5475 3652 5530 in
3695 5477 3802 5546 qui-

2301 5640 2329 5678 b
2377 5638 2649 5694 Postrema
2701 5637 2983 5706 Augustini
3029 5636 3191 5700 Edit.,
3237 5636 3592 5698 declinantur,
3641 5633 3804 5706 minus

2229 5726 2406 5777 reete,
2439 5723 2492 5766 ct
2521 5713 2748 5780 vulgatis
2791 5705 3011 5780 quoque
3057 5721 3214 5764 antea
3259 5710 3408 5764 libris
3439 5705 3796 5762 contradicen-

2228 5786 2386 5838 tibus.
