4128 6360
564 313 677 397 itas

1639 339 1895 398 RUFINO
1933 335 2392 394 PRESBYTERO
2431 332 2814 396 ASCRIPTUS'

3743 344 3837 398 664

568 461 658 521 do,
694 457 1004 513 seducendo
1030 475 1043 511 :
1074 458 1195 526 quia
1220 468 1473 527 quantum
1505 474 1534 511 a
1560 458 1641 510 via
1671 457 1915 511 veritatis
1944 456 2147 510 discor-
2180 458 2227 514 Α
2260 452 2650 522 paenitentiam.
2685 453 2749 506 Et
2782 468 2894 521 ipsa
2943 452 3077 527 bona
3130 454 3376 509 voluntas
3426 466 3507 511 est
3554 457 3839 512 invictissi-

566 529 716 593 deut,
748 546 810 583 ex
844 530 1020 584 verbis
1049 532 1370 591 ostenditur.
1398 546 1512 597 qua-
1538 529 1961 596 snhsequuutur.

644 600 729 653 ll).
767 601 1020 666 Quoniam
1063 618 1167 652 non
1208 612 1277 653 est
1316 602 1365 652 in
1402 618 1485 652 ore
1515 601 1908 652 (orntnvrritas.
1948 599 2009 650 Et
2047 602 2147 654 hoc

564 673 850 739 approbat,
884 688 1003 724 cum
1032 672 1267 738 adjungit
1295 691 1306 725 :
1342 672 1441 724 Cor
1470 687 1641 725 eorum
1672 686 1857 723 vanum
1887 681 1980 723 est.
2012 671 2144 724 Nam

566 743 840 801 quomodo
867 754 947 796 est
977 744 1175 797 veritas
1208 744 1256 795 in
1286 758 1407 802 ore,
1442 743 1485 795 si
1522 743 1725 794 vanitas
1748 750 1833 796 est
1867 741 1919 794 in
1946 743 2144 796 corde?

567 813 749 866 Bonus
774 813 932 866 homo
958 814 1025 865 de
1057 816 1195 867 bono
1219 814 1469 865 thesauro
1495 813 1671 865 cordis
1699 817 1776 864 sui
1813 813 2013 878 profert
2044 814 2141 865 bo-

565 900 660 946 na,
696 896 746 937 et
778 888 946 936 malus
978 884 1137 937 homo
1167 884 1232 937 de
1257 884 1397 939 malo
1430 882 1682 936 thesauro
1713 885 1892 937 Cordis
1918 884 1997 935 sui
2023 900 2145 947 pro-

565 959 666 1009 fert
695 958 829 1008 mala
858 951 1067 1020 (Matth.
1097 954 1229 1021 19.).
1258 957 1330 1008 Ex
1360 956 1683 1007 abundantia
1710 957 1851 1007 enim
1882 954 2059 1007 cordis
2083 970 2145 1009 os

564 1027 803 1094 loquitur
830 1043 843 1079 :
873 1027 939 1079 de
972 1026 1164 1091 quibus
1198 1027 1373 1080 adhuc
1402 1035 1547 1079 recte
1577 1026 1920 1091 subjunctiun
1947 1036 2049 1087 est,

639 1100 724 1151 Η.
759 1096 1101 1162 Sepulchrum
1132 1108 1306 1160 patens
1344 1110 1517 1163 guttur
1555 1114 1764 1156 eorum,
1808 1097 1997 1163 linquis
2038 1098 2143 1150 suis

564 1168 738 1222 dolose
766 1170 978 1237 agebant
1008 1170 1221 1237 :judica
1268 1171 1382 1221 illos
1425 1170 1581 1221 Deus.
1623 1168 1939 1222 Adulatores
1969 1178 2023 1219 et
2052 1184 2141 1222 se.

564 1190 738 1222 ηοιοδε
766 1190 977 1237 ageam"
1008 1190 1025 1221 .'
1074 1190 1221 1220 ιιιιισίι
1268 1190 1382 1221 ιιιοδ
1425 1190 1581 1221 υειιδ.
1623 1190 1939 1222 Αιιιιιιιυηίτη
1969 1190 2023 1219 εει
2052 1190 2139 1222 56·

563 1240 815 1293 ductores
857 1238 965 1307 (Ea:
1020 1190 1329 1309 AIttgttslittOl
1374 1252 1519 1293 recte
1574 1239 1856 1308 sepulihra
1911 1241 2139 1304 patentia

563 1311 688 1364 dicti
738 1320 890 1373 Sunt,
931 1311 1019 1380 qui
1055 1328 1159 1363 non
1196 1311 1438 1365 habendo
1492 1312 1650 1365 vitam
1690 1312 1965 1371 veritatis,
2007 1327 2142 1378 quo-

562 1381 846 1435 dammodo
874 1385 1150 1436 exanimes
1176 1394 1321 1446 sunt,
1351 1393 1403 1436 et
1428 1398 1666 1435 morinos
1692 1383 1740 1435 in
1773 1398 1829 1435 se
1854 1381 2135 1448 recipiunt.

562 1466 695 1517 quos
724 1456 902 1507 verbis
926 1453 1270 1508 mendacibus
1300 1464 1349 1507 ct
1381 1469 1520 1505 vano
1550 1454 1711 1507 corde
1744 1456 2054 1506 interemtus
2086 1456 2136 1505 in

564 1542 623 1595 se
652 1534 990 1578 cenvertunt.
1025 1525 1175 1589 Quod
1206 1526 1336 1578 dixit
1368 1526 1557 1595 linguis
1577 1525 1707 1583 suis.
1737 1523 2001 1586 signiﬁcat
2030 1539 2139 1575 ma-

563 1593 652 1650 lis.
699 1597 818 1650 Mali
862 1597 1007 1649 enim
1056 1596 1226 1649 malas
1276 1593 1472 1649 habent
1518 1597 1743 1663 linguas.
1780 1595 1972 1648 Dolose
2011 1611 2137 1647 vero

564 1682 745 1735 agere,
779 1676 861 1721 est
890 1667 1033 1720 aliud
1068 1668 1118 1719 in
1152 1669 1336 1731 corde,
1362 1668 1499 1720 aliud
1534 1668 1583 1719 in
1613 1681 1706 1720 ore
1737 1664 1952 1719 habere.
1987 1664 2137 1720 Unde

563 1736 615 1789 in
656 1740 763 1791 alio
808 1739 1012 1806 psalmo
1042 1738 1253 1794 dicitur.
1288 1742 1383 1805 Qui
1436 1740 1727 1806 loquuntur
1779 1751 1960 1797 pacem
2014 1751 2133 1789 cum

564 1812 809 1881 proximo
857 1824 990 1881 suo,
1021 1811 1129 1881 26
1160 1809 1295 1863 mala
1351 1822 1527 1881 autem
1560 1809 1627 1881 in,
1650 1806 1904 1881 cordibus
1944 1821 2129 1861 eorum

564 1877 735 1945 (Psal.
769 1882 912 1948 ‘27.).
942 1877 1414 1947 Eos—omnipotens
1448 1880 1585 1933 Deus
1610 1879 1833 1948 judicat,
1865 1881 1987 1948 quia
2015 1893 2133 1932 om-

565 1965 657 2003 ιιθς
684 1952 930 2005 inimiros
957 1951 1141 2015 falsos,
1160 1952 1377 2006 dolusos
1401 1952 1450 2004 in
1478 1960 1721 2005 extremo
1743 1951 1989 2003 examine
2012 1964 2142 2003 con-

563 2022 781 2075 demnat
813 2040 825 2075 :
858 2023 924 2075 de
954 2023 1142 2090 quibus
1172 2022 1346 2076 adhuc
1377 2022 1649 2092 subiungit
1676 2039 1688 2074 :
1720 2021 1969 2074 Decidant
1998 2039 2030 2074 α
2050 2038 2139 2073 co-

562 2094 891 2161 gitationibus
927 2097 1032 2146 suis
1051 2134 1065 2157 ,
1092 2095 1371 2147 secundum
1414 2094 1791 2147 multitudinem
1819 2093 2137 2162 impietutum

561 2180 737 2217 eorum
766 2167 960 2237 expelle
985 2182 1085 2218 eos.
1122 2166 1405 2233 Prophetia
1431 2172 1513 2217 est
1546 2163 1655 2219 tEa:
1682 2166 2014 2237 Augustino),
2034 2179 2137 2237 nou

564 2235 890 2291 maledictio.
915 2236 1026 2289 Non
1056 2237 1197 2289 enim
1227 2245 1377 2304 optat
1409 2245 1465 2289 ut
1490 2238 1671 2288 veniat
1692 2278 1704 2297 ,
1737 2235 1829 2287 srd
1857 2236 2097 2299 prmdicit
2119 2275 2135 2297 ,

556 2309 701 2367 ψυιά
736 2316 967 2361 'uturum
1012 2306 1278 2377 praevidit.
1323 2310 1358 2359 Α
1406 2306 1822 2371 cogitationibus
1849 2307 1959 2358 suis
1991 2306 2140 2360 deci-

560 2379 692 2431 dunt
723 2421 737 2441 ,
773 2384 893 2445 quia
923 2378 1173 2445 quicquid
1203 2380 1341 2432 elate
1369 2384 1787 2446 cogitaverunt,
1822 2391 1940 2429 cum
1975 2378 2140 2431 inter-

559 2460 726 2511 cunt,
772 2453 888 2503 sine
932 2450 1105 2503 fructu
1140 2449 1413 2502 amittunt.
1459 2448 1720 2514 Superbia
1752 2462 1879 2501 vero
1912 2448 2138 2502 ruinam

565 2520 744 2582 habet,
774 2520 912 2573 sicut
934 2522 1237 2573 rroutrario
1266 2518 1538 2572 humilitas
1562 2518 1962 2572 exaltatzoueiu.
1995 2519 2137 2572 Dici-

561 2601 650 2643 tur
678 2592 839 2645 alitti.
879 2594 931 2646 lu
981 2594 1065 2644 illa
1116 2591 1206 2645 die
1249 2590 1500 2658 pertbttut
1547 2605 1736 2643 ouines
1785 2589 2140 2657 cogitationes

560 2678 749 2715 eorum
781 2660 955 2732 (Paul.
983 2660 1149 2730 H5.)
1179 2662 1308 2727 Qua:
1332 2663 1512 2730 utique
1541 2676 1645 2713 non
1678 2661 1932 2728 perirent,
1967 2664 2008 2713 si
2038 2678 2141 2714 ca:-

564 2734 718 2784 lesuia
771 2736 1090 2804 (agitarent.
1139 2733 1391 2787 Testatur
1440 2733 1587 2804 enim
1634 2733 1771 2804 idem
1816 2732 2136 2804 i’saltttista,

562 2804 825 2865 Quoniam
846 2802 971 2858 sunt
996 2806 1231 2873 reliquiie
1251 2804 1451 2857 homini
1480 2803 1717 2873 pacilico.
1754 2802 1937 2873 Iujusti
1962 2814 2138 2859 autem

563 2875 901 2940 di~peribunt
956 2878 1152 2939 simul,
1211 2878 1450 2943 reliquia:
1504 2874 1786 2941 impiorum
1844 2876 2141 2929 interibunt

563 2944 736 3015 (Psal.
758 2947 1263 3018 56.).Cogitationes
1279 2963 1407 3016 ergo
1427 2948 1706 3014 impiorum
1727 2944 1997 3013 peribunt,
2016 2948 2137 3018 quia

561 3026 762 3070 aeterna
796 3019 933 3073 tnala
978 3017 1246 3087 nunquam
1288 3020 1513 3087 cogitata
1549 3020 1853 3085 reperiunt;
1877 3031 1929 3070 et
1961 3017 2141 3071 subito

562 3088 814 3142 amittunt
841 3094 975 3144 bona
1014 3091 1325 3159 temporalia
1346 3132 1359 3151 ,
1384 3105 1503 3159 qua:
1533 3088 1622 3142 ditt
1663 3099 1843 3141 mente
1876 3098 2141 3142 tractave-

562 3170 701 3212 runt.
741 3162 837 3227 Qui
868 3161 1161 3216 secundum
1205 3160 1599 3214 multitudinem
1635 3160 1970 3226 impetatqu
2014 3174 2138 3213 sua-

561 3210 679 3282 νοω
708 3210 1665 3301 castigari};initiata;aut.
1694 3210 1992 3299 latitat...
2015 3210 2137 3300 ‘3‘..-
2166 3210 2211 3272 Ο

560 3314 784 3367 serunt,
826 3311 883 3357 et
929 3307 995 3357 ah
1040 3314 1238 3358 aiterna
1279 3304 1591 3358 lia-reditate
1616 3303 1971 3369 expelle-utor,
1999 3308 2133 3356 etin

560 3374 809 3428 tenebras
838 3378 1137 3430 exteriores
1164 3375 1447 3443 ejicientur
1477 3372 1692 3443 (Matth.
1720 3373 1823 3439 8.).
1866 3375 2007 3427 Bene
2037 3390 2135 3425 au-

560 3454 668 3497 tem
711 3446 997 3500 subditur;
1035 3448 1292 3511 Quoniam
1319 3449 1642 3499 irritaverant
1682 3456 1727 3496 te
1758 3444 1996 3498 Domine.
2029 3444 2133 3497 Ne-

560 3531 665 3584 que
691 3532 831 3570 euuu
860 3517 979 3587 quia
1015 3530 1406 3586 peccaverunt,
1436 3518 1555 3570 ideo
1579 3517 1810 3587 perirent
1830 3554 1845 3576 ,
1880 3516 1979 3566 ιιικῆ
2012 3532 2135 3582 pcr-

559 3589 859 3641 severandu
878 3585 929 3643 in
951 3585 1109 3653 malo,
1133 3589 1410 3643 Dominum
1433 3590 1727 3641 irritarent.
1754 3585 1881 3638 Nam
1906 3600 2136 3653 sttpcrtta

560 3659 733 3727 pietas
760 3670 1039 3728 postquam
1069 3663 1420 3728 deliquimus,
1464 3660 1528 3712 ad
1581 3658 1946 3726 paenitentiam
1984 3672 2137 3711 revo-

560 3739 679 3793 cat,
717 3741 771 3782 et
809 3731 897 3784 diu
938 3741 1205 3798 expectat.
1247 3734 1363 3785 Non
1405 3735 1547 3784 enim
1590 3732 1705 3781 vult
1741 3742 1967 3798 mortem
2016 3744 2139 3795 pec-

560 3801 790 3863 catoris,
830 3803 923 3856 sed
972 3796 1026 3856 ut
1080 3815 1426 3857 eouvertatur
1477 3813 1532 3854 et
1583 3801 1726 3851 viv.it
1789 3796 1941 3862 (Luc.
1998 3800 2134 3869 15.).

560 3871 710 3935 Quod
744 3874 788 3927 si
813 3876 1047 3929 converti
1080 3875 1302 3943 ni‘gligit
1328 3915 1344 3938 ,
1381 3885 1429 3927 et
1461 3880 1668 3939 tempus
1704 3872 1894 3943 gratia:
1925 3869 1978 3921 in
2010 3885 2138 3938 aug-

562 3952 799 3999 mentum
836 3946 1097 4013 expendit
1139 3941 1339 4009 (uno,
1386 3958 1543 4011 quem
1576 3941 1880 4007 (militendo
1929 3955 2137 4007 parare

559 4012 772 4076 drbuit.
823 4012 942 4070 eum
997 4019 1113 4086 plus
1156 4016 1441 4077 irritando,
1495 4013 1547 4086 id
1586 4024 1669 4086 est
1692 4017 1777 4086 51d
1806 4015 2133 4086 iracundiam

564 4091 931 4153 provocando,
962 4083 1195 4157 gi-aviter
1226 4089 1471 4141 olIeiidit.
1510 4084 1658 4137 Unde
1692 4083 1887 4157 Paulus
1918 4088 2029 4136 ait:
2057 4088 2133 4141 'l‘u

561 4168 738 4211 autent
769 4155 1060 4214 secundum
1093 4161 1342 4213 duritiam
1379 4169 1517 4208 tuam
1542 4166 1595 4208 et
1626 4170 1719 4207 cor
1756 4155 2096 4223 iinpmuitens
2116 4199 2133 4223 ,

560 4228 894 4299 thesaurizas
928 4234 1021 4285 tibi
1058 4235 1187 4283 iram
1222 4229 1272 4281 iu
1313 4232 1399 4280 de
1428 4230 1517 4278 ira:
1547 4237 1600 4279 et
1633 4226 1971 4299 revelatiouis
2010 4227 2133 4295 justi

553 4296 743 4371 judicii
770 4304 857 4357 Dei
885 4303 1060 4371 (llam.
1084 4301 1187 4368 2.).
1224 4300 1353 4354 Nam
1377 4307 1522 4351 tanto
1552 4313 1673 4351 eum
1706 4306 1832 4349 tunc
1861 4298 2136 4354 districtus

552 4370 717 4439 judex
750 4390 925 4427 acrius
954 4377 1191 4435 damnat,
1222 4382 1422 4437 quanto
1454 4384 1594 4423 nunc
1617 4370 2014 4423 misericordius
2042 4388 2137 4425 ex-

559 4453 757 4510 pectat.
789 4448 898 4501 Sed
924 4445 1049 4513 quid
1079 4444 1181 4498 erit
1209 4443 1278 4497 de
1298 4440 1493 4509 justis?
1525 4443 1778 4507 Sequitur
1808 4452 1861 4493 et
1891 4442 2019 4495 dicit
2046 4460 2061 4494 :

632 4516 720 4570 12.
754 4516 822 4569 Et
854 4520 1090 4571 lieteutur
1132 4531 1303 4566 omnes
1330 4514 1416 4582 qui
1456 4522 1659 4578 sperant
1700 4514 1751 4564 in
1790 4519 1867 4565 te-
1901 4516 2133 4568 Primum

553 4589 774 4655 quidem
810 4588 1077 4656 justorum
1108 4584 1356 4653 gaudium
1389 4594 1469 4637 est
1501 4587 1550 4635 iu
1586 4598 1719 4647 spe:
1749 4584 2133 4656 undeidieitur,
2170 4597 2217 4655 ο

554 4662 661 4731 Spe
703 4655 1003 4731 gaudentes
1035 4657 1211 4725 (Rom.
1240 4656 1377 4731 12.).
1409 4656 1514 4722 Spe
1543 4657 1696 4731 enim
1717 4655 1850 4709 salvi
1876 4655 1959 4731 _f_ai
1980 4660 2017 4731 ti
2050 4671 2140 4731 sq.

555 4726 673 4786 nius
699 4726 875 4798 (illam.
905 4731 1006 4793 7.).
1032 4727 1378 4798 i’osttnoduin
1405 4742 1532 4780 vero
1557 4734 1659 4779 erit
1689 4729 1738 4779 in
1768 4740 1845 4780 re.
1876 4726 2025 4781 Unde
2055 4728 2140 4782 hic

552 4796 772 4857 secutus
799 4803 1069 4869 adjungit,
1099 4796 1161 4850 In
1194 4809 1437 4851 attentum
1467 4798 1771 4852 exultabant
1812 4808 1859 4849 et
1889 4799 2141 4869 habitabis

553 4878 605 4926 in
629 4875 720 4926 eis.
757 4868 872 4936 Ipsa
898 4880 1001 4925 erit
1023 4880 1221 4923 :cterna
1247 4871 1500 4924 exultatio
1518 4869 1628 4939 (Ea:
1654 4868 1986 4939 Augustino),
2019 4884 2141 4923 cum

559 4942 819 5009 templum
854 4943 944 4997 Dei
979 4942 1105 4996 fient
1128 4940 1256 5010 justi
1281 4983 1294 5006 ,
1325 4954 1379 4997 et
1409 4946 1512 4997 erit
1554 4941 1806 5012 gaudiunt
1855 4942 1969 5010 ipse
2001 4948 2025 4975 “
2058 4945 2143 4993 iii-

552 5017 669 5068 cola
699 5028 909 5068 eorum.

632 5087 718 5140 15.
754 5082 822 5137 Et
851 5085 1209 5156 gloriabuntur
1229 5102 1281 5138 tn
1316 5095 1363 5137 te
1383 5084 1673 5156 omnesqui
1700 5084 1922 5152 diligunt
1954 5098 2139 5134 nomen

554 5169 700 5211 tuum
724 5195 741 5222 ,
775 5154 1001 5213 Et'bene
1024 5198 1042 5225 ,
1074 5161 1122 5213 in
1154 5170 1204 5214 te
1228 5159 1336 5222 (Ea:
1379 5154 1613 5222 eodem).
1666 5166 1914 5220 tanquam
1948 5168 2137 5207 omnes

560 5233 897 5291 possidentes
940 5232 1308 5285 liaareditatem
1361 5241 1433 5281 te.
1478 5226 1733 5291 Quoniam
1779 5237 1832 5275 tu
1877 5226 2139 5276 benedices

545 5304 713 5372 jtt8t0.
755 5303 875 5355 Haec
900 5313 980 5357 est
1010 5303 1316 5357 benedictio
1338 5299 1636 5372 gloiiarrin
1665 5297 1797 5360 Deo,
1826 5306 1876 5347 et
1910 5294 2136 5350 habitari

558 5368 585 5423 ιι
630 5374 762 5427 Deo.
813 5376 875 5427 lit
915 5378 1035 5443 quia
1065 5375 1272 5427 vocatio
1303 5388 1405 5443 non
1447 5368 1761 5443 meritorum
1796 5376 2133 5443 nostrorum,

557 5448 649 5498 sed
682 5437 1057 5500 benivolentiae
1105 5455 1159 5499 et
1207 5440 1592 5497 misericordia:
1627 5439 1716 5490 ltei
1758 5447 1878 5490 est:
1910 5437 2137 5503 subjecit

551 5515 736 5569 dicens
765 5534 778 5570 :

632 5590 713 5643 14.
746 5588 980 5645 Domine.
1014 5596 1067 5639 ut
1104 5596 1248 5637 scuto
1278 5584 1423 5637 boum
1450 5581 1724 5634 voluntatis
1756 5589 1856 5631 tua:
1887 5580 2140 5632 coronasti

554 5678 667 5713 nos.
701 5661 841 5713 Bona
891 5661 1032 5710 enim
1075 5658 1323 5709 Voluntas
1372 5655 1462 5707 Dei
1504 5651 1616 5722 (Ea:
1655 5650 1854 5717 eodem)
1886 5655 2140 5718 pra-cirdit

556 5732 752 5785 bonam
785 5735 1110 5782 Voluntatem
1164 5738 1432 5787 nostram,
1480 5734 1816 5794 peccaturi-nt
1854 5736 2052 5774 vocans
2086 5727 2135 5775 itt

627 5894 655 5921 ι
684 5885 822 5938 Uiim
860 5883 997 5951 apud
1029 5882 1381 5949 Augustinum
1416 5880 1687 5934 uu‘olatus.

2256 540 2399 576 tnutn
2432 538 2664 589 scutum,
2696 541 2803 591 quo
2836 525 3112 589 repeliilur
3142 529 3191 578 in
3219 542 3391 580 mirus
3412 529 3839 588 desperationem

2250 595 2442 648 salutis
2472 609 2761 663 Suggereus
2796 595 3135 649 multitudine
3165 597 3569 651 tribulationum
3594 610 3647 651 et
3675 609 3840 652 tenta-

2251 668 2479 718 tionum.
2515 666 2656 718 Deus
2700 667 2842 719 enim
2886 678 3139 733 operatur
3166 679 3218 720 et
3247 669 3385 722 velle
3416 677 3470 722 et
3503 672 3761 732 perlicere
3789 671 3839 725 iit

2259 736 2441 797 nobis,
2463 751 2560 805 pro
2592 737 2725 787 bona
2759 739 3032 789 Voluntate
3058 736 3313 806 (Philipp.
3336 741 3441 805 2.).
3468 740 3584 793 Non
3611 743 3752 794 enim
3775 757 3837 796 ex

2255 807 2516 869 coetibus
2561 806 2783 875 iustitiae
2826 823 2944 873 quae
2978 807 3201 863 fet-imus
3234 824 3331 863 nos
3356 852 3369 871 ,
3402 812 3496 864 sed
3543 812 3835 866 secundum

2246 891 2397 932 suam
2429 878 2855 931 misericordiam
2888 880 3063 933 salvos
3094 894 3190 933 nos
3221 880 3346 934 fecit
3370 880 3505 953 (Tit.
3533 881 3642 951 5.).

2602 1011 2707 1082 27
2748 1010 3043 1113 raucus
3094 1013 3342 1069 PSALMI
3388 1016 3476 1071 Vl.

2310 1125 2353 1173 1.
2389 1126 2571 1204 Sestus
2621 1122 2836 1204 l’salmus
2874 1126 2950 1204 Istc
2986 1125 3287 1204 Liutitplatur.
3309 1127 3536 1204 Psalinus
3564 1128 3726 1178 David
3742 1145 3834 1204 pro

2243 1196 2408 1236 octava
2432 1198 2451 1236 :
2474 1188 2567 1234 Per
2594 1194 2811 1234 octavam
2856 1187 2963 1252 dies
2986 1187 3012 1225 ὓ
3035 1187 3202 1247 judirii
3242 1191 3540 1249 intelligitur
3569 1206 3582 1241 :
3609 1187 3834 1252 quoniam

2245 1252 2402 1298 omnia
2432 1257 2650 1308 tempora
2694 1258 2886 1309 si-ptem
2910 1251 3100 1296 dierum
3131 1252 3430 1309 repetitione
3458 1251 3719 1302 volvuntur
3751 1265 3834 1305 :et

2244 1312 2371 1372 quoii
2395 1311 2444 1359 tit
2470 1311 2517 1357 in
2542 1324 2655 1367 una,
2687 1318 2849 1370 potest
2874 1314 3048 1358 mutari
3075 1314 3121 1358 in
3167 1312 3278 1362 alia.
3328 1313 3543 1363 Octavus
3562 1325 3729 1363 autem
3756 1318 3834 1365 ille

2244 1374 2556 1422 :cstunaidus
2602 1381 2697 1430 e-t,
2748 1374 2829 1431 qui
2870 1375 3156 1422 varietatem
3209 1376 3348 1424 istam
3388 1390 3482 1425 non
3528 1378 3749 1426 habebit.
3777 1378 3833 1429 Et

2243 1438 2369 1499 quod
2396 1437 2442 1480 in
2470 1449 2530 1479 eo
2565 1432 2665 1493 tiet,
2695 1442 2933 1499 mtcrnum
2979 1443 3029 1499 et
3070 1437 3467 1485 incommutabile
3508 1443 3832 1499 permanebit.

2241 1496 2327 1546 Est
2365 1503 2530 1561 autem
2569 1509 2661 1543 vox
2710 1498 2754 1561 in
2802 1496 2891 1545 hoc
2931 1497 3111 1556 pSahno
3157 1498 3315 1561 ﬁdelis
3356 1496 3672 1561 paenitentis.
3720 1504 3833 1551 alios

2243 1557 2596 1623 exemplosuo
2641 1559 3060 1623 exhortantis,ut
3096 1560 3322 1608 similiter
3358 1557 3638 1623 paeniteant
3662 1579 3673 1611 :
3700 1576 3760 1611 ne
3785 1567 3830 1612 in

2243 1628 2431 1676 octava,
2451 1619 2497 1666 id
2519 1628 2615 1680 est,
2634 1627 2859 1669 extrema
2879 1621 2960 1669 die
2978 1621 3166 1682 judicii,
3211 1619 3445 1673 aeternam
3474 1626 3831 1675 damnationem

2241 1683 2507 1731 incurrant.

2779 1766 3134 1828 PSALMUS
3176 1768 3282 1829 Vl.

2318 1888 2373 1942 2.
2404 1888 2644 1967 Domine,
2670 1906 2734 1943 ne
2758 1890 2812 1967 i_n
2844 1891 3016 1967 furore
3036 1900 3125 1945 tuo
3151 1910 3336 1960 arguas
3364 1911 3466 1961 me,
3494 1913 3661 1967 neque
3675 1898 3727 1952 in
3747 1902 3824 1954 ira

2249 1968 2337 2032 tua
2358 1962 2609 2031 corripias
2635 1978 2732 2015 me.
2761 1962 2901 2016 Dens
2931 1966 3123 2032 quiest
3158 1962 3615 2022 incommutabilis
3645 1981 3825 2025 natura

2244 2030 2499 2099 (Malach.
2536 2031 2619 2108 5.)
2640 2073 2654 2095 ,
2688 2032 2827 2099 apud
2855 2030 3024 2108 _queut
3058 2036 3135 2108 (ut
3162 2036 3454 2108 (Apostolus
3488 2041 3584 2108 ait)
3614 2056 3721 2094 non
3747 2056 3826 2098 est

2246 2106 2624 2156 transmutatio
2646 2144 2659 2163 ,
2690 2119 2788 2156 nec
2818 2104 3202 2159 vicissuudinis
3243 2104 3585 2162 obumbratio
3619 2112 3821 2169 (Jacob.

2247 2174 2325 2241 1.)
2362 2190 2375 2226 :
2409 2173 2476 2227 de
2505 2189 2611 2247 quo
2638 2173 2961 2247 dictumgest,
2991 2176 3069 2228 Tu
3101 2188 3278 2230 autem
3308 2179 3823 2247 Domiuevirtuttuu,

2244 2258 2367 2317 cum
2402 2246 2791 2317 tranquillitate
2834 2245 3042 2313 judicas
3072 2248 3226 2315 (Sep.
3254 2247 3367 2317 12.)
3399 2267 3411 2301 :
3446 2252 3647 2305 nullam
3690 2255 3739 2306 in
3768 2245 3825 2310 se

2246 2313 2446 2367 furoris
2483 2316 2567 2367 vel
2592 2316 2684 2369 ira:
2715 2313 3181 2381 perturbationem
3212 2313 3436 2385 suscipit
3466 2338 3480 2374 :
3506 2325 3599 2376 sed
3631 2324 3820 2379 furoris

2246 2386 2463 2439 nomine
2496 2386 2811 2453 intelligitur
2842 2389 2927 2439 illa
2957 2391 3211 2441 immensa
3244 2401 3297 2442 et.
3339 2392 3687 2446 immoderata
3713 2398 3825 2449 ani-

2244 2456 2552 2511 madversio
2600 2458 2888 2522 Viitilictm,
2933 2474 3037 2527 qua
3084 2471 3390 2525 peccatores
3443 2464 3735 2527 punientur
3772 2469 3823 2521 in

2246 2539 2491 2581 extremo
2518 2528 2786 2581 examine.
2814 2528 2893 2582 Ira
2930 2545 3054 2583 vero
3088 2542 3262 2593 potest
3303 2533 3522 2598 intelligi
3555 2539 3824 2591 examina-

2246 2598 2322 2649 tio
2356 2598 2439 2673 ιιι»
2460 2613 2611 2673 ,_qua
2658 2598 2982 2673 imperfecta:
3008 2602 3197 2673 animae
3230 2604 3592 2657 emundantur
3619 2610 3669 2658 in
3701 2624 3823 2673 pur-

2245 2670 2452 2737 gatorio
2482 2669 2620 2737 igne.
2663 2670 2802 2745 Bene
2844 2682 3022 2745 autem
3070 2671 3288 2745 dicitur,
3326 2672 3407 2727 Ne
3436 2677 3490 2727 in
3536 2669 3711 2745 furore
3739 2689 3825 2731 tuo

2244 2756 2432 2813 arguas
2453 2746 2559 2800 me,
2588 2756 2746 2813 neque
2774 2741 2924 2813 inira
2960 2750 3049 2793 tua
3079 2744 3325 2813 corripias
3346 2762 3423 2797 me
3447 2761 3464 2798 :
3494 2741 3625 2800 Nam
3655 2750 3823 2803 corri-

2246 2810 2391 2877 pias,
2419 2813 2557 2878 quod
2591 2812 2771 2863 mitius
2800 2812 3029 2876 videtur,
3063 2814 3129 2865 ad
3174 2810 3607 2871 emendationem
3642 2820 3821 2873 valet:

2244 2883 2331 2949 qui
2362 2896 2490 2934 vero
2516 2884 2777 2948 arguitur,
2820 2882 2955 2935 idest
2986 2897 3287 2950 accusatur,
3338 2890 3686 2942 metuendum
3744 2901 3824 2943 est

2247 2952 2396 3024 uerin
2422 2953 2589 3024 linem
2620 2952 2812 3024 habeat
2852 2954 3272 3009 damnationem.
3308 2958 3620 3024 Arguuntur
3648 2962 3699 3012 in
3735 2960 3825 3015 die

2241 3020 2435 3090 judicii
2466 3022 2574 3091 (Ea:
2595 3022 2907 3091 Augustino)
2939 3040 3127 3079 omnes
3156 3029 3243 3092 qtti
3274 3020 3604 3083 uiittiitibettt
3634 3029 3820 3083 funda-

2245 3107 2482 3147 mentum
2504 3093 2797 3170 Christum.
2822 3093 3185 3149 Emendantur
3206 3109 3407 3170 autem,
3432 3100 3571 3153 idest
3594 3116 3823 3170 purgan-

2245 3172 2352 3227 tur,
2384 3169 2471 3232 qui
2492 3165 2626 3239 huc
2656 3164 3002 3239 fundamento
3032 3167 3465 3239 stiperaadificant
3512 3164 3649 3239 ligna
3679 3164 3823 3235 ,Ἴω-

2245 3251 2369 3287 ηιιιιι
2399 3280 2414 3300 ,
2461 3236 2752 3297 stipulam,
2801 3235 2933 3288 idest
2988 3236 3349 3301 infructuosa,
3404 3235 3571 3303 vana,
3618 3242 3822 3297 inutilia

2241 3306 2316 3375 (ὲ.
2352 3306 2472 3361 Cor.
2504 3307 2604 3373 5.).
2642 3305 3024 3360 Detrimentum
3058 3310 3272 3377 quidem
3306 3312 3593 3376 patientur,
3620 3316 3713 3365 sed
3741 3330 3822 3368 ta-

2240 3392 2373 3456 men
2394 3378 2525 3430 salvi
2549 3387 2708 3456 erunt
2738 3394 2749 3427 :
2784 3379 2861 3429 sic
2891 3387 3067 3456 tamen
3097 3381 3245 3456 quasi
3281 3395 3376 3456 per
3406 3383 3581 3456 ignem
3607 3380 3820 3456 (Ibid)

2239 3449 2374 3513 Quid
2404 3462 2533 3515 ergo
2561 3450 2660 3500 iste
2691 3456 2843 3510 orat,
2873 3450 2961 3515 qui
2995 3465 3098 3502 non
3131 3452 3242 3502 vult
3277 3452 3457 3505 furore
3496 3453 3711 3508 Domini
3743 3449 3824 3507 ar-

2238 3519 2349 3586 gui.
2386 3521 2469 3570 vel
2515 3521 2591 3570 ira
2624 3520 2938 3572 emendari?
2983 3519 3106 3585 quid
3131 3563 3144 3581 ,
3202 3522 3303 3574 nisi
3336 3531 3393 3575 ut
3436 3525 3693 3578 sanetur?
3726 3527 3820 3580 Ubi

2240 3590 2381 3641 enim
2412 3588 2614 3642 sanitas
2643 3600 2743 3651 est,
2774 3605 2870 3643 nec
2903 3606 3047 3645 mors
3077 3592 3359 3646 metuenda
3382 3606 3485 3659 est,
3514 3611 3613 3649 nec
3634 3609 3819 3649 curau-

2243 3662 2311 3735 tis
2360 3672 2452 3713 aut
2502 3659 2736 3713 secantis
2785 3662 2976 3714 medici
3026 3678 3233 3716 manus.
3279 3663 3534 3732 Sequitur
3565 3667 3742 3735 itaque
3770 3678 3821 3722 et

2240 3732 2403 3784 dicnt:

2308 3802 2365 3855 5.
2397 3800 2639 3857 Miserere
2665 3804 2795 3868 mei,
2825 3802 3074 3868 Domine,
3119 3806 3366 3873 quoniam
3403 3807 3640 3874 inﬁrmus
3688 3824 3816 3861 sum.

2242 3872 2420 3926 Multa:
2468 3885 2593 3926 sunt
2639 3875 2978 3928 infirmitates
3020 3872 3215 3929 nostra:
3244 3872 3485 3941 corporis
3517 3887 3571 3930 ιιι
3610 3880 3818 3932 animae.

2242 3943 2372 3996 Nam
2404 3961 2597 4012 corpus
2631 3946 2955 3998 mortalitate
2992 3949 3373 4011 Corruutpitur,
3418 3951 3595 4000 anima
3645 3959 3818 4001 truta-

2242 4015 2477 4069 tionibus
2532 4018 2807 4083 premitur.
2858 4015 3042 4069 Infelix
3113 4016 3273 4069 homo
3329 4020 3509 4071 multis
3567 4022 3819 4072 teutatiu-

2243 4086 2401 4139 uibus
2451 4096 2506 4139 et
2550 4086 2780 4140 miseriis
2830 4087 3095 4153 latigatur.
3129 4089 3229 4152 Qui
3270 4105 3397 4157 ergo
3447 4090 3613 4142 sentit
3666 4093 3819 4143 mise—

2242 4159 2397 4221 riam,
2419 4158 2542 4223 quid
2570 4169 2674 4210 tam
2696 4159 2963 4225 postulare
2982 4157 3164 4221 debet,
3183 4173 3340 4227 quini
3360 4160 3821 4214 misericordiam?

2241 4231 2340 4294 Qm
2374 4232 2539 4283 sentit
2563 4229 2958 4291 inﬁrmitatem,
2990 4230 3115 4296 quid
3151 4241 3256 4282 tam
3284 4230 3593 4284 desiderare
3621 4231 3809 4298 debet,

2240 4316 2400 4367 quam
2443 4299 2767 4352 sanitatem?
2801 4300 2983 4353 Restat
3016 4302 3193 4368 itaque
3223 4310 3280 4353 ut
3307 4302 3451 4354 dicat
3478 4318 3492 4355 :
3531 4300 3678 4356 Sana
3710 4319 3819 4366 me,

2242 4371 2480 4433 Domine,
2513 4372 2753 4440 quoniam
2785 4373 3084 4422 conturbata
3112 4381 3228 4423 sunt
3259 4387 3374 4424 ossa
3403 4388 3531 4425 mea.
3564 4373 3699 4438 Quid
3733 4389 3819 4439 per

2242 4456 2361 4495 ossa
2415 4443 2514 4493 nisi
2562 4442 2756 4493 auiuue
2799 4440 2954 4493 fortia
2982 4441 3375 4509 designantur?
3415 4442 3546 4495 Nam
3592 4460 3658 4498 ne
3702 4457 3818 4496 ossa

2243 4511 2804 4584 carnisintelligeres.
2835 4514 3104 4575 exposuit,
3136 4528 3255 4584 cum
3290 4511 3600 4584 subjuugit:

2318 4582 2373 4635 4.
2406 4583 2471 4635 Et
2502 4586 2674 4634 anima
2705 4599 2815 4633 mea
2845 4584 3044 4635 turbata
3069 4594 3140 4634 est
3167 4583 3334 4635 valde.
3364 4582 3673 4637 Turbautur
3710 4586 3821 4652 qui-

2246 4655 2367 4707 dem
2396 4655 2678 4707 interiores
2707 4668 2897 4705 Settstls
2941 4672 2968 4703 a
3003 4654 3431 4708 consideratione
3476 4653 3677 4722 proprii
3708 4671 3822 4707 rea-

2248 4734 2368 4786 tus,
2420 4726 2534 4794 ipsa
2579 4740 2791 4791 quoque
2837 4725 3045 4777 inlirma
3074 4735 3127 4777 et
3157 4726 3422 4791 peccatrix
3454 4728 3632 4778 anima
3659 4769 3675 4794 ,
3706 4741 3820 4776 cum

2249 4794 2598 4849 solitilitatem
2630 4797 2855 4849 extremi
2879 4797 3141 4847 examinis
3170 4797 3276 4866 28
3303 4797 3588 4863 cogitando
3614 4811 3822 4864 conspi-

2249 4867 2346 4930 cit,
2373 4868 2439 4919 ab
2461 4867 2604 4918 otuni
2635 4866 2888 4918 interiore
2912 4866 3221 4919 fortitudine
3243 4871 3518 4930 destituta,
3540 4870 3600 4920 ἰιι
3633 4877 3822 4921 scmet-
3854 4892 3857 4893 ν

2252 4938 2361 5001 ipsa
2390 4936 2780 4990 contremiseit.
2815 4935 2974 4989 Videt
3000 4938 3140 4990 enim
3175 4938 3247 4991 ibi
3286 4939 3527 4991 damnari
3576 4936 3820 5007 quicqurd

2253 5008 2525 5061 inventum
2559 5009 2718 5061 fuerit
2749 5010 2894 5074 pravi
2921 5011 3121 5075 operis,
3147 5008 3227 5059 vel
3257 5009 3414 5063 Otiosi
3446 5010 3742 5071 sermonis,
3773 5017 3823 5062 et

2250 5078 2470 5142 silentii,
2496 5094 2663 5148 usque
2691 5080 2755 5132 ad
2789 5078 3062 5131 minimam
3086 5080 3487 5147 cogitationem,
3516 5083 3559 5133 si
3585 5097 3688 5131 nou
3720 5083 3822 5130 lue-

2250 5150 2321 5203 rit
2349 5153 2413 5202 ad
2446 5150 2537 5204 Dei
2565 5152 2896 5203 voluntatem
2932 5149 3220 5202 directum.
3249 5151 3381 5203 llinc
3402 5160 3486 5203 est
3516 5166 3677 5203 urens
3707 5165 3822 5202 con-

2248 5223 2495 5286 scientia,
2531 5222 2674 5274 illinc
2702 5220 3004 5274 accusantia
3038 5230 3273 5288 peccata,
3303 5221 3425 5274 inde
3448 5221 3822 5289 tei'reusjusti-

2248 5292 2552 5345 tiazsubtus
2580 5302 2767 5357 patens
2790 5292 3060 5343 horridum
3087 5291 3254 5345 chaos
3276 5292 3488 5352 inferni,
3516 5302 3567 5344 et
3601 5303 3822 5344 tortores
3863 5344 3869 5349 ,

2249 5362 2537 5417 horribiles
2568 5380 2582 5414 :
2612 5364 2840 5430 desuper
2871 5364 3036 5416 iratus
3059 5364 3217 5427 iudex
3242 5402 3257 5423 ,
3285 5363 3413 5425 foris
3447 5364 3639 5416 ardens
3670 5378 3820 5414 muu-
3859 5376 3871 5386 “

2248 5437 2369 5487 dus.
2413 5434 2599 5487 Justus
2643 5433 2731 5485 vix
2790 5434 3118 5495 salvabitur,
3174 5445 3424 5497 peccator
3472 5435 3559 5485 tibi
3621 5433 3819 5501 parebt

2252 5505 2325 5574 ll.
2361 5503 2500 5558 Petr.
2528 5504 2644 5573 4.)?
2672 5506 2893 5573 Plaugat
2925 5505 3115 5557 iterum
3139 5514 3193 5557 et
3221 5514 3421 5573 gemat.
3449 5520 3513 5557 ne
3545 5514 3687 5558 tanta
3716 5513 3818 5554 tor-

2246 5589 2423 5629 menta
2456 5578 2713 5629 incurrat.
2748 5576 2922 5629 'I‘itnet
2960 5576 3261 5641 justitiam?
3284 5585 3491 5643 quazrat
3522 5575 3818 5628 misericor-

2245 5650 2410 5699 d.am.
2430 5645 2544 5699 Non
2567 5649 2723 5699 habet
2741 5648 3108 5700 fortitudinem
3124 5647 3147 5697 ’ἒ
3163 5646 3244 5698 vel
3276 5657 3530 5714 agnoscat
3557 5647 3815 5716 protiriaut

2245 5717 2629 5783 infirmitatem,
2664 5728 2718 5771 et
2746 5717 2889 5770 dicat
2922 5735 2934 5768 :
2967 5716 3214 5771 Miserere
3258 5720 3353 5770 inci
3374 5756 3391 5782 ,
3420 5717 3669 5782 Domine,
3697 5730 3809 5788 quo-

2318 5875 2343 5913 ι’
2380 5878 2522 5931 lianc
2545 5871 2872 5944 Augustinus
2902 5872 3294 5942 expositionem
3322 5888 3425 5928 noa
3460 5874 3663 5944 probat.
