4128 6360
269 431 372 485 675

1316 425 1379 481 IN
1421 422 1729 480 PSALMOS
1769 423 1960 480 LXXV
2003 424 2564 482 COMMENTARIUS.

3452 429 3557 483 674
3610 460 3613 461 ν

269 557 384 601 stus
416 559 514 613 pro
555 541 709 596 nobis
742 549 982 613 mortuus
1025 549 1136 613 est:
1170 547 1371 613 quanto
1404 537 1574 613 magis
1604 552 1748 613 nunc
1772 536 1862 613 ju:
1892 539 1939 595 A
1971 552 2141 606 neque
2191 544 2380 603 virtus,
2433 556 2605 605 neque
2654 522 2881 593 altitudo
2902 585 2915 606 ,
2969 554 3142 609 neque
3197 538 3546 610 profundum,

270 605 484 672 stilicati
514 614 646 667 salvi
691 615 891 667 erimus
923 611 989 665 ab
1038 612 1112 664 ira
1152 605 1246 675 per
1278 612 1447 675 ipsum
1481 607 1659 674 (liam.
1796 608 1811 674 )
1842 607 1864 659 ‘l

270 687 481 742 Iustum
531 686 783 737 auxilium
836 699 1003 737 meum
1034 700 1063 734 a
1096 679 1358 742 Domino,
1410 680 1497 746 qui
1545 680 1709 733 salvos
1741 678 1865 746 facit

273 770 440 813 rectos
470 757 644 809 corde.

350 830 436 883 l2.
480 826 687 881 Deinde
724 834 780 878 ut
811 823 1125 878 Studeamus
1155 820 1397 875 converti
1443 819 1510 873 ad
1543 818 1826 872 Dominum
1848 858 1863 884 ,

276 912 331 956 et
373 914 496 954 esse
543 898 672 951 recti
698 896 881 956 corde.
915 894 1262 949 commendat
1291 891 1445 945 nobis
1471 906 1621 943 suam
1657 891 1865 957 patien-

276 978 438 1033 tiam,
472 979 527 1023 et
577 970 807 1021 minatur
847 967 914 1019 de
950 966 1182 1034 judicio,
1218 963 1482 1034 subdens:
1519 961 1655 1014 Deus
1700 962 1868 1034 judex

276 1032 485 1115 justus,
518 1032 1059 1115 fortis,-et.patieits_,'
1085 1034 1318 1115 nunquid
1357 1033 1596 1115 irascitur
1638 1048 1724 1112 per
1753 1032 1866 1115 sin-

278 1101 428 1184 'gulos
452 1101 561 1163 dies
576 1111 607 1184 ?7
780 1101 1225 1184 Deusjudexilft‘x
1254 1102 1586 1184 Augustino),
1620 1104 1721 1183 nisi
1828 1122 1868 1184 »έ

267 1172 491 1246 ἶιιίηηδ,
523 1172 837 1251 ᾳιιὶῇῖιάἱοίιι
866 1172 1135 1247 ριῖρυιοεῒ
1157 1177 1258 1229 Iste
1283 1172 1497 1251 justus,
1543 1172 1649 1251 quin
1681 1174 1870 1251 reddet

279 1242 574 1322 unicuique
619 1242 916 1304 secundum
942 1242 1121 1315 'Opera
1174 1242 1295 1322 sua
1318 1244 1531 1322 {Mutila
1564 1242 1720 1322 Vl_6.).
1755 1244 1870 1310 Ipse

282 1325 354 1379 [ot
372 1328 438 1378 tis
457 1369 470 1388 ,
488 1317 594 1392 'qui
627 1323 787 1376 etiam
810 1332 1185 1392 persecutores
1210 1317 1424 1392 itttpios,
1448 1332 1568 1392 cum
1587 1317 1655 1368 sit
1677 1324 1864 1392 poten-

283 1386 564 1459 tissimus,
597 1408 694 1459 pro
728 1401 910 1445 nostra
963 1390 1135 1442 salute
1167 1388 1432 1441 toleravit.
1471 1388 1586 1454 Ipse
1625 1386 1864 1459 patiens,

283 1469 374 1537 qui
404 1456 575 1537 etiam
595 1456 740 1532 ipsos
766 1464 857 1537 qui
892 1459 1161 1537 persecuti
1191 1469 1317 1512 sunt
1340 1498 1361 1537 ,_
1401 1473 1505 1509 non
1537 1456 1717 1535 statim
1754 1465 1872 1537 post

285 1527 742 1592 resurrectione-tn
772 1527 835 1586 ad
865 1532 1186 1598 supplicium
1214 1529 1422 1595 rapuit,
1455 1534 1546 1582 sel
1578 1527 1866 1580 sustinuit:

284 1619 341 1662 ut
366 1625 426 1663 se
449 1604 742 1675 aliquando
772 1604 837 1657 ad
865 1601 1091 1656 salutem
1123 1601 1192 1654 ab
1215 1600 1304 1653 illa
1346 1598 1620 1675 impietate
1644 1612 1874 1675 conver-

287 1686 500 1741 terent,
543 1668 606 1731 et
650 1675 824 1728 adhuc
851 1675 1119 1737 sustinet,
1167 1686 1391 1725 servans
1434 1670 1621 1724 ultimo
1670 1668 1873 1736 judicio

288 1751 533 1805 ultimam
568 1752 897 1815 ptenam,et
927 1759 1068 1797 nunc
1097 1756 1265 1811 usque
1299 1742 1533 1815 invitatis
1565 1748 1873 1808 peccatores

287 1822 353 1877 ad
387 1811 756 1890 paenitentiam
789 1814 1004 1890 (Matth.
1116 1824 1164 1866 et
1206 1812 1343 1882 '11.),
1377 1826 1482 1865 nOn
1513 1811 1747 1890 irascens
1768 1825 1874 1890 per

1970 625 2144 677 neque
2189 624 2434 666 creatura
2483 612 2584 664 alia
2624 612 2820 680 poterit
2855 626 2953 664 nos
2983 625 3237 678 separare
3268 627 3294 663 a
3323 618 3549 668 caritate

1972 680 2084 743 Dei,
2113 696 2228 749 qua:
2243 694 2321 735 est
2342 683 2392 735 iit
2415 682 2634 735 Christo
2659 682 2784 736 Jesu
2807 682 3032 736 Domino
3052 694 3237 735 ttOstro
3256 682 3431 750 (liam.
3450 686 3555 750 8.).

1968 751 2060 804 Sic
2091 752 2403 808 ardentibus
2435 752 2657 819 sagittas
2689 768 2813 805 suas
2842 761 3095 820 operatus
3124 765 3226 807 est.
3262 756 3315 806 In
3354 754 3557 810 Grazcis

1968 824 2365 889 exemplaribus
2394 826 2461 875 ita
2496 825 2800 878 invenitur:
2848 824 3073 891 Sagittas
3104 841 3221 877 suas
3253 825 3554 880 ardentibus

1969 905 2212 959 aperatus
2235 904 2348 946 est:
2382 895 2569 947 Latina
2593 905 2769 948 autent
2798 894 3073 963 pleraque,
3105 893 3131 931 ἀ
3161 896 3436 962 Ardentes,
3465 899 3559 952 ha-

1970 963 2120 1043 bent.
2146 964 2253 1043 Sed
2285 965 2398 1043 sive
2432 967 2562 1032 ipsae
2595 967 2803 1031 sagittze
2830 967 3054 1043 ardeant
3078 1008 3090 1027 ,
3116 967 3231 1020 sive
3258 968 3448 1020 ardere
3477 969 3558 1021 fac

1970 1036 2115 1087 ciant
2138 1036 2300 1103 (quod
2328 1037 2505 1105 utique
2530 1053 2633 1088 non
2654 1047 2894 1103 possunt,
2922 1037 3019 1090 nisi
3051 1049 3107 1092 et
3131 1040 3260 1105 ipsm
3283 1039 3554 1105 ardeant),

1972 1108 2176 1179 intrger
2209 1121 2399 1159 sensus
2429 1116 2530 1159 est.
2565 1108 2671 1179 Sed
2720 1109 2845 1179 quia
2900 1123 3001 1160 non
3057 1111 3281 1179 sagittas
3312 1120 3515 1162 tantum
3540 1151 3557 1175 ,

1972 1176 2066 1256 sed
2098 1178 2258 1229 etiam
2288 1180 2601 1256 vasamortis
2624 1177 2756 1231 dicit
2787 1182 2838 1256 i_n
2871 1194 3051 1232 arcum
3087 1176 3367 1256 hominum
3406 1196 3564 1249 para-

1973 1248 2146 1299 viSse:
2181 1248 2349 1312 quairi
2384 1259 2586 1315 potest,
2618 1265 2735 1317 qure
2772 1250 2883 1302 sint
2907 1264 3030 1303 vasa
3060 1249 3288 1304 mortis?
3319 1248 3563 1307 Auferte

1974 1316 2249 1371 heretici?
2284 1322 2409 1371 Nam
2433 1330 2485 1373 et
2518 1320 2615 1381 ip~i
2639 1316 2709 1371 ex
2741 1320 2927 1373 eodem
2961 1337 3121 1380 arcu,
3148 1323 3325 1386 idest,
3355 1338 3414 1375 es
3448 1324 3559 1376 eis-

1973 1387 2096 1441 dem
2142 1389 2434 1456 Scripturis
2466 1391 2515 1441 in
2548 1391 2754 1443 animas
2786 1406 2892 1443 non
2934 1392 3159 1444 caritate
3216 1392 3558 1446 inflamman-

1974 1459 2006 1511 d
2028 1473 2088 1520 ιε.
2108 1461 2213 1540 ,θεά
2238 1475 2444 1540 veneno
2473 1462 2581 1531 39
2612 1462 2950 1540 perimendas
2978 1462 3240 1540 insiliunt.
3268 1464 3420 1540 Quod
3454 1481 3558 1518 non

1974 1533 2260 1611 contingt,
2295 1531 2397 1611 nisi
2446 1549 2540 1611 pro
2596 1531 2836 1611 meritis:
2869 1541 3152 1611 propterea
3185 1535 3382 1611 divinae
3436 1550 3560 1604 pro-

1974 1601 2226 1655 videntia:
2279 1604 2438 1657 etiam
2489 1605 2588 1657 ista
2638 1603 2921 1666 dispositio
2951 1603 3230 1657 tribuendi
3286 1612 3402 1668 est,
3437 1601 3560 1659 ’non

1975 1674 2098 1741 quia
2130 1674 2240 1739 ipsa
2269 1682 2578 1739 peceatores
2608 1673 2753 1736 facit,
2784 1674 2876 1727 sed
2899 1677 3017 1740 quia
3050 1675 3158 1736 ipsa
3186 1676 3418 1737 ordinat,
3440 1694 3560 1729 cum

1978 1747 2341 1813 peccaverint.
2391 1745 2523 1797 Malo
2555 1746 2696 1797 enim
2737 1754 2860 1797 voto
2890 1762 2984 1804 per
3015 1757 3289 1814 peccatum
3325 1749 3561 1807 legentes

1981 1816 2119 1868 male
2144 1825 2406 1882 coguntur
2433 1816 2765 1883 intelligere:
2799 1828 2854 1868 ut
2884 1816 2994 1880 ipsa
3027 1818 3096 1869 sit
3130 1832 3282 1880 pinna
3317 1821 3558 1884 peccati:

289 1881 531 1970 singulos
554 1889 699 1955 dies,
727 1881 825 1969 nec
846 1885 1218 1970 advittdictam
1237 1881 1872 1970 congreganstuittzstros
1913 1910 1960 1970 Β
1987 1881 2419 1970 quornmtamert
2469 1881 2640 1968 morte
2663 1886 2766 1967 lilii
2797 1888 3080 1940 catholicae
3115 1881 3364 1942 Ecclesia:
3392 1932 3405 1955 ,
3448 1900 3537 1941 tun

291 1952 441 2018 suuvs.
472 1962 623 2015 Nunc
659 1952 802 2012 enim
834 1957 1089 2025 patientia
1123 1954 1213 2009 Dei
1245 1954 1311 2006 ad
1344 1953 1710 2020 pmniIentiam
1742 1952 1879 2004 invi-

293 2044 403 2097 tat,
439 2034 631 2086 ultimo
660 2045 787 2082 vero
819 2024 1059 2095 tempore
1088 2025 1344 2097 cnm_sibi
1378 2024 1622 2076 homines
1660 2030 1881 2097 prepter

292 2095 548 2159 duritiam
578 2100 757 2156 cordis
801 2100 915 2161 sui,
950 2099 1033 2153 vel
1063 2095 1258 2151 mentis
1288 2110 1430 2159 sua},
1456 2104 1510 2148 et
1552 2109 1646 2147 cor
1695 2096 1883 2160 imput-

293 2176 469 2230 nitens
499 2172 982 2228 thesaurizaverint
1030 2169 1163 2221 iram
1196 2165 1248 2220 in
1278 2165 1366 2221 die
1390 2168 1483 2219 ira:
1512 2178 1564 2218 et
1594 2165 1704 2234 38
1732 2179 1887 2217 revr-

295 2248 512 2300 lationis
536 2243 665 2313 justi
693 2241 880 2309 judicti
927 2239 1043 2305 Dei,
1078 2241 1210 2293 iram
1237 2252 1389 2290 suam
1430 2241 1709 2291 ostendet:
1745 2234 1884 2287 unde

295 2330 345 2371 et
376 2317 659 2371 subditur:

369 2388 457 2441 13.
507 2384 623 2440 Nisi
652 2382 878 2436 conversi
911 2380 1112 2450 fueritis
1138 2421 1150 2441 ,
1182 2376 1416 2448 gladium
1452 2392 1600 2450 suum
1640 2376 1881 2431 vibrabit.

298 2458 484 2514 Pctest
513 2457 619 2526 (Ea:
666 2448 972 2526 Augustino)
1007 2452 1121 2519 ipse
1165 2453 1325 2526 homo
1366 2456 1393 2484 σι
1436 2448 1743 2526 D_ontitticus
1773 2450 1885 2516 gla-

301 2531 423 2584 dius
478 2520 573 2583 D'ei
628 2520 856 2593 intelligi
887 2520 968 2576 bis
1014 2531 1223 2584 acutus,
1256 2521 1433 2593 idest,
1466 2522 1690 2583 framea,
1722 2535 1883 2589 quant

302 2617 407 2655 non
441 2600 670 2653 vibravit
700 2589 871 2662 primo
901 2596 1131 2647 adventu
1158 2608 1170 2644 :
1205 2589 1300 2645 sed
1330 2602 1579 2659 tanquam
1605 2594 1657 2643 in
1686 2594 1879 2658 vagina

305 2670 625 2726 humilitatis
669 2667 969 2723 abscondit.
1006 2664 1250 2719 tht'abit
1278 2669 1456 2715 autem
1502 2677 1623 2714 cum
1648 2664 1887 2715 secundo

303 2743 544 2798 adventu
582 2741 805 2792 veniens
840 2737 1085 2804 judicare
1110 2736 1255 2787 vivos
1286 2741 1341 2786 et
1372 2742 1614 2804 nturtuos
1639 2734 1691 2784 in
1716 2732 1889 2785 mani-

303 2812 440 2867 festo
486 2811 771 2879 splendore
803 2802 1130 2879 b‘claritatis
1166 2818 1279 2879 suae
1322 2802 1485 2879 jnsds
1531 2804 1642 2879 suis
1676 2804 1885 2879 luiuett,

304 2893 362 2938 et
385 2871 621 2938 ternires
660 2879 834 2947 impiis
855 2876 1158 2932 coruSCabit
1186 2874 1399 2945 (Matth.
1422 2871 1492 2925 24
1512 2884 1556 2925 et
1587 2873 1711 2947 Luc.
1745 2873 1886 2947 21.).

310 2955 440 3009 Nam
475 2955 527 3007 in
557 2954 673 3004 aliis
698 2943 1099 3016 eicmplaribus
1127 2943 1222 3015 pro
1252 2961 1317 3000 eo
1339 2947 1478 3013 quod
1504 2954 1586 3016 est
1609 2984 1623 3009 ,
1654 2943 1888 3015 gladium

307 3043 458 3079 suum
484 3023 697 3077 uibrabit
719 3062 734 3087 ,
768 3024 1016 3089 frameam
1045 3036 1190 3070 suam
1215 3015 1623 3089 splendiﬁcabit,
1658 3019 1887 3089 positum

309 3108 410 3150 est.
444 3097 562 3163 Quo
602 3086 777 3147 verbo
799 3089 1308 3163 cutivetiienti_~sittte
1338 3086 1623 3163 significari
1653 3087 1891 3163 arliitrnr

314 3156 561 3220 ultinmtn
598 3164 893 3218 Dominicm
918 3160 1175 3215 claritatis
1193 3162 1501 3212 adventum.
1539 3156 1605 3209 Et
1642 3158 1765 3225 quia
1791 3156 1891 3211 hoc

309 3239 572 3307 judicium
598 3250 753 3288 suum
788 3238 837 3285 itt
861 3232 1157 3307 Scripturis
1183 3232 1297 3284 suis
1316 3229 1425 3307 jam
1455 3229 1682 3280 lirntavit
1706 3265 1723 3291 ,
1756 3229 1891 3307 bene

687 3283 767 3359 est
1053 3283 1199 3355 suum
1223 3283 1226 3284 ν
1248 3283 1460 3352 tetitndtt
1482 3342 1496 3362 ,
1527 3308 1573 3349 et
1613 3283 1808 3368 paravit
1832 3299 1898 3376 δι-
1922 3283 1969 3346 C

316 3374 445 3432 Iuni.
506 3378 623 3431 Non
678 3376 875 3444 passim
911 3376 1197 3427 Verborum
1251 3383 1490 3444 tempora
1525 3374 1899 3444 praetereunda

319 3459 474 3514 sunt,
503 3449 642 3518 quod
671 3440 906 3515 gladium
936 3446 1002 3518 de
1036 3448 1213 3518 futuro
1244 3440 1648 3518 dixit,_uibrabit
1670 3455 1898 3518 :arcutn

320 3524 389 3575 de
413 3512 711 3587 praeterito,
729 3518 958 3570 tetendit.
984 3516 1189 3571 Deinde
1213 3513 1466 3582 praeteriti
1491 3512 1746 3580 temporis
1767 3525 1901 3565 con-

321 3601 617 3662 sequunt_ur
639 3589 798 3662 verba
826 3606 841 3642 :

398 3652 487 3714 7H.
530 3659 598 3713 Et
646 3661 697 3713 in
738 3660 852 3727 ipso
898 3658 1098 3727 paravit
1139 3652 1260 3709 vaia
1285 3654 1459 3708 mortis
1485 3668 1504 3708 :
1532 3654 1743 3727 sagittas
1782 3668 1905 3708 suas

325 3734 623 3787 ardentibus
668 3724 907 3797 operatus
934 3741 1025 3782 est.
1058 3734 1251 3781 Arcum
1280 3740 1410 3795 ergo
1456 3727 1613 3779 istum
1658 3724 1763 3794 (Ex
1792 3727 1901 3777 Au-

326 3802 560 3874 glutino)
593 3802 903 3874 Scripturas
931 3809 1145 3874 sanctas
1190 3798 1415 3874 libenter
1446 3812 1779 3874 acceperint:
1817 3798 1904 3874 ubi

330 3866 645 3930 iortitudtne
666 3866 787 3925 novi
809 3868 1318 3937 'l‘estatitettti,t]uasi
1342 3884 1506 3920 nervo
1534 3868 1767 3937 qundam
1801 3866 1905 3921 du-

331 3949 451 4000 ritia
486 3949 622 3999 flexa
654 3942 863 3996 Veteris
897 3951 950 3995 et
979 3941 1215 3995 edomita
1242 3951 1344 3993 est.
1377 3939 1509 3991 llinc
1539 3949 1789 4007 lanquant
1822 3954 1909 3991 sa-

332 4020 479 4088 gittut
512 4014 1115 4088 mittuntur_Apostn_li,
1149 4013 1232 4088 vel
1264 4010 1442 4063 divina
1477 4007 1908 4088 praeconiajacu-

333 4082 530 4142 lantur.
557 4085 699 4151 Quas
718 4085 937 4153 sagittas
959 4082 1252 4135 ardentibus
1305 4091 1543 4147 operatus
1610 4091 1705 4143 est,
1738 4082 1905 4153 idest,

337 4170 360 4197 ο
388 4158 479 4230 qui
511 4150 749 4226 percussi
779 4150 960 4207 divino
984 4168 1166 4230 amore
1190 4156 1494 4230 ﬂagrarent.
1513 4152 1790 4230 Qua-cnim
1809 4150 1909 4203 alia

335 4220 531 4300 Sagitta
565 4242 816 4296 percussa
848 4236 951 4300 est,
985 4240 1105 4300 qua;
1135 4225 1189 4300 in
1221 4220 1455 4300 canticis
1480 4221 1587 4286 ait,
1617 4221 1910 4300 Fulnerata

336 4292 688 4367 caritate—ego
718 4312 835 4349 sum
867 4292 1039 4364 (Cant.
1074 4293 1284 4367 4._5.)?
1324 4294 1531 4367 Quibus
1559 4293 1678 4344 aliis
1710 4292 1914 4367 sagittis

338 4362 650 4427 accenditur
670 4408 687 4433 ,
715 4368 804 4437 qui
844 4362 1019 4421 redire
1045 4368 1111 4420 ad
1142 4364 1307 4418 Deum
1339 4365 1582 4437 cupiens,
1608 4375 1663 4417 et
1703 4362 1771 4437 ab
1812 4362 1914 4416 ista

341 4442 550 4512 peregri
566 4434 792 4512 natione
836 4451 1106 4512 remeare,
1128 4437 1399 4512 adversus
1423 4435 1662 4512 dolosas
1687 4434 1916 4512 linguas

338 4505 798 4581 petit'auxilium?
847 4518 901 4581 et
950 4507 1001 4581 ei
1040 4508 1266 4581 dicitur,
1300 4506 1436 4572 Quid
1464 4505 1620 4581 detur
1663 4505 1919 4581 tibilau‘t

336 4572 464 4653 quid
495 4583 780 4651 adjiciatur
811 4580 901 4633 tibi
926 4580 1185 4653 adversus
1208 4579 1440 4645 linguam
1472 4576 1715 4653 dolosam
1741 4572 1915 4642 (Psal.

1987 1971 2145 2026 quam
2174 1958 2489 2024 quihusdam
2535 1957 2707 2023 spinis
2729 1973 2756 2009 a
2789 1974 2981 2011 somno
3030 1960 3368 2025 excitantur,
3400 1970 3451 2011 et
3497 1960 3562 2014 ad

1988 2027 2391 2095 intelligentiam
2449 2029 2847 2094 Scripturarum
2902 2028 3199 2083 divinarum
3259 2032 3562 2098 proliciunt.

1986 2100 2206 2167 Oportet
2228 2100 2368 2151 enim
2397 2100 2615 2169 (inquit)
2643 2114 2693 2152 et
2719 2100 2950 2152 haereses
2966 2115 3107 2161 esse,
3136 2109 3193 2153 ut
3219 2102 3423 2167 probati
3453 2117 3566 2155 ma-

1989 2170 2170 2224 n2festi
2203 2172 2329 2222 fiant
2354 2171 2491 2222 inter
2522 2186 2648 2236 vos,
2682 2174 2783 2223 hoc
2809 2182 2912 2231 εει,
2952 2171 3091 2224 inter
3126 2170 3364 2225 homines
3386 2216 3400 2238 ,
3440 2188 3561 2226 cum

1988 2240 2255 2294 manifesti
2306 2249 2430 2293 sunt
2464 2242 2572 2294 Deo
2622 2243 2700 2310 (Ι.
2744 2240 2865 2295 Cor.
2899 2241 3036 2308 1L).
3067 2244 3144 2293 Att
3181 2242 3316 2295 forte
3346 2246 3566 2296 easdem

1987 2313 2209 2435 sagittas
2243 2323 2295 2364 et
2326 2325 2451 2363 vasa
2497 2315 2683 2365 mortis
2711 2313 2974 2379 diSptisuit
3008 2312 3073 2365 ad
3121 2315 3410 2380 perniciem
3443 2315 3561 2366 inti.

1987 2386 2053 2435 de
2080 2388 2183 2434 ium
2204 2422 2217 2435 .
2251 2392 2303 2435 et
2324 2383 2558 2435 ardentes
2580 2425 2592 2435 .
2619 2384 2701 2435 vel
2733 2384 3026 2435 ardentibus
3067 2394 3318 2435 oneratus
3362 2395 3464 2435 est.
3496 2383 3561 2435 ad

1987 2383 2183 2436 delium
2204 2422 2217 2445 ,
2251 2392 2303 2435 et
2324 2383 2558 2435 ardentes
2580 2425 2592 2444 ,
2619 2384 2701 2435 vel
2733 2384 3026 2436 ardentibus
3067 2394 3318 2450 operatus
3362 2395 3464 2448 est,
3496 2383 3562 2437 ad

1988 2453 2430 2524 exercitationettt
2461 2453 2731 2506 ﬁdelium?
2756 2456 2868 2508 Non
2897 2455 3038 2507 enim
3068 2452 3260 2507 falsum
3291 2466 3393 2518 estI
3418 2454 3560 2524 quod

1988 2523 2276 2592 Aposmlns
2324 2523 2477 2590 dixit,
2533 2526 2668 2577 Aliis
2718 2525 3061 2578 sumuSudor
3103 2525 3223 2578 vita:
3266 2526 3317 2577 in
3368 2523 3566 2589 vitam,

1988 2598 2108 2650 aliis
2130 2597 2265 2647 odor
2294 2595 2481 2647 mortis
2508 2594 2561 2647 itt
2612 2606 2839 2649 mortem
2871 2598 2945 2663 (2.
2977 2594 3095 2648 Cor.
3142 2596 3243 2665 2.).
3275 2595 3390 2649 Non
3439 2611 3570 2666 ergo

1989 2669 2185 2721 tnirnm
2216 2667 2259 2719 si
2289 2666 2447 2720 iidem
2480 2668 2719 2734 Apostoli
2751 2678 2803 2721 et
2835 2682 2957 2720 vasa
2996 2670 3182 2720 mortis
3213 2680 3333 2721 sunt
3363 2676 3386 2703 θ
3411 2667 3513 2732 eis,
3536 2684 3565 2719 a

1988 2742 2182 2808 quibus
2208 2737 2633 2803 per-ecutionem
2661 2738 2797 2803 passi
2822 2747 2968 2802 sunt,
2995 2748 3048 2792 et
3070 2742 3239 2805 igneae
3260 2738 3470 2807 sagitta}
3497 2738 3564 2792 ad

1990 2808 2369 2864 inﬂammanda
2394 2808 2553 2860 corda
2573 2808 2925 2862 credentium.

2066 2883 2151 2934 15.
2200 2884 2321 2931 l’nst
2366 2878 2502 2932 hunc
2542 2889 2720 2931 autem
2753 2880 3201 2947 dispensationem
3253 2877 3363 2947 (Ex
3391 2881 3570 2950 Augu-

1989 2954 2146 3015 stino)
2176 2950 2378 3019 justum
2414 2950 2590 3002 veniet
2616 2950 2896 3017 judicium,
2949 2950 3017 3003 de
3061 2966 3168 3019 quo
3210 2950 3280 3004 ita
3311 2952 3476 3013 dicit,
3513 2959 3574 3004 ut

1991 3023 2353 3089 intelligamus
2400 3020 2688 3088 unicuique
2740 3020 2942 3074 homini
2971 3021 3290 3087 suppiicium
3342 3021 3453 3075 fieri
3497 3022 3567 3075 de

1994 3105 2214 3164 peccato
2236 3107 2353 3157 suo,
2377 3100 2440 3164 fit
2463 3092 2580 3157 ejus
2611 3091 2946 3159 iniquitatem
2978 3092 3031 3144 itt
3056 3106 3268 3164 pinnam
3293 3096 3564 3147 converti:

1994 3160 2062 3219 ite
2094 3173 2341 3232 putemus
2376 3160 2519 3214 illaut
2545 3163 2980 3230 tranquillitatem
3013 3160 3067 3216 et
3096 3162 3367 3217 ineffabile
3392 3168 3567 3216 lumen

2005 3235 2098 3289 Dei
2137 3235 2204 3286 de
2250 3249 2308 3285 se
2340 3233 2582 3300 proferre
2636 3234 2776 3287 unde
2830 3242 3046 3300 peccata
3105 3244 3426 3299 puniantur,
3477 3233 3573 3286 sed

2005 3307 2119 3370 ipsa
2168 3311 2383 3373 peccata
2431 3304 2510 3357 sic
2556 3302 2789 3357 ordinari
2812 3344 2826 3366 ,
2863 3314 2919 3357 ut
2957 3318 3075 3370 qua:
3108 3305 3300 3355 fuerint
3336 3304 3577 3356 delecta-

2007 3387 2186 3431 menta
2233 3374 2432 3427 homini
2482 3376 2718 3441 peccanti
2744 3417 2757 3434 ,
2800 3376 2907 3427 sint
2948 3376 3304 3427 instrumenta
3339 3374 3448 3427 Deo
3481 3390 3578 3441 pu-

2007 3448 2197 3502 nienti.
2234 3445 2363 3498 Ecce
2403 3445 2614 3517 (tnquit)
2645 3446 2863 3515 parturit
2896 3447 3225 3517 injustttiam.
3260 3445 3407 3517 QUIli,
3433 3446 3579 3499 enim

2006 3527 2349 3584 conceperat,
2383 3514 2441 3568 ut
2483 3516 2798 3582 injustitiam
2840 3514 3161 3584 parturiret?
3193 3514 3430 3584 Concepit
3462 3517 3581 3583 (in-

2007 3591 2141 3659 quit)
2174 3585 2432 3651 dolorem,
2464 3598 2509 3640 et
2541 3590 2736 3659 peperit
2757 3587 3097 3654 iniquitatem.
3133 3586 3248 3641 Non
3289 3589 3388 3640 hoc
3419 3602 3583 3659 Pepr

2007 3657 2285 3730 rit,‘qnod
2337 3660 2601 3730 concepit.
2628 3658 2742 3711 Non
2772 3662 2916 3712 enim
2973 3661 3072 3712 hoc
3121 3660 3386 3724 nascitur,
3442 3657 3585 3730 quod

2008 3728 2344 3795 concipitur:
2396 3728 2488 3782 sed
2522 3730 2822 3795 concipitur
2865 3744 3050 3784 semen
3072 3771 3087 3793 ,
3141 3733 3412 3793 nascitur,
3446 3729 3589 3798 quod

2006 3806 2273 3860 formatur
2302 3816 2366 3854 ex
2398 3800 2626 3854 semine.
2669 3801 2863 3855 Semen
2890 3843 2905 3867 ,
2953 3803 3092 3870 quod
3137 3802 3439 3869 concipitur
3461 3840 3478 3865 ,
3510 3811 3593 3853 est

2009 3876 2257 3929 voluntas
2288 3873 2425 3925 tnala
2452 3888 2465 3924 :
2502 3870 2710 3925 fructus
2734 3888 2861 3926 vero
2883 3910 2899 3937 ,
2932 3874 3019 3939 qui
3045 3874 3303 3936 nascitur,
3336 3880 3420 3923 est
3449 3873 3592 3925 actio

2012 3959 2284 4015 perversa.
2317 3942 2476 4015 Prius
2503 3944 2700 4010 quippe
2733 3945 2870 3995 mala
2906 3947 3188 4015 voluntas,
3220 3954 3473 4011 tanquam
3508 3957 3594 4015 se-

2012 4013 2134 4071 inen
2164 4018 2214 4069 in
2246 4014 2410 4068 corde
2441 4017 2697 4075 nascitur,
2747 4016 2841 4068 se-l
2887 4013 3081 4067 deinde
3130 4030 3197 4067 ex
3241 4015 3343 4065 hoc
3388 4013 3597 4067 semine

2013 4086 2256 4156 Operatio
2305 4084 2505 4156 injusta
2533 4124 2547 4144 ,
2602 4085 2717 4137 sive
2768 4087 2909 4156 quod
2939 4084 3196 4156 _amplius
3226 4094 3340 4145 est,
3379 4082 3593 4156 iniqua,

2015 4153 2268 4226 tanquam
2297 4154 2502 4208 fructus
2528 4164 2839 4226 generatur.
2877 4153 3139 4226 lnjttstitia
3162 4163 3247 4206 est
3272 4156 3372 4206 hoc
3400 4191 3416 4217 ,
3450 4153 3596 4226 quod

2016 4223 2291 4296 ain—stitia:
2340 4227 2523 4292 regula
2586 4224 2879 4296 discordat.
2934 4223 3413 4296 Iniquitasvero,
3455 4225 3600 4291 quod

2018 4293 2181 4367 ipsius
2205 4295 2429 4365 justitia:
2463 4295 2842 4349 rectitudinem
2883 4305 3173 4367 Oppugnat.
3205 4293 3437 4362 lnjustus
3465 4301 3549 4348 est
3575 4334 3592 4367 ,

2016 4364 2108 4439 qui
2132 4364 2352 4437 justitia:
2378 4375 2640 4439 [incoepta
2658 4382 2771 4439 non
2801 4364 3067 4439 custodit:
3105 4365 3321 4439 iniquus
3352 4372 3436 4417 est
3457 4405 3473 4430 ,
3505 4366 3599 4434 qui

2019 4434 2219 4508 iniquis
2241 4437 2495 4506 operibus
2518 4435 2801 4489 Dominum
2831 4434 3077 4489 offendit.
3114 4435 3256 4490 Bene
3278 4445 3456 4508 autem
3489 4450 3596 4508 non

2019 4505 2219 4566 dicium
2264 4505 2376 4574 est,
2431 4509 2759 4576 perpetravit
2815 4508 3172 4575 iniquitatem,
3222 4505 3317 4560 sed
3364 4507 3602 4575 peperit:

2023 4583 2149 4650 quia
2196 4583 2335 4633 sicut
2376 4579 2427 4631 iu
2470 4589 2625 4646 partu
2676 4577 2830 4631 dolor
2858 4588 2914 4632 et
2960 4579 3110 4631 labor
3133 4586 3222 4650 est
3252 4579 3485 4650 anxius,
3530 4580 3599 4630 ita

342 4646 530 4724 “9.)?
562 4646 781 4722 Sagitta:
814 4652 1044 4724 potentis
1093 4660 1295 4713 inculte,
1328 4664 1448 4701 cum
1480 4646 1802 4724 carbonibus
1833 4662 1892 4697 va

1999 4683 2001 4706 ι
2030 4646 2264 4723 perversi
2298 4650 2494 4724 quique
2527 4650 2789 4724 laborant,
2826 4660 2985 4718 atque
3021 4649 3180 4724 anxie
3214 4648 3507 4724 anhelant,
3541 4658 3599 4724 ut

340 4716 576 4779 statoriis
603 4716 789 4777 :idest
812 4716 827 4785 ξ
852 4722 1044 4790 quibus
1067 4734 1353 4788 percuSsus
1371 4728 1532 4783 atque
1560 4716 1919 4770 inflammatus

339 4806 485 4850 tanto
514 4810 701 4847 amore
750 4796 938 4845 ardeas
967 4790 1120 4858 regni
1164 4792 1441 4853 caelorum,
1478 4800 1533 4839 ut
1560 4802 1800 4841 omnium
1829 4803 1917 4841 re-

337 4868 675 4928 sistentium,
709 4874 870 4931 atque
923 4880 952 4916 a
1010 4862 1281 4929 prUpOsito
1336 4873 1589 4913 revocare
1629 4860 1920 4931 volentium

340 4937 549 5006 linguas
571 4930 908 4999 contenmas,
934 4944 987 4987 et
1008 4930 1419 5001 persecutiotns
1441 4945 1624 5006 eorum
1648 4930 1920 5006 derideas,

338 5000 554 5061 dicéns:
589 5006 719 5073 Quis
750 5022 834 5058 me
860 5000 1129 5073 separabit
1169 5018 1199 5055 a
1231 5011 1457 5056 caritate
1482 5000 1717 5053 Christi?
1748 5000 1922 5053 tribu-

338 5079 468 5132 latio
489 5119 505 5144 ,
536 5090 606 5130 an
634 5076 877 5143 angu~tia
900 5115 917 5140 ,
947 5091 1015 5127 an
1047 5082 1370 5141 persecutio.
1402 5088 1467 5144 tiu
1500 5073 1693 5136 fames,
1724 5088 1789 5125 an
1824 5087 1923 5144 nu-

339 5142 502 5213 ditas,
538 5164 606 5202 an
639 5142 959 5216 periculum,
999 5161 1065 5198 ait
1097 5143 1350 5213 gladius?
1378 5142 1570 5196 Certus
1601 5158 1718 5194 sum
1750 5143 1919 5216 enim,

341 5212 533 5288 inquit,
566 5212 687 5286 quia
721 5232 895 5285 neque
924 5212 1304 5284 tttors,ineque
1332 5217 1437 5267 vita
1460 5254 1474 5278 ,
1508 5228 1681 5282 neque
1720 5212 1921 5288 angeli,

341 5287 519 5360 neque
545 5292 907 5359 principatus,
949 5301 1123 5356 neque
1145 5288 1452 5355 praesentia,
1503 5299 1675 5353 neque
1706 5287 1922 5349 futura,

418 5437 443 5466 -‘|
483 5426 758 5482 Christum
790 5426 1045 5479 hominem
1075 5422 1404 5478 Dominicum
1442 5421 1622 5477 dicere
1650 5437 1717 5477 ex
1749 5425 1929 5491 Augu-

344 5500 471 5554 5tini
500 5515 613 5561 ore,
650 5498 843 5567 refugit
882 5499 1073 5550 Noster
1104 5496 1155 5549 itt
1191 5500 1228 5546 Ι.
1260 5496 1399 5548 Psal.
1433 5494 1620 5567 initio,
1652 5494 1794 5563 quod
1827 5496 1929 5567 hoc

346 5585 543 5638 nempe
585 5569 748 5623 sciret
776 5564 844 5621 ab
874 5583 938 5620 eo
971 5567 1310 5636 postmodum
1343 5566 1436 5638 lib.
1474 5568 1510 5617 Ι.
1548 5564 1788 5619 Hetract.
1837 5565 1926 5638 ω.

348 5636 727 5709 improbatum.
774 5644 945 5706 Atque
993 5638 1044 5691 id
1093 5650 1271 5709 tanien
1304 5637 1677 5709 ibiplOpOSllO
1707 5636 1927 5703 exposi-

350 5706 507 5764 tionis
538 5725 649 5762 sua:
680 5712 975 5762 intererat:
1011 5709 1129 5762 beic
1154 5706 1323 5760 ferme
1347 5708 1496 5759 nihil.

421 5780 450 5819 δ
492 5780 908 5835 Etuendavimus
936 5794 998 5832 ex
1034 5780 1346 5845 Augusuuo,
1382 5793 1539 5844 quem
1572 5778 1764 5832 Noster
1802 5790 1932 5831 con-

354 5854 501 5908 tinuo
531 5851 806 5904 describit.
842 5854 1007 5902 Antea
1049 5858 1168 5900 erat
1207 5846 1501 5900 Charttatis.

428 5933 450 5960 ε
492 5922 650 5991 Apud
694 5922 951 5989 Anguem,
982 5920 1167 5988 quibus
1212 5919 1469 5987 percussi,
1502 5928 1608 5972 etc.

2030 4719 2252 4784 malum,
2284 4722 2425 4791 quod
2470 4720 2520 4772 in
2552 4721 2715 4774 corde
2758 4722 3130 4787 conceperint,
3161 4720 3226 4770 ad
3273 4719 3605 4791 operationis

2029 4795 2231 4850 exitum
2259 4793 2552 4860 perducere
2581 4790 2804 4857 possint.
2830 4791 2998 4845 Recte
3020 4806 3233 4858 quoque
3257 4805 3361 4843 non
3384 4790 3601 4852 dicitur.

2029 4864 2275 4932 concepit
2301 4863 2494 4915 malam
2524 4864 2876 4929 voluntatem,
2903 4863 2996 4916 sed
3020 4862 3248 4915 dolorem
3266 4875 3287 4914 :
3308 4863 3432 4929 quia
3464 4863 3606 4915 mala

2030 4938 2275 4991 voluntas
2323 4935 2439 5002 ipsa
2490 4947 2549 4986 se
2598 4943 2841 5002 torquet,
2875 4936 2987 5003 ipsa
3019 4936 3098 4986 sui
3145 4932 3467 5002 supplicium
3500 4944 3606 4987 eat.

2029 5011 2158 5077 Agit
2205 5005 2350 5060 enim
2401 5004 2743 5074 omnipotens
2783 5004 2921 5058 Deus
2958 5004 3161 5072 judicio
3208 5019 3307 5077 suo
3356 5016 3507 5059 recto
3557 5013 3611 5057 et

2032 5072 2207 5143 miro,
2241 5085 2298 5130 ut
2324 5078 2522 5140 anima,
2549 5072 2667 5145 Qua:
2693 5079 3034 5146 peccaverit,
3073 5077 3187 5143 ipsa
3209 5072 3461 5146 'seipsam
3508 5089 3607 5142 pu-

2027 5152 2139 5204 niat
2186 5151 2254 5203 de
2308 5156 2527 5218 peccato
2577 5145 2718 5218 ipso,
2752 5148 2895 5217 quod
2942 5154 3241 5217 perpetrat.
3271 5145 3420 5200 Unde
3467 5155 3614 5199 recte

2026 5220 2395 5291 subjnugitur:

2106 5283 2189 5346 l'ti.
2227 5283 2425 5345 Lucum
2470 5291 2693 5361 aperuit,
2740 5301 2788 5345 et
2842 5289 3020 5356 e/fodit
3070 5304 3215 5355 eum,
3269 5294 3317 5339 et
3351 5283 3534 5337 incidit
3569 5284 3621 5336 iu

2103 5428 2129 5469 δ
2172 5428 2487 5501 Hujusmodi
2539 5428 2707 5501 fertur
2734 5427 3069 5501 Carnutense
3121 5419 3439 5501 Psalterium
3468 5457 3484 5483 ,
3519 5431 3614 5501 seu

2034 5513 2188 5558 vetus
2215 5488 2422 5567 versio,
2454 5514 2573 5568 qua:
2614 5497 2923 5552 inscribitur
2950 5494 3228 5568 secundum
3253 5488 3525 5568 Qrwcum,
3562 5498 3620 5568 et

2035 5576 2245 5628 tertiam
2288 5560 2593 5628 columnam
2638 5576 2867 5633 occupat
2899 5569 2947 5615 in
2982 5564 3038 5617 S.
3074 5563 3212 5615 Petri
3256 5560 3614 5633 ,Carnutertsis

2036 5645 2292 5699 l’salterio
2318 5642 2545 5710 triplici,
2580 5628 2801 5710 primam
2831 5635 3104 5688 obtinente
3128 5631 3375 5710 versicne
3397 5644 3467 5710 ex
3502 5628 3613 5682 He-

2034 5698 2199 5779 braeo,
2225 5698 2455 5767 media'm
2488 5698 2728 5779 Vulgata.
2761 5704 3027 5779 Caeterum
3055 5716 3162 5755 non
3187 5701 3253 5754 de
3278 5715 3375 5779 suo
3398 5698 3614 5761 Noster,

2034 5787 2128 5839 sed
2160 5771 2223 5838 ex
2257 5780 2553 5850 Augustino
2590 5771 2654 5829 'id
2686 5778 2859 5850 ipsum
2892 5783 2947 5826 ut
2978 5775 3232 5843 pleraque
3259 5771 3364 5825 alia
3411 5780 3622 5825 narrat.

2111 5865 2132 5891 ε
2177 5856 2325 5923 Apud
2343 5847 2635 5918 Augustin.
2658 5887 2672 5914 ,
2704 5848 2753 5897 iit
2782 5847 2871 5898 cis.
