4128 6360
602 339 705 396 679

1649 334 1901 392 RUFINO
1939 330 2394 402 PRESBYTERO
2433 334 2808 394 ASCRlPTUS

3779 338 3881 396 630

603 459 799 513 retinet
820 454 954 522 Sibi,
985 454 1079 509 sed
1106 463 1273 510 totum
1295 452 1545 523 expendit
1577 452 1626 506 in
1662 453 1870 507 laudern
1907 451 2183 506 Dei.Tan-
2211 454 2259 511 Α
2292 452 2410 507 Cor.
2438 452 2539 523 Et).
2568 454 2685 520 Ipse
2718 455 2768 507 in
2798 454 3035 517 Clit-No,
3061 462 3309 521 tanquam
3343 453 3393 507 iit
3428 452 3626 508 throno
3666 467 3782 515 suo.
3804 457 3882 524 jn-

606 542 718 583 tititi
754 528 894 582 Deus
926 527 1124 580 laudari
1174 527 1366 588 debet,
1400 536 1656 594 quantum
1709 535 1762 577 et
1808 524 1981 593 diligi.
2036 525 2187 577 Sicut

609 616 738 670 ergo
766 599 1071 670 diligendus
1100 608 1270 670 estex
1291 595 1606 670 totocorde
1628 637 1641 658 ,
1673 604 1783 670 tota
1819 597 1992 670 anima
2013 639 2028 660 ,
2062 595 2188 670 totis

607 665 807 725 viribus
832 665 1009 738 (Deut.
1044 665 1106 731 6;
1142 667 1331 738 Matth.
1373 666 1467 728 22;
1512 666 1647 738 Luc.
1684 665 1792 731 l0.)
1819 665 1943 738 {sic
1969 674 2023 718 et
2071 666 2187 738 lau-

610 742 814 796 dandus
840 736 941 793 est.
977 740 1037 791 Et
1080 738 1219 791 sicut
1248 736 1387 790 nulla
1416 737 1710 800 tribulatio,
1748 736 1889 788 nulla
1917 736 2184 804 angustia,

606 815 749 868 nulla
795 820 1039 865 creatura
1090 809 1249 861 debet
1298 824 1393 861 nos
1443 820 1695 871 separare
1741 822 1767 859 a
1815 806 2039 859 caritate
2096 807 2186 859 Dei

612 884 783 953 (llam.
818 880 1041 953 8.):Uita
1074 894 1171 933 nec
1197 894 1228 953 ιι
1264 880 1417 953 laude
1468 878 1867 953 Deif‘Quitali‘s
1894 888 2011 953 est,
2060 876 2186 929 ido-

606 947 744 1010 neus
792 947 888 1006 esti
923 951 1136 1005 dicere:
1183 950 1472 1009 Con/itebor
1516 948 1640 1010 tibi,
1696 947 1943 1011 Domine,
1984 949 2036 1000 in
2087 957 2190 1001 toto

609 1027 760 1079 corde
790 1038 919 1076 meo.
962 1022 1066 1075 Sed
1089 1022 1131 1073 si
1159 1020 1451 1073 laudandus
1475 1034 1550 1073 est
1591 1020 1847 1071 Domitius
1874 1061 1888 1082 ,
1923 1034 2101 1071 nonne
2135 1030 2188 1073 et

612 1093 1018 1162 prietlicandus?
1061 1091 1183 1145 Ideo
1214 1091 1556 1159 subjunctuin
1588 1102 1691 1151 est,
1732 1089 1971 1162 Narrabo
2018 1092 2191 1162 omnia

607 1164 863 1219 mirabilia
906 1172 1012 1219 tua.
1042 1163 1231 1216 Omnia
1260 1164 1476 1231 quidem
1512 1172 1616 1213 tam
1650 1161 1880 1215 visiliilia
1921 1176 2079 1229 quam
2114 1161 2192 1213 in-

608 1235 867 1300 visibilia,
902 1245 1007 1287 tam
1064 1235 1361 1301 Spiriiualia
1393 1249 1550 1298 quam
1605 1231 1899 1299 corporalia
1926 1271 1939 1295 ,
1982 1240 2088 1283 tam
2130 1246 2190 1284 ca

602 1322 722 1375 qua:
750 1310 889 1360 circa
935 1319 1132 1373 corpus
1171 1304 1454 1375 visibiliter
1479 1302 1609 1355 facis
1640 1303 1706 1356 ad
1753 1303 2091 1375 nutriendum
2127 1302 2191 1375 li-

603 1372 746 1441 dem,
778 1393 934 1446 quani
966 1388 1029 1429 ea
1056 1392 1175 1443 quin
1204 1374 1546 1428 invisibiliter
1596 1374 1737 1427 circa
1793 1373 2025 1425 animant
2070 1372 2185 1439 agis

603 1450 667 1503 ad
726 1445 1027 1499 tlnitandant
1083 1456 1335 1499 :eterttatii
1381 1445 1629 1497 salutem.
1685 1446 1859 1509 Quare
1909 1454 2192 1497 narrantur

605 1519 869 1573 mirabilia
902 1516 1027 1570 Dei?
1070 1517 1136 1570 Ut
1164 1532 1229 1570 ex
1276 1514 1578 1582 operibus,(
1607 1515 1754 1567 Rom.
1808 1512 1901 1579 1.)
1934 1529 2191 1582 agnosca-

606 1606 724 1644 mus
750 1588 856 1660 45
908 1597 1213 1660 auctorem.
1247 1602 1311 1641 ex
1356 1585 1690 1660 mirabilibus
1729 1584 2057 1660 admirentur
2088 1585 2189 1637 itii-

609 1656 863 1715 rabileiti:
898 1668 950 1712 et
971 1658 1040 1712 ita
1066 1658 1370 1711 excitemur
1391 1656 1455 1709 ad
1480 1657 1907 1715 cognoscendum
1934 1664 1989 1707 et
2008 1670 2193 1707 antan-

608 1733 734 1785 dum
770 1730 1071 1782 Domitium.
1112 1728 1177 1781 Et
1203 1730 1269 1780 ita
1314 1727 1597 1780 conteintis
1630 1725 1957 1791 temporibus
1986 1766 1999 1788 ,
2040 1742 2117 1793 sp.
2140 1743 2189 1778 tit

610 1811 849 1856 nostram
891 1812 943 1853 et
975 1799 1221 1867 gaudium
1256 1808 1494 1851 nostrum
1524 1798 1912 1850 Constituamus
1945 1797 1996 1849 in
2030 1797 2144 1866 ipso

608 1874 747 1927 sicut
775 1876 874 1924 iste
906 1866 995 1923 vir
1016 1879 1230 1924 sanctus
1252 1913 1265 1931 ,
1298 1869 1386 1939 qui
1418 1866 1695 1922 subdeiido
1718 1878 1791 1919 ait
1818 1886 1829 1919 :

674 1943 726 1996 ’5.
762 1942 994 1994 Lretabor
1034 1952 1081 1994 et
1115 1940 1351 1993 exultabit
1394 1942 1445 1992 in
1490 1951 1556 2005 te,
1590 1939 1808 2007 psallunt
1840 1939 2035 1990 nom‘ni
2068 1949 2179 2006 tuo,

608 2015 886 2069 Altissinie.
913 2013 1154 2064 Lmtabor
1177 2012 1394 2079 (inquit)
1430 2012 1478 2063 in
1513 2019 1588 2072 te,
1613 2027 1716 2063 itoti
1752 2012 1801 2062 iti
1837 2012 2189 2073 szcculo,tton

606 2086 659 2139 iit
684 2085 1132 2149 CUIICUpiSt‘t‘ltliiS
1161 2084 1359 2144 carnis,
1380 2098 1483 2134 non
1516 2083 1566 2133 in
1597 2081 1958 2149 Voluptatibus
1985 2082 2185 2146 ttiiittdi,

605 2158 745 2221 quod
779 2166 856 2208 est
885 2154 1133 2207 vanitas:
1169 2154 1259 2206 sed
1296 2153 1346 2205 in
1382 2164 1431 2206 te
1463 2154 1550 2220 qni
1592 2167 1650 2206 es
1683 2154 1900 2206 veritas.
1924 2150 2187 2206 Gaudium

606 2226 763 2296 ltujus
809 2225 975 2279 seculi
1019 2224 1083 2277 ad
1133 2222 1855 2296 interitumducitA(Eceles.
1903 2223 2012 2287 1.),
2046 2224 2190 2296 (sicut

605 2293 862 2365 scriptum
905 2306 1005 2363 est,
1042 2296 1130 2348 Vae
1165 2295 1314 2349 vobis
1345 2294 1433 2362 qui
1468 2293 1651 2347 ridetis
1682 2299 1997 2365 ιιυιιεμαιιιει
2044 2294 2191 2365 lnge-

604 2364 729 2422 bitis
770 2367 919 2436 (Luc.
953 2370 1054 2434 6.).
1086 2366 1349 2419 Gaudium
1397 2380 1527 2417 vero
1570 2367 1709 2433 quod
1754 2366 1804 2418 iu
1856 2364 1961 2416 Deo
2002 2374 2104 2436 est.
2138 2368 2187 2420 iit

605 2441 701 2493 hac
733 2434 943 2508 quidem
978 2440 1083 2489 vita
1121 2439 1364 2508 inclinat,
1396 2435 1489 2489 sed
1520 2436 1568 2487 in
1599 2446 1857 2508 aeternum
1874 2434 2139 2508 perdurat
2174 2454 2189 2491 :

603 2504 899 2575 sicut-ipse
941 2507 1199 2561 Dominus
1239 2507 1518 2570 discipulis
1557 2507 1668 2559 sitis
1716 2505 1790 2558 ait
1822 2524 1834 2557 :
1870 2504 2064 2558 lterum
2096 2522 2191 2561 au-

607 2590 712 2633 tem
739 2581 932 2632 videbo
959 2593 1073 2639 vos,
1101 2589 1154 2629 et
1185 2578 1433 2642 gaudebit
1459 2592 1553 2629 cor
1580 2587 1840 2637 vestrum,
1864 2584 1915 2628 et
1941 2577 2189 2644 gaudium

610 2662 838 2703 vestrum
865 2665 1023 2702 nemo
1045 2650 1195 2701 tollet
1226 2662 1252 2696 a
1280 2648 1430 2700 vobis
1461 2645 1638 2711 (Joun.
1662 2646 1795 2713 ’16.).
1826 2648 1887 2700 Et
1910 2648 2188 2704 sciendum

608 2722 725 2785 quia
762 2720 938 2773 ltetitizt
972 2721 1035 2771 ad
1064 2726 1295 2771 utentem
1331 2722 1410 2784 pet
1429 2717 1583 2783 tinet,
1604 2720 1856 2771 exultatio
1880 2718 1944 2769 ad
1969 2734 2188 2786 corpus,

611 2792 851 2844 l‘salmus
879 2791 945 2843 ad
972 2791 1163 2843 bonam
1184 2788 1402 2860 (operati
1427 2805 1583 2841 ιιιοιιι.
1605 2790 1684 2842 Sit
1712 2796 1847 2856 ergo
1872 2790 2048 2843 lectitia
2082 2791 2190 2860 Spi-

611 2862 813 2916 rititalis
845 2863 1128 2925 intuente,
1152 2858 1221 2911 sit
1243 2867 1423 2912 sancta
1457 2859 1691 2912 hilaritas
1725 2864 1773 2912 iit
1801 2875 2045 2927 corpore,
2064 2858 2192 2916 cun-

612 2934 791 2986 cordet
816 2933 996 2985 divina
1021 2932 1134 2983 laus
1163 2946 1282 2982 cum
1316 2931 1450 2982 bona
1480 2932 1811 2997 operatione,
1839 2942 1891 2984 et
1917 2930 2190 3000 impletur,

611 3005 751 3072 quod
792 3002 1011 3065 dicitur,
1048 3002 1282 3055 Ltetabor
1310 3009 1358 3055 et
1386 3002 1625 3054 exultabo
1654 3002 1704 3053 in
1737 3013 1812 3070 te,
1848 3002 2068 3072 pdillani
2100 3020 2193 3057 no-

608 3075 733 3127 mini
761 3083 867 3139 tua,
894 3074 1168 3126 Altissitne.

678 3148 729 3198 4.
756 3143 819 3197 In
846 3144 1179 3198 convertenda
1207 3143 1468 3199 inimicum
1496 3158 1662 3195 meum
1691 3153 1967 3196 retrorsum
1993 3160 2012 3197 :
2036 3143 2190 3213 Inﬁr-

2169 1840 2184 1865 ’
2224 1843 2266 1901 Β

2293 524 2505 577 dicabat
2542 525 2758 579 .Iudatos
2801 526 3102 590 judicanles
3139 525 3432 579 Christum.
3459 525 3535 578 Illi
3576 524 3879 593 judicabant

2293 593 2598 657 manifeste,
2636 596 2724 651 ille
2754 598 2982 650 occulte.
3014 598 3347 663 Deprehensi
3379 594 3489 719 φ
3519 608 3669 657 sunt.
3696 612 3881 650 secun-

2293 665 2420 716 dum
2444 668 2584 719 uuod
2619 668 2732 719 inse
2762 668 3017 719 Dominus
3041 669 3150 719 ait:
3177 668 3405 719 Cotttnre
3428 670 3644 719 tendam
3677 671 3881 719 sanieu.

2293 665 2420 716 dum
2444 668 2584 733 quod
2619 668 2732 733 ipse
2762 668 3017 721 Dominus
3041 669 3150 721 ait:
3177 665 3644 732 Cotitprebettdam
3677 671 3883 734 sapieu-

2294 744 2375 807 tes
2408 737 2458 789 iu
2489 740 2683 791 astutia
2719 754 2903 791 eorum
2935 738 3076 799 (Job.
3102 737 3200 807 5.).
3226 738 3359 792 Nam
3387 737 3592 807 judicio
3622 751 3672 791 et
3711 742 3881 793 cousi-

2295 806 2367 858 lio
2398 822 2495 859 suo
2529 818 2853 877 putaverunt
2881 810 3058 869 egisse
3080 850 3092 867 .
3121 806 3177 863 ut
3209 806 3400 862 nomen
3445 810 3649 862 Christi
3681 808 3881 862 delere-

2296 886 2381 929 tur
2411 878 2476 930 de
2508 887 2646 932 terra
2685 896 2695 928 :
2728 890 2779 931 et
2808 895 2873 934 eo
2905 880 3022 945 ipso
3061 880 3264 949 judicio
3305 890 3555 945 egerunt,
3583 890 3639 932 ut
3680 880 3877 933 Christi

2296 964 2488 1002 nomen
2520 950 2835 1003 admirabile
2870 954 3019 1004 lieret
3049 953 3098 1004 in
3129 952 3375 1004 universa
3412 960 3577 1003 terra.
3616 949 3877 1004 Judtciuni

2293 1034 2421 1087 ergo
2448 1020 2599 1084 illud,
2625 1037 2730 1087 quo
2760 1024 2828 1073 ab
2859 1023 3036 1089 impiis
3064 1023 3330 1087 judicatus
3356 1032 3460 1083 est,
3486 1033 3543 1075 et
3574 1021 3662 1073 illa
3699 1038 3878 1075 caussa

2294 1106 2394 1159 qua
2423 1093 2589 1149 iustus
2614 1100 2668 1143 et
2699 1092 2954 1145 innocens
2981 1100 3263 1145 damnatus
3291 1104 3393 1156 est,
3416 1109 3521 1145 non
3555 1092 3652 1144 fuit
3675 1106 3878 1154 eorum,

2296 1161 2388 1213 sed
2432 1162 2633 1214 Christi
2680 1180 2692 1214 :
2736 1164 2859 1229 quia
2906 1164 3011 1216 illis
3055 1164 3269 1223 nocuit,
3303 1164 3518 1215 Christo
3556 1164 3757 1230 profuit
3790 1181 3802 1214 :
3832 1174 3881 1217 et

2296 1233 2433 1313 miro
2465 1233 2623 1313 modo
2648 1248 2838 1313 eorum
2876 1236 3051 1299 pravis
3074 1234 3729 1313 voluntatibusChristus
3748 1238 3879 1313 quod

2297 1303 2461 1355 νιιΙιιίι
2485 1304 2624 1355 fecit.
2648 1303 2756 1357 Ilttc
2778 1316 2954 1358 autem
2978 1307 3116 1369 quod
3140 1306 3231 1365 ait,
3250 1305 3347 1370 Qui
3370 1304 3576 1371 judicas
3597 1303 3875 1369 justitiam,

2295 1374 2359 1425 ad
2392 1372 2749 1426 dilTerentiain
2781 1390 2967 1427 eorum
3001 1377 3202 1428 dictum
3247 1388 3364 1438 est,
3390 1378 3477 1440 qui
3507 1375 3881 1442 judicarerunt

2298 1443 2649 1511 iniquitatem.
2686 1444 2751 1496 Et
2789 1446 2908 1510 quia
2957 1448 3211 1497 damnato
3260 1446 3473 1498 diabolo
3523 1456 3579 1497 et
3629 1446 3879 1499 membris

2295 1512 2432 1583 ejus,
2460 1526 2647 1583 gentes
2676 1531 2957 1569 conversa:
2987 1528 3110 1571 sunt
3136 1518 3199 1569 ad
3228 1516 3519 1578 Christum,
3546 1529 3735 1585 aperte
3758 1517 3879 1569 sub-

2290 1585 2532 1652 junctum
2565 1595 2644 1639 est
2680 1602 2692 1637 :

2368 1655 2421 1707 6.
2448 1654 2733 1723 Increpasti
2760 1667 2949 1725 gentes,
2976 1667 3023 1710 et
3054 1658 3199 1721 periit
3230 1658 3416 1727 impius
3444 1672 3463 1711 :
3496 1675 3681 1711 nomen
3709 1675 3880 1711 eorum

2297 1726 2476 1778 delein
2520 1728 2571 1798 in
2614 1738 2884 1791 wternunt,
2919 1739 2964 1780 et
2996 1731 3046 1780 in
3076 1726 3321 1782 sa'culnm
3362 1729 3773 1798 sa’culi..-\spere
3808 1731 3881 1782 in—

2298 1797 2556 1863 ciepaudi
2581 1811 2756 1862 erant,
2783 1804 2868 1863 qui
2900 1798 2990 1851 diu
3022 1802 3071 1853 in
3102 1800 3471 1868 iniquitatibus
3504 1797 3881 1868 perseverave-

2298 1880 2433 1920 rant.
2459 1868 2597 1921 Dura
2627 1870 2987 1936 increpatione
3018 1870 3245 1923 fct‘ietidi
3278 1882 3453 1931 erant,
3475 1874 3588 1936 qiti,
3613 1879 3879 1925 contemtu

2295 1936 2572 2001 Creatore,
2598 1940 2735 1992 idola
2767 1942 3081 1993 :idoraltaut.
3112 1943 3172 1994 Ει
3200 1944 3335 1995 bene
3364 1943 3565 2007 dictum
3598 1951 3705 2002 est.
3732 1941 3880 1995 Periit

2294 2009 2481 2078 impius
2506 2026 2525 2062 :
2549 2008 2670 2078 quia
2700 2012 2766 2063 dc
2798 2011 2961 2079 impio
2991 2011 3158 2065 factus
3184 2026 3263 2064 est
3290 2016 3428 2080 pius.
3453 2012 3543 2064 Ille
3568 2016 3636 2063 ab
3658 2030 3724 2066 eo
3746 2013 3877 2081 quod

2294 2090 2411 2133 erat
2438 2082 2613 2149 periit,
2640 2082 2729 2150 qui
2766 2083 2952 2149 incipit
2986 2100 3108 2137 esse
3137 2085 3274 2151 quod
3309 2100 3412 2135 non
3447 2084 3564 2135 fuit.
3595 2084 3730 2136 llinc
3757 2084 3880 2136 scri-

2295 2164 2442 2219 ptttiii
2468 2164 2571 2217 est,
2599 2152 2754 2205 Veite
2784 2155 2993 2216 impios,
3020 2164 3197 2207 etnon
3226 2162 3387 2207 erunt
3417 2153 3602 2223 (Prov.
3631 2154 3767 2221 12.).
3793 2156 3881 2207 bo-

2298 2238 2421 2275 nien
2465 2239 2650 2276 eorum
2680 2225 2911 2277 deletum
2942 2236 3023 2277 est
3057 2226 3106 2277 in
3138 2237 3427 2285 :rlt‘l‘lllllll.
3453 2229 3574 2293 quia
3612 2243 3718 2279 non
3750 2225 3880 2278 ultra

2295 2292 2544 2364 dicuntur
2572 2294 2791 2364 Pagani,
2840 2295 2930 2348 sed
2978 2296 3263 2349 Christiani
3293 2314 3304 2347 :
3336 2292 3687 2350 fornicatores
3715 2309 3877 2357 erant.

2298 2363 2421 2417 facti
2454 2375 2576 2417 sunt
2601 2363 2733 2418 casti
2763 2383 2773 2416 :
2803 2367 3039 2419 iracundi
3071 2382 3243 2431 crant,
3272 2366 3394 2419 iacti
3425 2377 3549 2421 sunt
3580 2370 3841 2421 mansueti
3867 2383 3879 2419 :

2296 2435 2441 2506 avari
2469 2445 2620 2488 erant
2639 2477 2653 2500 ,
2678 2437 2798 2489 lacti
2828 2448 2953 2491 eunt
2980 2439 3107 2506 largi
3142 2458 3153 2491 :
3190 2438 3371 2501 injusti
3399 2448 3588 2503 erant,
3615 2438 3738 2491 lacti
3766 2449 3881 2491 sunt

2291 2503 2441 2573 justi.
2471 2508 2673 2560 Nomen
2705 2523 2831 2575 ergo
2867 2503 3312 2561 eoi-uin'deletutu
3348 2520 3431 2563 est
3457 2509 3509 2562 in
3541 2520 3801 2562 interitum
3831 2521 3881 2562 et

2297 2577 2350 2648 in
2380 2580 2635 2630 sarculum
2666 2581 2867 2641 δίεειιιι,
2894 2586 2947 2630 ιιι
2975 2595 3146 2645 neque
3176 2580 3226 2633 iii
3262 2580 3361 2631 hoc
3389 2580 3615 2647 sarculo,
3637 2596 3807 2648 neque
3832 2580 3878 2632 in

2299 2647 2477 2701 luturo
2509 2658 2819 2714 reputetitur
2851 2649 3149 2703 itlulolaiia:
3194 2652 3272 2705 vel
3323 2650 3490 2719 iniqui
3538 2653 3584 2704 si
3626 2647 3881 2705 veraciter

2295 2719 2540 2772 conversi
2572 2724 2788 2777 iuerint.

2370 2789 2421 2841 7.
2456 2787 2660 2842 lntiiiici
2702 2795 2988 2858 defecerunt
3027 2794 3236 2861 framea:
3277 2792 3330 2844 in
3371 2792 3545 2859 ﬁnem,
3575 2801 3622 2844 et
3661 2792 3880 2844 civitates

2294 2875 2472 2913 eorum
2496 2863 2809 2914 destrutisti.
2835 2861 3071 2915 Fraiuea:
3097 2864 3293 2916 inimici
3325 2861 3435 2929 (Ea:
3459 2864 3773 2931 Augustine)
3803 2864 3876 2914 di-

2297 2946 2467 2983 γει-ειη
2515 2933 2793 2998 cpiiiiones
2841 2936 3040 2985 erroris
3089 2934 3485 3001 intetliguntur,
3518 2933 3717 3001 quibus
3765 2942 3877 2986 tan-

2298 3016 2455 3069 quam
2479 3003 2670 3070 gladiis
2690 3003 2881 3055 anima:
2904 3006 3255 3071 perimuntur.
3274 3007 3391 3058 Istat
3409 3006 3625 3058 framea:
3644 3006 3695 3055 in
3710 3004 3875 3070 ﬁnem,

2300 3073 2401 3125 hoc
2430 3082 2545 3138 est,
2575 3090 2636 3125 ex
2671 3084 2782 3127 toto
2810 3079 3097 3137 debeant,
3124 3091 3244 3128 cuni
3280 3076 3329 3127 lii
3360 3078 3449 3143 qui
3491 3075 3670 3141 aliquo
3699 3089 3879 3128 errore

2297 3146 2502 3196 scdurti
2525 3150 2778 3207 erant,ad
2808 3147 2962 3198 tidem
2992 3146 3234 3199 redeunt.
3264 3147 3335 3197 De
3366 3148 3561 3214 quibus
3593 3146 3877 3211 Apestolus

608 3216 900 3277 mabuntur,
923 3225 971 3268 et
1003 3214 1236 3289 peribunt
1261 3231 1291 3265 a
1318 3216 1449 3289 facie
1466 3215 1699 3289 _t_ua.‘_|lic
1730 3218 1913 3289 incipit
1937 3232 2190 3272 enarrare
2223 3227 2269 3289 ο
2304 3214 2459 3289 dicit,
2488 3216 2661 3289 fuistis
2691 3216 2976 3289 aliquando
3018 3221 3252 3289 teuebra:
3273 3257 3289 3282 ,
3314 3232 3458 3269 nunc
3497 3225 3678 3289 autem
3710 3216 3801 3289 lux
3832 3220 3879 3289 ut

610 3303 704 3349 ea,
733 3303 849 3353 quae
880 3288 1041 3340 sentit
1072 3289 1138 3339 de
1168 3287 1395 3340 occultis
1425 3283 1540 3337 lilii.
1566 3287 1790 3350 Quando
1836 3295 2068 3339 tentatus
2110 3302 2191 3342 est

611 3356 899 3421 Dominus,
934 3366 1080 3411 retro
1119 3370 1413 3410 conversus
1443 3371 1521 3409 est
1558 3358 1826 3409 inimicus.
1860 3359 2066 3411 Dicutut
2111 3371 2193 3413 est

610 3428 682 3482 illi
715 3445 728 3481 :
756 3426 904 3483 Vade
933 3439 1080 3484 retro
1111 3428 1343 3484 Sathaua
1376 3446 1388 3481 :
1422 3427 1678 3495 scriptum
1709 3437 1791 3481 est
1817 3428 1979 3490 enim,
2015 3429 2194 3483 Domi-

609 3516 733 3553 num
768 3500 929 3553 Deum
964 3511 1111 3553 tuum
1139 3500 1411 3559 adorabs,
1436 3509 1488 3551 et
1512 3499 1587 3551 illi
1621 3500 1716 3550 soli
1749 3513 1951 3551 servus
1975 3499 2190 3567 (Manli.

610 3570 743 3638 16.).
762 3571 912 3625 Tunc
935 3572 1021 3635 qui
1052 3570 1157 3641 (Ea:
1182 3572 1485 3640 Augustino)
1516 3572 1771 3623 tentando
1795 3586 1853 3621 se
1884 3586 2195 3637 prieponere

611 3642 878 3707 cupiebat,
903 3654 1048 3695 retro
1082 3652 1164 3695 est
1195 3642 1386 3705 lactus,
1419 3658 1522 3693 non
1557 3642 1712 3708 decip
1734 3642 1873 3692 endo
1906 3653 2190 3705 tentatum,

612 3714 703 3765 sed
736 3713 787 3764 in
829 3728 898 3765 eo
928 3712 1055 3765 nihil
1086 3716 1333 3765 valendo.
1367 3711 1671 3765 Conversus
1702 3725 1785 3764 est
1828 3710 1987 3780 igitur
2014 3712 2194 3763 innut-

613 3797 733 3847 cus,
770 3794 1045 3851 postquam
1093 3798 1195 3836 non
1241 3784 1406 3836 valuit
1440 3784 1708 3835 hominem
1742 3783 2009 3833 caelestem
2042 3783 2193 3834 deci-

613 3867 739 3919 pere
767 3863 1026 3906 tentatum
1060 3870 1071 3904 :
1100 3867 1152 3907 et
1183 3870 1241 3908 se
1264 3855 1328 3907 ad
1369 3866 1610 3907 terrenos
1648 3854 1943 3915 convertit,
1977 3852 2061 3903 ubi
2094 3852 2193 3905 do-

614 3924 807 3977 minari
855 3934 1047 3993 potest.
1081 3926 1418 3995 Quapropter
1450 3925 1625 3977 nullus
1661 3938 1781 3995 eum
1818 3923 2068 3995 praecedit
2100 3924 2197 3976 lio-

613 3996 835 4057 ttiiitutii,
866 4005 921 4050 et
964 4006 1106 4048 retro
1146 4011 1266 4049 eum
1298 3993 1418 4050 esse
1461 3994 1605 4061 facit,
1642 3994 1739 4046 nisi
1786 3993 1873 4061 qui
1917 3996 2195 4061 deponens

613 4066 898 4133 itiiaginettt
935 4068 1131 4120 terreni
1165 4068 1419 4131 immittis,
1456 4067 1748 4132 portaverit
1778 4064 2064 4129 imaginem
2093 4081 2197 4120 εει·-

613 4138 764 4191 lestis
786 4138 862 4208 (Ι.
882 4136 1000 4191 Cor.
1028 4138 1157 4207 15.).
1188 4138 1438 4190 Diabolus
1465 4138 1661 4204 quippe
1688 4133 1792 4205 (Ea:
1810 4136 2021 4208 eodem)
2052 4146 2196 4191 retro

613 4204 904 4263 conversus
947 4220 1030 4263 est
1078 4204 1239 4263 etiam
1286 4209 1340 4261 in
1387 4204 1759 4275 persecutione
1802 4204 2091 4273 juswrutn.
2130 4208 2197 4263 Et

613 4284 782 4333 multo
807 4279 988 4333 utilius
1020 4286 1330 4347 persecutor
1350 4286 1451 4339 est,
1476 4292 1633 4345 quam
1659 4291 1702 4330 ει
1732 4276 1836 4330 dux
1865 4287 1916 4330 et
1946 4278 2199 4347 princeps

613 4352 847 4422 praiiret.
882 4351 1037 4405 Melle
1074 4351 1335 4422 debentes
1374 4364 1495 4400 eum
1541 4358 1946 4422 persequentem
1990 4354 2193 4414 lugere,

613 4418 773 4486 quam
803 4421 996 4476 ducem
1023 4436 1194 4487 sequi.
1225 4419 1493 4473 Habemus
1523 4419 1664 4473 enim
1695 4434 1803 4487 quo
1834 4418 2114 4486 fugiamus,
2143 4429 2198 4474 et

614 4493 1005 4548 abscondantur
1051 4493 1103 4544 in
1135 4492 1359 4544 occultis
1407 4488 1545 4552 Filii,
1578 4490 1700 4559 quia
1750 4492 2003 4543 Domitius
2054 4492 2196 4544 relu-

614 4567 757 4636 giuin
789 4567 960 4618 lactus
990 4572 1071 4615 est
1103 4559 1455 4636 nobistl’sal.
1481 4559 1614 4630 89.).
1650 4560 1715 4636 lit
1741 4564 1863 4636 quia
1894 4562 2043 4636 inulti
2072 4573 2197 4614 sunt

616 4629 845 4691 inittis'tri
878 4650 930 4688 ei
960 4634 1198 4686 membra
1226 4629 1453 4695 diaboli,
1485 4629 1629 4685 recte
1660 4631 1711 4683 iit
1753 4630 1939 4698 plurali
1972 4647 2197 4686 numero

619 4707 841 4769 dicitur,
867 4703 1300 4772 Inﬁrmabuntur,
1326 4713 1373 4755 et
1399 4703 1631 4771 peribunt
1669 4720 1697 4752 ιι
1738 4704 1868 4770 facie
1907 4714 2012 4755 tua.
2050 4702 2201 4755 Inﬁr-

618 4791 794 4833 iiiatus
834 4787 916 4830 est
947 4774 1189 4828 diabolus
1231 4788 1352 4825 cuin
1395 4772 1506 4825 suis
1548 4787 1598 4826 in
1625 4772 1829 4835 nistiis,
1854 4773 2068 4840 quando
2101 4791 2197 4839 po-

621 4858 891 4908 testatem,
923 4860 1081 4913 quam
1132 4846 1184 4896 iit
1237 4843 1471 4897 humatio
1518 4859 1713 4912 genere
1764 4843 1967 4908 habuit,
1999 4845 2196 4897 amisit.

622 4918 821 4972 l’ertbit
841 4932 990 4978 vero,
1009 4915 1220 4982 quando
1249 4915 1299 4967 itt
1333 4915 1504 4982 ignem
1540 4912 1779 4984 mittetur
1807 4922 2087 4984 internum,
2107 4916 2198 4984 qui

622 4996 946 5059 paratusest
966 4981 1178 5059 diabolo
1198 4992 1257 5059 et
1276 4984 1479 5059 angelis
1501 4984 1615 5059 ejus
1642 4981 2018 5059 (Matth._25.).
2037 4981 2199 5040 [lecte

622 5052 798 5111 autem
821 5054 1019 5109 dictum
1041 5069 1123 5108 εει
1145 5072 1157 5107 :
1186 5053 1430 5106 Perilmnt
1451 5073 1480 5106 a
1501 5055 1630 5124 [acie
1652 5065 1739 5106 tua
1756 5068 1776 5105 :
1796 5052 1917 5122 quia
1941 5060 2197 5124 scriptum

623 5141 728 5191 εει,
745 5132 773 5179 'l
790 5128 984 5180 ollatur
1004 5124 1220 5193 impius,
1242 5142 1309 5179 ne
1331 5126 1507 5179 videat
1527 5124 1747 5194 gloriam
1772 5124 1864 5178 Dei
1888 5124 2152 5195 (lsa.26.)
2179 5142 2196 5182 :

626 5204 708 5253 vel
736 5199 859 5268 quia
887 5207 1031 5251 retro
1060 5211 1350 5268 conversus
1379 5207 1461 5249 est
1490 5202 1762 5268 inimicus,
1788 5196 1906 5249 ideo
1939 5198 2118 5264 iitjuSIi
2145 5208 2201 5252 et

626 5266 774 5339 impii
805 5268 1214 5339 inlirntabuntur
1242 5267 1310 5319 ab
1348 5269 1598 5334 operibus
1628 5266 1739 5319 suis
1770 5268 1953 5330 malis,
1982 5280 2029 5321 et
2062 5276 2199 5339 peri-

626 5340 759 5395 bunt
783 5341 851 5395 ab
881 5338 1246 5405 itnpietatibus
1269 5338 1399 5405 suis,
1425 5355 1452 5389 a
1482 5341 1633 5401 lacte,
1661 5340 1814 5401 idest,
1839 5353 1869 5391 a
1895 5338 2200 5408 Coglllllullc

626 5421 736 5468 tua.
763 5412 829 5466 Et
858 5409 1051 5464 merito
1081 5426 1096 5466 :

699 5484 753 5537 5.
805 5483 1060 5548 Quoniam
1115 5479 1281 5548 fecisti
1332 5478 1583 5548 judicmm
1642 5492 1805 5531 meum
1864 5488 1908 5532 et
1972 5497 2204 5533 caussam

628 5570 791 5607 nteant
820 5570 841 5607 :
869 5554 1042 5607 sedisti
1081 5567 1233 5621 super
1270 5552 1530 5612 thronum,
1558 5550 1646 5618 qui
1681 5552 1886 5615 judicas
1922 5554 2201 5620 justitiam.

628 5625 771 5681 Deus
800 5635 914 5679 erat
944 5626 996 5677 iii
1029 5623 1244 5676 Christo
1285 5624 1538 5675 tnuitduin
1586 5624 1934 5676 reconcilians
1979 5625 2077 5676 sibi
2126 5624 2203 5689 (2.

702 5774 727 5802 α
750 5763 1160 5818 Restituetiduot
1196 5764 1407 5819 videtur
1436 5780 1498 5819 cx
1540 5766 1839 5834 Augustino
1870 5768 2143 5835 agitantes.

2303 3284 2553 3340 Domino.
2592 3284 2657 3338 Ut
2691 3288 2780 3338 lilii
2826 3287 2960 3340 lucis
2993 3288 3260 3341 ambulate
3295 3304 3306 3337 ;
3342 3288 3545 3339 fruetus
3574 3286 3718 3340 enim
3752 3285 3879 3339 lucis

2297 3366 2379 3408 est
2399 3397 2414 3418 ,
2441 3358 2493 3409 iii
2521 3359 2665 3409 omni
2712 3357 2949 3410 bonitate
2979 3371 3029 3410 et
3053 3359 3256 3425 justitia
3292 3357 3506 3427 (Ephes.
3532 3357 3637 3426 5.).
3670 3360 3735 3410 Ει
3764 3360 3878 3423 quia

2300 3427 2479 3479 ablato
2502 3444 2685 3481 errore
2707 3428 3053 3481 destruuntur
3082 3430 3209 3482 vitta
3232 3441 3283 3483 et
3308 3442 3519 3498 peccata
3538 3467 3555 3492 ,
3579 3440 3727 3498 reete
3752 3429 3874 3480 dici-

2301 3507 2385 3550 tur
2413 3515 2425 3550 :
2464 3498 2526 3551 Et
2563 3499 2790 3551 ciritutes
2813 3515 2985 3551 eorum
3015 3495 3335 3553 destruxisti.
3358 3500 3614 3553 Civitates
3647 3495 3760 3566 (Ea:
3780 3501 3879 3550 Ait-

2296 3570 2524 3638 gustino)
2557 3585 2604 3621 tn
2635 3573 2827 3635 quibus
2855 3568 3102 3623 diabolus
3130 3582 3334 3641 regnat,
3354 3579 3481 3622 sunt
3506 3571 3578 3622 illi
3610 3572 3661 3622 iit
3689 3570 3875 3635 quibus

2298 3642 2482 3691 dolosa
2515 3650 2569 3693 et
2598 3641 2927 3694 l’iaudulenta
2962 3642 3205 3701 consilia.
3237 3652 3486 3709 tanquam
3514 3642 3679 3693 curia:
3710 3641 3876 3693 locum

2299 3712 2561 3762 obtinent.
2590 3711 2685 3763 Cui
2715 3713 3050 3779 ptittcipatui,
3076 3724 3323 3780 tanquam
3351 3712 3617 3765 satellites
3646 3720 3701 3764 et
3730 3711 3879 3763 iniui-

2300 3783 2427 3843 stri,
2455 3784 2648 3833 adsunt
2675 3784 2846 3834 uincta
2883 3785 3243 3836 membrorum
3277 3802 3288 3834 :
3323 3783 3462 3834 oculi
3495 3784 3560 3834 ad
3600 3784 3879 3834 curiosita-

2302 3860 2430 3913 tem,
2450 3866 2606 3905 aures
2631 3852 2697 3905 ad
2725 3852 3024 3919 lasciviant,
3044 3868 3233 3905 manus
3259 3854 3323 3904 ad
3353 3853 3615 3918 rapinam,
3637 3864 3693 3906 et
3721 3868 3881 3905 metu.

2300 3923 2397 3974 bra
2428 3933 2621 3975 caetera
2658 3926 2920 3989 perversis
2953 3926 3189 3977 consiliis
3223 3925 3526 3976 inilitatitia.
3561 3924 3729 3991 llujus
3758 3922 3881 3976 civi-

2301 3993 2423 4043 tatis
2452 3994 2602 4061 quasi
2636 3996 2782 4063 plebs
2812 4005 2935 4048 sunt
2964 4011 3151 4049 omnes
3182 3995 3427 4048 delicata:
3457 3994 3805 4057 alfectiones,
3829 4002 3879 4044 et

2302 4066 2589 4117 turbulenti
2640 4062 2816 4118 iiiotus
2863 4066 3061 4130 animi,
3105 4066 3441 4133 quotidianus
3488 4062 3788 4118 seditiOites
3832 4066 3877 4114 iii

2301 4136 2516 4188 homine
2539 4144 2562 4171 ⁸
2590 4138 2904 4205 cogitantes.
2934 4136 3072 4206 Ergo
3097 4140 3181 4190 ubi
3210 4136 3340 4200 liex,
3366 4137 3453 4189 ubi
3479 4149 3649 4201 curta,
3668 4133 3762 4206 ubi
3788 4133 3880 4186 mi-

2301 4205 2486 4269 nistri.
2503 4206 2591 4259 ubi
2620 4210 2767 4275 plebs
2793 4205 3058 4261 invenitur
3082 4225 3094 4260 :
3121 4205 3307 4262 civitas
3332 4216 3433 4261 est.
3458 4206 3567 4258 Nec
3590 4205 3734 4259 enim
3761 4206 3878 4257 talia

2299 4290 2482 4330 essent
2504 4278 2555 4331 iu
2586 4279 2737 4331 malis
2763 4278 3087 4341 civitatibus,
3116 4281 3214 4331 nisi
3241 4277 3383 4346 prius
3408 4285 3590 4330 essent
3617 4275 3673 4330 in
3702 4276 3879 4345 singu-

2301 4347 2364 4401 lis
2395 4348 2716 4412 hominibus,
2741 4348 2829 4418 qui
2859 4360 2984 4403 sunt
3015 4361 3265 4418 tauquam
3296 4349 3565 4401 elementa
3592 4356 3649 4401 et
3679 4361 3878 4401 semina

2300 4418 2599 4473 civitatum.
2636 4422 2739 4472 llas
2777 4421 3020 4474 civitates
3059 4417 3307 4483 destruit,
3340 4434 3460 4472 eum
3500 4421 3722 4472 excluso
3764 4417 3880 4471 inde

2306 4491 2544 4556 principe
2588 4492 2677 4559 (de
2707 4505 2812 4558 quo
2842 4488 3042 4544 dictum
3076 4501 3191 4552 est,
3219 4491 3472 4557 Prdtceps
3506 4488 3665 4555 hujus
3706 4486 3881 4542 saeculi

2304 4564 2446 4613 l'cras
2495 4558 2689 4615 missus
2734 4571 2815 4615 cst
2857 4558 3032 4633 |Joan.
3080 4559 3213 4630 1L];
3242 4567 3519 4614 vastantur
3558 4559 3681 4633 huic
3727 4574 3880 4628 regna

2231 4615 2278 4675 ί)
2306 4633 2471 4684 verbo
2515 4633 2776 4695 veritatis,
2816 4615 3096 4703 sopiuntur
3144 4615 3373 4699 maligna
3420 4630 3670 4700 consilia,
3708 4615 3881 4703 turpes

2303 4703 2613 4755 allectinnes
2639 4701 2977 4769 edomaniur,
3005 4704 3366 4755 membrorum
3412 4710 3467 4754 et
3505 4715 3763 4755 sensuum
3792 4701 3881 4754 nii-

2306 4774 2522 4826 nisteria
2550 4779 2887 4843 captivantur
2909 4774 2933 4811 ι)
2962 4772 3177 4842 injuSta,
3201 4783 3254 4826 et
3276 4773 3341 4826 ad
3372 4775 3634 4827 bonorum
3667 4787 3878 4843 operum

2304 4844 2547 4897 militiam
2589 4840 2982 4898 ti'aitsleruutur
3014 4840 3026 4895 ἑ
3058 4856 3112 4896 ιιι
3135 4844 3246 4912 jam
3278 4844 3439 4911 (sicut
3467 4844 3759 4910 Apostolus
3782 4840 3880 4912 47

2305 4914 2453 4983 dicit)
2481 4931 2584 4967 non
2610 4930 2793 4984 regnet
2818 4925 3089 4983 peccatum
3118 4918 3169 4969 in
3197 4925 3381 4969 nostro
3407 4914 3619 4967 mortali
3640 4930 3879 4982 corpore,

2306 4996 2363 5039 ut
2393 4986 2704 5039 obeuiamus
2733 4985 3184 5053 concupiscentiis
3212 4985 3326 5053 ejus
3355 5000 3371 5037 :
3403 5000 3501 5038 nec
3539 4986 3882 5039 exbibeautus

2310 5058 2545 5111 membra
2590 5067 2770 5110 nostra
2812 5058 2879 5111 ad
2922 5056 3257 5112 serviendum
3309 5063 3528 5124 peccato
3570 5054 3751 5125 (Rom.
3784 5058 3879 5123 6.).

2308 5127 2459 5181 Tunc
2488 5140 2706 5195 pacatur
2730 5128 2935 5191 anima,
2961 5138 3016 5182 et
3043 5129 3319 5180 ordinatur
3347 5129 3508 5180 homo
3547 5128 3615 5179 ad
3656 5126 3883 5195 quietem

2307 5215 2360 5252 et
2402 5200 2468 5249 ad
2518 5198 2902 5253 beatitudinem
2948 5198 3331 5266 capessendam
3377 5213 3390 5249 :
3443 5198 3583 5249 unde
3623 5207 3678 5250 et
3713 5198 3880 5249 statim

2307 5269 2569 5331 subditur,
2592 5266 2754 5320 Periit
2780 5269 3020 5322 memoria
3048 5284 3223 5321 eorum
3255 5283 3369 5320 cum
3397 5272 3566 5321 sonitu
3592 5282 3613 5323 .'
3634 5279 3683 5320 et
3716 5266 3883 5319 Donn-

2312 5356 2406 5391 itus
2445 5340 2497 5390 in
2538 5352 2781 5410 (sternunt
2811 5349 3088 5407 permanet.
3123 5339 3340 5410 Magnus
3369 5340 3627 5410 strepitus
3656 5338 3747 5404 ﬁt,
3770 5353 3881 5389 cuiu

2314 5411 2559 5477 impietas
2580 5409 2839 5463 evertitur
2867 5420 3026 5479 atque
3048 5409 3357 5463 destruttur.
3381 5409 3497 5464 Non
3526 5410 3669 5463 enim
3703 5419 3881 5479 transit

2314 5485 2377 5531 ad
2406 5496 2666 5533 summam
2699 5495 2905 5547 pacein,
2937 5478 3024 5532 ubi
3056 5496 3322 5533 suittinuni
3352 5482 3623 5549 silentium
3656 5491 3760 5542 εει,
3788 5478 3879 5534 nisi

2313 5552 2401 5617 qui
2435 5565 2627 5622 magno
2655 5555 2878 5620 strepitu
2912 5554 3058 5619 prius
3085 5566 3205 5605 cum
3229 5553 3338 5604 suis
3363 5551 3506 5604 vitiis
3537 5550 3877 5622 belligerare-

2315 5622 2404 5674 iiI.
2433 5621 2581 5674 Tunc
2620 5621 2850 5676 eilicitur
2882 5624 3042 5676 ltunto
3074 5637 3297 5691 regnum
3330 5621 3726 5692 pacatissimam
3760 5621 3861 5675 Deo

703 5835 729 5873 ιι
751 5835 903 5905 Apud
935 5837 1204 5905 euiutlciu,
1225 5840 1565 5907 captivuntur,
1587 5850 1633 5891 et
1652 5844 1719 5890 ad
1737 5841 1974 5907 justitiw,
1995 5849 2039 5891 et
2062 5840 2310 5892 bonorum
2337 5852 2570 5908 cperunt,
2594 5848 2699 5895 etc.
