4128 6360
272 250 392 309 693

1324 254 1388 309 IN
1432 251 1741 308 PSAIMOS
1782 248 1971 303 LXXV
2014 247 2576 309 COMMENTARIUS.

3481 258 3583 317 631
3604 296 3611 299 -

269 369 678 439 exteriorilgus
699 370 906 424 interna
924 366 1409 433 puniantur,etcor
1426 366 1635 437 publice
1655 373 1890 429 corruat,
1923 367 1974 424 Α
2001 363 2178 439 sciunt
2213 366 2340 434 quid
2367 366 2564 439 faciunt
2589 366 2739 435 (Luc.
2768 365 2906 436 23.).
2939 366 3043 423 Sed
3076 380 3402 433 cognoscent
3425 373 3477 427 in
3497 374 3586 439 ju-

267 438 430 510 quod
466 440 716 495 latenter
746 439 1012 508 peccabat.

348 509 415 564 ὅ.
453 511 543 563 Ad
604 506 823 564 Jitdaéos
850 518 1029 562 autem
1073 507 1320 560 videntur
1341 506 1629 575 pertinere.
1662 521 1780 572 quae
1809 521 1899 560 se-

270 590 560 648 quuntur.
590 583 680 635 Ait
705 582 844 633 enim
874 596 889 637 :
919 578 1167 632 Dominus
1192 581 1254 630 de
1295 577 1418 631 catlo
1460 578 1719 647 prospexit
1740 592 1896 641 super

267 651 441 719 ﬁlios
476 652 781 714 hominum,
811 658 865 703 ut
896 651 1073 719 videat
1096 649 1145 719 si
1171 659 1244 701 est
1267 648 1577 714 intelligetis.
1612 656 1700 698 aut
1724 648 1897 719 requi-

270 717 400 774 rens
419 718 1035 788 Deum.SuperJudaios
1058 717 1165 789 (Ex
1189 721 1493 789 Augustino)
1532 728 1715 789 potest
1741 717 1896 771 intel-

272 791 401 861 ligi,
436 802 505 844 ut
538 792 862 845 honoratius
891 806 984 843 eos
1010 787 1206 843 dixerit
1237 787 1373 842 lilios
1401 787 1681 861 hominum
1731 803 1894 855 prop-

270 858 366 914 ter
387 864 614 914 cultum
641 861 753 926 Dei,
786 862 851 915 ad
879 861 1229 914 diﬂerentiam
1270 860 1570 921 gentilium,
1595 858 1685 926 qui
1736 872 1895 925 prop-

275 940 367 986 ter
423 932 653 985 cultum
696 932 952 998 lapidum,
983 931 1221 995 corrupti
1249 938 1304 983 et
1350 928 1736 998 abominabiles
1769 927 1892 982 iacti

272 1010 435 1055 sunt.
468 992 907 1072 Prospicit'ergo
939 992 1217 1055 Dominus
1251 992 1590 1072 superﬁlios
1605 998 1892 1072 hominum

274 1086 381 1141 per
410 1069 643 1127 animas
693 1069 905 1126 sanctas
951 1087 1097 1133 suas,
1126 1069 1265 1139 quod
1309 1070 1574 1134 signiﬁcat
1603 1070 1724 1131 hoc,
1748 1070 1891 1137 quod

275 1143 380 1202 ait.
408 1143 481 1196 de
511 1144 669 1208 cwlo,
697 1152 753 1195 ut
781 1144 967 1205 videat,
999 1143 1157 1205 idest,
1185 1142 1348 1194 videri
1376 1141 1553 1197 l’aciat.
1587 1142 1631 1192 si
1657 1149 1743 1194 est
1785 1141 1891 1192 ali—

274 1215 409 1279 quis
469 1214 654 1267 Deum
705 1214 1015 1281 intelligetis
1065 1212 1247 1271 corde.
1279 1221 1373 1265 aut
1400 1211 1675 1280 requirens
1705 1225 1889 1276 opere.

278 1281 383 1337 Vel
414 1298 519 1351 per
553 1284 695 1337 tilios
726 1284 999 1336 hominum
1032 1295 1316 1351 possumus
1360 1282 1657 1334 imitatores
1701 1296 1892 1333 carna-

283 1349 426 1406 liuni
462 1354 773 1420 intelligere
794 1352 1013 1422 (Eplies.
1041 1349 1145 1421 6.),
1167 1353 1306 1405 sient
1332 1352 1634 1405 econtrario
1660 1353 1892 1404 imitato-

277 1437 373 1479 res
400 1424 502 1478 Dei
540 1424 646 1477 filii
679 1424 771 1478 Dei
797 1434 1189 1491 nuncupantur.
1216 1423 1318 1477 Per
1342 1422 1515 1491 justos
1550 1424 1697 1475 enim
1721 1423 1887 1475 lioini-

280 1509 385 1549 nes
433 1494 706 1564 prospicit
750 1494 890 1549 Deus
943 1500 1273 1562 peccatores,
1306 1508 1360 1545 et
1393 1508 1487 1561 per
1516 1492 1684 1564 bonos
1716 1492 1891 1564 redar-

278 1567 403 1633 guit
430 1562 641 1626 (italus,
673 1574 730 1620 et
770 1581 867 1632 per
915 1578 1221 1617 sanetorum
1280 1566 1463 1625 vitam,
1489 1572 1543 1615 et
1584 1562 1887 1633 doctrinam

281 1631 420 1689 facit
454 1631 807 1690 innotescere
854 1650 1140 1704 pravorum
1170 1648 1415 1688 errorem
1460 1644 1620 1702 atque
1672 1631 1887 1701 injusti-

282 1707 416 1760 tiam
454 1723 469 1757 :
495 1707 570 1761 de
598 1705 793 1773 quibus
822 1704 1073 1772 nequitia:
1094 1705 1340 1757 subditur
1370 1720 1385 1755 :

354 1778 476 1847 6Q
490 1778 548 1830 4.
574 1772 770 1830 Omnes
784 1777 1187 1847 declinaverunt,
1199 1774 1356 1827 simul
1369 1775 1420 1827 in
1429 1772 1575 1847 utiles
1591 1773 1715 1847 facti
1725 1783 1842 1827 sunt
1866 1790 1885 1828 :

279 1844 482 1901 nonest
502 1848 597 1915 qui
625 1846 998 1917 faciatbonum,
1015 1861 1115 1899 non
1138 1857 1209 1917 est
1232 1846 1465 1917 usquead
1479 1860 1665 1917 unum.
1678 1844 1887 1899 Nonest

283 1913 736 1987 intelligendum,
769 1918 840 1969 ita
888 1930 1079 1970 omnes
1125 1915 1449 1987 declinasse,
1483 1922 1540 1967 ut.
1570 1916 1622 1967 in
1652 1913 1886 1968 humano

279 1984 489 2056 genere
533 2005 650 2042 non
698 1999 843 2043 esset
874 1988 958 2040 vel
991 2001 1128 2039 unus
1157 1984 1245 2056 qui
1278 1985 1472 2039 bonum
1513 1992 1696 2051 ageret
1721 2000 1736 2039 :
1760 2000 1883 2039 cum

288 2061 455 2124 paulo
488 2070 623 2126 post
667 2058 829 2122 dicat,
857 2056 1114 2110 Dominus
1163 2055 1215 2109 iii
1244 2057 1586 2125 generatione
1608 2055 1747 2123 jtista
1778 2068 1881 2111 est.

282 2130 391 2184 Sed
423 2145 631 2184 eorum
662 2130 929 2194 videlicet,
958 2128 1050 2193 qui
1081 2134 1207 2180 sunt
1232 2128 1531 2180 imitatores
1559 2127 1876 2191 ciirnaliuni,

281 2216 523 2268 quorum
552 2207 806 2265 corrupta
827 2208 911 2252 est
938 2202 1044 2250 vita
1067 2209 1118 2251 et
1145 2196 1497 2268 continentia,
1529 2210 1633 2247 non
1681 2210 1764 2250 est
1785 2198 1884 2251 ali-

284 2267 403 2339 quis
426 2273 519 2339 qui
552 2270 947 2325 faciatbonum.
965 2267 1209 2335 Quandiu
1234 2267 1375 2322 enim
1402 2269 1560 2320 homo
1588 2269 1758 2339 malus
1780 2278 1883 2334 est,

287 2337 491 2395 bonum
523 2340 716 2396 facere
741 2357 843 2395 non
874 2348 1066 2408 potest.
1095 2339 1361 2407 Quantum
1389 2347 1566 2391 autem
1588 2352 1618 2389 a
1638 2337 1720 2390 via
1745 2339 1884 2392 veri-

285 2414 414 2464 tatis
444 2415 870 2478 declitiaverint,
898 2413 1054 2465 verba
1083 2427 1200 2481 qua:
1228 2420 1542 2478 sequuntur,
1569 2411 1878 2466 ostendunt.

286 2481 496 2537 Dicitur
522 2484 677 2542 enim
712 2500 729 2538 :
762 2481 1070 2549 Sepulcrum
1119 2491 1299 2550 patens
1331 2491 1407 2535 est
1454 2493 1631 2550 guttur
1654 2499 1831 2535 eorum
1857 2499 1879 2538 :

286 2553 480 2622 linguis
505 2558 623 2609 suis
668 2555 842 2607 dolose
870 2553 1107 2622 agebant,
1132 2568 1376 2605 venenum
1415 2554 1657 2617 aspidum
1677 2555 1769 2606 sub
1796 2554 1880 2606 la-

289 2623 384 2678 biis
414 2641 625 2678 eorum.
661 2625 802 2678 Bene
831 2624 1029 2691 patenti
1060 2623 1307 2691 sepulcro
1335 2626 1882 2693 comparanturzquia

289 2695 423 2748 sicut
458 2696 777 2762 sepulcrum
807 2703 968 2761 patet,
1001 2703 1057 2747 nt
1081 2703 1288 2747 mortua
1321 2692 1583 2748 cadavera
1606 2692 1832 2763 recipiat
1863 2714 1875 2749 :

290 2763 360 2817 ita
382 2766 456 2819 illi
483 2767 797 2826 inhiabant.
816 2763 1154 2832 utsintplices
1175 2765 1381 2817 animas
1402 2764 1502 2817 sibi
1528 2766 1880 2832 attraherent,

292 2845 453 2904 atque
481 2854 586 2904 per
609 2851 847 2891 errorem
879 2838 1141 2889 extinctas
1197 2834 1300 2888 sibi
1334 2834 1756 2900 incotporareni.
1782 2837 1872 2890 Be-

298 2922 362 2959 ne
417 2917 611 2961 antem
656 2916 933 2975 postquam
977 2908 1128 2969 dixit,
1155 2905 1365 2974 linguis,
1394 2905 1617 2970 addidit,
1648 2907 1757 2959 suis
1781 2922 1802 2961 :
1825 2918 1884 2963 ut

295 2978 636 3047 signiﬁcaret
660 2974 839 3031 malis.
870 2975 994 3029 Mali
1021 2978 1164 3029 enim
1191 2979 1359 3027 malas
1409 2974 1618 3042 linguas
1661 2977 1878 3031 habent.

296 3045 446 3117 Tunc
490 3048 673 3103 Judiei
734 3047 925 3117 linguis
977 3047 1090 3101 suis
1142 3046 1331 3100 dolose
1383 3057 1635 3114 egerunt,
1666 3048 1883 3116 quando

2001 435 2414 511 dicio,_quando
2466 438 2724 511 videbunt
2776 440 2828 511 in
2854 452 3032 511 quem
3064 451 3404 511 pupugerunt
3458 435 3586 511 (Za-

2000 504 2144 559 char.
2177 508 2313 583 12.).
2358 510 2582 583 Quando
2632 504 2963 583 conspicieitt
3018 504 3282 583 martyres
3333 504 3584 576 sanctos.

1998 578 2480 652 quos_occiderun_t
2510 582 2693 649 (Apoc.
2732 582 2831 648 1.),
2857 578 3267 652 quosgtanquam
3296 584 3473 637 cibum
3493 599 3585 652 pa-

1998 646 2082 697 nis
2127 646 2389 703 devorare
2430 646 2832 711 describuntur,
2867 646 2925 704 ut
2972 646 3182 705 illorum
3234 653 3459 709 allectus
3487 646 3585 709 de-

1998 725 2230 790 notetur.
2257 719 2533 790 Quomodo
2556 718 2696 773 enini
2730 722 2899 774 dulcis
2927 730 3008 774 est
3034 723 3184 790 panis
3206 724 3271 777 ad
3294 725 3584 778 comeden-

1999 786 2147 849 dum,
2176 787 2242 840 ita
2272 789 2443 844 dulcis
2463 800 2578 844 erat
2611 792 2715 843 illis
2739 786 3047 858 persecutio
3067 791 3411 848 Sanctorum.
3433 793 3584 851 Unde

1998 870 2103 932 non
2142 857 2485 932 manducare,
2516 861 2609 913 sed
2665 857 2923 915 devorare
2974 861 3228 932 descripti
3260 873 3414 926 sunt;
3448 866 3584 919 utin

2000 924 2430 1047 lincdtltesignetur
2454 946 2641 985 eorum
2674 946 2780 986 non
2810 932 2981 986 solum
2999 924 3268 1001 voluntas,
3300 924 3578 990 sedetiatn

2000 1009 2097 1047 avi
2125 1012 2139 1047 ι
2164 1011 2243 1047 as.

1995 1006 2243 1051 aVldllaS.

2069 1067 2120 1118 6.
2151 1065 2430 1146 Dominum
2456 1086 2559 1122 non
2588 1070 2965 1146 invocaverunt,
2990 1074 3096 1146 illic
3114 1074 3493 1146 trepidaverunt
3519 1077 3585 1129 ti-

1995 1151 2155 1215 more,
2184 1138 2270 1189 ubi
2297 1155 2399 1192 non
2429 1149 2540 1215 erat
2568 1143 2736 1215 timor.
2762 1143 2895 1209 Quid
2942 1145 3133 1215 mirum
3159 1138 3201 1199 si
3223 1146 3331 1215 63
3378 1146 3451 1199 illi
3478 1156 3587 1201 tre-

1997 1206 2333 1281 putaverunt,
2364 1212 2450 1276 qui
2509 1206 2804 1264 Duininnm'
2821 1228 2923 1266 non
2980 1206 3367 1270 invocaveTu'nt
3397 1217 3577 1281 (Rom.

1998 1278 2151 1353 ψ.)ῃῖ
2174 1282 2304 1353 Quis
2329 1296 2549 1333 securus
2579 1283 2694 1336 sine
2737 1282 3000 1337 Domitio?
3030 1285 3285 1340 Dixerunt
3332 1278 3498 1353 enim,
3523 1287 3581 1342 Si

1992 1347 2310 1423 dimittimus
2367 1365 2486 1423 enin
2541 1355 2636 1415 sic,
2671 1368 2861 1407 omnes
2890 1356 3110 1408 credent
3134 1357 3181 1409 in
3207 1373 3351 1423 eum,
3385 1368 3440 1412 et
3484 1347 3579 1413 ve-

1995 1419 2141 1496 iiieni
2188 1419 2436 1496 humani,
2468 1430 2522 1474 et
2578 1424 2764 1475 tollent
2796 1425 2949 1477 nobis
2988 1434 3043 1479 et
3072 1428 3245 1480 locum
3282 1419 3346 1483 et
3362 1437 3581 1496 gentem

1992 1487 2172 1569 (lorus.
2201 1489 2338 1559 11.).
2373 1490 2689 1569 Timuerunt
2727 1508 2947 1569 regnum
3003 1505 3275 1552 terrenum
3306 1487 3576 1569 amittere,

1994 1558 2087 1612 ubi
2116 1575 2219 1637 non
2248 1558 2365 1614 erat
2392 1561 2552 1637 timor
2584 1578 2599 1617 :
2629 1573 2683 1616 et
2715 1558 3018 1637 amiserunt
3048 1582 3267 1634 regnum
3298 1558 3575 1637 caelorum;

1992 1631 2134 1708 quod
2163 1632 2351 1685 timere
2372 1633 2687 1708 debuerant.
2715 1633 2790 1708 Et
2812 1635 2912 1688 hoc
2942 1635 3009 1688 de
3030 1631 3279 1691 omnibus
3308 1631 3577 1708 tempora;

1921 1700 3298 1795 B992“£91.“???.‘¥.‘P!i$,‘i'ld9'9-.?$l:9"9mm
3331 1700 3579 1795 amissis-

1996 1785 2118 1847 nein
2146 1772 2271 1847 dum
2301 1778 2492 1826 timent
2518 1774 2783 1840 homines,
2802 1778 2868 1828 ad
2893 1772 3102 1830 interna
3116 1794 3219 1831 non
3239 1781 3576 1847 perveniunt.

1991 1839 2104 1918 Hoc
2126 1841 2287 1894 etiam
2312 1839 2980 1918 non_cognoscentomnes
3007 1847 3102 1917 qui
3147 1839 3442 1918 operantur
3476 1849 3579 1904 iiii-

1986 1911 2265 1983 quitatem,
2290 1912 2429 1979 quod
2455 1911 2716 1983 sequitur.

2056 1982 2109 2059 _7.
2140 1982 2395 2059 Quoniam
2421 1982 2673 2059 Dominus
2726 1986 2779 2038 in
2810 1988 3131 2059 generatione
3153 1991 3298 2059 iusta
3333 1998 3429 2044 est.
3459 1989 3581 2044 Non

1986 2051 2170 2131 utique
2197 2054 2249 2106 in
2278 2069 2457 2131 prava.
2490 2054 2667 2131 Quare
2690 2071 2794 2131 non
2811 2051 2881 2131 in?
2903 2058 3007 2111 illis
3037 2051 3326 2114 Doniinus?
3352 2059 3578 2131 subjun-

1983 2122 2060 2199 git
2108 2138 2325 2199 causam
2361 2141 2376 2176 :
2407 2124 2690 2199 consilium
2743 2128 2909 2195 inopis
2957 2122 3574 2199 confudistis:quoriiam

1985 2190 2240 2265 Dominus
2266 2209 2380 2261 spes
2410 2196 2520 2263 ejus
2541 2208 2633 2250 est.
2667 2190 2886 2252 Dixistis
2915 2190 3080 2262 enim,
3104 2190 3411 2255 Conﬂttit'in
3440 2202 3569 2265 Deo,

1987 2264 2177 2317 liberet
2207 2280 2347 2318 nunc
2375 2280 2498 2319 eum
2529 2266 2575 2321 si
2615 2269 2748 2321 vult.
2778 2270 3154 2324 Cotitemsistis
3184 2272 3437 2324 humilem
3477 2264 3573 2324 ad?

1990 2344 2241 2410 veniunt
2265 2334 2383 2388 Filii
2420 2335 2535 2402 Dei,
2564 2339 2683 2402 quia
2736 2340 2789 2410 in
2819 2354 2885 2392 eo
2918 2355 3042 2410 non
3090 2342 3299 2395 vidistis
3324 2356 3573 2410 pompam

1985 2409 2175 2478 secuti.
2209 2408 2338 2471 Quid
2371 2412 2608 2474 speravit
2638 2410 2689 2461 iu
2739 2408 2871 2477 Deo,
2896 2409 3182 2478 despectus
3212 2421 3295 2465 est
3325 2408 3370 2465 Va
3394 2412 3567 2475 Vobis,

1984 2474 2177 2549 quibus
2200 2485 2409 2549 terrena
2437 2481 2604 2549 magis
2633 2474 2865 2544 placent,
2889 2474 3045 2549 quain
3071 2482 3327 2536 caelestia.

2056 2548 2111 2602 8.
2148 2547 2275 2616 Quis
2297 2547 2435 2602 dabit
2475 2564 2537 2601 ea:
2566 2547 2693 2603 Stou
2724 2547 2964 2604 Salutare
2990 2550 3191 2605 Israel?
3220 2550 3569 2613 Subauditur,

1974 2621 2089 2674 nisi
2120 2622 2230 2687 ille,
2259 2621 2409 2688 cujus
2439 2618 2792 2677 liuiiiilitsitetn
2820 2621 3222 2675 contetnsistis?
3274 2622 3397 2689 Ipse
3425 2626 3569 2676 enim

1986 2692 2040 2745 in
2098 2692 2340 2747 claritate
2385 2706 2641 2748 venturus
2695 2692 2875 2749 estad
2922 2693 3182 2761 judicium
3216 2693 3460 2747 vivorum
3518 2703 3574 2746 et

1985 2772 2340 2836 mortuorum,
2377 2779 2708 2836 regnumque
2755 2767 3043 2835 justurum,
3068 2780 3129 2823 ut
3164 2764 3415 2836 quoniam
3467 2762 3571 2815 iSlU

1986 2833 2172 2908 liniiiili
2194 2839 2435 2908 adventu
2469 2835 2599 2908 facta
2626 2833 2711 2889 est
2739 2833 2953 2891 caecitas
2983 2857 3044 2892 ex
3100 2833 3250 2908 parte
3281 2844 3331 2893 in
3384 2840 3569 2905 Israe',

1987 2916 2043 2955 ut
2063 2903 2337 2979 plenitudo
2358 2906 2595 2979 gentium
2620 2909 2845 2979 intraret
2876 2925 2891 2979 :7
2926 2909 3019 2961 illo
3044 2903 3151 2964 alio
3183 2912 3292 2969 liat,
3325 2909 3466 2979 quod
3495 2903 3571 2963 se-

1984 2975 2185 3048 qiiitur,
2209 2989 2263 3048 et
2291 2974 2369 3048 sic
2399 2976 2576 3048 omnis
2625 2976 2786 3031 Israel
2823 2978 2999 3031 salvus
3043 2984 3192 3034 lieret
3218 2974 3398 3048 (Rom.
3430 2982 3569 3048 11.).

1988 3053 2015 3080 ιι
2030 3042 2136 3114 _Pro
2155 3044 2352 3099 ludatis
2365 3045 2506 3099 enim
2526 3050 2810 3114 Apostolus
2829 3048 2988 3102 etiam
3013 3050 3138 3103 illtid
3160 3042 3303 3103 Isaiae
3328 3042 3572 3104 testinio»

297 3115 593 3189 Dmninuni
646 3108 1105 3189 interrogaverunt
1126 3157 1142 3182 ,
1166 3127 1377 3189 Autrum
1411 3108 1879 3189 fliceretlc'ensuin
1907 3108 1957 3173 (ἶ
1990 3112 2135 3167 Ilium
2174 3116 2401 3189 accepit.
2427 3131 2533 3180 quo
2562 3108 2760 3189 dictum
2792 3130 2918 3189 eSt:_
2952 3119 3138 3173 Veniet
3165 3135 3229 3173 ex
3275 3120 3424 3185 Sion,
3473 3122 3571 3189 qui

294 3187 408 3241 dari
431 3189 664 3252 Caesari,
695 3204 761 3242 an
793 3185 898 3242 non
920 3186 1131 3255 (Matth.
1161 3185 1302 3254 22.).
1332 3187 1515 3240 Dolum
1540 3187 1751 3255 quidem
1789 3189 1884 3242 lia-

298 3258 493 3314 bebant
524 3261 587 3313 in
618 3276 733 3325 ore,
766 3259 858 3313 sed
889 3260 1109 3312 malitia:
1149 3272 1412 3312 venenum
1441 3261 1778 3312 occultabant
1827 3260 1882 3314 in

297 3331 459 3385 t-orde
489 3349 502 3385 :
538 3340 605 3383 ut
634 3330 679 3383 si
732 3329 952 3391 diceret,
991 3329 1138 3382 Licet
1165 3346 1180 3380 :
1211 3327 1390 3382 Statim
1422 3344 1544 3382 eum
1596 3330 1882 3398 redargue-

297 3410 415 3452 rent
436 3403 501 3454 de
525 3402 673 3467 lege,
708 3400 885 3468 inqua
917 3399 1245 3467 praecipitur,
1278 3410 1335 3451 ut
1360 3399 1459 3452 soli
1498 3399 1723 3452 Domino
1767 3416 1883 3455 ser-

298 3471 469 3541 viator
498 3474 687 3541 (Deut.
712 3471 1055 3539 6.).ltursum
1087 3471 1131 3521 si
1177 3468 1398 3531 diceret,
1420 3470 1546 3541 (Non
1598 3470 1757 3523 licet:
1786 3471 1879 3524 ad-

296 3538 567 3597 duxerant.
626 3543 975 3604 llerodianos,
1004 3541 1093 3608 qui
1135 3555 1257 3594 eum
1305 3540 1483 3592 statim
1512 3541 1882 3607 apprehende-

302 3624 439 3679 rent,
462 3624 517 3666 et
544 3614 728 3679 regale
759 3612 1013 3667 tributum
1059 3610 1428 3679 prohibentem
1459 3614 1881 3667 condemnarent

299 3676 665 3752 (Mantuae).
686 3684 847 3737 Recte
870 3692 1046 3734 autem
1062 3676 1244 3745 astidi
1258 3691 1653 3748 comparantur,
1670 3684 1790 3751 quia
1808 3684 1879 3736 si-

299 3761 387 3822 cut
411 3757 560 3822 aspis
591 3756 805 3807 obturat
828 3768 1010 3806 aurem
1052 3767 1202 3805 suam
1231 3753 1295 3804 ad
1324 3766 1508 3805 vocem
1559 3753 1880 3808 incantantis

300 3820 641 3892 (Ρδα1.’ῖ)7.),
674 3824 742 3878 ita
772 3824 870 3890 ipsi
908 3823 1228 3876 obturaliant
1252 3837 1408 3877 aures
1435 3837 1559 3876 suas
1596 3823 1661 3875 ad
1694 3839 1879 3879 vocem

302 3895 701 3960 prirtlicationis
751 3895 887 3963 (Act.
931 3892 1031 3961 6.).
1082 3893 1313 3957 Quorum
1350 3909 1405 3946 os
1454 3894 1810 3949 maledictione
1831 3906 1880 3949 et

300 3966 653 4019 amaritudine
684 3967 884 4033 plenum
906 3974 978 4017 est
1002 3979 1021 4016 :
1042 3964 1233 4016 veloces
1258 3968 1407 4034 pedes
1436 3979 1611 4016 earum
1627 3965 1693 4016 ad
1715 3966 1880 4032 effun-

303 4034 523 4089 dendum
576 4036 897 4106 sanguinem.
944 4034 1312 4106 Maledictioite
1357 4048 1418 4106 os
1444 4050 1631 4087 eorum
1664 4040 1878 4100 pleituui

304 4105 414 4170 luit,
445 4103 968 4176 quando'dixcruiit,
990 4104 1176 4157 Nonne
1202 4103 1337 4176 bene
1357 4104 1591 4176 dicimus
1611 4122 1738 4176 nos,
1758 4110 1877 4167 quia

303 4174 671 4232 Samaritanus
719 4192 778 4230 es
810 4184 888 4243 tu,
918 4186 969 4227 et
1004 4174 1331 4244 Dieinoniuni
1356 4174 1519 4227 habes
1567 4174 1744 4242 (Joan.
1771 4177 1878 4244 8.)?

308 4248 679 4302 Amaritiidine
715 4242 928 4314 qii0que
973 4245 1161 4314 repleti
1187 4242 1421 4309 iuet-un,
1454 4260 1574 4298 cuni
1631 4242 1881 4300 dixerunt

306 4316 369 4386 ad
399 4318 658 4383 Pilatum,
689 4313 952 4386 Crucilige
975 4330 1116 4386 eum.
1150 4313 1292 4386 Reus
1315 4324 1403 4386 est
1424 4319 1613 4386 mortis
1660 4316 1875 4384 (.ilati/i.

306 4385 394 4440 27.
452 4388 623 4442 Mare.
657 4388 740 4440 15.
768 4384 1003 4440 ιαεζὲό.
1031 4384 1186 4439 Joan.
1226 4385 1357 4455 19.).
1394 4385 1614 4440 Velut-es
1667 4389 1881 4441 luerunt

306 4459 467 4523 pedes
493 4476 684 4513 eorum
716 4460 780 4511 ad
828 4456 1201 4510 etl‘undendum
1258 4458 1609 4525 sanguinem,
1665 4460 1877 4525 quando

305 4542 423 4582 eum
456 4541 612 4584 extra
645 4530 915 4582 civitatein
963 4529 1228 4579 duxerunt
1271 4537 1326 4580 et
1372 4529 1697 4579 Ut‘CldCl’llnl.
1730 4527 1879 4582 Unde

306 4602 515 4653 enutriti
539 4609 663 4654 sunt
688 4603 755 4650 ab
787 4597 1036 4661 inimicis,
1064 4603 1121 4650 et
1145 4598 1209 4649 ad
1240 4598 1602 4651 infelicitatem
1657 4601 1879 4663 captivi-

309 4669 428 4722 tatis
458 4671 719 4736 perducti.
749 4669 816 4723 Et
844 4669 963 4722 ideo
992 4666 1238 4721 subditur
1269 4686 1280 4720 :
1313 4667 1562 4721 Contritio
1619 4677 1667 4721 et
1712 4670 1881 4738 infeli-

306 4738 430 4792 citas
449 4742 501 4793 in
528 4744 621 4793 viis
640 4756 838 4803 eorum,
861 4749 908 4790 et
930 4740 1064 4789 viam
1095 4739 1235 4805 pacis
1278 4755 1380 4791 non
1427 4749 1790 4808 cognoverunt.
1819 4740 1875 4793 Si

307 4814 445 4880 enim
475 4812 873 4880 cognovissent,
898 4824 1164 4880 nunquam
1190 4809 1472 4880 Dominum
1503 4809 1686 4875 gloria:
1707 4810 1881 4863 cruci-

310 4878 645 4950 lixissent'(l.
670 4881 788 4933 Cor.
812 4879 915 4949 2.).
947 4878 1067 4950 Non
1096 4889 1166 4932 est
1194 4880 1347 4931 timor
1399 4879 1491 4950 Dei
1538 4889 1654 4931 ante
1704 4880 1879 4932 oculos

308 4963 497 5018 eorum.
528 4948 652 5005 lliec
672 4952 772 5003 fuit
796 4948 985 5004 caussa
1013 4948 1223 5003 duritia:
1263 4950 1438 5003 cordis
1470 4949 1730 5014 ipsorum,
1754 4966 1877 5018 quia

310 5015 588 5075 Dominum
618 5036 722 5074 non
757 5021 1067 5082 timuerunt,
1103 5024 1221 5070 ideo
1276 5020 1675 5071 obduraverunt
1719 5015 1880 5073 corda

306 5088 370 5159 ad
393 5092 739 5151 credendum.
767 5100 821 5145 et
843 5089 1021 5145 evenit
1043 5090 1121 5142 eis
1142 5090 1291 5159 juxta
1323 5090 1463 5159 quod
1494 5090 1748 5155 scriptum
1777 5103 1880 5154 est,

309 5157 401 5229 Qui
431 5172 605 5216 autem
638 5166 831 5215 mentis
859 5171 943 5215 est
963 5157 1366 5222 duric,'corruct
1395 5160 1448 5212 in
1479 5161 1671 5214 malum
1697 5159 1880 5229 (Prov.

308 5227 443 5310 .28.):
475 5234 669 5286 llorum
703 5232 959 5286 malitiam
992 5232 1231 5300 increpat
1285 5234 1540 5300 pmpheta
1561 5270 1576 5294 ,
1600 5227 1721 5285 cum
1752 5236 1881 5285 sub-

330 5304 469 5354 uiiait
488 5321 500 5354 :

330 5313 500 5354 tinuit:

308 5313 324 5367 Ι
377 5342 427 5422 ὗῗ
458 5372 645 5427 Nonne
670 5381 972 5438 cogitassent
1020 5387 1193 5425 omnes
1221 5372 1307 5439 qui
1333 5384 1608 5438 operantur
1637 5371 1881 5439 iniquita-

309 5447 423 5511 tem,
455 5447 539 5508 qui
588 5449 833 5495 devorant
877 5443 1071 5511 plebem
1102 5459 1263 5495 meant
1312 5445 1438 5493 sicut
1480 5459 1644 5495 escam
1690 5443 1883 5510 panis?

310 5507 619 5580 Nescieltaiit
648 5512 770 5579 quid
805 5507 1084 5575 faciebant,
1111 5514 1198 5580 qui
1231 5512 1509 5565 Dominum
1540 5507 1880 5567 OCCIdCIIGIIIl.

313 5577 454 5635 Unde
483 5584 596 5652 ipse
623 5577 787 5637 orans
813 5583 889 5635 ait
919 5600 934 5636 :
964 5577 1150 5649 Pater,
1182 5582 1398 5650 ignosce
1448 5585 1575 5649 illis,
1608 5585 1730 5652 quia
1790 5601 1883 5638 ne-

1983 3194 2190 3259 avertat
2217 3186 2542 3259 impietatem
2574 3189 2641 3242 ab
2670 3187 2835 3243 Jacob
2866 3186 3000 3259 (Isa.
3029 3190 3165 3258 57.).
3184 3191 3317 3244 lluic
3346 3186 3545 3244 concor

1983 3257 2094 3317 dat,
2123 3256 2262 3321 quod
2286 3258 2479 3309 dicitur
2503 3274 2515 3309 :

2055 3328 2106 3378 9.
2142 3327 2265 3389 Quis
2293 3326 2434 3379 dabit
2471 3343 2534 3380 ea:
2564 3328 2692 3383 Sion
2721 3329 2944 3382 salutare
2972 3328 3175 3384 Israel?
3212 3347 3327 3383 cum
3356 3346 3566 3383 conver-

1983 3397 2098 3449 terit
2138 3396 2290 3467 Deusi
2319 3398 2667 3467 captivitatem
2696 3398 2855 3467 plebis
2881 3416 3007 3464 suae,
3037 3401 3285 3455 exultabit
3307 3399 3490 3466 Jacob,
3524 3412 3572 3454 et

1983 3468 2238 3521 lwtabitur
2265 3466 2452 3521 Israel.
2483 3470 2584 3523 Per
2603 3469 2771 3541 Jacob
2793 3469 3139 3540 designantur
3191 3482 3483 3541 pugnantes
3512 3481 3569 3525 et

1983 3541 2313 3593 reluctantes
2335 3546 2521 3610 contra
2546 3542 2692 3593 vitia.
2721 3539 2885 3595 Jacob
2913 3539 3057 3595 enim
3091 3539 3449 3610 supplantator
3480 3544 3566 3595 in-

1983 3618 2324 3682 terpretatur.
2358 3610 2459 3662 Per
2482 3609 2639 3665 Israel
2670 3626 2801 3664 vero
2830 3609 3193 3677 intelliguntur
3220 3613 3315 3675 illi,
3340 3616 3427 3682 qui
3446 3622 3569 3682 post

1984 3694 2211 3752 pugnam
2227 3681 2494 3752 vitiorum.
2514 3697 2678 3749 usque
2689 3682 2755 3736 ad
2773 3682 3241 3751 contemplandum
3267 3681 3432 3738 Deum
3448 3681 3570 3752 pro-

1981 3748 2224 3804 fecerunt
2239 3765 2252 3802 :
2268 3750 2517 3819 quoniam
2550 3748 2729 3816 Israel,
2747 3752 2913 3805 Deum
2933 3748 3126 3817 videns,
3147 3755 3364 3809 dicitur.
3382 3748 3567 3821 Quan-

1982 3821 2074 3874 diu
2112 3834 2325 3894 corpus,
2358 3822 2504 3894 quod
2526 3828 2907 3889 corrumpitur,
2939 3834 3195 3894 aggravat
3227 3826 3482 3888 atiitnain,
3510 3834 3566 3877 et

1985 3901 2197 3963 terrena
2229 3891 2543 3963 inhabitatio
2570 3893 2825 3963 deprimit
2870 3891 3088 3948 sensum
3118 3895 3282 3948 multa
3330 3896 3570 3962 cogitan-

1984 3970 2092 4016 tem
2126 3960 2282 4031 (Sap.
2306 3960 2409 4031 9.),
2425 3962 2478 4015 in
2507 3960 2817 4031 captivitate
2836 3978 3043 4019 sumus.
3074 3965 3181 4018 Sed
3202 3979 3320 4017 cum
3341 3960 3570 4017 conver-

1985 4034 2110 4085 terit
2165 4031 2306 4085 Deus
2358 4034 2721 4101 captivitatem
2765 4045 3002 4087 nostram
3056 4036 3219 4101 (quod
3279 4045 3404 4087 tmte
3449 4034 3565 4099 (let,

1982 4101 2198 4173 quando
2228 4103 2579 4170 corruptibile
2607 4105 2707 4158 hoc
2750 4104 2984 4157 induerit
3009 4103 3487 4173 incorruptionem,
3512 4117 3569 4158 et

1982 4171 2217 4243 mortale
2230 4173 2329 4225 hoc
2345 4173 2575 4227 induerit
2592 4170 3286 4243 immortalitatem[l.(.‘or'.1
3299 4170 3423 4242 5.1),
3440 4185 3568 4228 tunc

1983 4241 2082 4295 erit
2103 4242 2362 4295 exultatio
2378 4244 2429 4293 in
2449 4257 2675 4308 corpore
2688 4245 2803 4297 etin
2817 4243 3018 4305 animo,
3035 4241 3117 4296 liis
3137 4244 3226 4311 qui
3250 4241 3569 4311 fuerintspi-

1984 4312 2447 4375 ritualiterlacob,
2464 4313 2512 4363 id
2527 4323 2630 4377 est,
2647 4316 2734 4381 qui
2751 4312 2874 4365 vitia
2891 4312 3370 4381 supplantaverint.
3388 4313 3568 4367 Eterit

1985 4382 2166 4435 laetitia
2192 4383 2242 4434 in
2260 4390 2437 4435 mente
2457 4382 2560 4447 his,
2580 4384 2669 4451 qui
2691 4384 2885 4437 iuerint
2902 4385 3246 4449 spiritualiter
3272 4384 3457 4447 Israel,
3475 4385 3566 4452 qui

1989 4453 2040 4504 in
2061 4468 2243 4507 amore
2272 4463 2326 4506 et
2354 4454 2803 4521 contemplatione
2827 4452 3122 4506 divinitatis
3148 4455 3470 4509 exarserint.
3492 4454 3570 4509 lbi

1912 4499 1958 4557 Ι)
1986 4499 2201 4575 ἰέὶιῖέῖἁέ
2216 4499 2697 4592 ’ίιῖέιὸἕιὶίἦίξῶἷέζ
2720 4499 3569 4593 ’ρἓἦέεἰὲῖὑῖἔῖηόἶί”υἶ’’Ξὲὶῖιῖτὶ

1983 4604 2037 4647 et
2066 4593 2478 4661 contemplativa
2504 4594 2606 4646 vita
2630 4592 2825 4663 gaudio
2857 4592 3168 4648 aeternitatis
3196 4596 3570 4649 remunerabi-

1984 4674 2091 4716 tur.
2120 4663 2193 4716 lbi
2222 4664 2610 4732 proﬁcientium
2641 4677 2695 4719 et
2718 4665 3078 4735 perlectorum
3126 4679 3333 4721 merces
3363 4667 3565 4735 sempi-

1985 4744 2134 4787 terna
2166 4735 2680 4803 recompensabitur.

2395 4826 2693 4904 'riruws'
2723 4847 2969 4905 PSALMI
3010 4847 3143 4906 xw.

2050 4961 2264 5020 Quartus
2282 4960 2502 5010 decimus
2522 4959 2743 5009 Psalmus
2763 4962 3114 5023 praescribitur,
3135 4961 3362 5012 Psalmus
3392 4961 3570 5011 David.

1988 5024 2137 5086 DaVld
2162 5032 2324 5086 autem
2344 5031 2509 5086 noster
2530 5023 2747 5073 Christus
2771 5033 2865 5083 est,
2892 5032 2941 5072 ut
2966 5037 3098 5086 saepe
3120 5025 3350 5073 diximus.
3377 5024 3571 5073 Deinde

1988 5085 2201 5149 legimus
2221 5084 2476 5149 lirExodo,
2499 5087 2615 5149 quia
2639 5086 3003 5149 quartadecima
3039 5084 3127 5134 die
3171 5099 3328 5146 agnus
3356 5086 3573 5149 immolat

1986 5144 2088 5207 tui,
2130 5146 2321 5207 quando
2362 5145 2476 5195 luna
2508 5144 2670 5209 pleua'
2692 5155 2769 5197 est
2794 5148 2975 5205 (and.
3006 5150 3124 5209 12.),
3159 5144 3350 5208 quando
3375 5149 3423 5194 e'i
3448 5144 3574 5194 nihil

1986 5211 2133 5258 deest
2153 5212 2217 5257 de
2242 5208 2444 5256 lumine.
2468 5208 2715 5265 Quaiidani
2742 5222 2865 5271 ergo
2889 5209 3011 5271 lucis
3024 5211 3399 5271 pleuituuinem,
3417 5220 3573 5271 quan-

1989 5273 2097 5318 dam
2125 5272 2315 5318 beatam
2340 5270 2619 5317 satietatem
2640 5272 2780 5318 nobis
2801 5269 3041 5330 Signiﬁcat
3062 5273 3156 5318 iste
3183 5270 3410 5330 psalmus,
3436 5269 3575 5325 cujus

1989 5333 2098 5404 64
2124 5332 2331 5380 intentio
2355 5340 2431 5404 est
2454 5333 2596 5380 nobis
2633 5331 3130 5404 osteiidcreregiam
3164 5332 3311 5404 viain,
3346 5340 3438 5382 una
3484 5340 3574 5404 per

1988 5398 2305 5451 CnFistiauatii
2331 5400 2550 5448 militiam
2588 5402 2843 5449 tendamus
2869 5401 2924 5447 ad
2956 5402 3175 5459 patriam.
3203 5400 3284 5445 Ait
3316 5404 3478 5445 autem
3504 5398 3569 5445 de

1991 5468 2223 5524 perlectis
2242 5465 2480 5527 mandatis
2498 5465 2718 5527 jiistitize,
2746 5463 2926 5527 quibus
2950 5458 3041 5527 nos
3061 5460 3205 5527 docet
3244 5460 3302 5506 ad
3348 5458 3570 5527 cmlestia

1990 5520 2132 5585 posse
2159 5526 2359 5572 introire
2382 5523 2575 5580 (Matth.
2612 5524 2705 5581 l9.)
2729 5537 2738 5569 :
2760 5520 2941 5583 quibus
2975 5522 3120 5567 etiam
3145 5521 3327 5567 minora
3350 5520 3573 5585 adjuiigit

1990 5580 2043 5637 iit
2065 5591 2113 5635 iii
2138 5590 2213 5635 eis
2234 5599 2289 5634 se
2309 5584 2558 5633 inﬁrmitas
2582 5580 2890 5631 inclioaiitum
2911 5593 3157 5628 exercere
3177 5587 3325 5640 atque
3343 5580 3401 5627 ad
3427 5580 3571 5628 altio-

376 5724 401 5753 ⁸
429 5719 595 5774 Antea
648 5717 834 5772 vitiose
882 5726 995 5770 erat
1050 5732 1155 5771 uno
1180 5718 1345 5772 verbo
1399 5719 1702 5783 Provideiis,
1730 5718 1873 5788 quod
1911 5714 2202 5773 emendare
2236 5710 2336 5764 Pro
2365 5709 2563 5763 Judzcis
2593 5725 2658 5763 ex
2692 5708 2986 5776 Augustino
3025 5723 3131 5762 uon
3184 5707 3568 5764 dubitavimus.
