4128 6360
577 330 685 388 ’ἶθὸ

1618 325 1878 380 RUFINO
1916 322 2365 378 PRESBYTEHO
2407 323 2789 381 ASCBIPTUS

3747 318 3842 372 7M

581 446 647 498 ad
677 446 975 501 exercenda
994 445 1133 499 bona
1159 443 1476 513 spiritualia,
1501 440 1565 513 ad
1589 439 1985 513 contemnenda
2014 439 2153 513 lioua
2188 441 2236 495 Α
2263 439 2357 500 ait,
2394 437 2457 513 Et
2501 440 2698 491 clamor
2729 456 2885 513 piens
2926 438 2978 489 in
3029 446 3302 513 conspectu
3343 438 3511 513 ejus:
3555 450 3627 513 tm
3660 437 3850 513 «puppe

582 526 816 570 terrena.
851 519 1073 582 Propter
1103 509 1205 568 hoc
1230 516 1391 568 etiam
1424 512 1726 578 diligendus
1754 519 1837 563 est
1876 509 2156 582 Dominus,

581 589 702 651 quia
737 590 851 656 ipse
872 581 1362 641 estlirmamentum
1405 592 1667 656 nostrum,
1712 582 1764 633 iu
1795 596 1900 656 quo
1940 581 2153 632 firinmu

582 650 985 711 fundat'ueutum
1021 657 1297 714 habemus,
1332 670 1400 706 ne
1430 652 1605 705 ventis
1650 650 2004 704 tentatiouum
2037 665 2157 701 Ino-

579 743 839 782 veatuur:
873 740 925 782 et
955 727 1237 794 refugium,
1267 723 1332 776 ad
1364 738 1522 791 quem
1553 722 1863 787 refugimus,
1894 736 1961 773 ne
1983 721 2036 773 in
2061 723 2159 794 hac

584 801 799 853 miseria
826 792 1145 860 pereamus:
1178 804 1235 849 et
1265 794 1539 856 liberator,
1568 802 1624 845 ut
1653 794 1720 846 de
1759 794 2021 845 servitute
2046 792 2163 843 dia-

580 868 689 920 boli
716 879 770 922 et
802 870 999 937 peccati
1033 882 1127 936 per
1146 881 1267 921 cum
1290 863 1521 931 liberati,
1554 864 1623 917 ad
1648 877 1829 917 veram
1853 863 2157 916 libertatem

578 939 874 994 veniamus.

652 1010 759 1078 74,
796 1009 849 1061 5.
883 1008 1020 1061 Deus
1042 1025 1182 1061 meus
1208 1007 1419 1076 adjutor
1443 1022 1605 1067 meus,
1629 1012 1677 1057 et
1700 1005 1913 1078 sperabo
1944 1004 1997 1056 in
2019 1021 2157 1078 eum.

584 1076 911 1145 Deus—meus,
944 1095 1064 1144 quia
1098 1096 1181 1132 me
1211 1080 1416 1131 creavit
1439 1093 1503 1131 ex
1538 1077 1724 1131 nihilo.
1755 1076 1994 1142 Adjuwr,
2031 1077 2155 1141 quia

579 1167 665 1204 me
686 1150 903 1220 adjuvat
933 1151 983 1203 in
1014 1165 1177 1216 opere
1207 1149 1346 1203 bono
1375 1165 1388 1200 :
1419 1149 1621 1220 etideo
1645 1146 1875 1220 sperabo
1919 1148 1972 1197 in
1995 1163 2154 1220 _eum,

580 1238 673 1286 per
701 1217 858 1286 quem
886 1220 1137 1273 salvalior
1166 1220 1217 1271 in
1255 1222 1451 1273 futuro.
1486 1219 1597 1271 Hoc
1626 1217 1658 1271 d
1685 1227 1789 1269 stat
1818 1218 1957 1269 inter
1995 1217 2157 1270 Deum

577 1305 627 1345 et
660 1292 963 1355 Dominum,
988 1290 1127 1358 quod
1162 1291 1301 1345 Deus
1325 1305 1520 1342 nomen
1544 1298 1627 1341 est.
1656 1298 1879 1347 naturae,
1907 1297 1959 1340 et
1980 1288 2157 1339 Domi-

580 1378 679 1414 nus
703 1378 897 1416 nomen
928 1374 1009 1414 est
1032 1361 1219 1414 ollicii.
1250 1361 1381 1415 Illud
1409 1360 1634 1423 pertinet
1661 1360 1725 1411 ad
1751 1358 2082 1424 majestatem
2104 1368 2161 1413 et

574 1433 907 1498 dignitatem,
939 1449 1054 1501 qua!
1089 1432 1204 1495 ipse
1240 1440 1362 1485 est:
1398 1431 1501 1485 hoc
1537 1432 1767 1497 pertinet
1808 1431 2157 1501 adpotesta-

577 1513 683 1556 tem
726 1512 782 1557 et
806 1500 1098 1556 dominium
1131 1504 1271 1568 quod
1304 1502 1354 1555 iu
1390 1502 1545 1554 nobis
1588 1508 1823 1553 exi-reet.
1872 1500 1941 1551 lbi
1974 1508 2156 1553 osten-

574 1574 720 1627 ditur
766 1575 921 1628 nobis
972 1574 1097 1641 quid
1158 1587 1420 1634 amemus,
1479 1572 1564 1625 ltic
1590 1579 1765 1623 autem
1794 1570 1918 1639 quid
1962 1572 2156 1623 timea-

578 1661 720 1697 mus.
783 1646 838 1697 In
882 1654 1109 1711 utroque
1138 1643 1265 1710 quid
1311 1642 1632 1708 credamus,
1678 1642 1803 1708 quid
1855 1655 2154 1707 Speremus,

574 1716 701 1782 quid
733 1728 996 1768 amemus.
1032 1714 1096 1767 Et
1125 1715 1175 1766 in
1203 1715 1377 1783 primo
1409 1728 1565 1766 versu
1604 1714 2010 1765 commendatur
2055 1729 2155 1762 tto-

577 1785 660 1839 bis
686 1786 882 1838 caritas
912 1796 967 1838 et
1012 1784 1179 1838 lides:
1234 1785 1287 1838 in
1330 1784 1565 1838 seCundo
1602 1797 1727 1835 vero
1772 1797 1915 1836 sues.
1957 1783 2013 1835 Et
2051 1798 2154 1836 non

576 1855 845 1909 immerito
874 1856 1070 1908 caritas
1100 1856 1289 1921 prima,
1314 1856 1437 1923 quia
1472 1854 1583 1921 ipsa
1616 1865 1696 1906 est
1719 1856 1971 1905 virtutqu
2014 1858 2154 1919 regi-

576 1941 668 1987 ua,
702 1931 811 1993 ipsa
835 1937 917 1980 est
947 1926 1153 1979 initimu
1184 1927 1467 1990 booorum,
1502 1934 1555 1978 et
1580 1924 1726 1977 radix
1750 1924 2152 1977 virtutum.Sed

574 2012 695 2061 quae
716 2005 1034 2066 sequuntur,
1076 2006 1131 2050 et
1157 2010 1275 2066 qum
1322 2011 1420 2049 nos
1464 1996 1700 2049 excitant
1749 1995 1814 2047 ad
1864 1997 2151 2048 amandum

578 2067 767 2128 lteum,
798 2065 801 2066 ⁷
828 2068 1127 2120 audiamus.
1160 2065 1430 2119 Protector
1474 2081 1636 2128 nicas,
1686 2074 1731 2118 et
1761 2082 1917 2117 conm
1967 2066 2154 2117 salutis

576 2154 722 2201 mea,
754 2148 801 2190 et
824 2148 1080 2205 susceptor
1103 2154 1264 2194 meus.
1298 2138 1534 2206 Protegit
1563 2137 1704 2189 enim
1735 2153 1833 2190 nos
1858 2154 1887 2193 a
1906 2137 2079 2195 malis,
2100 2145 2155 2190 et

574 2209 712 2262 sicut
739 2223 905 2263 cornu
930 2210 1148 2273 eminet,
1197 2209 1268 2262 ita
1310 2208 1424 2276 ipse
1470 2207 1713 2260 eminens
1759 2222 1938 2263 nostra
1985 2210 2150 2271 salus,

575 2288 823 2348 tauquam
851 2281 1089 2333 inlirmos
1108 2279 1345 2333 medicus
1373 2279 1438 2332 ad
1470 2278 1786 2342 sanandum,
1831 2296 1926 2332 nos
1970 2292 2152 2331 susce~

574 2347 857 2417 pit.’Unde
884 2350 996 2415 ipse
1028 2350 1192 2404 Filius
1236 2350 1378 2405 bono
1429 2347 1629 2416 pastori
1684 2364 1836 2403 ovem
1889 2351 2153 2403 inlirmam

575 2422 868 2487 t'eportanti
898 2430 1239 2485 comparatus
1270 2432 1349 2472 est
1374 2420 1527 2487 (Luc.
1557 2419 1668 2484 15.)
1698 2437 1710 2470 ε
1741 2430 1792 2473 ct
1820 2422 1959 2483 ideo,

644 2496 698 2544 4.
739 2491 979 2543 Laudatis
1002 2492 1244 2544 invocabo
1270 2490 1567 2553 Dominum,
1600 2499 1646 2542 et
1677 2491 1736 2543 ab
1765 2492 1984 2544 inimicis
2032 2494 2155 2546 meis

575 2560 742 2615 salvus
772 2577 879 2614 ero.
917 2565 1052 2615 ltcce
1076 2570 1272 2627 quanta
1307 2562 1508 2613 utilitas
1540 2563 1756 2614 laudare
1791 2564 1979 2618 Deum.
2004 2562 2056 2613 Si
2102 2576 2157 2617 et

575 2632 627 2685 iu
661 2632 929 2699 prosperis
958 2643 1011 2684 et
1040 2633 1088 2683 in
1121 2632 1362 2686 adversis
1394 2633 1559 2685 Deum
1614 2639 1726 2685 toto
1764 2634 1927 2687 corde
1974 2634 2157 2687 laud..-

576 2704 744 2763 veris,
778 2703 951 2754 mitius
982 2704 1175 2770 poteiit
1204 2700 1299 2756 tibi
1335 2718 1532 2756 nocere
1566 2703 1836 2758 inimicus.
1886 2705 1960 2759 De
1994 2718 2071 2758 tot
2100 2716 2156 2759 et

576 2774 738 2826 tantis
769 2774 921 2825 bonis
950 2788 1069 2841 qum
1090 2774 1329 2841 quotidie
1361 2774 1623 2841 benignus
1648 2773 1901 2827 Dominus
1946 2778 2157 2830 confert

576 2847 749 2907 nobis,
784 2859 889 2896 non
926 2848 1181 2899 habemus
1206 2844 1331 2911 quid
1379 2844 1674 2911 rependere
1714 2846 2002 2913 possimus,
2052 2848 2154 2901 ni-i

576 2914 810 2967 laudem.
861 2915 1142 2969 Geminum
1196 2926 1376 2968 autem
1429 2920 1625 2968 donum
1691 2917 1909 2971 confert.
1953 2920 2154 2973 homini

577 2984 808 3039 laudatio
833 2985 922 3039 Dei
950 3005 961 3037 :
998 2995 1106 3038 tum
1137 2989 1257 3054 quia
1288 2986 1340 3040 in
1374 2986 1525 3039 laude
1554 2988 1784 3041 hominis
1811 2988 1950 3043 Deus
1982 2990 2153 3042 Itono-

576 3065 743 3120 ratur,
777 3066 884 3109 tum
914 3059 1032 3126 quia
1066 3057 1232 3123 ipsius
1263 3058 1457 3111 merito
1507 3058 1679 3115 laudis
1738 3061 1897 3113 homo
1940 3075 1968 3112 a
2002 3060 2155 3114 malis

576 3127 849 3181 liberatur.
880 3128 1028 3182 Unde
1058 3127 1171 3191 ipse
1198 3129 1453 3183 Damiuus
1484 3129 1533 3182 in
1568 3132 1670 3182 alio
1702 3131 1905 3197 psalmo
1940 3147 2038 3184 nos
2060 3133 2157 3185 ad-

576 3208 760 3252 monet
800 3200 1006 3263 dicens,
1061 3198 1279 3253 Immola
1342 3200 1452 3253 Deo
1496 3204 1815 3255 sacrilicium
1868 3203 2058 3266 laudis,
2099 3215 2152 3257 et

575 3268 735 3321 redde
753 3270 1029 3324 Altissimo
1057 3279 1174 3324 vota
1206 3281 1316 3337 tua,
1343 3282 1395 3324 et
1421 3270 1610 3325 invoca
1642 3288 1727 3327 me
1754 3272 1807 3326 in
1831 3273 1917 3328 die
1936 3273 2155 3328 tribula-

574 3338 753 3411 tionis,
781 3351 834 3395 et
862 3356 1045 3394 eruam
1079 3351 1131 3394 te
1153 3341 1324 3411 (Psal.
1366 3342 1507 3403 49.).

644 3409 697 3463 5.
739 3409 1194 3465 Circumdederttut
1215 3430 1295 3467 me
1322 3413 1525 3467 dolores
1554 3415 1750 3468 mortis.
1777 3414 1831 3469 Id
1863 3418 2154 3479 est,1ud:ei

572 3478 871 3553 inferentes
902 3484 1028 3537 mihi
1059 3486 1331 3547 angustias
1361 3486 1644 3553 passionis.
1680 3486 1745 3539 Et
1788 3478 2035 3542 torrentes
2055 3492 2155 3543 ini-

574 3552 780 3627 quitatis
823 3555 1247 3627 conturbauerunt
1280 3552 1409 3627 ipe.-
1430 3557 1550 3625 quia
1597 3572 1725 3612 ecce
1772 3561 1946 3619 turba,
1980 3573 2034 3613 ct
2064 3564 2153 3627 qui

574 3624 866 3697 vocabatur
887 3625 1051 3697 ludas
1080 3628 1221 3679 venit
1241 3624 1455 3697 (Matth.
1479 3628 1569 3681 26.
1601 3627 1722 3682 Luc.
1749 3629 1838 3682 εξ.
1869 3629 2033 3683 Marc.
2065 3624 2153 3686 1'2.

575 3690 729 3766 Joan.
764 3694 900 3765 18.).
934 3696 1091 3749 Venit
1137 3690 1346 3751 torrens
1391 3706 1447 3751 et
1494 3698 1794 3766 iniquorum
1828 3700 2060 3765 impetus
2087 3703 2153 3756 ad

574 3763 958 3831 discipulorum
987 3782 1200 3836 gregem
1241 3763 1691 3827 conturbandum.
1727 3772 1871 3837 quia,
1901 3763 2157 3837 percusso

576 3841 810 3911 pastore,
834 3838 1218 3911 dispergentur
1260 3855 1388 3893 oves
1418 3844 1596 3910 gregis
1626 3840 1872 3908 (Zarhar.
1908 3839 2046 3911 13.).

645 3908 697 3959 6.
735 3907 860 3982 _l)olt
879 3925 956 3961 res
1000 3909 1187 3982 inferni
1228 3907 1679 3982 circutttded‘erunt
1703 3928 1800 3963 me.
1835 3911 1888 3964 Id
1920 3907 2021 3975 est,
2055 3914 2153 3982 illi,

574 3991 709 4050 quos
734 3977 1021 4034 infernales
1059 3977 1284 4035 dolores
1315 3991 1623 4049 expectant.
1661 3977 2157 4050 l’rwoccuparerunt

573 4064 661 4101 me'
690 4048 860 4119 laquei
892 4053 1067 4106 mortis
1092 4066 1111 4105 :
1138 4053 1260 4121 quia
1290 4048 1412 4106 cum
1442 4054 1629 4120 gladiis
1655 4064 1710 4106 et
1740 4048 1968 4107 fustibus
1998 4056 2155 4109 undi-

572 4133 676 4197 que
702 4135 1125 4197 supervenerunt
1156 4122 1374 4190 (Matth.
1405 4121 1699 4197 26.51am.
1851 4122 1983 4180 Luc.
2012 4124 2153 4197 9.2.).

573 4192 766 4260 Laquei
788 4195 961 4246 mortis
989 4193 1106 4249 ideo
1130 4197 1404 4257 dicuntur,
1426 4196 1545 4263 quia
1569 4194 1853 4248 diabolica:
1883 4192 2157 4263 deceptio-

574 4280 671 4318 nes
699 4265 752 4317 in
781 4264 860 4318 eis
882 4275 1055 4318 erant.
1086 4266 1189 4320 Sed
1214 4281 1242 4317 a
1275 4267 1438 4318 tantis
1466 4266 1895 4330 persecutoribus
1921 4270 2155 4322 circum-

573 4335 751 4403 datus,
787 4344 863 4388 tot
907 4338 1183 4390 doloribus
1223 4344 1277 4388 et
1314 4336 1809 4402 perturbationibus
1838 4348 2153 4405 occupatus,

574 4408 661 4460 ille
692 4408 779 4473 qui
812 4421 1002 4461 omnes
1032 4423 1138 4460 uno
1167 4405 1333 4459 verbo
1367 4416 1575 4469 poterat
1603 4408 1986 4471 condemnare,
2014 4417 2068 4462 et
2097 4426 2157 4466 se

573 4478 639 4532 ab
666 4477 811 4533 omni
841 4478 1083 4543 anguStia
1115 4478 1363 4533 liberare.
1390 4479 1512 4540 quid
1544 4476 1751 4542 fecerit,
1779 4481 2083 4532 audiamus.

644 4551 699 4602 7.
740 4546 805 4630 In
834 4549 1166 4641 tgibulatione
1188 4548 1449 4641 linvocaviI
1476 4546 1752 4641 Domim't‘m
1791 4562 1837 4601 et
1883 4551 1951 4603 ad
1986 4548 2156 4605 Deum
2190 4580 2237 4641 ο

571 4619 812 4690 clamavi.
846 4618 960 4672 Non
989 4635 1049 4673 se
1080 4619 1332 4690 vindicat,
1357 4618 1450 4672 sed
1481 4629 1636 4690 orat,
1670 4620 1837 4675 Docet
1863 4632 1914 4675 te
1946 4623 2154 4690 patien-

574 4690 702 4743 tiam
734 4689 1026 4755 imperator
1053 4698 1194 4743 tuus.
1227 4689 1281 4741 Si
1317 4701 1367 4741 te
1404 4689 1736 4744 circumdant
1762 4689 1975 4746 dolores
2006 4709 2153 4747 mor-

575 4760 661 4831 tis,
696 4759 1123 4831 perturbationes
1155 4760 1473 4827 iniquitatis,
1504 4761 1723 4815 attende
1746 4772 1940 4828 quanta
1973 4773 2157 4831 pertu-

576 4830 696 4881 lerit
725 4830 1011 4900 Iledemtor
1038 4844 1177 4891 tuus,
1204 4841 1256 4881 et
1286 4832 1533 4899 exemplo
1554 4832 1668 4898 ejus
1689 4833 1865 4885 omnia
1890 4836 2155 4900 patienter

575 4900 802 4953 Sustine.
837 4898 980 4954 Intus
1009 4902 1058 4953 in
1089 4900 1249 4953 corde
1280 4910 1369 4953 tuo
1402 4898 1589 4954 invoca
1624 4898 1929 4967 Dominum,
1962 4915 2015 4958 et
2043 4914 2152 4959 toto

575 4972 754 5022 cordis
782 4970 975 5041 allectu
1008 4976 1178 5023 clama
1229 4972 1292 5021 ad
1341 4971 1504 5041 Deum
1551 4979 1720 5041 tuum.
1776 4974 1829 5027 lu
1863 4978 1975 5041 ipso
2007 4981 2148 5030 enim

576 5048 659 5093 est
681 5040 916 5107 polentia
948 5050 1002 5093 et
1029 5041 1280 5093 divinitas
1307 5039 1526 5109 (Co/oss.
1553 5040 1654 5108 2.).
1685 5044 1702 5095 l
1730 5045 1831 5096 nde
1861 5039 2047 5097 merito
2073 5046 2154 5099 ili-

577 5114 713 5162 t‘itur
746 5110 999 5164 Dominus
1029 5120 1083 5162 et
1120 5112 1255 5162 Deus
1281 5128 1294 5159 :
1320 5111 1472 5177 cujus
1501 5112 1791 5164 dominium
1822 5126 1874 5166 et
1900 5115 2153 5169 divinita-

579 5182 645 5232 tis
688 5180 971 5246 imperium
1005 5189 1175 5246 potest
1205 5196 1491 5242 Oppressos
1539 5181 1747 5247 eripere
1790 5185 1856 5237 ah
1886 5189 2028 5237 muni
2064 5190 2158 5239 tri-

576 5250 868 5305 bulatione.
899 5250 1048 5305 Unde
1078 5254 1332 5319 scriptum
1362 5261 1464 5312 est,
1488 5251 1560 5304 De
1588 5267 1905 5321 quacunque
1937 5259 2157 5311 trilmla-

579 5324 722 5375 tione
747 5324 1095 5376 clamaveriut
1123 5327 1186 5373 ad
1212 5338 1317 5384 uie,
1351 5323 1467 5384 erip
1492 5337 1575 5375 am
1604 5339 1717 5379 eos.
1744 5324 1871 5378 dicit
1901 5326 1943 5378 D
1970 5330 2158 5383 minus

581 5393 793 5457 (Jerem.
823 5394 959 5463 εει).
1007 5394 1148 5446 Bene
1194 5409 1321 5461 ergo
1364 5396 1629 5455 subditur,
1683 5394 1749 5447 Et
1796 5398 2053 5450 etaudirit
2097 5404 2159 5453 de

577 5466 765 5535 templo
786 5476 961 5541 sancto
979 5481 1072 5541 suo
1094 5480 1271 5541 vorent
1292 5481 1452 5515 meam
1478 5478 1495 5515 :
1519 5472 1565 5541 et
1594 5466 1787 5541 clamor
1809 5484 1947 5521 meus
1975 5472 2079 5541 75
2108 5474 2158 5521 in

574 5548 843 5602 mnspecttt
867 5537 977 5603 ejus
1010 5536 1232 5587 introivit
1256 5536 1305 5587 in
1331 5550 1482 5586 intres
1504 5535 1631 5603 ejus.
1658 5537 1932 5601 'l'cmplum
1963 5535 2159 5595 ιῖυἶεθι

576 5611 844 5660 ιλιιτικιιιε.
896 5608 1174 5671 'l'eu-plnut
1231 5605 1321 5659 Dei
1368 5615 1449 5658 est
1482 5605 1739 5659 Ecclesia.
1793 5610 1923 5662 llinc
1965 5611 2160 5664 Paulus

576 5685 669 5748 ait,
692 5676 971 5748 Teiitpltuu
1001 5677 1093 5729 Dei
1118 5687 1360 5729 sanctum
1384 5687 1484 5739 est,
1506 5677 1644 5739 quod
1668 5682 1795 5740 estis
1820 5696 1912 5733 vos
1935 5684 1981 5748 (l
2035 5684 2154 5735 (Lor.

577 5742 629 5815 5.
662 5756 709 5798 et
738 5742 841 5801 6.).
891 5747 1001 5799 llnc
1030 5748 1306 5815 spirituale
1339 5750 1590 5809 templum
1628 5748 1885 5803 inlialiitat
1917 5742 2076 5809 Dens.
2108 5763 2161 5803 et

552 5814 648 5884 (ibi
678 5817 1077 5883 deprecantium
1113 5833 1271 5871 vaecs
1301 5818 1532 5872 exaudit.
1584 5820 1647 5873 Et
1694 5824 1985 5876 notandum
2020 5824 2159 5891 quod

2265 511 2522 563 orandum
2556 520 2659 573 est,
2692 509 2778 562 tibi
2804 510 3009 562 videlttl'
3037 506 3195 560 Deus.
3222 505 3347 561 ldeo
3375 506 3571 560 dicitur
3591 506 3647 560 in
3681 507 3853 563 Evam

2263 581 2425 645 gelio,
2452 580 2531 633 Tu
2572 592 2749 633 autem
2798 596 2920 633 cum
2970 579 3231 643 oraveris,
3263 579 3401 631 intra
3451 578 3503 630 in
3549 579 3848 635 cubiculum

2266 659 2435 715 lttllm,
2458 662 2511 704 et
2531 652 2717 705 clauso
2733 653 2873 704 ostio
2895 666 2987 705 ora
3015 650 3226 703 Patrem
3252 657 3397 702 tuum
3421 648 3476 702 in
3502 649 3848 705 abscondito:

2263 731 2316 772 et
2347 721 2501 775 Pater
2545 730 2664 774 titus
2705 724 2793 787 qui
2844 721 2990 776 videt
3034 720 3085 772 iu
3132 720 3475 781 abscondito,
3521 719 3711 773 reddet
3759 725 3850 776 tibi

2263 790 2480 859 (Matth.
2504 793 2604 859 6.).
2636 793 2728 847 Sic
2762 795 2938 859 itaque
2967 790 3229 847 debemus
3258 791 3519 855 clamare,
3549 801 3605 843 ut
3648 792 3849 845 clamo-

2265 877 2378 916 rem
2429 873 2669 917 nostrum
2702 864 2877 916 vid-at
2908 862 3188 926 Dominus,
3219 870 3379 925 atque
3426 862 3479 915 in
3530 876 3689 915 aures
3737 863 3851 931 ejus

2265 932 2493 986 introeat
2522 935 2644 1001 :qui
2680 935 2861 999 utique
2889 935 3094 987 clamor
3119 948 3223 985 non
3254 939 3358 984 tam
3386 933 3536 986 vocis
3566 945 3669 994 est,
3695 950 3847 994 quam

2263 1005 2460 1056 contis.
2482 1004 2632 1058 Unde
2648 1004 2812 1073 Moysi
2830 1003 2884 1059 di
2910 1006 3047 1066 itur,
3067 1002 3202 1068 Quid
3230 1003 3431 1056 clamas
3454 1003 3522 1055 ad
3545 1017 3632 1055 me
3655 1001 3845 1067 (Exod.

2266 1074 2412 1138 14.)?
2441 1076 2633 1129 Mentis
2676 1085 2872 1129 tiostrze
2922 1074 3249 1128 desiderium
3296 1073 3502 1126 clamor
3531 1084 3613 1125 est
3645 1074 3697 1127 in
3729 1091 3850 1128 con-

2263 1158 2448 1210 Spectu
2487 1149 2597 1200 ltei.
2631 1146 2735 1199 Sed
2768 1147 2893 1213 quid
2920 1146 3113 1200 deinde
3144 1154 3421 1209 sequatur,
3451 1145 3755 1198 audiamus.

2334 1219 2385 1269 8.
2443 1217 2705 1269 Commo'a
2752 1228 2827 1269 est
2872 1225 2918 1270 et
2964 1218 3264 1270 contremuit
3312 1217 3849 1283 terra:fundamenta

2264 1290 2510 1339 uiantium
2554 1288 2854 1341 conturbata
2894 1298 3031 1352 sunt,
3065 1299 3111 1340 et
3150 1294 3400 1339 commota
3448 1296 3586 1350 sunt,
3613 1290 3850 1355 quoniam

2262 1357 2424 1410 iratus
2456 1369 2527 1411 est
2556 1362 2647 1411 eis.
2681 1359 2736 1411 Si
2773 1363 2870 1410 hoc
2903 1360 3053 1425 juxta
3100 1360 3309 1411 literam
3340 1357 3660 1421 accipimus,
3699 1375 3850 1424 passo

2264 1427 2492 1483 Domino
2531 1440 2686 1484 terra:
2718 1442 2894 1483 motus
2928 1443 3151 1495 magnus
3198 1428 3367 1480 lactus
3409 1436 3511 1487 est,
3546 1438 3600 1480 et
3628 1443 3727 1482 suo
3755 1446 3847 1483 au-

2262 1500 2397 1551 ctori
2430 1502 2795 1554 testimonium
2839 1499 3105 1554 dederunt
3144 1500 3305 1551 etiam
3356 1497 3471 1564 ipsa
3518 1498 3847 1555 insensibili:

2262 1570 2526 1624 elementa
2560 1570 2770 1641 (Matth.
2800 1571 2939 1639 ‘27.).
2979 1569 3031 1624 Si
3066 1579 3242 1623 autem
3284 1584 3379 1631 per
3409 1579 3608 1641 terram
3645 1578 3847 1625 terrena

2261 1639 2772 1706 carnalium‘corda,
2798 1653 2852 1695 ct
2884 1657 2977 1709 per
3008 1641 3349 1695 fundamenta
3383 1639 3675 1703 montium,
3705 1646 3845 1707 priu-

2260 1713 2407 1775 cipes
2439 1713 2785 1780 intelligimus
2815 1713 3131 1781 populorum
3158 1728 3171 1762 :
3197 1712 3320 1777 quia
3361 1711 3605 1763 videlicet
3640 1712 3691 1763 in
3727 1714 3848 1775 ipsis

2264 1782 2614 1837 ﬁrmabantur
2663 1786 2865 1848 caeteri,
2903 1794 3155 1851 tauquam
3192 1783 3243 1835 in
3295 1782 3676 1840 fundamentis,
3706 1799 3845 1847 post-

2260 1868 2419 1920 quam
2473 1855 2890 1921 praedicantibus
2940 1853 3211 1914 Apostolis
3262 1854 3394 1906 iram
3454 1867 3514 1905 se
3566 1852 3847 1907 incurrisse

2258 1924 2640 1991 omnipotentis
2674 1926 2765 1978 Dei
2795 1935 3161 1990 cognoverunt
3190 1923 3327 1977 (Act.
3360 1921 3439 1991 5.)
3462 1968 3476 1988 ,
3510 1938 3578 1976 ex
3615 1940 3681 1976 eo
3711 1929 3843 1991 quod

2259 1992 2450 2047 Filium
2502 1998 2621 2063 ejus
2669 1998 3075 2059 crucilixerunt,
3112 1994 3413 2048 conturbati
3466 2002 3522 2046 et
3569 1998 3841 2048 conterriti

2259 2077 2477 2133 propter
2498 2069 2730 2136 culpam,
2752 2070 2931 2119 statim
2950 2065 3202 2119 commoti
3228 2075 3349 2117 sunt
3366 2064 3431 2116 ad
3456 2069 3842 2133 pilanitentiam.

2258 2136 2359 2201 Qui
2394 2138 2549 2191 Petro
2579 2155 2673 2192 eos
2703 2139 3037 2206 increpante,
3071 2147 3320 2203 tanquam
3350 2137 3606 2188 commoti
3647 2137 3844 2190 dixisse

2261 2208 2590 2272 referuntur,
2640 2209 2746 2262 Viri
2802 2208 3015 2271 fratres,
3065 2207 3190 2275 quid
3239 2206 3494 2259 faciemus
3542 2207 3682 2276 (Act.
3727 2208 3845 2269 2.)?

2256 2276 2458 2343 Quibus
2485 2281 2667 2332 datum
2699 2289 2784 2333 est
2811 2280 3113 2341 collsilium,
3135 2288 3191 2331 ut
3218 2291 3310 2345 per
3326 2280 3744 2346 regenerationis
3774 2281 3845 2333 la-

2259 2364 2474 2404 vacrum
2504 2348 2873 2405 remissionem
2906 2350 3207 2415 reciperent
3234 2360 3593 2415 peccatorum.

2330 2422 2381 2473 9.
2428 2422 2499 2475 De
2523 2422 2716 2489 quibus
2761 2424 2934 2475 adhuc
2974 2419 3238 2482 subditur,
3310 2420 3548 2489 Ascendit
3584 2420 3751 2488 fumus
3794 2424 3843 2476 in

2257 2492 2337 2543 ira
2358 2494 2493 2562 ejus,
2524 2488 2570 2543 et
2589 2492 2720 2559 ignis
2740 2510 2771 2543 a
2792 2493 2925 2553 facie
2953 2493 3062 2561 ejus
3093 2492 3283 2543 exarsit
3310 2488 3593 2562 :carbones
3620 2497 3846 2547 δυσαριιό

2258 2559 2461 2615 εωιιάὺ
2490 2579 2568 2614 eo.
2613 2564 2749 2628 Quid
2784 2564 2945 2617 iacies
2972 2559 3112 2630 ejus,
3146 2561 3246 2614 nisi
3287 2559 3574 2615 notitiam?
3600 2562 3734 2626 Quid
3764 2565 3841 2617 l'u-

2260 2650 2378 2686 tuus
2400 2635 2487 2700 qui
2520 2635 2783 2702 lacrymas
2811 2635 3027 2699 excitat,
3060 2634 3157 2685 nisi
3191 2631 3544 2701 lacrymosam
3578 2634 3841 2701 pmoiten-

2259 2704 2401 2776 tium
2420 2705 2885 2771 compunctionem
2909 2702 3477 2776 tlesigtiat?]‘itiietites
3506 2704 3640 2776 iram
3675 2707 3839 2776 lacry.

2258 2778 2360 2828 tnis
2392 2775 2631 2828 laverunt
2661 2776 2890 2842 culpam.
2926 2775 2991 2828 Et
3022 2775 3161 2827 unde
3202 2771 3368 2825 Deum
3420 2790 3515 2841 per
3553 2774 3711 2829 [idem
3752 2771 3841 2829 nn.

2255 2855 2470 2909 verunt,
2501 2846 2625 2900 inde
2653 2857 2876 2914 accepto
2896 2846 3087 2914 spiritu
3129 2846 3181 2897 in
3215 2844 3330 2911 ejus
3368 2859 3558 2900 amore
3611 2858 3842 2902 suaviter

2258 2927 2526 2971 arserunt.
2563 2918 2631 2969 Et
2664 2917 2731 2970 ab
2753 2933 2818 2971 eo
2850 2917 3097 2970 succensi
3131 2923 3279 2977 sunt,
3311 2924 3369 2967 ut
3396 2917 3649 2971 ardentes
3697 2920 3835 2971 exis-

2261 2998 2398 3052 tant,
2423 2989 2512 3055 qui
2546 2989 2692 3055 prius
2712 2998 3022 3055 peccatores
3052 2988 3104 3040 in
3125 3001 3287 3041 carne
3315 2995 3566 3052 tanquam
3585 2988 3842 3043 carbones

2260 3058 2313 3111 in
2344 3059 2527 3112 cinere
2560 3060 2751 3111 mortui
2772 3058 3044 3127 jacebant.
3076 3058 3153 3112 Ex
3181 3057 3263 3110 his
3284 3072 3412 3126 ergo
3431 3058 3610 3112 verbis
3630 3061 3840 3113 instrui-

2261 3145 2403 3193 mur,
2429 3131 2550 3197 quia
2572 3144 2667 3195 per
2695 3129 3167 3196 compunctionem
3200 3129 3335 3196 ignis
3358 3128 3571 3182 divinus
3600 3134 3840 3184 accendi-

2181 3197 2226 3259 C
2261 3208 2365 3265 tur,
2396 3201 2483 3268 qui
2516 3198 2768 3254 interiora
2798 3202 2991 3253 mentis
3011 3199 3296 3263 illuminat,
3316 3210 3474 3267 atque
3502 3208 3843 3268 peccatorum

2260 3271 2593 3341 nigredinem
2654 3271 2869 3336 penitus
2916 3271 3191 3325 devastat:
3237 3283 3440 3341 etquo
3486 3272 3678 3325 ordine
3734 3276 3843 3326 lucc

2260 3339 2396 3396 faeta
2427 3349 2573 3407 sunt,
2604 3355 2725 3409 qua:
2752 3341 3140 3411 praedicuntur,
3174 3339 3353 3394 verbis
3378 3345 3726 3412 sequentibus
3756 3361 3843 3398 ce-

2260 3422 2604 3466 lﬂOﬂSll‘ﬂllﬂ'.

2336 3483 2420 3535 10.
2468 3482 2742 3555 Ittclinavil
2772 3484 2924 3537 ctelos
2954 3494 2999 3537 et
3031 3483 3313 3555 descendit,
3339 3493 3385 3537 el
3414 3485 3583 3555 caligo
3644 3487 3736 3538 sub
3763 3504 3844 3552 pe-

2258 3555 2410 3626 dibus
2440 3558 2573 3626 ejus.
2627 3553 2780 3626 Prius
2815 3565 3045 3626 sanctos
3067 3564 3121 3607 et
3151 3554 3355 3626 electos
3376 3553 3532 3626 viros
3558 3557 3624 3611 ad
3657 3560 3842 3625 prmdi-

2260 3623 2488 3677 candum
2520 3626 2633 3691 ejus
2660 3625 2913 3679 humilem
2955 3628 3243 3679 adventum
3281 3642 3310 3674 ιι
3334 3623 3441 3690 isit,
3486 3643 3624 3695 quos
3654 3623 3846 3682 deinde

2259 3706 2520 3762 sequutus
2561 3710 2655 3760 per
2682 3697 3027 3761 semetipsum
3060 3695 3359 3749 de~cendit.
3416 3695 3649 3752 Verbum
3703 3701 3839 3752 enim

2259 3781 2386 3820 caro
2416 3770 2607 3819 tactum
2637 3777 2743 3829 ost,
2765 3777 2816 3819 et
2849 3766 3100 3820 habitavit
3129 3767 3179 3819 in
3210 3764 3363 3819 nobis
3397 3765 3574 3835 (Joan.
3611 3770 3711 3833 1.).
3741 3769 3843 3824 Un-

2260 3836 2327 3889 de
2350 3847 2527 3889 autem
2560 3837 2773 3890 humilis
2804 3842 2854 3890 in
2883 3853 3044 3892 carne
3083 3838 3353 3905 apparuit,
3398 3836 3522 3892 inde
3555 3840 3846 3906 principem

2262 3907 2605 3980 tenebrarum
2638 3908 2944 3980 omnimoda
2970 3908 3304 3975 aulijectioue
3328 3912 3644 3977 prostravit,
3690 3925 3845 3980 atque

2261 3979 2489 4030 eundem
2525 3979 2776 4032 Ecclesiae
2820 3992 2933 4032 sua:
2983 3979 3430 4046 prosterncudum
3482 3981 3648 4034 dedit.
3706 3979 3852 4037 Ullth

2260 4048 2552 4121 Apostolus
2575 4050 2671 4121 ait,
2700 4049 2956 4121 Dominus
2981 4058 3223 4103 conteret
3246 4050 3538 4121 Sathanam
3571 4054 3672 4108 sub
3704 4054 3848 4121 pedi-

2260 4119 2359 4192 bus
2391 4118 2585 4192 vestris
2606 4118 2783 4192 (Rom.
2812 4118 2924 4189 16.)
2946 4121 3223 4175 velociter.
3251 4119 3343 4192 |l_|e
3364 4130 3544 4175 autem
3564 4125 3656 4192 qui
3702 4118 3849 4192 paulo

2262 4189 2440 4244 minus
2468 4190 2536 4243 ab
2566 4189 2768 4255 angelis
2799 4193 3096 4245 minoratus
3126 4202 3205 4244 est
3239 4189 3415 4261 (Psal.
3438 4192 3518 4260 ὃ.)
3544 4189 3638 4261 per
3670 4189 3850 4247 huma-

2262 4264 2504 4333 nitatem,
2539 4262 2711 4333 tnulto
2750 4263 3032 4316 sublimior
3062 4264 3273 4333 angelis
3314 4262 3620 4333 declaratus
3648 4277 3727 4319 est
3762 4282 3849 4333 per

2260 4331 2592 4456 gilvitiitatetu
2627 4330 2823 4400 (Hebr.
2876 4335 2927 4387 1.
2976 4343 3022 4387 et
3063 4333 3117 4386 2.
3146 4330 3368 4387 Ὀοιοδε.
3400 4332 3505 4403 2.).
3549 4337 3701 4391 Unde
3726 4330 3849 4391 sub-

2301 4418 2311 4451 Ι
2342 4418 2403 4454 ur
2427 4421 2439 4454 ἶ

2301 4411 2403 4454 lllll‘
2427 4421 2439 4454 :

2337 4473 2495 4527 1|.Et
2516 4476 2743 4530 ascendit
2768 4491 2920 4543 super
2942 4475 3296 4535 Clterubim.et
3324 4478 3595 4532 volavitJu
3618 4494 3685 4533 eo
3714 4481 3852 4534 enim

2262 4544 2406 4618 quod
2434 4546 2704 4618 Deusest,
2740 4549 3160 4618 ipsasaugelicas
3182 4548 3292 4618 76
3313 4549 3601 4617 dignitates
3633 4552 3852 4617 plenitu-

2265 4616 2389 4688 diue
2407 4616 2644 4670 scientiw
2657 4619 2948 4685 superavit.
2974 4617 3171 4672 l'olavit
3193 4616 3344 4687 super
3356 4616 3553 4688 pennas
3571 4616 3854 4676 ventorum:

2264 4687 2386 4755 quia
2415 4689 2732 4743 celsitudine
2770 4704 2880 4741 sine
2911 4689 3205 4742 divmitatis
3248 4687 3584 4744 transcendit
3630 4696 3853 4746 virtutes

2264 4773 2617 4825 supernorum
2661 4761 2991 4827 spirituum:
3034 4760 3120 4812 cui
3179 4762 3322 4813 enim
3367 4765 3684 4829 angelorum
3728 4766 3853 4816 dixit

2262 4832 2553 4896 aliquando
2585 4833 2742 4894 Deus,
2774 4831 2915 4884 Sede
2944 4850 2969 4881 τι
3001 4832 3205 4884 dextris
3228 4832 3382 4896 meis,
3411 4841 3529 4896 aut,
3554 4834 3668 4900 Ego
3701 4834 3852 4887 hodie

2261 4900 2419 4967 genui
2453 4910 2502 4953 te
2535 4899 2884 4972 (Ilebr.r1.)?
2923 4904 3096 4969 Super
3139 4918 3339 4968 pennas
3389 4918 3519 4972 ergo
3572 4899 3849 4957 ventorqu

2262 4987 2328 5024 vo
2350 4972 2479 5037 avit,
2512 4976 2634 5039 quia
2664 4971 2812 5024 solus
2853 4973 3041 5027 sedere
3088 4976 3155 5026 ad
3200 4971 3477 5026 dexteram
3534 4974 3712 5029 Patris
3744 4992 3852 5031 me-

2263 5054 2390 5096 l'tlll.

2339 5111 2425 5165 12.
2462 5110 2530 5164 Et
2554 5113 2720 5177 posuit
2745 5112 2974 5164 tenebras
3001 5111 3272 5167 latibulum
3294 5132 3468 5168 suum.
3501 5116 3722 5171 Scilicet
3748 5116 3853 5183 (Ex

2268 5184 2578 5253 Augustino)
2630 5184 3008 5253 obscuritatem
3050 5198 3535 5251 sacramentorum,
3590 5197 3645 5241 et
3674 5191 3853 5243 occul-

2266 5268 2372 5308 tam
2404 5267 2551 5320 spem
2578 5254 2628 5305 in
2659 5252 2821 5306 corde
2846 5253 3181 5308 credentium
3210 5275 3222 5310 :
3255 5256 3344 5310 ubi
3369 5259 3483 5323 ipse
3514 5261 3731 5320 lateret,
3760 5274 3854 5313 nec

2258 5341 2394 5398 suos
2449 5324 2744 5398 desereret.
2800 5326 3103 5379 Latibulum
3151 5342 3304 5380 suum
3357 5330 3609 5382 tenebras
3662 5334 3851 5398 posuit,

2263 5397 2387 5462 quia
2418 5396 2634 5447 etelesle
2662 5408 2813 5445 suum
2844 5407 3240 5451 sacramentum
3266 5400 3417 5451 uoltis
3451 5400 3501 5451 in
3527 5396 3855 5455 ohsehritme

2263 5466 2566 5537 constituit.
2599 5464 2741 5537 illnc
2765 5474 2847 5537 est
2887 5466 3029 5537 quod
3067 5482 3465 5523 sacramentum
3513 5474 3761 5537 corporis
3806 5479 3855 5524 et

2263 5534 2540 5604 sanguinis
2588 5534 2784 5609 (ibi-isti
2827 5536 3063 5609 quotidie
3108 5549 3398 5609 tractamus
3442 5534 3661 5607 (1.Cor.
3698 5543 3853 5609 15.):

2266 5623 2368 5659 nec
2403 5614 2578 5655 tamen
2602 5605 2805 5679 lucem,
2851 5606 3209 5679 neegloriam
3240 5609 3377 5679 tjus,
3410 5605 3458 5676 q
3483 5626 3568 5663 aut
3604 5612 3711 5667 ﬁde
3740 5605 3855 5665 cre-

2266 5678 2467 5737 dimus,
2494 5674 2665 5727 oculis
2687 5673 2861 5727 adhuc
2891 5675 3073 5729 videre
3096 5673 3351 5732 valemus.
3375 5673 3440 5733 ln—
3458 5684 3693 5735 tenebris
3716 5698 3852 5736 enim

2266 5760 2456 5821 siuuus
2487 5743 2719 5821 quadm
2753 5760 2855 5821 per
2893 5745 3053 5821 iidem
3102 5752 3460 5821 ambulamus,
3510 5765 3562 5805 et
3619 5769 3723 5805 nun
3766 5768 3853 5820 pe:

2268 5813 2501 5887 speciem
2534 5818 2611 5883 (1.
2646 5813 2764 5870 Cor.
2800 5814 2930 5885 10.).
2975 5815 3038 5873 In
3065 5820 3281 5881 circuttu
3315 5828 3426 5890 eius
3447 5813 3852 5878 tabernaculum
