4128 6360
262 414 366 469 705

1276 412 1341 469 IN
1383 411 1701 470 PSALMOS
1741 412 1930 467 LXXV
1970 412 2532 473 COMMENTARIUS.

3443 413 3547 467 706

260 535 393 599 eius.
435 531 776 587 Multitudine
807 529 947 603 enim
979 531 1307 603 credentium
1328 532 1727 584 circumventus
1749 540 1848 583 est.
1882 530 1928 590 Α
1960 531 2087 586 foris
2137 533 2493 603 increpamur,
2541 534 2756 603 quando
2799 532 3124 603 iuspiramur
3170 535 3332 600 intus,
3376 541 3435 588 ut
3479 539 3545 587 tl-

262 604 434 657 lleete
484 612 665 656 autem
710 601 942 654 Ecclesia
976 602 1026 654 in
1074 600 1171 655 hae
1216 604 1643 667 peregrinatione
1675 604 1843 668 posita

260 676 507 729 taberuai
530 676 675 727 ulum
697 673 787 727 Dei
806 672 1018 736 dicitur,
1046 674 1165 735 quia
1192 673 1595 725 tabernaculum
1624 687 1728 724 non
1764 672 1851 723 ha-

259 746 350 798 bet
413 744 840 803 fundamentum,
897 752 980 795 est
1042 752 1219 796 autem
1284 742 1623 795 militantium
1690 750 1850 809 atque

260 815 680 869 transeuntium.
719 814 782 866 Et
812 814 1098 878 Apostolus
1148 813 1305 872 dixit.
1353 812 1483 876 Quia
1532 828 1636 864 non
1684 812 1850 866 habe-

262 900 383 939 mus
419 885 507 938 hie
538 892 839 937 manentem
869 884 1161 945 civitatem,
1206 883 1302 936 sed
1348 882 1576 936 futuram
1626 884 1848 951 inquiri-

263 973 382 1008 mus
417 954 607 1024 (Hebr.
642 954 776 1021 13.).
838 952 1125 1007 Tenebrosa
1170 969 1303 1022 aqua
1342 956 1395 1006 in
1448 953 1662 1024 nubibus
1690 954 1846 1008 aeris.

261 1026 396 1090 Quia
425 1021 653 1079 Obscura
682 1034 763 1076 est
812 1024 1037 1078 scientia
1089 1026 1138 1077 in
1181 1023 1473 1091 prophetis,
1523 1021 1613 1092 qui
1655 1026 1851 1078 merito

265 1098 440 1150 nubes
466 1096 608 1151 aeris
624 1094 976 1161 appellantur.
1005 1096 1127 1164 quia
1152 1097 1201 1147 in
1228 1095 1530 1149 caelestibus
1557 1095 1845 1149 snstolluu-

267 1176 353 1219 tur
384 1181 480 1235 per
511 1167 674 1218 vitam
707 1174 761 1218 et
785 1166 836 1218 iu
871 1167 989 1218 imis
1036 1166 1257 1218 fundunt
1290 1166 1483 1233 pluvia:
1528 1164 1848 1219 doctrinam.

268 1237 506 1291 Primum
531 1236 743 1305 quidem
769 1237 818 1289 in
843 1237 1043 1289 sanctis
1069 1237 1309 1305 patribus
1325 1240 1585 1289 obSt-urus
1610 1235 1706 1288 fuit
1725 1250 1846 1289 ser-

268 1324 357 1360 mo
384 1307 617 1360 divinus.
650 1308 809 1360 'l‘ecta
834 1317 984 1360 erant
1014 1306 1189 1359 omnia
1222 1308 1322 1359 sub
1374 1307 1539 1373 figura
1570 1316 1624 1360 et
1664 1307 1849 1360 umbra

268 1376 457 1447 (Hebr.
494 1378 627 1443 10.).
664 1376 905 1447 Nondum
959 1387 1074 1431 erat
1114 1378 1335 1447 spiritus
1367 1376 1431 1429 ad
1466 1378 1854 1431 manifestatio-

268 1446 390 1501 nem
441 1448 620 1513 datus,
668 1449 790 1517 quia
841 1446 998 1501 Jesus
1031 1450 1263 1500 nondum
1316 1446 1484 1500 fuerat
1525 1448 1852 1516 glorificatns

270 1519 454 1587 (Joan.
502 1519 609 1588 7.).
640 1519 743 1572 Sed
775 1518 970 1571 deinde
995 1520 1138 1571 venit
1164 1519 1391 1571 cwlesﬁs
1433 1521 1623 1587 fulgor,
1652 1518 1741 1571 ille
1762 1518 1852 1587 qui

267 1601 351 1644 est
384 1591 471 1642 lus
499 1604 648 1653 vera,
678 1590 766 1657 qui
799 1588 1064 1643 illuminat
1085 1604 1301 1643 omnem
1335 1590 1603 1647 hominem
1630 1590 1853 1643 venien-

270 1669 377 1714 tem
408 1659 461 1712 in
489 1659 631 1714 hunc
658 1659 912 1715 mundum
948 1659 1129 1728 (Joan.
1166 1660 1261 1725 1.).
1296 1660 1542 1713 Removit
1580 1661 1847 1724 tenebras,

268 1731 522 1797 exposuit
545 1731 868 1799 Scripturas,
906 1731 1053 1799 misit
1087 1731 1485 1799 praedicatores.
1519 1731 1850 1786 audientium

268 1802 431 1855 corda
466 1798 736 1855 terruitct
764 1798 1101 1854 illuminavit.
1147 1800 1297 1854 Unde
1326 1802 1572 1854 subditur
1606 1818 1618 1852 :

338 1894 435 1969 15.
467 1892 587 1947 Prae
612 1894 811 1963 fulgore
839 1893 897 1969 in
913 1903 1185 1969 conspectu
1213 1895 1321 1964 ejus
1342 1895 1498 1969 nubes
1519 1897 1849 1969 transierunt,
1884 1911 1932 1969 Β

269 1963 466 2035 grando
493 1974 543 2018 et
590 1969 830 2017 carbones
881 1964 1034 2034 ignis.
1070 1963 1184 2017 Pra:
1216 1963 1579 2033 magnitudine
1629 1968 1853 2035 fulgoris

268 2036 472 2106 quiest
528 2036 579 2088 in
632 2035 1404 2106 conspectumanifesmtionis
1462 2036 1606 2106 ejus,
1661 2040 1845 2100 nubes,

269 2104 432 2168 illest,
464 2106 705 2173 Apostoli
734 2106 916 2159 divino
948 2104 1148 2159 lumine
1179 2106 1449 2171 illnstrati,
1480 2104 1509 2161 a
1534 2108 1754 2172 ludteis,
1784 2109 1849 2161 ad

268 2175 470 2231 Gentes
499 2178 861 2247 transierunt;
892 2176 1032 2230 sicut
1056 2179 1313 2244 scriptum
1355 2189 1457 2237 est,
1514 2179 1680 2232 Vobis
1739 2178 1851 2247 pri—

269 2262 417 2318 mum
446 2248 682 2315 oportuit
713 2246 997 2315 praedicari
1026 2263 1246 2317 regnum
1280 2247 1395 2316 Dei,
1424 2251 1516 2303 sed
1544 2250 1666 2318 quia
1699 2246 1854 2316 repu-

270 2317 429 2379 listis,
476 2327 532 2372 et
587 2317 829 2385 indignos
882 2332 977 2371 vos
1025 2319 1224 2371 fecistis
1273 2322 1394 2373 vitae
1442 2317 1680 2385 internae,
1728 2335 1854 2374 ecce

269 2387 634 2443 convertimur
662 2389 729 2441 ad
771 2400 955 2453 gentes
986 2390 1121 2453 (Act.
1165 2387 1298 2458 15.).
1335 2392 1399 2444 Et
1434 2392 1531 2460 ipsi
1576 2402 1699 2445 sunt
1730 2390 1854 2446 facti

273 2461 474 2523 grando
502 2467 561 2513 et
589 2460 853 2514 caihones
902 2460 1059 2528 ignis,
1091 2461 1391 2525 clamando,
1425 2463 1697 2526 minando,
1730 2463 1851 2516 ubi-

269 2545 375 2602 que
407 2531 582 2599 ignem
614 2530 894 2602 mittendo,
930 2536 1162 2584 futurum
1203 2531 1460 2601 judicium
1486 2534 1852 2602 praedicando,

269 2600 510 2655 Itutuaua
538 2601 699 2654 corda
733 2601 852 2653 ﬁdei
885 2602 1076 2655 ardore
1099 2600 1462 2657 accendendo.

344 2694 434 2748 14.
481 2692 545 2747 Et
568 2693 789 2745 intonuit
809 2693 872 2745 de
893 2694 1015 2746 caelo
1045 2692 1311 2758 Dominus,
1334 2706 1380 2748 et
1404 2694 1693 2748 Altissimus
1717 2695 1857 2749 dedit

271 2780 442 2835 uocent
465 2780 610 2817 suam
637 2779 655 2819 :
679 2765 879 2835 grando
894 2775 939 2816 et
961 2764 1200 2818 carbones
1229 2765 1377 2834 ignis.
1404 2766 1689 2835 Postquam
1724 2767 1858 2820 dixit

279 2834 550 2899 Dominus,
600 2834 863 2904 adjungit,
896 2837 1187 2888 Altissimus
1231 2851 1249 2887 :
1291 2849 1346 2889 ut
1384 2838 1645 2903 intelligas
1691 2837 1855 2891 Deum

275 2907 545 2969 Deorum,
596 2906 879 2960 Dominum
933 2906 1321 2972 Dominarum,
1368 2924 1461 2975 per
1506 2912 1855 2975 semetipsum

276 2992 398 3031 esse
446 2981 740 3046 quuntum.
778 2976 929 3030 Prius
956 2977 1097 3030 enim
1134 2979 1338 3031 loeutus
1373 2988 1457 3032 est
1500 2992 1594 3045 per
1634 2980 1858 3043 patriar-

275 3054 408 3103 citas
428 3060 485 3119 et
521 3048 829 3119 prophetas,
862 3062 954 3115 per
1000 3046 1250 3115 antiquos
1300 3061 1475 3119 patres
1500 3065 1514 3101 :
1538 3049 1734 3102 deinde
1766 3063 1859 3116 per

276 3125 380 3188 se(
416 3118 573 3172 Hebr.
613 3118 731 3190 1.).
777 3119 889 3185 lpsa
922 3120 1083 3171 etiam
1134 3118 1509 3182 Apostolorum
1553 3120 1859 3187 praedicatio

281 3207 385 3243 non
420 3199 527 3244 tam
556 3190 861 3257 Apostoliea
888 3197 1023 3251 erat,
1056 3203 1217 3257 quam
1244 3192 1539 3245 Dominica.
1570 3192 1716 3244 Sicut
1746 3204 1858 3259 tp~e

282 3262 559 3353 Dom-inus.
596 3271 842 3353 testatur:
868 3259 1219 3353 9108113,.NOII
1269 3262 1411 3344 enim
1453 3278 1557 3353 vos.
1593 3266 1723 3353 estis
1769 3263 1856 3341 qui
1887 3292 1933 3353 Ο

282 3331 582 3403 loquimini,
615 3332 709 3386 sed
750 3330 970 3400 spiritus
1014 3330 1182 3403 Pati-is
1210 3335 1369 3386 vestri
1411 3332 1499 3403 qui
1546 3332 1775 3401 loquitur
1808 3335 1855 3383 in

282 3405 436 3456 vobis
468 3402 683 3472 (Matth.
713 3403 849 3473 10.).
881 3401 1040 3473 Quasi
1088 3402 1293 3473 intonat
1338 3401 1619 3459 Dominus.
1646 3418 1765 3456 cum
1794 3403 1861 3456 de

278 3470 485 3544 judicio
510 3490 607 3526 suo
636 3490 732 3526 nos
763 3470 923 3544 terret
956 3470 1166 3543 (Matth.
1198 3472 1338 3541 25.).
1366 3476 1523 3541 Quasi
1554 3475 1645 3527 dat
1677 3488 1858 3527 vocem

284 3560 460 3607 suam,
489 3545 702 3613 quando
732 3543 999 3596 humiliter
1030 3545 1319 3597 demulret.
1345 3546 1621 3610 Quoddam
1653 3557 1862 3601 terrens

282 3617 581 3668 tonitruum
623 3631 743 3669 esse
778 3616 1006 3676 videtur,
1040 3616 1178 3680 quod
1212 3629 1306 3682 per
1347 3617 1604 3669 Joannem
1647 3616 1859 3679 dicitur,

283 3685 567 3740 Geuimina
618 3686 946 3757 viperarum,
989 3687 1107 3754 quis
1150 3686 1382 3741 ostendit
1428 3689 1579 3741 vobis
1626 3687 1860 3757 fuget-ea
1906 3694 1919 3711 ‘

284 3770 509 3811 ventura
542 3759 618 3811 ira
651 3758 861 3829 (Matth.
894 3756 1016 3825 5.)?
1044 3756 1206 3824 Quasi
1239 3772 1419 3812 vocem
1453 3759 1581 3812 dare
1606 3756 1708 3829 est,
1742 3774 1861 3812 cum

284 3830 556 3892 Stlbdittlr,
584 3831 736 3898 Agite
767 3832 969 3882 fructus
997 3828 1186 3897 dignos
1217 3831 1543 3896 pwnitentize
1574 3828 1725 3899 (Luc.
1757 3831 1862 3896 5.).

283 3899 442 3953 Juxta
490 3915 618 3967 ergo
654 3900 757 3970 77
801 3909 1147 3967 capacitatem
1194 3900 1521 3954 audientium
1569 3905 1727 3954 modo
1760 3903 1862 3954 iiii-

285 3974 462 4023 nando
491 3972 697 4024 intonat
725 3971 1002 4033 Dominus,
1027 3970 1185 4024 modo
1211 3981 1261 4025 ut
1286 3972 1489 4041 grando
1511 3974 1861 4038 contundens,

284 4045 447 4095 modo
479 4050 539 4094 ut
568 4043 701 4109 ignis
730 4041 1047 4095 accendens.

356 4137 446 4193 13$.
494 4136 559 4211 Et
589 4137 723 4189 ntisit
746 4138 978 4211 sagittas
997 4152 1137 4202 suas,
1189 4136 1393 4191 scilicet
1421 4136 1528 4206 (Ea:
1557 4139 1865 4211 Augustino)

285 4208 679 4278 Evangelistas,
714 4210 902 4276 pennis
934 4208 1185 4261 virtutum
1225 4218 1373 4261 recto
1405 4210 1593 4261 ttinere
1625 4208 1864 4263 transvo-

283 4281 478 4342 lantes,
512 4296 616 4333 non
646 4280 758 4331 suis
787 4280 881 4332 sed
910 4278 1024 4344 ejus
1056 4294 1088 4333 a
1116 4293 1223 4346 quo
1268 4279 1419 4332 missi
1465 4289 1608 4345 sunt,
1644 4279 1864 4334 viribus.

285 4350 348 4405 Et
372 4351 678 4421 disperdidit
708 4366 813 4415 eos,
843 4350 907 4402 ad
938 4365 1071 4417 quos
1101 4351 1248 4421 missi
1278 4359 1423 4414 sunt,
1451 4359 1509 4403 ut
1542 4350 1659 4403 aliis
1681 4365 1867 4404 eorum

279 4419 468 4477 essent
496 4422 633 4475 OtIuI'
660 4423 779 4473 vitae
812 4423 861 4473 itt
891 4423 1073 4486 vitam,
1116 4419 1238 4474 aliis
1263 4421 1398 4474 odor
1422 4422 1609 4475 mortis
1641 4422 1693 4475 in
1727 4438 1870 4475 inor-

282 4506 386 4547 tem
422 4490 503 4565 (Ξ.
537 4491 657 4565 Cor.
686 4492 788 4565 2.).
840 4490 1074 4565 fulgura
1102 4492 1476 4565 multiplicauit.
1502 4491 1559 4545 Id
1594 4503 1676 4546 est
1715 4508 1872 4546 coru-

279 4560 488 4618 scantia
521 4560 791 4617 miracula.
833 4560 897 4614 Et
924 4560 1239 4616 conturbavit
1272 4577 1376 4617 eos.
1414 4563 1558 4618 Bona
1584 4565 1870 4622 conturba-

280 4639 427 4690 tione
461 4636 525 4689 ad
552 4633 939 4703 paenitentiam.

352 4738 440 4792 16.
490 4736 555 4789 Et
591 4742 938 4805 apparuerunt
981 4733 1145 4802 fontes
1188 4748 1458 4803 aquarum.
1485 4732 1702 4788 Scilicet
1727 4734 1866 4790 dona

279 4811 462 4864 Sancti
517 4809 765 4873 Spiritus,
798 4821 827 4859 a
853 4807 1045 4873 quibus
1091 4820 1265 4858 omnis
1314 4805 1608 4871 spiritualis
1642 4805 1865 4861 scientia

281 4879 546 4947 procedit.
580 4878 671 4930 Vel
699 4892 795 4942 per
823 4882 995 4930 fontes
1014 4890 1294 4944 aquarum,
1321 4885 1497 4944 potest
1518 4876 1685 4943 accipi
1715 4890 1867 4930 vetus

280 4962 334 5002 .-t
376 4965 573 5003 novum
602 4948 1001 5002 Testamentum
1031 4962 1044 4997 :
1074 4961 1195 5014 qua:
1220 4957 1583 5015 apparuerunt
1611 4947 1867 5001 auditori-

282 5022 403 5085 bus,
434 5022 553 5088 ipso
578 5021 874 5085 revelante,
903 5016 993 5085 qui
1032 5017 1193 5072 habet
1227 5021 1428 5071 clavem
1469 5019 1726 5088 scientiae.
1760 5020 1863 5084 Qtti

283 5087 539 5144 nizqirum
570 5090 875 5158 spirituales
897 5094 1072 5141 fontes
1099 5097 1323 5141 eteleros
1358 5103 1423 5141 ex
1464 5102 1522 5141 se
1563 5087 1867 5155 Scriptura-

283 5179 400 5216 rum
435 5161 639 5215 rivulos
666 5160 937 5213 emittunt.
995 5158 1061 5210 Et
1106 5158 1329 5211 revelata
1373 5167 1489 5211 sunt
1532 5158 1868 5225 fundamenta

282 5234 416 5286 orbis
441 5245 714 5284 terrarum.
752 5231 989 5285 Itevelati
1020 5235 1146 5282 sunt
1174 5229 1482 5295 Pr0phetas,
1530 5232 1620 5297 qui
1652 5246 1756 5283 non
1788 5235 1868 5283 in-

284 5305 700 5372 t‘elligebsntur:
748 5314 1073 5372 superquos
1111 5300 1469 5353 aedificaretur
1503 5302 1648 5354 orbis
1697 5314 1867 5355 terra-

284 5371 661 5429 rum'eredens
693 5374 743 5425 in
775 5371 1016 5424 Domino.
1046 5371 1165 5437 Quo
1183 5382 1369 5442 autem
1392 5372 1578 5424 ordine
1604 5372 1714 5442 (Ea:
1758 5376 1866 5425 Au-

285 5447 517 5516 gnstitto)
541 5444 655 5516 haec
676 5441 811 5496 facta
838 5451 982 5516 sun_t,
1008 5440 1329 5516 ostenditur,
1353 5455 1474 5495 eum
1504 5440 1863 5516 subinfertur:

198 5574 209 5583 κ
284 5511 365 5567 ,λά
398 5515 745 5577 increpatione
772 5520 891 5583 tua,
906 5511 1149 5583 Domine,
1195 5511 1259 5565 ab
1296 5513 1632 5579 inspiratione
1657 5516 1868 5582 spiritus

284 5587 376 5638 ira:
397 5594 519 5638 tute.
552 5583 806 5646 Dicentis,
853 5582 963 5635 Nisi
996 5582 1361 5649 posuitentiam
1393 5586 1631 5650 egeritis,
1679 5600 1869 5637 omnes

285 5656 445 5709 simul
478 5654 779 5723 moriemini
810 5650 961 5723 (Luc.
997 5653 1132 5721 13.).
1169 5653 1453 5723 Postquam
1482 5656 1638 5720 dixit,
1690 5654 1869 5708 luere-

287 5727 583 5796 pationetn,
610 5722 852 5791 adjunxit
874 5723 1295 5792 lnspiratioaem.
1319 5722 1469 5779 Tunc
1497 5726 1639 5779 enim
1669 5727 1868 5779 lllllilOl'

1958 618 2217 657 tueamus.

2028 675 2113 727 17.
2158 674 2252 729 llic
2282 675 2451 743 inquit
2481 675 2748 730 Christus.
2785 674 2929 729 Misit
2955 676 3018 729 de
3043 692 3238 729 summa
3263 689 3283 730 :
3328 677 3430 729 hoc
3459 684 3546 731 est

1954 742 2023 816 de
2052 746 2170 816 sinu
2203 746 2397 816 Patris.
2451 746 2518 798 Et
2563 748 2760 816 accepit
2792 763 2889 799 me.
2925 748 3139 801 Scilicet
3168 757 3326 812 caput
3360 746 3548 816 Eccle-

1954 815 2049 867 sia:
2081 814 2133 866 iu
2164 815 2523 883 aequalitatem
2554 814 2776 880 sibi,‘ad
2824 820 3098 871 dexteram
3131 834 3303 873 suam.
3358 815 3423 868 Et
3464 833 3549 869 as-

1954 885 2133 936 sumsit
2177 901 2276 937 me.
2334 887 2384 938 Id
2414 898 2496 940 est
2528 887 2823 940 Eeclesiam
2857 903 3051 952 meam,
3082 904 3200 944 mue
3234 897 3318 942 est
3347 902 3546 952 corpus

1956 969 2155 1009 meum.
2193 955 2265 1007 De
2286 958 2431 1020 aquis
2454 956 2649 1011 multis.
2700 958 2834 1024 Quia
2878 974 2941 1013 ex
2989 961 3170 1013 multis
3219 958 3426 1024 populis
3462 972 3550 1011 me

1956 1024 2222 1078 instituit:
2252 1025 2333 1079 vel
2363 1030 2483 1093 quia
2514 1043 2577 1080 ex
2612 1030 2795 1081 multis
2826 1031 2967 1082 vitiis
3000 1046 3081 1081 me
3110 1030 3384 1084 extraxit:
3433 1029 3546 1080 sive

1955 1094 2081 1162 quia
2099 1110 2163 1149 ex
2188 1096 2370 1150 multis
2400 1098 2829 1153 tribulationibus
2851 1116 2935 1155 me
2960 1101 3222 1155 liberavit.
3250 1100 3314 1153 Et
3338 1100 3439 1153 hoc
3459 1110 3543 1153 est

1954 1164 2093 1233 quod
2117 1166 2358 1232 sequitur
2386 1186 2396 1220 :

2029 1235 2113 1309 18_.
2144 1236 2348 1296 Eripuit
2374 1254 2454 1309 me
2484 1238 2546 1291 de
2576 1239 2795 1293 inimicis
2822 1241 2943 1293 meis
2966 1241 3273 1309 fortissimis.
3301 1239 3400 1308 Qui
3419 1248 3545 1294 siint

1957 1304 2042 1359 isti
2076 1306 2357 1381 fortissimi
2383 1308 2607 1381 inimici,
2638 1311 2739 1365 nisi
2788 1304 3007 1377 Spiritus
3054 1313 3265 1381 maligni
3290 1304 3544 1365 ?Vllurum

1960 1378 2307 1443 proculdubio
2336 1378 2699 1435 fortitudinem
2734 1397 2837 1434 tton
2864 1397 3141 1448 possemus
3162 1378 3412 1442 e‘vadere.
3438 1382 3537 1434 nisi

1958 1448 2196 1521 omnium
2228 1452 2493 1521 potentior
2539 1450 2680 1506 Dens
2728 1467 2826 1505 nos
2857 1452 3068 1521 fragiles
3098 1453 3407 1521 dignaretur
3435 1452 3543 1504 eri—

1958 1531 2102 1584 pere.
2142 1519 2207 1571 Et
2236 1521 2297 1572 ab
2322 1520 2425 1585 his,
2467 1522 2554 1588 qui
2590 1521 2807 1576 oderunt
2848 1519 2956 1584 me,
2995 1519 3235 1585 quoniam
3272 1522 3547 1585 confortati

1955 1600 2074 1661 sunt
2102 1607 2253 1659 super
2283 1608 2379 1644 me.
2412 1591 2697 1656 Subaudis,
2750 1608 2835 1647 me
2883 1594 3099 1661 eripuit.
3147 1593 3245 1659 Qui
3295 1604 3417 1646 sunt
3463 1593 3541 1654 hi,

1958 1660 2045 1732 qui
2078 1662 2307 1715 ederunt
2338 1663 2655 1726 Ecelesiam,
2683 1664 2783 1716 nisi
2813 1660 3055 1719 infideles
3085 1673 3239 1732 atque
3268 1662 3543 1717 Ιιιιτθθῑοίΐ

1958 1730 2056 1803 Qui
2092 1734 2351 1786 iutantum
2373 1734 2660 1801 aliquando
2684 1734 2964 1789 confortati
2994 1742 3115 1788 sunt
3134 1730 3167 1798 ,_
3196 1744 3253 1787 ut
3284 1736 3543 1803 quosdam

1962 1802 2118 1853 etiam
2164 1804 2385 1867 electos,
2434 1804 2719 1871 aliquando
2762 1806 3075 1859 occiderent
3121 1808 3171 1858 in
3218 1819 3398 1869 carne,
3447 1805 3546 1857 sli-

1959 1872 2171 1940 quando
2197 1888 2380 1928 errare
2411 1873 2649 1929 facerent
2675 1881 2726 1929 in
2750 1876 2877 1930 flde.
2902 1875 3006 1930 Sed
3028 1891 3123 1930 eos
3149 1875 3263 1943 pius
3288 1873 3549 1943 Dominus

1957 1944 2170 2009 eripere
2216 1944 2467 2011 dignatus
2509 1955 2612 2011 est,
2663 1947 2971 2001 coronando
3016 1942 3244 2003 occisos.
3290 1956 3447 2015 atque
3475 1942 3544 1997 ad

1956 2028 2095 2066 vtam
2123 2015 2362 2069 veritatis
2393 2026 2636 2070 errantes
2669 2017 2999 2073 reducendo.
3024 2018 3175 2072 Unde
3197 2025 3249 2069 et
3273 2017 3542 2078 subditur,

2036 2086 2117 2137 Ill.
2142 2082 2524 2157 Prtevenerunt
2559 2103 2636 2139 me
2658 2088 2710 2141 in
2741 2089 2823 2142 die
2844 2089 3147 2157 afﬂictionis
3183 2103 3326 2141 mete.
3380 2086 3433 2140 Id
3465 2094 3549 2140 est

1958 2156 2350 2226 praevaluernnt
2380 2157 2510 2209 mihi
2542 2159 2591 2210 in
2621 2168 2863 2225 tempore
2895 2156 3253 2212 tribulationis
3282 2168 3338 2211 et
3365 2172 3546 2226 perse-

1962 2227 2212 2279 cutionls.
2247 2224 2314 2279 Et
2344 2228 2512 2297 factus
2539 2240 2611 2281 est
2636 2224 2890 2283 Dominus
2918 2240 3174 2296 protector
3200 2224 3549 2282 meum-Scili-

1955 2304 2043 2350 cet
2071 2306 2350 2366 protegens
2375 2314 2459 2351 me
2481 2300 2549 2352 ab
2578 2298 2981 2369 impugnatioue
3011 2300 3467 2369 persequentium.

2029 2388 2118 2446 20.
2147 2389 2209 2445 Et
2231 2392 2353 2459 quia
2385 2392 2629 2445 carnales
2662 2394 2899 2459 patiebar
2927 2393 3224 2459 angustias,
3258 2390 3548 2445 Eduxitme

1957 2459 2009 2512 in
2041 2462 2373 2528 spiritualem
2406 2462 2730 2516 latitudinem
2755 2463 2897 2517 fidei.
2923 2462 3137 2518 Salvum
3158 2473 3236 2515 me
3259 2462 3397 2531 fecit,
3418 2477 3549 2531 quo-

1959 2532 2096 2583 niam
2127 2533 2285 2586 voluit
2316 2548 2414 2584 me.
2463 2532 2634 2586 Nullis
2682 2535 2816 2587 meis
2864 2532 3295 2599 praecedentibus
3321 2531 3546 2595 meritis,

1958 2601 2051 2655 sed
2084 2602 2200 2656 sola
2230 2617 2323 2658 sua
2358 2603 2746 2659 benevolentia.
2782 2604 2898 2673 Ipse
2926 2614 3010 2660 est
3036 2606 3206 2670 enim,
3239 2603 3549 2673 qtiiiupera-

1958 2674 2127 2745 iurgia
2160 2676 2317 2727 nobis
2345 2684 2397 2728 et
2425 2676 2582 2743 velle,
2615 2690 2669 2730 et
2694 2672 2908 2744 operari
2960 2690 3055 2745 pro
3096 2677 3238 2730 bona
3276 2672 3550 2728 voluntate

1960 2742 2185 2814 (Philip.
2212 2744 2316 2814 2.).

2028 2836 2120 2889 21.
2167 2836 2231 2889 Et
2254 2838 2493 2891 retribuet
2522 2838 2647 2891 mihi
2685 2837 2932 2892 Dominus
2976 2837 3262 2892 secundum
3290 2836 3549 2907 justitiam

1960 2922 2143 2970 meam,
2169 2917 2216 2959 et
2240 2910 2518 2960 secundum
2547 2910 2816 2975 puritatem
2845 2926 3087 2963 manuum
3126 2925 3355 2963 mearum
3395 2909 3551 2961 retri-

1962 2980 2076 3031 buet
2104 2978 2249 3030 mihi.
2283 2979 2395 3030 Duo
2426 2990 2549 3031 sunt
2580 2981 2630 3031 in
2666 2979 2909 3043 homine,
2936 2980 3231 3033 secundum
3258 2995 3376 3046 quae
3400 2982 3552 3032 retri-

1962 3048 2076 3101 buit
2110 3047 2401 3101 Dominus:
2431 3050 2636 3103 scilicet
2663 3051 2954 3104 secundum
2981 3050 3242 3118 justitiam
3272 3051 3425 3102 bona:
3454 3064 3549 3099 vo-

1964 3119 2183 3172 luntatis
2224 3127 2279 3174 et
2324 3120 2469 3183 fidei,
2517 3130 2569 3175 et
2598 3122 2708 3190 78
2732 3122 3025 3176 secundum
3060 3122 3345 3185 puritatem
3377 3120 3548 3190 bonoe

1962 3204 2079 3242 rum
2102 3205 2345 3257 operum.
2381 3192 2487 3243 Nec
2517 3189 2741 3259 possunt
2774 3207 2901 3258 pura
2925 3206 3045 3244 esse
3066 3191 3200 3243 bona
3228 3205 3415 3257 opera,
3442 3189 3549 3243 nisi

1964 3260 2272 3314 deliveutur
2310 3262 2377 3311 ab
2425 3261 2717 3316 intentione
2757 3262 2921 3329 justa.
2972 3260 3121 3316 Unde
3151 3262 3407 3330 scriptum
3438 3269 3548 3330 est,

1970 3331 2226 3399 Respexit
2255 3330 2510 3384 Dominus
2548 3332 2613 3384 ad
2640 3328 2798 3398 Abel,
2848 3339 2905 3387 et
2931 3333 2995 3385 ad
3028 3345 3248 3385 munera
3264 3328 3397 3398 ‘ejus
3430 3328 3550 3396 (Ge-

1967 3418 2073 3455 nes.
2103 3401 2207 3470 4.).
2245 3400 2395 3455 Prius
2445 3402 2659 3471 quidem
2710 3403 2959 3469 probavit
3005 3401 3127 3456 fidei
3176 3402 3548 3466 devOtionem,

1966 3473 2107 3525 unde
2131 3472 2465 3541 postmodum
2488 3473 2732 3527 sacrificii
2756 3475 2995 3543 suscepit
3011 3473 3334 3527 oblationem
3355 3471 3547 3543 (Hebr.

1968 3545 2105 3610 11.).
2134 3544 2199 3596 Et
2225 3544 2413 3597 merito
2442 3545 2703 3598 retribuet
2732 3545 2861 3598 mihi
2889 3561 2900 3596 :

2037 3634 2128 3687 22.
2173 3635 2307 3699 Quia
2334 3636 2705 3689 custodivivias
2736 3634 2960 3689 Domini.
2992 3635 3046 3689 Id
3093 3643 3178 3689 est
3219 3633 3552 3689 latitudinem

1969 3705 2229 3759 bonorum
2262 3720 2483 3776 cperam
2516 3708 2914 3775 perseverando
2941 3721 3178 3762 servaw.

2038 3796 2128 3851 23.
2173 3796 2286 3851 Nec
2310 3799 2466 3867 impie
2491 3800 2621 3868 gessi
2664 3816 2696 3853 a
2735 3808 2761 3835 ⁸
2802 3798 3022 3852 Domino
3057 3815 3187 3853 meo.
3215 3798 3271 3853 Id
3301 3808 3380 3853 est
3412 3808 3555 3868 post-

1968 3885 2125 3935 quam
2157 3870 2221 3922 ad
2252 3870 2397 3923 illum
2431 3872 2567 3923 bene
2596 3871 2868 3938 operando
2908 3873 3130 3934 accessi,
3165 3871 3232 3923 ab
3262 3872 3352 3925 illo
3384 3886 3552 3936 prave

1956 3939 2200 3994 .viventlo
2234 3956 2338 3993 non
2368 3942 2590 3995 recessi.
2608 3941 2743 3994 Hine
2766 3950 2847 3995 est
2875 3942 3013 4011 quod
3035 3942 3102 3998 de
3131 3943 3328 3995 sanctis
3350 3940 3555 3994 anima-

1971 4011 2111 4065 libus
2160 4026 2253 4080 per
2300 4014 2612 4079 pr0phetam
2662 4012 2858 4065 dicitur
2888 4052 2903 4074 ,
2958 4012 3072 4065 Non
3123 4014 3549 4073 revertebantur,

1970 4096 2091 4136 cum
2113 4081 2470 4144 ambularent,
2495 4083 2587 4135 sed
2612 4082 3025 4149 unumquodque
3045 4090 3168 4134 ante
3193 4080 3377 4134 faciem
3401 4095 3552 4133 suam

1968 4151 2311 4220 gradiebatur
2337 4150 2548 4217 (Ezech.
2584 4151 2682 4219 1.).
2714 4154 2803 4206 Sic
2825 4153 3006 4218 utique
3036 4153 3099 4205 ad
3142 4152 3305 4204 Deum
3347 4152 3549 4204 directa

1971 4221 2170 4276 debent
2197 4236 2316 4275 esse
2343 4233 2523 4275 nostra
2555 4223 2771 4283 itinera,
2822 4235 2870 4273 ut
2900 4222 3039 4274 ultra
3071 4236 3174 4275 non
3202 4220 3310 4274 sint
3338 4220 3402 4274 ad
3434 4237 3555 4289 pra-

1971 4295 2187 4345 vitalem
2220 4292 2398 4358 operis
2424 4292 2669 4345 dist-tria.
2694 4293 2803 4345 Nec
2833 4291 3024 4344 mirum
3055 4292 3101 4344 si
3130 4292 3415 4344 custodivit
3437 4293 3553 4346 vias

1972 4361 2206 4425 Domini,
2240 4377 2338 4416 nec
2366 4376 2397 4415 a
2431 4362 2539 4415 Deo
2561 4377 2661 4415 suo
2692 4362 2854 4430 impie
2882 4364 3047 4432 gessit
3073 4380 3084 4413 ε
3139 4377 3259 4413 nam
3291 4363 3554 4429 sequitur,

1956 4434 2233 4501 Quoniam
2252 4432 2423 4486 omnia
2442 4433 2645 4504 judicia
2674 4436 2785 4500 eius
2832 4436 2885 4486 in
2923 4443 3193 4500 conspectu
3238 4448 3371 4484 utea.
3406 4432 3456 4485 Id
3476 4441 3560 4489 est

1974 4504 2083 4575 (Ea:
2105 4504 2411 4575 Augustino)
2444 4512 2498 4558 et
2527 4505 2742 4572 praemia
2774 4504 3042 4573 justorum
3071 4514 3124 4557 et
3152 4518 3338 4575 poenas
3370 4505 3560 4571 impio-

1974 4572 2113 4641 rum,
2140 4572 2199 4628 et
2222 4574 2433 4644 ﬂagella
2460 4572 2928 4645 corrigendorum,
2972 4583 3027 4629 et
3074 4572 3396 4629 teutationes
3437 4588 3561 4639 pro-

1978 4645 2687 4724 bandornmuperseveranii
2741 4647 3190 4724 conteinplatioite
3226 4648 3557 4724 .consiJero.

1981 4719 2060 4770 Ad
2109 4716 2514 4770 custodiendam
2560 4714 2757 4784 quippe
2801 4714 3085 4785 justitiam,
3126 4725 3181 4769 et
3226 4715 3556 4784 imp-etatem

1975 4790 2303 4849 evitandam,
2339 4788 2492 4841 valde
2522 4788 2649 4841 utile
2678 4798 2758 4841 est
2790 4800 3027 4842 estrema
3054 4787 3281 4841 sollicite
3304 4802 3552 4857 pe_ns:ire.

1980 4858 2128 4912 Umle
2154 4861 2412 4925 scriptum
2442 4868 2546 4918 est.
2579 4858 2632 4911 In
2660 4859 2911 4912 omnibus
2940 4860 3194 4927 Operilius
3236 4858 3338 4910 tuis
3384 4858 3558 4911 medi-

1977 4939 2088 4982 tare
2118 4930 2404 5000 novissima
2429 4940 2538 4993 tua,
2571 4940 2623 4982 et
2647 4928 2698 4981 in
2724 4944 2984 4983 :eternum
3017 4929 3393 5000 non_peccabis
3425 4927 3555 5000 (Ec-

1973 5001 2096 5053 cles.
2126 4999 2227 5068 7.).
2264 5001 2427 5054 ltecte
2456 5016 2585 5069 ergo
2613 5000 2951 5068 sulijuuctum
2984 5009 3088 5063 est,
3110 4998 3562 5071 Etjustitiasejus

1952 5086 2079 5133 non
2110 5071 2278 5135 repuli
2306 5087 2339 5122 a
2369 5087 2467 5125 me.
2499 5072 2649 5126 Sicut
2679 5072 2777 5138 illi,
2797 5072 2889 5140 qui
2913 5072 2979 5126 ad
3007 5082 3219 5139 tempus
3242 5072 3485 5134 credunt,
3510 5081 3563 5125 et

1975 5142 2037 5208 in_
2062 5151 2301 5207 tempore
2334 5142 2640 5196 tentationis
2671 5142 2929 5197 recedunt
2955 5141 3107 5213 (Luc.
3131 5143 3231 5210 8.).
3269 5143 3340 5194 lle
3368 5141 3564 5208 quibus

1974 5215 2266 5291 Apostolus
2296 5212 2503 5276 Petrus,
2550 5213 2687 5278 Quia
2739 5216 2930 5291 melius
2968 5227 3049 5268 est
3099 5229 3202 5264 non
3234 5226 3563 5278 engaoset-ie

1974 5286 2115 5336 viam
2140 5286 2401 5355 veritatis,
2431 5300 2590 5354 quam
2622 5294 2742 5353 post
2766 5286 3128 5355 cognitionem
3154 5292 3446 5335 retrorsum
3473 5296 3563 5333 reo

1976 5358 2092 5406 dire
2123 5353 2204 5420 (‘2.
2238 5354 2385 5408 Petr.
2419 5353 2526 5425 8.).

2039 5443 2133 5498 24.
2178 5445 2242 5498 Et
2272 5444 2760 5506 eroimmaculatus,
2789 5460 2907 5497 eum
2946 5458 3024 5504 eo,
3066 5438 3362 5494 secundum
3389 5438 3565 5493 delec-

1974 5518 2232 5570 tationem
2266 5518 2421 5570 tuala:
2447 5516 2808 5587 cogit:it.oiiis.
2863 5512 2928 5566 Et
2958 5513 3360 5587 observabo-mi
3377 5511 3439 5587 ab
3465 5511 3565 5587 ini-

1970 5587 2168 5656 quitate
2197 5602 2329 5640 mea.
2366 5589 2420 5640 Id
2443 5579 2923 5656 est'ahiniqnitate
2954 5579 3449 5656 opt-rationis._'fale
3464 5583 3566 5634 de-

1976 5648 2066 5710 bet
2094 5672 2215 5710 esse
2245 5668 2483 5710 nourum
2516 5648 2777 5714 studium,
2814 5662 3052 5704 nostrum
3082 5648 3453 5702 desiderium:
3504 5660 3565 5705 ut

1977 5727 2122 5781 intus
2143 5728 2311 5781 simus
2337 5723 2685 5785 iuunaculati,
2716 5722 2844 5776 foris
2873 5718 3113 5774 innocui:
3133 5727 3394 5787 quatenus
3415 5729 3563 5777 teter-

357 5889 381 5928 I'
410 5882 661 5942 Psalterii
692 5874 903 5939 codices
930 5890 1056 5953 quot
1089 5881 1201 5948 scio
1228 5896 1412 5938 omnes
1431 5901 1463 5938 a
1485 5885 1590 5941 Deo
1616 5901 1725 5940 meo
1747 5882 2061 5954 prmfcrunt.

266 5998 293 6007 ,ι
