4128 6360
626 362 730 419 ’107

1671 354 1928 413 RUFINO
1967 354 2420 413 PRESBYTERO
2458 357 2837 417 ASCRIPTUS

3804 367 3901 421 108

629 493 755 533 nam
806 473 1293 532 remunerationem
1341 484 1765 543 consequamur,
1820 470 1890 527 de
1933 486 2038 542 qua
2086 474 2215 528 sub-
2243 471 2447 532 Atium
2475 474 2527 526 in
2552 488 2624 528 se.
2656 475 2730 525 Ac
2760 472 2837 527 sic
2866 471 3030 535 dicat,
3065 470 3160 527 ilic
3188 487 3337 529 meus
3361 472 3499 531 Deus
3527 491 3637 529 non
3663 488 3742 531 est
3776 484 3903 537 ςερηι

631 549 799 604 ἱιιηιιίι
819 565 832 600 :

626 564 799 676 In???
819 565 903 673 εΕι
929 617 1169 671 retribuet
1193 612 1320 668 milii
1348 611 1617 678 Dominus,
1656 612 1936 669 secundum
1955 613 2217 683 justitiam

628 708 815 747 meam.
848 691 961 743 Non
993 691 1165 742 solum
1194 692 1410 754 propter
1440 686 1771 738 latitudinem
1804 684 1948 743 ﬁdei.
1972 684 2066 737 sed
2098 700 2219 749 pro-

631 770 752 832 pter
784 760 1164 829 longitudinem
1190 757 1630 832 perseverantiae.
1663 754 1727 807 Et
1761 758 2038 832 secundum
2069 755 2215 832 puri—

630 826 789 886 tatem
834 826 1079 885 manuum
1122 842 1349 880 mearum
1386 827 1441 878 in
1488 835 1757 893 conspectu
1786 826 2049 878 oculorum
2080 828 2213 893 ejus.

628 903 747 958 Non
773 917 879 972 quo
910 900 1154 955 homines
1181 897 1382 972 vident,
1406 896 1500 951 sed
1523 912 1628 964 quo
1649 896 1784 964 ipse.
1808 896 2071 972 Quoniam
2093 911 2217 972 qua

630 963 900 1038 videntur,
936 963 1251 1038 temporalia
1280 977 1406 1038 sunt
1431 963 1615 1038 aqua
1660 963 1841 1021 autem
1879 980 1987 1019 non
2020 965 2217 1038 viden-

628 1054 737 1109 tur,
767 1036 965 1097 aeterna
1010 1036 1241 1109 (λίϐον.
1283 1037 1387 1109 4.).
1445 1036 1523 1109 Et
1560 1038 1723 1091 house
1766 1038 1915 1091 videt
1955 1038 2008 1088 in
2057 1036 2211 1101 facie,

629 1115 848 1169 Deusin
878 1112 1041 1166 corde
1072 1108 1221 1179 (Luc.
1282 1108 1417 1179 ξω.
1472 1108 1739 1161 Bonorum
1786 1122 1997 1176 quoque
2050 1121 2213 1174 opera

628 1199 846 1251 semper
870 1184 925 1236 in
956 1177 1376 1251 conspectu_Di-.i
1421 1187 1569 1251 sunt,
1606 1181 1875 1251 malorum
1926 1193 2056 1251 vero
2104 1193 2209 1231 non

624 1246 843 1317 respicit
871 1252 1055 1321 (Prov.
1086 1246 1223 1319 10.).
1252 1246 1406 1321 Unde
1438 1249 1558 1303 alibi
1588 1248 1806 1321 dicitur,
1841 1248 1997 1302 Novit
2028 1249 2209 1321 Domi-

625 1340 732 1380 nus
761 1318 899 1377 viain
930 1318 1217 1393 iustorum,
1261 1319 1364 1373 iter
1398 1327 1574 1373 autem
1611 1320 1894 1387 itnpiorum
1926 1336 2032 1373 non
2062 1318 2210 1374 novit

647 1394 794 1451 Psal.
828 1396 928 1451 1.).

624 1396 794 1520 (P351:
984 1479 1102 1527 qua:
1133 1461 1408 1531 praemissa
1452 1470 1595 1523 sunt,
1645 1460 1774 1515 dicit
1821 1459 2081 1524 Ecclesia,
2140 1459 2205 1514 ad

622 1539 966 1593 excitandum
1009 1550 1106 1587 nos
1147 1543 1201 1587 et
1251 1532 1666 1600 promovendum
1698 1535 1761 1585 ad
1793 1531 1947 1584 ﬁdem
1982 1541 2201 1597 rectam,

622 1624 772 1676 spem
829 1617 1055 1667 certam,
1111 1603 1475 1673 operatiooem
1535 1604 1748 1663 bonam,
1797 1602 2203 1676 retributionem

624 1673 905 1733 aiteruam.
946 1677 1097 1732 Unde
1124 1690 1263 1728 ntmc
1292 1688 1610 1740 quemquam
1647 1684 1883 1726 nostrum
1930 1673 2202 1737 admonet,

623 1750 835 1815 dicetis,
862 1748 987 1802 Cum
1007 1754 1182 1800 sancto
1212 1752 1415 1815 sanctus
1443 1746 1563 1807 eris,
1594 1755 1775 1797 etcum
1802 1744 1909 1795 viro
1939 1744 2203 1798 innocente

623 1820 866 1873 innocens
896 1819 1014 1873 eris.
1044 1816 1107 1869 Et
1136 1831 1251 1868 cum
1279 1814 1433 1867 electo
1462 1815 1646 1868 electus
1695 1815 1814 1877 eris,
1870 1824 1918 1866 et
1946 1829 2058 1866 cum
2087 1831 2204 1883 per-

622 1905 764 1944 verso
796 1888 1108 1958 perveneris.
1144 1885 1369 1958 Attende
1398 1886 1565 1945 illum,
1594 1886 1682 1954 qui
1713 1894 1794 1939 est
1822 1895 2039 1958 sanctus
2076 1901 2201 1939 san-

625 1955 858 2021 ctorum.
885 1961 970 2029 qui
1002 1962 1051 2012 in
1085 1957 1263 2026 seipso
1285 1964 1502 2008 sanctus
1533 1970 1637 2017 eo,
1686 1964 1739 2009 et
1791 1955 1925 2008 alios
1968 1958 2203 2029 sanctiﬁ—

623 2046 751 2087 care
798 2026 988 2098 potest.
1032 2029 1131 2095 Qui
1162 2035 1243 2081 est
1271 2040 1396 2079 vere
1429 2031 1706 2089 innocens,
1747 2041 1914 2093 agnus
1944 2026 2060 2080 sine
2092 2043 2202 2098 tua-

622 2104 740 2157 cula
776 2097 956 2162 (Joan.
987 2100 1097 2167 1.):
1122 2099 1353 2164 quicum
1384 2098 1816 2157 malediceretur,
1846 2112 1951 2149 non
1977 2097 2200 2151 maledi-

620 2174 773 2229 Cebat
807 2174 885 2233 (1.
907 2171 1047 2225 Petr.
1074 2168 1192 2238 2.):
1223 2182 1343 2222 cum
1376 2176 1668 2238 pateretur,
1702 2184 1807 2238 non
1841 2168 2203 2238 comminaba-

620 2253 726 2297 tur.
780 2243 881 2310 Qui
938 2250 1020 2297 est
1072 2235 1471 2310 electusarbeo
1503 2236 1660 2293 Patre
1702 2236 1888 2308 (Hebr.
1928 2235 2029 2310 5.),
2065 2238 2203 2294 sicut

618 2308 875 2379 scriptum
903 2323 1005 2370 est.
1036 2311 1135 2366 Hic
1165 2320 1239 2363 esl
1292 2308 1455 2361 Filius
1504 2325 1653 2361 meus
1692 2310 1940 2379 dilectus,
1974 2309 2045 2379 _in
2095 2326 2201 2377 quo

615 2374 748 2440 mihi
777 2386 913 2440 bene
940 2384 1048 2455 79
1066 2379 1602 2455 complacuimottlt.
1626 2381 1679 2433 5.
1715 2380 1800 2433 17.
1825 2374 2201 2455 _I_.uc.'5.)._So-

616 2457 762 2511 clare
792 2456 886 2519 illi,
918 2448 1129 2508 ifuiiare
1150 2449 1406 2511 illum,sit
1430 2448 1522 2503 tibi
1553 2450 1746 2503 bonum
1773 2450 2198 2519 adhereteneo,

615 2535 673 2582 et
700 2530 808 2581 eris
832 2540 952 2581 cum
984 2532 1171 2577 sancto
1195 2532 1431 2583 sanctus,
1461 2534 1581 2573 cum
1605 2521 1887 2574 innocente
1917 2520 2198 2589 innocens,

616 2612 740 2651 cum
770 2597 943 2650 electo
964 2595 1185 2649 electus.
1212 2590 1364 2659 Quod
1396 2592 1441 2643 si
1478 2591 1788 2645 societatem
1820 2605 2197 2659 perversorutn

618 2668 895 2726 dilexeris,
940 2674 995 2719 et
1026 2675 1080 2716 tn
1120 2662 1369 2716 similiter
1396 2662 1739 2729 perverteris.
1782 2660 1920 2715 Ecce
1948 2661 2069 2715 duae
2098 2664 2199 2719 vite

617 2740 712 2792 tibi
741 2749 972 2791 ostenste
989 2742 1112 2789 sunt
1137 2751 1151 2788 :
1175 2747 1277 2786 una
1303 2732 1587 2798 jusmrum,
1620 2733 1786 2787 altera
1810 2735 2194 2799 reproborum:

618 2823 724 2861 una
761 2807 970 2870 salutis,
1012 2804 1175 2858 altera
1207 2802 1605 2856 damnationis:
1654 2818 1756 2856 una
1804 2818 1960 2871 quam
2012 2812 2199 2860 tenent

617 2878 869 2942 humiles,
895 2886 947 2930 et
971 2892 999 2928 ιι
1033 2876 1140 2928 Deo
1167 2876 1499 2939 exaltautur;
1527 2876 1693 2927 altera
1716 2889 1877 2943 quam
1905 2885 2088 2929 tenent
2106 2891 2197 2932 su—

616 2950 789 3016 perbi,
822 2959 875 3001 et
902 2963 931 3000 a
968 2948 1075 3000 Deo
1108 2944 1475 3016 humiliantur.
1510 2945 1659 2998 llnde
1684 2955 1738 2998 et
1762 2944 2049 2999 subditur:

684 3018 775 3073 28.
819 3018 1075 3086 Quoniam
1103 3026 1157 3068 tu
1180 3016 1427 3079 papulum
1449 3015 1691 3069 humilem
1716 3017 1910 3068 salvum
1938 3016 2115 3081 facies,
2147 3026 2195 3073 et

615 3093 791 3144 oculos
813 3086 1489 3154 superborumhumiliabis.
1539 3086 1704 3140 Serva
1753 3101 1883 3154 ergo
1926 3086 2195 3143 humilita-

614 3170 745 3226 tem,
776 3172 1101 3229 recognosce
1126 3157 1494 3229 tehpulverem
1541 3166 1599 3213 et
1643 3157 1903 3221 cinerem,
1934 3158 2194 3214 conﬁtere

714 3243 830 3286 cata
861 3227 969 3294 tua,
1003 3239 1122 3283 esto
1151 3227 1270 3281 vilis
1297 3228 1349 3281 itt
1376 3229 1545 3281 oculis
1575 3229 1699 3291 tuis,
1734 3238 1789 3281 ut
1823 3242 1944 3282 cum
1995 3230 2193 3297 popqu

634 3302 801 3357 tumili
851 3303 1044 3355 salvari
1089 3300 1369 3354 merearis.
1414 3297 1558 3354 Cave
1606 3299 1881 3353 oculorum
1926 3302 2195 3356 extollen-

612 3373 762 3441 tiam,
796 3386 864 3427 ne
884 3371 1117 3425 videaris
1145 3369 1237 3422 tibi
1269 3368 1558 3441 gl0iiosus,
1586 3370 1679 3424 tibi
1703 3384 1938 3441 sapiens,
1966 3373 2058 3425 tibi
2082 3386 2197 3425 ma-

611 3439 768 3515 gnus,
794 3461 859 3496 ne
883 3444 971 3515 ubi
994 3454 1045 3495 te
1063 3442 1229 3515 altum
1257 3439 1475 3515 videris,
1507 3440 1576 3515 ibi
1608 3450 1658 3494 te
1684 3439 1918 3515 dejiciat,
1948 3442 2038 3511 qui
2061 3457 2193 3515 ocu-

611 3509 694 3568 los
722 3512 1074 3582 superborum
1129 3509 1583 3582 hutuiliatsUude
1628 3509 1883 3577 scriptum
1935 3509 2040 3573 est.
2078 3512 2190 3578 ιω,

610 3586 702 3654 qui
735 3580 1005 3654 sapientes
1033 3583 1165 3635 estis
1192 3580 1444 3654 itt_oculi_s
1476 3584 1701 3654 vestris,
1731 3591 1785 3636 et
1812 3597 1992 3636 coram
2016 3584 2195 3637 vobis-

610 3648 854 3720 riietitisis
880 3653 1168 3721 prudentes
1213 3648 1369 3717 (lsai.
1401 3652 1502 3718 5.).
1549 3652 1629 3706 Sit
1670 3667 1799 3721 ergo
1828 3655 2015 3708 oculus
2046 3654 2098 3707 in
2142 3662 2195 3708 te

610 3726 873 3796 simplex,
896 3733 953 3775 ut
982 3732 1146 3796 totum
1194 3736 1389 3789 corpus
1436 3734 1583 3777 tuum
1613 3721 1683 3778 sit
1712 3723 1945 3780 lucidum
1976 3724 2192 3795 (Matth.

612 3794 733 3867 6.):
765 3807 817 3850 et
847 3795 932 3847 dic
962 3794 1101 3859 quod
1131 3795 1369 3867 sequitur
1396 3810 1407 3844 :

683 3866 773 3921 29.
818 3867 1073 3931 Quoniam
1104 3873 1155 3915 tu
1174 3864 1439 3919 illuminas
1469 3863 1723 3919 lucernam
1741 3881 1925 3926 meam.
1952 3864 2192 3920 Domine:

610 3934 771 4000 Deus,
809 3936 946 3988 Deus
969 3950 1132 4001 meus,
1161 3934 1396 3988 illumina
1439 3936 1666 3991 tenebras
1711 3954 1870 3991 meas.
1904 3938 2035 4000 Quia
2068 3938 2190 3990 illii-

612 4006 828 4062 minasti
858 4022 945 4060 me
972 4006 1024 4059 in
1056 4007 1159 4069 bis,
1205 4020 1323 4073 qua:
1361 4006 1496 4072 scio,
1550 4008 1786 4062 illumina
1834 4008 1888 4061 iu
1940 4009 2042 4072 his,
2074 4024 2193 4075 qua:

611 4079 814 4132 nescio.
848 4077 965 4141 Vel,
1017 4077 1139 4143 quia
1192 4076 1499 4132 illuminasti
1546 4081 1814 4132 lucernam
1868 4094 2063 4143 meam,
2094 4080 2193 4133 do-

611 4149 789 4203 nando
817 4147 998 4213 ﬁdem,
1033 4147 1270 4201 illutnina
1299 4152 1551 4203 tenebras
1580 4164 1799 4216 cperunt
1826 4163 2105 4203 meorum:
2135 4159 2192 4204 ut

589 4219 754 4286 'quod
809 4230 967 4273 teneo
1014 4218 1303 4289 credendo,
1333 4234 1545 4289 sequar
1586 4220 1877 4289 operando.
1907 4222 2037 4285 Qua:
2067 4231 2192 4275 sunt

610 4292 847 4344 tenebrae
878 4301 1097 4352 nostrai,
1141 4288 1241 4342 nisi
1272 4288 1578 4357 iniquitates
1623 4288 1678 4345 et
1724 4290 2101 4354 negligentiae?
2134 4292 2187 4345 ltt

613 4368 817 4414 tantam
846 4362 1139 4414 caecitatem
1168 4360 1514 4426 devenimus,
1556 4371 1617 4415 ut
1657 4362 2012 4429 nosmetipsos
2040 4363 2190 4430 igno-

607 4446 813 4501 remus,
846 4446 947 4486 nec
974 4430 1084 4483 cito
1109 4432 1560 4497 deprehendimus
1596 4434 1764 4497 mala,
1797 4449 1915 4501 qua:
1958 4432 2185 4501 agimus.

614 4497 764 4556 Unde
792 4501 943 4555 nobis
974 4501 1257 4568 petendum
1283 4512 1367 4554 est
1393 4517 1422 4554 a
1450 4502 1691 4568 Domino,
1717 4511 1775 4557 ut
1803 4497 2014 4555 nostras
2041 4512 2187 4556 tene-

610 4572 735 4625 bras
760 4572 1040 4638 illuminet,
1074 4580 1129 4624 ut
1158 4571 1351 4625 delicta
1378 4584 1431 4626 et
1458 4576 1660 4628 scelera
1695 4583 1875 4627 nostra
1906 4571 2067 4625 iaciat
2092 4588 2189 4627 nos

609 4643 833 4697 videre:
863 4652 1125 4712 quatenus
1147 4643 1308 4712 vitam
1341 4653 1577 4698 nostrain
1608 4645 1807 4709 ﬁendn,
1838 4652 1893 4698 et
1922 4644 2187 4711 paeniten-

607 4713 680 4768 do
710 4711 976 4779 possimus
1005 4711 1314 4766 emendare.

680 4784 769 4839 50.
815 4784 1070 4851 Quoniam
1098 4784 1150 4835 in
1178 4791 1225 4836 te
1251 4784 1443 4851 eripior
1485 4800 1518 4837 tt
1562 4784 1860 4848 tentatione,
1903 4791 1953 4837 et
1988 4783 2044 4837 in
2083 4783 2192 4837 Deo

610 4870 724 4907 meo
752 4851 1101 4924 t’ransgrediar
1129 4869 1354 4908 murum.
1393 4855 1449 4908 lu
1480 4865 1551 4918 te,
1600 4856 1788 4922 inquit,
1830 4854 2049 4923 eripiar,
2084 4870 2189 4909 non

608 4925 664 4978 in
690 4940 813 4980 me:
846 4926 897 4979 in
928 4941 1013 4980 me
1039 4925 1181 4979 enim
1221 4925 1466 4978 inﬁrmus
1494 4940 1612 4979 sum
1644 4925 1817 4995 (Prol.
1848 4924 1956 4994 6.),
2002 4928 2097 4979 sed
2138 4926 2190 4979 iu

610 5005 665 5049 te
688 4996 859 5050 tortis.
905 4995 983 5049 Tu
1028 5011 1087 5049 es
1130 4996 1296 5058 solus,
1348 4996 1438 5063 qui
1468 4997 1631 5063 eripis
1656 5012 1684 5048 a
1714 4997 2005 5049 tentatinne
2030 4995 2193 5119 (Plii-

610 5065 929 5119 lin.4.l.oui
962 5064 1253 5119 principem
1284 5064 1443 5119 huius
1472 5067 1651 5119 mundi
1673 5066 2023 5119 lorastnittisl
2068 5083 2186 5119 oon.

608 5065 823 5137 lip.4.),
842 5067 929 5137 qui
962 5064 1253 5135 principem
1284 5064 1443 5131 hujus
1472 5067 1651 5120 mundi
1673 5066 1812 5119 foras
1829 5066 1993 5119 mittis
2009 5064 2186 5136 (Joan.

608 5137 748 5207 12.),
772 5140 859 5206 qui
891 5151 994 5190 non
1022 5138 1286 5206 permittis
1316 5138 1509 5189 tentari
1532 5151 1722 5191 servos
1746 5146 1864 5189 tuos
1889 5151 2049 5205 super
2068 5154 2188 5207 qua:

612 5206 761 5262 ferre
792 5216 1015 5278 possunt
1042 5225 1055 5261 :
1088 5209 1180 5278 sed
1214 5208 1344 5259 lacis
1372 5207 1529 5259 etiam
1562 5223 1626 5278 ett
1658 5208 1948 5261 tentatione
1966 5206 2191 5276 proven-

609 5280 815 5349 tum(1.
836 5277 956 5333 Cor.
990 5277 1121 5347 10.).
1156 5277 1211 5349 In
1242 5285 1294 5329 te
1321 5277 1684 5349 tratisgrediar
1711 5294 1943 5341 murum,
1975 5281 2055 5331 vel
2085 5280 2187 5332 du-

606 5347 786 5404 ritiam
813 5350 1012 5412 cordis,
1042 5350 1126 5402 vel
1158 5347 1489 5400 obsctcnlum
1516 5357 1878 5417 peccatorum,
1897 5364 2054 5416 quem
2076 5350 2189 5403 dia-

607 5420 785 5486 bolus,
818 5435 885 5473 ne
910 5419 977 5472 ad
1004 5428 1058 5472 te
1085 5422 1269 5472 venire
1296 5431 1532 5485 possem,
1576 5419 1708 5474 mihi
1754 5421 2023 5487 opposuit.
2074 5420 2189 5474 Mu-

603 5505 724 5544 rum
755 5494 807 5544 in
835 5490 948 5546 Deo
977 5499 1163 5560 nostro
1195 5490 1639 5560 tratisgredimur,
1664 5503 1908 5559 quotiens
1955 5505 2047 5558 per
2093 5491 2181 5560 ip-

601 5560 718 5615 sius
746 5564 971 5631 gratiam
1016 5559 1175 5612 nobis
1218 5558 1531 5628 inspiratam
1578 5565 1825 5616 vitiorum
1876 5558 2183 5630 congeriem

599 5644 939 5699 superamus.

675 5698 766 5756 '51.
810 5703 906 5756 llic
934 5699 1118 5768 incipit
1144 5698 1308 5754 Deum
1339 5713 1492 5755 suum
1520 5702 1753 5760 Ecclesia
1780 5701 2182 5766 commendare.

603 5769 811 5853 dicens,
842 5771 983 5824 Deus
1010 5785 1172 5853 meus,
1196 5770 1467 5853 impolluta
1494 5775 1574 5828 via
1611 5776 1722 5845 ejus
1749 5788 1798 5853 ε,
1818 5772 2038 5852 liloquia
2079 5769 2188 5824 Do-

604 5842 731 5897 mini
759 5843 877 5909 ique
908 5841 1202 5895 examinata
1222 5856 1243 5898 .'
1282 5851 1535 5913 protector
1575 5841 1648 5902 est
1694 5841 1938 5901 omnium
1969 5858 2186 5904 speran-

2320 544 2498 620 caitcri
2529 561 2553 620 :_
2586 558 2813 620 namque
2858 544 2934 595 via
2980 543 3442 620 ejusuitnpolluta,
3488 549 3652 620 vctha
3709 551 3827 620 ejus
3855 555 3901 608 in

2319 614 2660 693 tribulatione
2690 615 2933 693 probata,
2961 629 3083 681 spes
3113 615 3254 693 illius
3278 627 3448 693 _certa
3481 630 3535 693 et
3586 614 3765 679 ﬁrma'.
3811 626 3898 693 qui

2317 688 2549 755 protegit
2597 695 2876 753 sperantes
2910 687 2958 738 iti
2992 700 3071 747 se,
3105 700 3173 739 ne
3200 686 3454 741 deﬁciant
3506 689 3559 742 in
3611 686 3902 750 tentatin'ne

2318 755 2508 826 (Hebr.
2558 756 2660 825 7.).
2708 754 2846 819 Quid
2900 764 3005 827 tam
3054 754 3413 827 impollutum,
3467 769 3573 812 tam
3621 764 3899 827 mundum.

2316 825 2473 899 quam
2489 827 2580 899 Dei
2602 828 2797 899 virtus,
2819 834 2878 880 et
2900 825 2988 899 Dei
3006 826 3262 899 sapientia
3284 828 3530 895 Christus
3554 832 3631 899 (1.
3657 831 3781 888 Cor.
3808 825 3900 899 1.)?

2316 896 2406 977 qui
2450 897 2544 977 ait,
2597 898 2708 965 Ego
2749 911 2871 949 sum
2900 898 3005 977 _via_
3051 895 3233 967 (Joan.
3272 895 3753 977 1i.)._'l‘eneatuus
3779 895 3900 977 ergo

2316 966 2459 1021 hanc
2486 971 2648 1030 viam,
2676 978 2727 1021 et
2752 966 3131 1021 mundabim’ur
3154 986 3171 1021 :
3219 966 3585 1025 custodiamus
3625 976 3748 1036 eius
3788 966 3901 1031 el;-

2314 1040 2461 1106 quia,
2490 1050 2543 1091 et
2575 1054 2682 1091 non
2706 1038 3044 1111 errabimus:
3089 1039 3312 1107 ﬁgamus
3355 1041 3405 1093 in
3450 1042 3571 1109 ipso
3609 1058 3765 1111 spem
3808 1064 3899 1102 no-

2314 1118 2504 1171 stram,
2536 1119 2587 1161 et
2617 1109 2794 1163 securi
2826 1109 2928 1161 sub
2952 1110 3071 1176 ejus
3103 1112 3436 1177 protectioue
3476 1109 3893 1176 ambulabinttts.

2316 1179 2609 1233 Etmerito
2641 1182 2965 1246 sperandum
2998 1190 3077 1234 est
3110 1183 3160 1233 in
3194 1182 3284 1234 illo
3312 1196 3327 1234 :

2384 1248 2472 1301 32.
2518 1251 2771 1322 Quoniam
2799 1251 2911 1313 quis
2938 1250 3075 1302 Deus
3098 1261 3281 1319 printer
3313 1252 3589 1308 Dominum
3609 1257 3636 1309 .’
3679 1268 3771 1312 aut
3789 1262 3897 1322 quis

2310 1317 2451 1394 peus
2482 1331 2665 1394 printer
2696 1320 2861 1394 Deum
2900 1317 3129 1394 nostrum
3158 1324 3181 1374 ?
3212 1323 3367 1387 Deus,
3416 1327 3505 1394 qui
3538 1342 3636 1380 nos
3676 1317 3892 1394 creavit,

2312 1389 2596 1458 Dens,qui
2624 1407 2719 1444 nos
2751 1393 2905 1456 regit,
2936 1391 3100 1461 (Deus
3125 1408 3285 1459 quem
3326 1389 3595 1461 amamus,
3646 1389 3896 1457 Damionis

2309 1475 2467 1528 quem
2506 1471 2777 1515 timemus.
2824 1464 2880 1515 Si
2932 1460 3292 1516 inveniremus
3338 1460 3519 1531 talem,
3573 1476 3667 1521 aut
3711 1472 3893 1524 tuebo-

2310 1547 2447 1595 rem,
2473 1532 2716 1609 fortassis
2744 1532 2797 1586 in
2830 1532 2919 1586 illo
2950 1534 3463 1609 esse_t_sperandum.
3494 1539 3605 1609 80
3636 1539 3747 1594 Sed
3779 1546 3890 1609 quia

2310 1602 2517 1676 cunctis
2548 1604 2738 1657 melior
2767 1612 2864 1667 est,
2900 1612 2952 1655 et
2987 1604 3277 1676 sublimior
3310 1608 3470 1672 (sicut
3500 1602 3620 1674 Tp§e
3650 1612 3747 1676 ait,
3782 1602 3885 1674 Ego

2311 1672 2586 1737 Dominus,
2621 1683 2674 1727 et
2704 1687 2807 1726 non
2839 1681 2921 1725 est
2951 1673 3119 1736 alius,
3166 1683 3316 1729 extra
3350 1691 3436 1731 me
3484 1672 3589 1735 non
3628 1692 3713 1733 est
3736 1672 3890 1737 ne...

2310 1740 2464 1813 (litui.
2495 1742 2565 1799 43
2588 1754 2635 1797 et
2662 1742 2800 1815 45.])
2831 1750 3018 1808 restat,
3050 1746 3101 1797 in
3126 1744 3390 1815 ipso,spes
3420 1761 3600 1804 nostra
3638 1752 3740 1805 lixa
3774 1770 3888 1823 per-

2309 1822 2541 1867 maneat.

2379 1887 2467 1961 53.
2515 1884 3016 1961 Quiprminritme
3034 1884 3236 1961 virtute.
3267 1887 3485 1961 Scilicet
3514 1888 3651 1955 ﬁde,
3700 1906 3797 1961 spe
3841 1906 3889 1951 et

2305 1956 2553 2009 caritate.
2591 1955 2655 2009 Et
2709 1957 2879 2024 posuit
2915 1955 3291 2010 immaculatum
3315 1960 3447 2012 viam
3473 1979 3659 2016 meam.
3698 1955 3887 2019 Videli-

2305 2035 2413 2089 cet,
2446 2036 2506 2079 ut
2536 2025 3071 2097 innocentergvivam.
3109 2028 3173 2081 Et
3201 2033 3490 2085 notandum
3524 2073 3540 2095 ,
3595 2037 3738 2097 quod
3788 2052 3885 2092 non

2306 2099 2400 2170 ait,
2435 2098 2745 2170 (littsitpte,
2767 2095 2868 2170 sed
2904 2095 3201 2151 Prwcinxit.
3236 2099 3479 2163 Magnum
3524 2095 3744 2170 quidem
3777 2123 3887 2159 ont-

2306 2167 2599 2243 nipotentis
2628 2166 2720 2221 Dei
2736 2166 2945 2243 _dn_n_um
2975 2176 3087 2243 est,
3117 2183 3237 2222 cum
3262 2180 3391 2243 ante
3413 2166 3643 2243 quisqtte
3670 2179 3887 2242 ptaecin~

2304 2239 2469 2306 gitur,
2503 2254 2658 2307 quam
2684 2238 2748 2291 ad
2776 2237 2903 2290 vitia
2934 2239 3229 2297 relaxetur.
3257 2240 3366 2294 Nec
3401 2237 3597 2297 mit-uni
3632 2237 3682 2298 si
3704 2263 3881 2303 eorum

2302 2307 2443 2381 viam
2475 2310 2871 2381 immaculatam
2906 2311 3114 2381 posuit,
3162 2325 3295 2379 quos
3344 2314 3529 2369 taliter
3573 2319 3883 2381 prtccinxit:

2303 2378 2427 2455 quia
2458 2379 2545 2455 ubi
2580 2379 2829 2455 praecedit
2879 2380 3146 2455 cingulum
3184 2378 3470 2455 virtutum,
3527 2378 3634 2439 non
3670 2400 3884 2455 possunt

2304 2450 2567 2525 impedire
2612 2449 2842 2525 macula:
2892 2462 2959 2525 _et_
3018 2451 3217 2525 latura:
3268 2453 3539 2509 vitiorum.
3604 2449 3739 2512 llihc
3785 2473 3880 2525 est,

2301 2520 2441 2597 quod
2474 2520 2732 2597 Dominus
2765 2535 2863 2575 nos
2884 2520 3036 2597 jubet
3066 2522 3273 2576 lumbos
3305 2538 3517 2597 nostros
3558 2520 3878 2597 pracingere

2304 2589 2623 2663 (Lue._l2.),
2653 2601 2709 2644 ut
2742 2601 2867 2663 ante
2892 2590 3117 2659 quisque
3146 2608 3207 2647 se
3237 2589 3568 2663 restringere
3589 2589 3787 2653 contra
3808 2604 3883 2656 vi-

2300 2664 2379 2731 tia
2399 2660 2612 2731 debeat,
2644 2676 2803 2728 quam
2836 2660 3043 2715 laxatus
3069 2672 3125 2716 et
3153 2660 3644 2731 impeditusvcadat.

2372 2730 2481 2806 51L
2508 2732 2610 2806 Qui
2630 2732 2848 2806 perfecit.
2871 2732 3022 2806 pedes
3053 2749 3190 2787 meos
3224 2730 3469 2806 tanquam
3514 2754 3795 2795 cervorum.
3829 2742 3879 2797 ld

2298 2801 2518 2881 e8t__(_Ex
2547 2801 2880 2872 Augustino),
2904 2802 3124 2881 allectus
3155 2801 3338 2881 animi,
3390 2808 3581 2881 quibus
3632 2820 3875 2881 tanquam

2298 2872 2520 2942 pedibus
2546 2871 2898 2952 sustentaret
2930 2871 3167 2952 proﬁcio,
3203 2876 3266 2952 ad
3300 2871 3755 2952 transcendenda'
3776 2887 3879 2952 spi-

2298 2958 2433 2999 nosa
2462 2954 2514 2999 et
2547 2944 2796 2998 umbrosa
2832 2942 3222 3010 itnplit-amenta
3250 2944 3409 3013 hujus
3436 2950 3641 3005 saeculi.
3689 2950 3757 3005 Et
3793 2942 3878 3008 su-

2296 3031 2386 3085 per
2413 3015 2613 3069 excelsa
2635 3023 2865 3087 statueris
2894 3031 2993 3066 me.
3022 3015 3189 3087 ldjest
3215 3018 3519 3073 cmlestibus
3550 3023 3759 3087 regnis,
3795 3025 3876 3080 ubi

2297 3083 2619 3141 Sanctorum
2653 3096 2735 3139 est
2761 3083 3041 3157 habitatio.
3078 3084 3227 3140 Unde
3257 3087 3544 3143 At'osmlus
3568 3083 3664 3157 ait,
3695 3083 3878 3151 Nostra

2295 3167 2477 3233 autem
2502 3155 2842 3233 conversatio
2874 3155 2943 3233 ili-
2962 3157 3113 3211 caalis
3160 3170 3238 3233 est
3264 3156 3483 3230 (Philip.
3513 3162 3611 3227 5.).
3648 3155 3736 3217 Sic
3765 3180 3878 3233 pro-

2220 3214 2268 3277 C
2296 3226 2553 3282 culdubio
2582 3226 2839 3302 debemus
2867 3225 3087 3302 aﬁ‘ectus
3119 3214 3331 3302 nostros
3350 3269 3365 3292 ,
3405 3214 3460 3283 νί
3504 3214 3733 3302 gressus
3755 3214 3876 3302 51.;-

2300 3312 2417 3351 rum
2449 3306 2750 3351 nostrorum
2785 3297 2836 3351 in
2870 3295 2973 3367 hac
3002 3306 3143 3351 terra
3175 3295 3604 3367 distioiiere,'ut
3660 3295 3875 3361 calcatis

2296 3366 2532 3437 spinosis
2560 3367 2846 3422 desideriis
2871 3366 3030 3435 hujus
3058 3366 3271 3434 saeculi,
3296 3382 3528 3427 mentem
3558 3386 3795 3430 nostram
3825 3377 3873 3432 iii

2298 3438 2612 3493 ctelestibus
2637 3438 2947 3492 Studeamus
2978 3438 3242 3495 stabilire.

2366 3508 2454 3585 55.
2486 3508 2748 3585 Quidocet
2778 3525 2960 3561 manus
2988 3525 3125 3585 meas
3154 3513 3222 3585 ad
3244 3512 3499 3585 praelium.
3530 3514 3631 3580 Qui
3657 3515 3764 3585 (Ex
3778 3519 3874 3571 Λιι-

2294 3581 2534 3655 gustino)
2568 3578 2728 3655 docet
2754 3581 3083 3655 meoperari
3119 3582 3188 3655 ad
3235 3578 3569 3651 superandos
3617 3578 3873 3655 inimicos,

2294 3649 2383 3720 qui
2412 3651 2567 3704 nobis
2596 3649 2952 3710 intercludere
2983 3650 3224 3706 caelestia
3271 3649 3429 3722 regna
3476 3668 3763 3712 cottantur.
3810 3649 3872 3711 Et

2294 3722 2540 3792 posuisti,
2565 3729 2636 3792 (ut
2668 3735 2844 3773 arcum
2881 3735 3069 3774 (ereum
3094 3723 3301 3775 brachia
3332 3741 3464 3779 mea.
3510 3726 3566 3779 ω
3595 3735 3681 3781 est
3712 3730 3872 3783 inlati-

2295 3791 2522 3868 gabilem
2562 3791 2911 3868 intentionem
2958 3794 3217 3846 bonorum
3269 3809 3515 3868 operum.
3545 3798 3713 3868 iUsus
3756 3816 3873 3868 pri.-

2296 3862 2576 3931 phetarum
2599 3870 2702 3923 est,
2734 3862 2841 3915 cito
2872 3866 3079 3917 mutare
3112 3878 3410 3930 personam.
3439 3867 3591 3920 Modo
3619 3870 3685 3922 ad
3716 3862 3872 3923 Deum

2294 3933 2531 4005 loquitur
2560 3932 2857 4005 Ap_r0plieta,
2892 3935 3016 4005 sive
3064 3933 3326 4000 Eccfesia,
3379 3938 3541 3991 modo
3580 3938 3649 3993 ad
3698 3945 3873 4005 ιιι-ηλι-

2294 4020 2462 4079 mum.
2494 4003 2573 4079 Ad
2602 4002 2792 4079 Deum,
2817 4003 3065 4079 videlicet
3091 4020 3119 4056 a
3149 4020 3257 4079 uno
3279 4009 3504 4079 accepit,
3530 4012 3671 4075 quod
3700 4002 3873 4079 loqui-

2295 4084 2401 4127 tur.
2432 4075 2511 4146 Ad
2545 4074 2870 4146 proximum,
2904 4076 2987 4126 cni
3022 4076 3308 4138 expendat,
3343 4074 3485 4144 quod
3509 4074 3733 4146 accepit.
3764 4074 3870 4135 Non

2293 4145 2495 4199 sufﬁcit
2538 4143 2692 4198 nobis
2730 4143 2930 4197 habere
2976 4161 3190 4212 gressus
3241 4156 3415 4202 rectos
3459 4148 3525 4203 ad
3568 4143 3873 4205 sectandam

2287 4216 2588 4291 justitiam,
2616 4214 2717 4268 nisi
2770 4214 3061 4291 habeamus
3092 4216 3277 4291 doctas
3309 4233 3495 4271 manus
3522 4220 3590 4272 ad
3626 4237 3867 4291 pugnam.

2292 4288 2476 4353 Neque
2505 4287 2649 4361 enim
2681 4286 2899 4338 retineri
2933 4297 3104 4361 potest
3126 4286 3329 4354 justitta
3360 4293 3478 4343 sine
3513 4286 3716 4361 pugna:
3745 4294 3874 4347 Sunt

2292 4365 2469 4410 autem
2500 4358 2665 4409 multa
2693 4369 2887 4423 genera
2916 4356 3220 4423 praeliorum
3253 4374 3265 4409 :
3321 4374 3441 4413 nam
3472 4369 3557 4414 est
3588 4356 3741 4416 nobis
3769 4362 3873 4417 col-

2293 4427 2514 4482 luctatio
2540 4428 2796 4479 adversus
2825 4427 3110 4493 principes,
3143 4436 3199 4481 et
3223 4438 3513 4494 potestates
3540 4444 3778 4488 rectores
3803 4443 3875 4485 te-

2292 4499 2578 4552 nebrarum
2603 4494 2901 4568 (Eph.ti.).
2933 4496 3030 4568 Est
3058 4498 3206 4551 nobis
3238 4514 3405 4567 pugna
3429 4505 3689 4555 adversus
3712 4518 3875 4558 διεω-

2218 4598 2272 4658 n
2297 4570 2448 4658 lae:
2470 4578 2555 4658 (θεέ
2585 4566 2821 4658 illishis
2850 4566 3675 4658 ινξξξὲίξςετιξξι,ίίξιετρθξσιιειη
3698 4584 3752 4627 ει
3772 4576 3873 4640 svi-

2295 4640 2454 4694 ritutn
2485 4637 2683 4708 (Galat.
2716 4636 2817 4706 5.).
2849 4636 3046 4691 Contra
3071 4638 3184 4692 haec
3206 4655 3302 4694 nos
3323 4652 3534 4708 Oportet
3557 4643 3747 4699 doctos
3763 4636 3875 4698 esse

2295 4712 2362 4763 ad
2394 4712 2664 4778 praelium,
2688 4718 2743 4762 et
2775 4723 3009 4775 pugnare
3032 4712 3199 4763 armis
3223 4711 3443 4778 iustitia:
3469 4728 3499 4766 a
3531 4714 3631 4768 det
3646 4716 3743 4770 tris
3769 4726 3820 4770 et
3846 4731 3874 4768 a

2297 4777 2528 4836 sinistris
2556 4780 2633 4849 (2.
2664 4777 2787 4837 Cor.
2818 4778 2934 4847 6.):
2966 4789 3022 4833 et
3065 4777 3260 4835 habere
3296 4780 3487 4837 fortem
3514 4793 3572 4839 et
3611 4784 3875 4840 inﬂexin

2293 4852 2400 4907 lem
2429 4850 2802 4915 intentionem,
2834 4859 3083 4917 tanquam
3115 4867 3298 4905 arcum
3330 4869 3554 4917 aereum,
3584 4857 3652 4910 ad
3684 4856 3876 4912 leiien-

2293 4923 2417 4977 dnm
2439 4931 2495 4977 et
2523 4922 2808 4990 fugandum
2835 4920 3128 4975 inimicum.
3146 4921 3213 4975 Et
3240 4935 3386 4978 recte
3411 4928 3739 4982 intentiones
3763 4929 3875 4981 bra-

2296 4993 2432 5047 chiis
2459 5002 2861 5062 comparantur,
2910 4994 3034 5058 quia
3078 4994 3218 5048 sicut
3248 4994 3299 5046 iti
3331 4994 3568 5050 brachiis
3599 4996 3874 5059 fortitudo,

2293 5076 2348 5119 et
2378 5077 2568 5118 manus
2608 5064 2887 5116 adhaerent
2914 5063 3186 5117 brachiis:
3236 5065 3308 5117 ita
3355 5066 3509 5120 fortis
3558 5069 3720 5122 debet
3762 5082 3877 5123 esse

2292 5148 2475 5189 nostra
2508 5134 2756 5207 intentio,
2788 5142 2844 5185 et
2873 5133 2939 5207 ab
2968 5134 3081 5201 ipsa
3114 5135 3407 5202 procedere
3436 5138 3654 5207 robusta
3686 5154 3877 5207 opeta-

2295 5208 2388 5259 tio.
2419 5205 2522 5259 Sed
2565 5205 2689 5274 quia
2744 5216 2841 5255 nos
2886 5202 3124 5272 fragiles,
3157 5213 3213 5259 et
3258 5206 3459 5260 inimici
3503 5211 3677 5262 nostri
3724 5202 3874 5263 imus

2293 5286 2418 5329 sunt
2446 5279 2812 5331 robustiores:
2846 5288 2981 5342 Opus
3007 5283 3109 5338 est,
3144 5286 3201 5329 ut
3247 5278 3336 5331 liat
3388 5279 3565 5343 nobis,
3609 5281 3752 5347 quod
3795 5294 3874 5334 se-

2332 5360 2501 5399 lllllll':

2291 5362 2471 5471 (1υὲἓῖ
2491 5387 2565 5469 Ἐι
2613 5414 2822 5469 dedistis
2866 5414 2991 5467 milii
3037 5418 3400 5480 prolectionem
3440 5419 3623 5473 salutis
3664 5431 3784 5485 tute,
3826 5430 3872 5474 et

2290 5486 2500 5541 dextera
2528 5498 2616 5539 tua
2646 5486 2865 5554 suscepit
2894 5502 2991 5538 me.
3029 5486 3127 5538 Dat
3155 5490 3339 5541 electis
3370 5491 3482 5542 suis
3512 5490 3767 5544 Dominus
3792 5507 3871 5544 sa-

2290 5558 2452 5611 lutem
2477 5573 2652 5619 suam,
2677 5572 2778 5625 qua
2804 5571 2901 5627 eos
2931 5565 3194 5627 protegat,
3247 5570 3496 5627 tanquam
3530 5562 3725 5615 nudos.
3779 5563 3870 5615 Dat

2290 5629 2566 5683 dexteram
2596 5641 2768 5688 suam,
2800 5626 2851 5678 id
2880 5638 2960 5679 est
2986 5626 3218 5700 favorem
3249 5626 3433 5698 gratia:
3459 5646 3596 5695 suae,
3634 5647 3735 5700 qua
3754 5649 3868 5686 ευθ-

2290 5701 2452 5763 cipiat
2477 5713 2593 5762 eos,
2642 5708 2893 5765 tanquam
2934 5699 3178 5769 medicus
3234 5712 3487 5769 a-grotos.
3530 5701 3583 5755 Si
3636 5699 3867 5757 timueris

2293 5780 2457 5823 mstus
2489 5770 2761 5833 vitiorum,
2793 5776 2848 5820 et
2879 5767 3347 5839 tela‘iniuiicoru'tn
3376 5772 3741 5839 ittvisibihum,
3764 5776 3869 5825 sive

2294 5839 2647 5897 adversitatcs
2670 5837 3104 5910 persequentium
3133 5839 3411 5896 hominum
3438 5859 3451 5894 :
3495 5845 3706 5911 pustula
3729 5837 3865 5913 pm.
