4128 6360
582 370 682 427 7H

1612 366 1865 423 RUFINO
1904 362 2360 421 PRESBYTERO
2398 366 2780 424 ASCRIPTUS

3749 356 3845 412 7f?

588 480 838 551 populum
885 477 1036 549 (Osee
1069 479 1173 550 '2.).
1221 479 1447 551 Caecitas
1485 493 1548 533 ex
1576 489 1751 551 parte
1795 476 2073 551 contingit,
2106 480 2158 534 in
2190 491 2233 547 Α
2267 489 2574 542 concordat.
2607 488 2797 542 Adhuc
2828 482 2968 538 unde
2998 478 3297 537 laudandus
3323 477 3394 532 sit
3422 473 3588 539 Deus,
3614 475 3844 530 ostendi-

588 548 774 613 lsr'ael,
816 561 874 604 ut
896 548 1143 620 gentium
1193 550 1475 604 multitudo
1509 548 2158 620 salvaretiirglRom._9.).

585 623 881 678 Noluerunt
901 618 1042 675 enim
1069 622 1238 675 Judzei
1266 620 1506 688 recipere
1530 622 1745 673 verbum
1764 618 1882 672 lidei
1908 620 1985 687 (l.
2013 618 2159 675 Petr.

585 693 705 761 2.),
763 694 902 746 unde
941 693 1019 744 eis
1054 690 1249 744 dictum
1300 699 1383 745 est
1414 707 1427 741 :
1460 688 1623 743 Vobis
1665 692 1892 761 primum
1922 696 2161 755 Oportuit

586 759 863 834 praedicari
895 763 1113 834 verbum
1141 762 1228 815 Dei
1256 801 1271 822 ,
1311 761 1406 813 sed
1438 763 1559 834 quia
1601 759 1877 827 repulistis
1909 761 2069 834 istud.
2102 770 2158 815 et

584 830 830 901 indignus
864 847 958 883 vos
985 832 1183 884 fecistis
1204 841 1420 885 interna:
1451 832 1573 883 vita:
1605 848 1617 882 :
1647 846 1775 884 ecce
1794 830 2160 885 convertimur

582 906 647 957 ad
676 915 861 969 gentes
897 901 1030 970 (Act.
1068 901 1196 968 l5.),
1240 904 1307 954 de
1341 902 1535 967 quibus
1580 901 1842 963 subditur,
1885 901 2153 969 Populus,

583 990 724 1040 quem
737 973 947 1039 cognovi
972 987 990 1024 :
1010 972 1178 1038 Quem
1196 972 1457 1037 corporali
1486 972 1898 1040 prasentianon
1918 972 2153 1037 visitavi,

581 1038 965 1105 servivil’milii,
1000 1042 1264 1108 Praecepta
1294 1057 1409 1093 mea
1432 1042 1738 1095 custodivit.
1764 1038 1827 1091 In
1858 1042 2037 1093 auditu
2065 1059 2157 1093 au-

580 1115 652 1166 ris
678 1113 893 1165 obedivit
928 1112 1073 1164 milii.
1117 1113 1297 1165 Oculis
1326 1127 1411 1165 me
1442 1126 1544 1164 non
1571 1111 1723 1176 vidit,
1776 1111 1990 1163 nomine
2031 1127 2154 1165 meo

583 1192 787 1236 tantum
814 1182 992 1235 audito
1017 1184 1395 1249 prmdicatores
1428 1195 1576 1233 meos
1608 1182 1826 1248 recepit.
1862 1180 1988 1233 Esto
2019 1191 2073 1236 et
2102 1192 2156 1236 tu

579 1268 644 1306 ex
678 1255 874 1321 populo
915 1253 1019 1305 isto
1050 1254 1225 1315 lideli,
1267 1262 1325 1305 ut
1364 1254 1408 1304 si
1436 1251 1709 1304 Christum
1750 1251 2060 1321 nonvidisli
2103 1250 2155 1306 in

578 1320 761 1389 carne,
795 1337 998 1376 servras
1030 1332 1207 1376 tamen
1235 1324 1281 1376 ci
1317 1324 1367 1373 in
1399 1322 1614 1390 spiritu,
1643 1332 1695 1373 et
1725 1323 1800 1375 sis
1821 1320 1869 1374 ei
1895 1321 2154 1374 obediens

578 1393 631 1447 in
664 1403 773 1446 tuta
804 1394 1103 1454 Voluiitate,
1143 1404 1200 1445 ut
1230 1395 1413 1446 beatus
1446 1406 1565 1445 esse
1609 1394 1883 1453 merearis,
1922 1405 2042 1443 cuin
2073 1394 2154 1446 eis

588 1464 655 1517 de
689 1464 880 1531 quibus
926 1466 1182 1530 srriptum
1219 1473 1322 1526 est,
1366 1462 1519 1531 Beati
1547 1464 1636 1527 qui
1674 1478 1777 1514 non
1806 1462 2070 1525 viderunt,
2101 1471 2156 1516 et

576 1530 924 1588 crediderunt
963 1530 1146 1603 (Joan.
1174 1532 1313 1601 ω).
1347 1530 1489 1586 Cave
1531 1542 1707 1586 autem
1750 1546 1937 1585 eorum
1969 1546 2155 1586 exem-

580 1605 747 1673 plum,
776 1604 844 1673 de
871 1603 1065 1671 quibus
1094 1603 1340 1657 subditur
1364 1618 1379 1655 :

649 1673 741 1728 46.
783 1672 911 1726 Filii
948 1675 1102 1725 alieni
1142 1675 1335 1725 mentiti
1365 1680 1483 1725 sunt
1512 1672 1669 1735 mihi,
1706 1671 1802 1737 lilii
1830 1671 1984 1723 alieni
2014 1671 2154 1725 inve-

579 1746 729 1797 terati
757 1754 897 1807 sunt,
940 1753 988 1796 et
1019 1744 1427 1797 cluudicaveruut
1464 1759 1496 1794 a
1526 1744 1718 1795 semitis
1747 1744 1876 1796 suis.
1910 1741 2027 1795 Filii
2060 1742 2151 1797 Dei

580 1814 1019 1877 l'iieruutludai,
1051 1816 1142 1867 sed
1174 1813 1442 1867 Christum
1480 1813 1862 1866 interlicieiites
1903 1812 1995 1865 lilii
2031 1813 2147 1866 dia-

582 1860 690 1937 bn'ii
706 1860 843 1937 “tibi
854 1860 990 1937 “.1...
1003 1860 1423 1953 ’(ἱόἇηῗὲζὶξῖῆ
1430 1860 1558 1936 te};
1556 1860 1800 1953 signa;
1809 1860 2144 1953 senatus;
2179 1860 2226 1920 Β

580 1963 682 2019 tes,
700 1954 854 2023 Legis
876 1955 995 2007 farti
1017 1951 1468 2021 praevaricatores,
1489 1951 1695 2006 mentiti
1710 1963 1831 2004 sunt
1854 1951 2029 2020 (liam.
2044 1952 2149 2022 2.).

585 2023 640 2094 In
666 2025 818 2093 primi
844 2024 1070 2078 hominis
1091 2034 1311 2094 peccato
1333 2025 1610 2094 inveterati
1634 2031 1779 2086 sunt,
1796 2026 1916 2085 quia
1945 2039 2144 2077 novum

578 2091 849 2149 hominem
896 2091 1134 2159 recipere
1174 2094 1460 2147 noluerunt
1503 2110 1517 2145 :
1562 2091 1627 2145 Et
1670 2093 2082 2145 claudicaverunt
2119 2111 2153 2147 α

575 2165 767 2217 semitis
796 2166 921 2229 suis,
957 2164 1006 2217 id
1038 2176 1141 2227 est,
1166 2179 1197 2217 a
1230 2165 1367 2232 Lege
1395 2174 1447 2217 et
1482 2162 1788 2232 Prophetis,
1817 2166 1930 2217 sive
1958 2166 2008 2216 in
2041 2166 2151 2218 suis

578 2233 959 2298 intellectibus,
1010 2236 1093 2289 vel
1133 2236 1184 2288 in
1230 2234 1335 2287 iide
1365 2248 1469 2287 uno
1501 2238 1635 2302 pede
1664 2234 1918 2297 nitentes,
1963 2235 2013 2287 id
2042 2245 2145 2297 est,

576 2304 789 2358 Patrem
822 2313 876 2357 et
906 2321 1009 2357 non
1044 2305 1233 2358 Filium
1264 2304 1549 2357 adorantes
1588 2322 1600 2355 :
1644 2305 1727 2356 vel
1761 2315 1914 2357 vetus
1949 2315 2002 2357 et
2043 2321 2150 2357 non

576 2388 776 2429 novum
803 2375 1203 2429 Testamentum
1234 2389 1537 2444 sequentes,
1583 2375 1695 2427 sive
1725 2375 1935 2428 literam
1960 2387 2013 2429 et
2045 2390 2150 2428 non

573 2445 819 2512 spiritum
850 2453 1113 2499 tenentes.
1143 2444 1270 2499 lude
1298 2454 1401 2507 est,
1429 2445 1571 2513 quod
1601 2445 1674 2496 ait
1697 2446 1983 2510 Aposmlus
2010 2462 2021 2496 :
2049 2445 2149 2510 Qui

573 2528 626 2569 et
656 2517 877 2569 idoneos
909 2530 1007 2568 nos
1033 2514 1159 2569 fecit
1189 2517 1460 2567 titittistros
1490 2514 1612 2567 nnvi
1636 2514 1962 2567 Testamenti
2000 2531 2012 2566 :
2043 2531 2150 2570 non

577 2586 757 2651 litera,
790 2585 885 2638 sed
916 2585 1128 2652 spiritu.
1178 2586 1355 2638 Liteia
1383 2583 1523 2638 enim
1555 2584 1769 2647 occidit,
1808 2586 2032 2652 spiritus
2054 2600 2152 2638 au-

576 2665 682 2708 tem
710 2655 935 2708 vivilicat
968 2655 1046 2724 (2.
1075 2655 1195 2709 Cor.
1224 2656 1324 2721 5.).
1361 2656 1451 2708 His
1476 2654 1620 2707 enim
1652 2654 1877 2721 pedibus
1911 2654 2155 2723 graditur

576 2734 758 2778 sancta
799 2727 1057 2792 Ecclesia,
1085 2726 1166 2778 his
1189 2726 1409 2794 pedibus
1438 2725 1502 2776 ad
1533 2724 1765 2780 caelesna
1790 2734 2153 2792 promovetur.

580 2794 785 2848 Deinde
828 2794 895 2847 ad
945 2807 1182 2849 nostrain
1221 2794 1666 2860 aediﬁcationem,
1696 2796 1821 2864 quid
1864 2796 2153 2866 subjungat

573 2867 877 2918 audiamus.

645 2934 737 2986 47.
789 2934 919 2987 Vivit
963 2933 1246 3003 Dominus,
1293 2945 1337 2989 el
1381 2935 1667 2990 benedictus
1712 2935 1847 2990 Deus
1896 2952 2059 3003 meus,
2105 2946 2152 2993 et

578 3006 831 3058 excitetur
852 3005 992 3059 Deus
1019 3007 1200 3059 solutis
1229 3022 1373 3061 mete.
1416 3007 1497 3060 Dii
1528 3009 1767 3072 gentium
1800 3023 1905 3061 non
1939 3007 2150 3075 vivunt,

578 3091 682 3130 nec
711 3078 944 3147 aliquem
985 3085 1194 3131 salvare
1223 3088 1463 3146 possunt.
1506 3077 1683 3147 (Unde
1710 3078 1834 3132 alibi
1872 3079 2150 3133 Psalmis-ta

578 3149 657 3199 ait
682 3162 696 3196 :
731 3151 801 3201 Us
825 3146 1044 3216 habent,
1069 3158 1122 3203 et
1157 3164 1260 3201 ttuu
1294 3146 1574 3216 loquentur
1599 3166 1612 3201 :
1640 3152 1823 3202 oculos
1848 3147 2068 3214 habent,
2095 3160 2153 3205 et

2267 569 2371 618 tur.
2394 574 2512 612 cum
2541 559 2870 612 subitifertttr
2896 572 2915 627 εΔ
3151 621 3163 627 _
3258 622 3268 627 _
3476 617 3495 627 ,
3564 617 3574 627 .
3758 616 3768 627 .

2336 617 2425 683 5|.
2471 628 2810 697 Magniﬁcam:
2837 625 3028 697 salutes
3052 621 3189 697 regis
3222 622 3360 697 ejus.
3394 628 3443 697 et
3468 617 3669 697 {ueiens
3699 617 3845 697 mise-

2263 700 2539 752 ricordiam
2562 690 2772 752 “animo
2801 712 2894 749 suo
2932 694 3119 747 David.
3152 701 3200 744 et
3224 690 3417 768 semini
3444 691 3559 768 ejus
3598 702 3761 768 usque.
3793 690 3843 737 in

2261 772 2525 823 Sd’ﬂllllm.
2571 770 2814 823 Nondum
2858 773 3013 820 erant
3062 762 3414 829 magniﬁcatus
3457 759 3839 829 salutesejus,

2262 842 2473 907 quando
2510 849 2665 893 notus
2693 849 2810 893 erat
2840 845 3046 890 tantum
3080 826 3343 907 inljliidiea
3378 830 3539 883 Deus.
3575 826 3695 907 _Sed
3723 836 3841 907 tunc

2261 898 2501 964 excrevit
2541 912 2769 963 siilutum
2792 907 2915 980 ejus
2950 902 3371 980 magniﬁcentia,
3405 898 3629 980 quando
3657 898 3843 980 przedi-

2260 994 2439 1033 catum
2471 990 2551 1033 est
2581 978 2898 1033 admirabile
2928 973 3122 1029 nomen
3153 974 3268 1041 ejus
3301 973 3353 1025 in
3385 973 3644 1023 universa
3676 977 3834 1041 terra,

2260 1053 2470 1119 quando
2493 1051 2693 1104 dictum
2733 1060 2817 1102 est
2857 1048 3151 1120 Apostolis.
3185 1039 3317 1120 Ite,
3345 1041 3649 1120 praedicate
3675 1039 3842 1119 Evan-

2258 1111 2454 1188 geliuin
2478 1123 2621 1174 omni
2653 1111 3115 1189 creatum-.Iunc
3138 1112 3491 1189 proculdubio
3526 1111 3658 1189 iecit
3684 1111 3841 1189 misci-

2258 1180 2540 1244 ricoriliaui
2572 1192 2785 1244 Christo
2809 1203 2905 1242 suo
2937 1187 3105 1261 David
3131 1194 3177 1247 ι,
3211 1183 3423 1261 quando
3447 1181 3712 1261 aequalem
3740 1180 3838 1232 sibi

2259 1276 2354 1329 per
2378 1262 2737 1321 divmitatem,
2762 1261 2929 1331 voluit
2961 1257 3106 1331 nasci
3128 1272 3191 1309 ex
3221 1255 3428 1331 semine
3458 1252 3626 1331 David
3650 1264 3841 1331 secun-

2256 1322 2382 1384 dum
2413 1347 2651 1385 carnem.
2689 1331 2751 1384 Et
2772 1330 2952 1384 semini
2974 1330 3084 1397 ejus
3116 1342 3279 1397 usque,
3300 1326 3350 1377 in
3382 1325 3657 1397 siccatum,
3684 1322 3835 1397 idest,

2255 1402 2307 1455 in
2351 1412 2610 1455 internum
2666 1402 2913 1455 similiter
2954 1391 3372 1452 misericordiam
3407 1392 3536 1447 fecit
3562 1433 3578 1454 ,
3623 1391 3835 1471 quando

2254 1472 2599 1527 credentibus
2630 1473 2682 1525 in
2713 1487 2833 1525 eum
2868 1471 3237 1524 remissionem
3268 1469 3735 1533 peccatoruiu,_et
3760 1469 3836 1512 vi-

2259 1551 2366 1595 tani
2414 1552 2669 1597 aeternam
2706 1542 2943 1596 donavit.
2996 1539 3149 1595 Unde
3191 1530 3451 1605 scriptum
3495 1541 3603 1595 est,
3630 1530 3839 1611 vocabo

2257 1628 2362 1666 uon
2393 1614 2599 1679 plebem
2634 1628 2805 1666 meam
2831 1652 2845 1675 ,
2880 1610 3086 1681 plebem
3126 1604 3347 1681 meam}
3394 1617 3451 1661 et
3490 1620 3598 1657 non
3633 1604 3838 1681 iniseri-

2253 1678 2488 1737 cordiam
2544 1678 2896 1737 consecutam
2925 1724 2940 1747 ,
3008 1678 3430 1735 misericordiam
3491 1680 3834 1728 consecutam

2254 1752 2450 1824 (Rom.
2502 1754 2622 1821 9.).
2658 1754 2722 1807 Et
2768 1757 2870 1824 erit
2911 1750 3622 1824 qlliCII_nqlle_IIIVOCDICIZII7
3647 1758 3835 1824 nomen

2256 1812 2489 1890 Domini,
2537 1812 2717 1879 salvus
2763 1823 2866 1878 erit
2904 1812 3099 1894 ('loliel.
3130 1812 3185 1875 Ξ.
3216 1818 3364 1873 Rom.
3399 1819 3489 1872 10.
3527 1815 3648 1869 Act.
3676 1812 3779 1883 2.).

2649 1938 2940 1995 TITULUS
2978 1933 3224 1992 PSALMI
3266 1930 3452 1987 XVIII.

2316 2060 2362 2109 1.
2394 2054 2586 2105 Titulus
2610 2054 2708 2115 (Ex
2732 2050 3014 2115 Augustino)
3035 2049 3179 2115 hujus
3200 2048 3389 2115 Psalmi
3408 2053 3573 2115 riotus“
3599 2046 3695 2115 est,
3730 2046 3837 2115 quia

2252 2103 2763 2168 noi'i'blinnuusliesus
2782 2103 3119 2163 ilinsius'iiaaé
3139 2113 3275 2168 dicit,
3302 2111 3391 2157 sed
3413 2108 3479 2156 de
3522 2104 3610 2155 illo
3645 2105 3752 2152 haec
3766 2103 3839 2151 dl-

2254 2187 2451 2229 cuntur.
2475 2180 2536 2228 In
2575 2178 2717 2240 ﬁnem
2752 2177 2965 2240 psalmus
2986 2174 3159 2240 Dauid.
3195 2172 3460 2240 Negotium
3487 2174 3567 2217 est
3587 2177 3834 2240 contineti-

2252 2225 2841 2303 ⁷⁷Ξιὶιῐιίὲιίὲάὶιιοιῖέω
2856 2238 3128 2303 religionis,
3145 2243 3196 2284 et
3217 2225 3565 2303 praedicatores
3587 2225 3834 2303 Εςοιςτςιξ.

2254 2312 2307 2353 ει
2325 2290 2456 2351 illum
2479 2317 2505 2350 a
2529 2315 2626 2365 quo
2648 2314 2739 2365 pra
2750 2290 3040 2349 dication‘ém
3081 2290 3394 2365 acceperunt.
3434 2292 3613 2364 tithoc
3636 2290 3837 2365 facint-it

2256 2352 2591 2426 intelligantiir
2628 2352 2829 2422 delicta,
2878 2370 2934 2426 et
2971 2352 3305 2426 corrigantur:
3336 2363 3388 2403 et
3410 2356 3484 2403 sic
3506 2352 3836 2426 imriiaculatus

2256 2429 2399 2475 homo
2418 2421 2862 2489 EomplaceatDm.
2900 2422 3001 2489 Vror
3047 2422 3306 2483 Propheta;
3346 2429 3440 2478 per
3477 2421 3710 2478 spiritum
3731 2425 3835 2461 san-

2252 2496 2385 2537 ctum
2405 2486 2630 2551 dicentis,
2658 2487 2735 2537 vel
2757 2486 3010 2536 Ecclesiae.

2733 2594 3089 2657 PSALMUS
3117 2590 3350 2651 XVIII.

2324 2722 2378 2774 2.
2404 2721 2528 2775 Cteli
2547 2728 2786 2773 enarrant
2808 2717 3021 2787 gloriam
3053 2715 3165 2780 Dei,
3200 2723 3248 2766 et
3270 2725 3426 2787 Operti
3452 2722 3706 2787 mgnum-ii
3730 2708 3834 2777 ejus

2254 2796 2527 2845 annuntiat
2558 2778 2956 2860 ﬁrmamentum.
2985 2778 3145 2848 Idest,
3175 2778 3415 2860 Apostoli
3442 2780 3641 2860 εῖδει
3670 2778 3834 2860 Evan-

2254 2863 2483 2931 gelistie,
2512 2850 2600 2931 qui
2627 2861 2818 2934 merito
2844 2859 3093 2912 dicuntur
3118 2850 3256 2919 caili,
3284 2850 3508 2934 propter
3532 2850 3655 2934 vita:
3684 2850 3833 2934 celsi:

2256 2922 2491 2989 iudineui
2513 2922 2543 2997 ,’
2574 2942 2629 2986 ει
2671 2931 3059 2983 ﬁrmamentum
3097 2936 3314 2997 promer
3346 2922 3470 2997 lidei
3504 2931 3561 2976 et
3600 2922 3833 2973 caritatis

2255 2993 2579 3057 soliditatem
2616 3022 2632 3068 ;
2672 3009 2923 3055 enarraiit
2950 2993 3169 3067 gloriam
3199 2993 3833 3068 divinitatis,_et_aununf

2261 3075 2391 3128 tiaiit
2422 3075 2578 3128 nobis
2611 3058 2775 3142 opera
2811 3058 3174 3123 humanitatis.
3216 3067 3442 3119 Enarrat
3470 3062 3711 3186 gloriam
3742 3058 3833 3112 Dei

2261 3145 2507 3186 lnnnnne,
2556 3160 2677 3186 prim
2723 3142 2872 3186 dii-il-
2922 3140 2977 3186 In
3023 3137 3279 3186 nrincinio
3323 3142 3439 3186 erat
3518 3132 3730 3186 erDlllll.
3781 3138 3833 3181 ει

2254 3145 2512 3209 Joannes,
2556 3132 2678 3199 cuin
2723 3142 2873 3201 dii-it.
2922 3140 2977 3193 In
3023 3137 3279 3209 principio
3323 3142 3439 3187 erat
3470 3132 3730 3209 νει-ιιιιηι,
3781 3138 3833 3181 ει

580 3232 689 3271 non
724 3217 970 3270 videbunt
1430 3200 1498 3271 Et
2182 3234 2226 3295 ρ
2262 3200 2511 3295 Υριὺυιῐί
2534 3225 2656 3295 pra}
2704 3213 2843 3293 ει)υᾴ
2864 3200 3085 3295 ξθθβηίδν
3246 3206 3401 3295 θξῖξιξ

577 3296 739 3350 sunt,
774 3302 873 3340 nec
914 3288 1206 3342 exaltaiidi.
1240 3288 1349 3343 Nos
1373 3301 1549 3343 autem
1585 3291 1748 3343 talem
1782 3289 2066 3344 Dominum
2095 3301 2152 3346 et

580 3362 741 3429 talem
776 3362 938 3412 lleuin
969 3361 1248 3428 habemus,
1277 3361 1441 3429 quiin
1466 3372 1725 3413 aeternum
1758 3363 1907 3425 vivit,
1940 3364 2027 3429 qui
2054 3378 2153 3416 uos

542 3426 728 3500 'regit,
776 3429 1155 3500 iitDominus,
1201 3426 1423 3492 creavit,
1471 3440 1529 3483 ut
1567 3431 1744 3483 Deus:
1776 3432 1867 3499 qui
1910 3426 2151 3500 seipsum

576 3499 731 3551 nobis
754 3498 989 3563 tradidit,
1014 3500 1105 3568 qui
1130 3500 1319 3554 salutis
1345 3508 1542 3553 nostra»
1567 3514 1755 3555 auctor
1777 3502 1973 3555 extitit.
1998 3498 2154 3557 Lude

577 3577 724 3643 recte
753 3569 950 3643 anubis
965 3571 1359 3624 benediceiidus
1376 3581 1479 3639 est,
1501 3573 1840 3637 exaltaiidus,
1864 3574 2149 3643 amandus,

576 3638 835 3692 colendus
864 3651 915 3693 et
944 3644 1300 3694 venerandus.

641 3707 753 3778 84
790 3710 858 3781 48
888 3720 940 3762 ει
966 3709 1056 3762 49.
1098 3710 1238 3763 Deus
1261 3711 1348 3781 qui
1375 3710 1468 3765 das
1493 3712 1739 3765 vindictas
1768 3712 1890 3765 milii
1906 3753 1921 3777 ,
1955 3720 2003 3765 et
2029 3716 2149 3767 sub-

574 3776 656 3829 dis
678 3776 894 3847 populos
916 3783 1007 3831 sub
1031 3795 1128 3844 me,
1154 3776 1395 3835 liberator
1418 3798 1555 3835 meus
1578 3786 1641 3836 de
1664 3784 1880 3836 inimicis
1902 3776 2022 3836 meis
2043 3787 2151 3837 ira-

572 3851 774 3920 cundis.
808 3846 873 3899 Et
901 3851 963 3901 ab
990 3850 1369 3920 insurgentibus
1393 3855 1445 3904 in
1467 3869 1544 3905 me
1576 3854 1826 3907 exultabis
1854 3869 1956 3916 me,
1987 3870 2017 3906 a
2040 3858 2146 3908 viro

573 3919 748 3986 iniquo
779 3921 958 3988 eripies
997 3937 1093 3974 me.
1131 3919 1243 3975 bon
1279 3924 1452 3977 solum
1493 3928 1720 3978 salutem
1764 3932 1979 3990 praestat
2007 3925 2145 3979 Deus

577 3990 766 4043 electis
792 4004 923 4053 suis,
955 3994 1049 4045 sed
1082 3994 1243 4046 etiam
1271 3994 1556 4048 vindictam
1592 3998 1774 4049 tribuit
1799 3999 1867 4048 de
1890 3996 2141 4049 inimicis.

571 4058 770 4114 Tantas
801 4060 1059 4115 vindiCtas
1100 4062 1248 4118 dedit
1279 4064 1421 4119 Deus
1453 4065 1608 4118 Pater
1634 4065 1849 4118 Christo
1899 4066 2004 4118 lilio
2043 4081 2143 4119 suo

568 4132 638 4210 de
670 4130 895 4210 inimicis
917 4135 1028 4210 suis
1058 4135 1351 4210 iracundis,
1382 4139 1587 4190 scilicet
1605 4136 1835 4210 VJudasis,
1863 4138 1951 4202 qui
1994 4145 2142 4190 tanto

569 4202 860 4255 iracundia:
897 4213 953 4257 et
996 4204 1188 4259 furoris
1236 4208 1353 4259 zelo
1404 4209 1616 4261 accensi
1668 4216 1811 4270 sunt,
1861 4218 1917 4259 iit
1951 4219 2139 4262 coutia

569 4270 738 4325 Deum
766 4288 922 4325 suum
948 4275 1301 4345 insurgerent,
1324 4287 1379 4331 et
1410 4289 1659 4343 tauquam
1685 4282 1764 4330 vir
1794 4293 1931 4329 unus
1954 4289 2009 4331 et
2040 4281 2141 4330 iiii-

567 4356 704 4409 quus
737 4345 1087 4399 convenirent
1133 4346 1185 4398 in
1232 4363 1417 4412 unum,
1467 4358 1725 4401 adversus
1758 4346 2039 4400 Dominum
2083 4358 2139 4403 et

562 4415 823 4486 adversus
851 4414 1122 4486 Christum
1162 4418 1279 4485 ejus
1309 4418 1476 4485 (Psal.
1502 4417 1583 4486 ‘2.)
1614 4436 1625 4469 :
1659 4432 1853 4480 ianias,
1885 4419 2134 4485 inquam,

564 4485 833 4536 vindictas
853 4485 1017 4548 dedit,
1052 4494 1109 4539 ut
1133 4501 1229 4540 eos
1256 4503 1391 4554 quos
1418 4485 1730 4555 susceperat
1760 4492 2048 4553 regendos,
2080 4500 2137 4542 et

562 4556 876 4625 nutriendos
900 4567 1148 4623 tauquam
1177 4559 1335 4619 illius,
1364 4566 1580 4625 propter
1603 4558 1879 4625 perlidiaiii
1904 4566 1961 4611 et
1980 4574 2134 4612 vesa-

560 4624 703 4696 niam
747 4626 976 4689 illoriim,
1026 4632 1339 4693 reprobaiet
1378 4624 1539 4690 atque
1580 4624 1840 4695 ilejiceret
1883 4640 2130 4696 tauquam

559 4695 786 4748 alienos.
815 4703 854 4747 Α
884 4696 1078 4764 quibus
1105 4698 1356 4749 liberatus
1380 4709 1461 4750 est
1481 4698 1747 4763 Christus,
1780 4712 1901 4751 cuin
1929 4712 1959 4750 a
1989 4695 2131 4752 inor-

564 4766 671 4817 tuis
720 4768 1036 4819 resurrexit.
1089 4768 1368 4819 lixaltatus
1412 4778 1513 4832 est,
1566 4784 1684 4821 cum
1740 4767 1807 4821 ad
1855 4768 2128 4823 dexteram

564 4835 1026 4906 I’atiisascendit.
1059 4836 1292 4906 Ia‘reptiis
1321 4843 1423 4898 est,
1470 4842 1685 4906 quando
1718 4838 1952 4892 Verbum
1980 4842 2125 4903 lidei,

559 4904 703 4971 quod
746 4903 948 4958 ludatis
986 4905 1237 4957 ablatum
1270 4916 1372 4967 est,
1404 4903 1646 4971 gentibus
1695 4908 1930 4962 tradidit.
1982 4906 2129 4964 Jnde

557 4977 697 5027 bene
725 4974 940 5037 dicitur,
992 4974 1057 5027 Et
1086 4976 1258 5028 subdis
1291 4978 1508 5042 populos
1550 4978 1643 5030 sub
1682 4995 1779 5032 me.
1821 4977 1953 5032 Cum
1981 4984 2124 5034 enim

560 5042 1034 5117 iiiiuin_.|iid'aicum
1065 5047 1340 5111 pupulum,
1381 5046 1566 5114 jugum
1601 5049 1724 5102 lidei
1754 5059 2120 5117 respuentem,

555 5119 685 5166 ilure
726 5112 1014 5188 judicaiido
1043 5117 1299 5188 deseruit,
1346 5112 1541 5170 inultos
1578 5112 1860 5172 nationum
1901 5112 2125 5188 pupulos

555 5183 977 5257 misericorditer
1008 5186 1269 5251 vocando,
1307 5189 1480 5239 eidem
1516 5189 1644 5257 jugo
1680 5183 1939 5245 subdidit.
1975 5183 2126 5247 Unde

550 5252 889 5307 subiungitur
914 5272 927 5305 :

679 5269 708 5304 ii
732 5273 743 5305 ι
787 5270 799 5305 ι
914 5272 927 5305 :

622 5268 728 5376 liii):
747 5268 1035 5393 iit-guno
1058 5324 1337 5397 conﬁtebor
1359 5324 1447 5378 tibi
1475 5327 1527 5379 in
1551 5330 1857 5397 nationibus,
1887 5330 2122 5396 Domine,

551 5404 597 5468 et
628 5396 821 5468 nomini
849 5407 936 5447 tuo
958 5396 1213 5468 psalmum
1239 5398 1427 5468 dicam.
1453 5398 1609 5465 ldest,
1639 5416 1731 5468 per
1760 5396 1907 5455 meos
1937 5404 2123 5456 lideles

550 5465 746 5533 ubique
776 5478 1039 5519 terrarum
1069 5477 1119 5521 te
1147 5466 1376 5519 laudabo
1399 5504 1415 5532 ,
1443 5478 1495 5521 et
1530 5470 1581 5523 in
1615 5465 1704 5525 tuo
1735 5478 1951 5525 nomine
1980 5475 2117 5525 bona

548 5546 724 5602 agent.
755 5536 809 5588 ln
835 5535 934 5610 hoc
964 5539 1081 5591 loco
1102 5537 1372 5591 confessio
1405 5539 1614 5594 laudern
1639 5543 1927 5610 signiﬁcat.
1963 5541 2113 5595 Psal-

549 5618 669 5658 uius
691 5620 818 5658 vero
841 5606 1031 5660 bonam
1061 5610 1447 5674 operationem.
1479 5610 1575 5665 Ille
1605 5606 1775 5667 Deum
1799 5628 1924 5666 vere
1953 5624 2007 5664 et
2035 5615 2115 5663 iii-

547 5688 693 5744 tegre
732 5675 931 5745 laudat,
968 5674 1121 5745 cujus
1168 5676 1221 5730 in
1272 5677 1428 5733 laude
1480 5680 1647 5751 ipsius
1696 5684 1877 5752 lingua
1922 5690 1976 5736 et
2005 5682 2114 5735 vita

2258 3286 2440 3356 (Joan.
2478 3285 2571 3353 l.).
2608 3271 2901 3339 Aiiiiiiiitiat
2926 3271 3099 3356 opera
3121 3277 3211 3356 D_e_i
3237 3317 3251 3338 .
3282 3290 3405 3355 cum
3433 3271 3831 3356 subiungitur;

2261 3339 2492 3411 Verbum
2517 3339 2644 3410 caro
2676 3339 2985 3417 factuiiiest',
3004 3360 3059 3403 et
3089 3347 3342 3402 habitavit
3370 3345 3423 3398 in
3453 3339 3830 3417 nobis(_l_bid.).

2256 3426 2333 3482 De
2369 3430 2536 3493 gloria
2583 3439 2793 3494 qunque
2838 3413 3447 3494 ejus’su‘bdittdicens,
3496 3415 3561 3494 Et
3604 3413 3831 3494 vidimus

2254 3483 2478 3567 gloriam
2505 3483 2644 3561 eius,
2675 3483 2912 3567 gloriam
2943 3483 3114 3567 quasi
3134 3487 3402 3567 Ulligellil‘l
3432 3485 3679 3567 a‘Pa-tre,
3722 3483 3829 3563 ple-

2255 3554 2379 3622 imm
2410 3554 2595 3637 grati-ie
2622 3554 3184 3637 cluveriiatis'(lbid.).
3217 3554 3293 3612 Ex
3336 3554 3699 3637 liisduobus,
3732 3554 3829 3606 sci-

2252 3639 2378 3693 licet
2405 3634 2679 3694 divinitate
2708 3646 2763 3690 et
2803 3635 3130 3687 liu.uanit.ite
3155 3672 3169 3689 .
3202 3634 3452 3704 consistit
3475 3641 3609 3704 vera
3651 3635 3705 3704 et
3743 3638 3827 3704 ca-

2252 3711 2451 3763 tholica
2497 3710 2649 3762 lides.
2698 3709 2760 3759 Iit
2786 3709 2909 3773 quia
2949 3706 3063 3756 haec
3104 3716 3227 3756 cum
3266 3696 3631 3773 discretione,
3675 3696 3823 3773 juxta

2251 3777 2595 3845 capacitatem
2633 3766 2961 3832 audientium
2989 3771 3324 3843 praedicanda
3352 3777 3502 3831 sntit,
3528 3777 3677 3822 recte
3702 3766 3825 3819 sub-

2250 3849 2479 3905 iul'ertur
2506 3869 2519 3904 :

2318 3923 2371 3972 ὅ.
2401 3918 2520 3975 Dies
2541 3916 2639 3973 diei
2660 3925 2850 3970 eructat
2868 3918 3089 3989 verbum,
3112 3922 3158 3967 et
3179 3926 3282 3989 nox
3303 3908 3437 3989 nocti
3463 3906 3660 3989 indicat
3676 3906 3829 3958 scien-

2246 3989 2393 4042 tiam.
2446 3991 2568 4046 Dies
2608 3991 2727 4053 diei,
2781 3989 2916 4041 ideSt
2952 3984 3252 4058 spirituales
3283 3978 3668 4058 spiritualibiis
3693 3994 3705 4028 :
3732 3992 3828 4030 nos

2246 4062 2415 4126 nocti,
2466 4066 2604 4117 idest
2636 4051 2877 4115 carnales
2914 4051 3234 4114 carnalibus.
3283 4051 3505 4129 l_)triqu_e
3539 4051 3691 4129 enim
3738 4062 3829 4100 auc

2244 4119 2417 4195 diunt,
2442 4135 2541 4187 etsi
2564 4148 2668 4186 non
2693 4132 2899 4197 utrique
2932 4129 3176 4182 similiter
3197 4123 3430 4191 sapiunt.
3460 4119 3550 4173 Isti
3577 4130 3825 4198 tanquam

2248 4202 2467 4256 verbum
2496 4212 2819 4263 ructuatuni,
2850 4202 2923 4254 illi
2971 4200 3194 4252 audiunt
3244 4204 3497 4260 tauquam
3547 4199 3824 4269 scientiam

2243 4275 2633 4328 aniiuutiatam.
2666 4259 2817 4339 Quod
2847 4271 2989 4326 enim
3022 4274 3318 4341 riictualur,
3351 4259 3706 4341 praesentibus
3728 4275 3823 4341 ru-

2240 4352 2471 4407 ctnatur,
2501 4346 2641 4414 quod
2670 4336 2849 4397 amem
2874 4341 3167 4401 nuntiatur,
3196 4336 3574 4414 longepositis
3597 4336 3824 4414 .nunt‘ia-

2243 4422 2347 4465 tur.
2381 4400 2503 4471 Dies
2519 4400 2635 4469 ’ἀίει
2667 4415 2887 4475 verbum
2926 4400 3162 4473 eructat,
3181 4400 3314 4460 cuni
3325 4405 3457 4475 dicit
3481 4400 3823 4475 Paulus,__Sa-

2238 4470 2494 4550 pientiamﬁ
2526 4470 2791 4554 loquimur
2820 4484 2959 4537 inter
2988 4470 3254 4550 p-rfectos
3287 4475 3364 4547 (ι.
3395 4473 3517 4554 Cor.
3704 4471 3821 4551 Nox

2242 4542 2381 4609 iiocti
2413 4542 2693 4611 scieiiti'ani
2741 4556 2963 4615 indicat,
2988 4542 3116 4605 cum
3148 4564 3206 4603 se
3247 4542 3425 4622 minus
3477 4542 3823 4622 intelligenti-

2243 4626 2360 4695 biis,
2391 4636 2641 4695 tanquam
2671 4626 2847 4679 minus
2878 4613 3182 4690 intelligens
3214 4616 3584 4695 traii‘slor‘mal,
3617 4613 3818 4695 dicens,

2238 4682 2381 4749 Nihil
2424 4682 2653 4765 judiCavi
2687 4711 2771 4750 me
2810 4697 2948 4748 scire
2981 4682 3263 4766 interritos,
3288 4689 3390 4766 nisi
3430 4682 3822 4766 Clirismm‘ie-

2234 4781 2375 4830 sum,
2398 4752 2454 4820 εἰ
2492 4770 2633 4821 littuc
2677 4768 2987 4821 crucilixuin
3027 4759 3289 4836 (Ibidem).
3432 4757 3659 4836 iterum,-
3707 4752 3821 4836 Eon

2237 4826 2381 4905 potui
2423 4840 2565 4906 loqui
2614 4840 2765 4890 vobis
2823 4826 3071 4903 tanquam
3118 4826 3520 4908 spiritualibus,
3565 4826 3661 4877 sed
3706 4834 3821 4877 tan-

2232 4900 2390 4975 quani
2422 4900 2727 4962 carnalibus
2762 4908 2843 4959 lac
2892 4900 3071 4974 putum
3113 4903 3239 4958 dedi
3267 4900 3441 4961 vobis,
3490 4910 3598 4948 non
3642 4909 3820 4949 escam

2266 4986 2310 5031 Ι.
2338 4977 2456 5030 Cor.
2487 4981 2587 5031 5.).

2297 5016 2310 5030 .
2338 4987 2456 5030 Lor.
2490 4987 2541 5030 ”.
2574 5017 2587 5030 .

2234 4987 2354 5098 (.4.
2393 4994 2521 5101 Nor?
2541 4989 2657 5101 s)ttnl
2689 5046 2901 5115 loquela:
2939 5058 3100 5114 neque
3145 5056 3426 5103 sermones,
3458 5049 3820 5115 quorum-non

2231 5119 2508 5170 audiantur
2521 5134 2661 5171 voca
2682 5108 2875 5169 eorum.
2899 5117 2952 5170 In
2977 5108 3339 5182 apostolorum
3361 5110 3583 5164 Aetihus
3608 5108 3821 5173 legitur,

2230 5191 2498 5257 quomodo
2531 5188 2777 5242 veniente
2820 5199 3104 5258 superes
3151 5187 3597 5258 Spiritusaucto,
3633 5190 3821 5230 omnes

2234 5254 2436 5324 impleti
2467 5269 2593 5311 sunt
2618 5259 2730 5320 illo,
2754 5265 2809 5312 et
2837 5257 3186 5321 loquebantur
3212 5254 3408 5321 linguis
3429 5254 3670 5324 omnium
3693 5261 3821 5324 89η·

2231 5317 2385 5389 tiuin,
2418 5330 2555 5381 sicut
2582 5317 2812 5396 Spiritus
2843 5317 3001 5381 dabat
3037 5330 3116 5381 eis
3162 5317 3510 5392 pronuntiare
3544 5319 3684 5389 (Act.
3716 5317 3819 5381 2.).

2231 5398 2335 5451 Sed
2387 5412 2491 5464 non
2532 5398 2605 5450 ibi
2654 5408 2885 5464 tantum,
2939 5399 3029 5449 ubi
3069 5396 3275 5462 impleti
3314 5402 3464 5455 sunt,
3497 5399 3815 5464 sonuerunt.

2304 5467 2357 5519 5.
2385 5463 2451 5517 1n
2482 5483 2681 5519 omnem.
2716 5457 2901 5521 terrain
2939 5466 3091 5519 exivit
3118 5457 3273 5519 sonus
3303 5480 3502 5525 eorum,
3532 5469 3581 5513 et
3612 5462 3665 5511 in
3694 5457 3818 5524 ﬁnes

2226 5535 2362 5588 orbis
2386 5545 2534 5589 terra
2552 5538 2698 5591 verba
2718 5553 2914 5591 eorum.
2943 5537 3064 5589 Ideo
3089 5546 3140 5589 et
3164 5550 3261 5589 nos
3286 5535 3371 5588 hic
3401 5534 3693 5602 loquimur.
3723 5527 3816 5581 So-

2226 5620 2327 5675 iius
2360 5608 2503 5675 enim
2536 5608 2624 5662 ille
2653 5623 2821 5675 usque
2848 5615 2914 5659 ad
2948 5620 3044 5658 nos
3075 5604 3340 5675 pervenit.

2297 5673 2349 5727 6.
2383 5672 2449 5727 lit
2472 5677 2576 5731 sole
2605 5664 2771 5745 posuit
2797 5664 3182 5731 tabernaculum
3221 5690 3392 5730 suum.
3420 5673 3682 5728 Dominus
3711 5664 3817 5739 (El

618 5821 641 5849 ι
674 5810 848 5869 Locus
899 5828 950 5869 in
1003 5823 1221 5875 auctore
1268 5814 1512 5876 inversus
1559 5819 1691 5876 vitio
1738 5820 2110 5884 librariorum,
2152 5811 2431 5869 restitutus
2461 5819 2514 5900 et
2541 5809 2859 5881 explicatus.
