4128 6360
609 292 713 351 ἨΞ

1681 288 1720 343 ll
1733 284 1937 345 UFINO
1977 282 2433 344 PRESBYTERO
2470 288 2849 350 ASCRIPTUS

3773 294 3867 350 721

613 424 767 466 suam
792 406 921 481 dixit
952 404 1246 481 adha'sisse
1272 403 1513 481 faucibus
1528 403 1659 469 suis,
1691 404 1828 459 idest
1855 402 2191 481 duo_bus_'l‘e-
2221 403 2271 461 Α
2298 404 2441 481 nium
2482 404 2823 481 humilitatem
2872 422 3059 481 meum.
3093 477 3107 481 _
3128 406 3242 463 Leo
3276 408 3538 481 significat
3582 410 3869 481 diabolum,

612 480 896 536 statuentis
921 520 938 543 ,
985 487 1043 533 ut
1081 477 1151 533 de
1181 474 1524 531 interioribus
1568 484 1825 543 caperent
1854 475 2192 544 sapientiam.

608 550 671 618 lu
704 551 975 620 pulverem
1004 562 1219 620 quoque
1248 548 1434 620 mortis
1458 545 1586 620 dicit
1606 561 1667 601 se
1694 546 1980 620 deductum
2016 544 2191 615 (Psal.

614 617 731 690 1.)}
762 621 856 689 qui
887 619 1058 689 pulvis
1086 617 1352 690 signiticat
1395 617 1585 690 impios
1614 626 1670 671 et
1706 617 1996 690 sceleratos
2021 657 2037 681 ,
2062 631 2196 690 quos

614 686 830 759 proiicit
850 686 1038 746 ventus
1071 686 1377 759 tentationis
1402 702 1431 740 a
1463 686 1597 741 facie
1628 697 1816 754 terrai,
1845 687 2004 751 idest,
2037 701 2065 739 a
2093 687 2196 742 lide

612 758 890 817 Ecclesia.
932 760 1041 817 Nec
1070 759 1261 814 mirum
1290 759 1335 814 si
1368 758 1484 813 haec
1507 772 1697 828 passus
1725 772 1842 813 sum
1864 799 1880 825 ,
1912 773 2031 827 quas
2056 773 2192 826 prm-

607 831 741 886 dixi.

689 903 775 957 Π.
811 900 1061 968 Quoniam
1088 898 1533 954 circumdederunt
1559 914 1637 953 me
1664 915 1813 953 canes
1834 900 2003 953 multi.
2033 899 2194 964 ldest,

612 970 807 1037 Judaei,
843 972 1099 1026 latrantes
1138 978 1323 1025 contra
1369 971 1668 1024 veritatem.
1714 969 2000 1023 Concilium
2045 972 2192 1025 mali-

609 1043 879 1109 gnantium
901 1041 1095 1096 obsedit
1124 1057 1223 1094 me.
1268 1039 1485 1096 Scilicet
1516 1039 1819 1109 principum
1838 1081 1855 1103 ,
1884 1040 2193 1095 Scribarum

611 1108 667 1167 et
694 1112 1115 1177 Pharisaeorum,
1146 1112 1235 1181 qui
1267 1110 1548 1165 consilium
1579 1108 1821 1166 fecerunt
1843 1111 1892 1164 in
1928 1127 2111 1181 unum,
2141 1124 2197 1166 ut

610 1183 790 1237 Jesum
818 1183 949 1237 dolo
984 1179 1231 1239 tenerent
1254 1191 1307 1237 et
1332 1181 1642 1235 occiderent
1668 1181 1885 1247 (Matth.
1913 1181 2005 1238 26.
2034 1179 2193 1238 Joan.

609 1251 750 1321 19.).
792 1252 944 1309 Unde
969 1263 1023 1309 et
1043 1252 1309 1315 subditur,
1342 1249 1634 1315 Foderunl,
1661 1252 1709 1305 id
1738 1262 1841 1318 est,
1874 1252 2039 1308 clas-is
2068 1268 2195 1307 con-

609 1326 844 1379 fixerunt
863 1369 877 1391 ,
912 1340 1094 1378 manus
1120 1338 1260 1377 meas
1284 1330 1333 1377 et
1368 1322 1519 1389 pedes
1550 1338 1719 1390 meos,
1751 1324 2195 1377 dinumeraverutu

608 1395 780 1448 orantia
805 1412 919 1449 ossa
950 1411 1085 1448 mea.
1134 1393 1486 1465 Extendenﬁdo
1528 1407 1614 1448 me
1653 1393 1705 1447 in
1753 1408 1913 1449 cruce
1940 1396 2091 1465 quasi
2116 1396 2196 1450 di-

609 1465 963 1521 numerabilia
996 1480 1058 1520 ea
1088 1477 1211 1519 esse
1236 1464 1601 1518 ostenderunt.

684 1537 771 1591 18.
815 1534 929 1604 Ipsi
957 1551 1076 1590 vero
1115 1534 1600 1605 cousidereverunt,
1643 1541 1699 1605 et
1739 1535 2065 1605 inspexerunt
2092 1551 2189 1590 me.

611 1605 757 1660 Idem
783 1608 880 1671 ipsi
910 1650 924 1672 ,
949 1616 1004 1660 et
1051 1620 1159 1659 non
1192 1606 1378 1658 mutati
1424 1604 1491 1657 ab
1516 1604 1835 1675 iniquitatis
1887 1608 2191 1675 proposito,

610 1677 1063 1741 considerabant,
1093 1685 1147 1731 et
1174 1674 1563 1729 considerando
1592 1675 1729 1739 apud
1760 1674 2079 1743 semetipsos
2110 1680 2192 1731 in-

2301 475 2369 529 de
2397 489 2504 543 quo
2533 476 2664 553 dicit
2688 475 3381 553 Apostolus,_Adversaritis
3404 492 3580 535 vester
3610 475 3869 553 diabolus;

2300 555 2551 621 tanquam
2583 546 2670 621 leo
2718 549 2933 621 rugiens
2974 548 3199 621 circuit,
3245 566 3490 621 quaerens
3520 567 3681 621 quem
3708 546 3867 606 dero-3

2300 626 2402 671 ret.
2431 616 2791 691 Quiresistite
2814 616 2977 691 fortes
3006 619 3056 673 in
3090 619 3193 675 lide
3216 616 3291 688 (ιζ
3320 620 3461 675 Petr.
3494 616 3599 691 5:).
3628 622 3728 688 Qui
3758 638 3873 678 cum

2298 689 2508 758 occulte
2539 686 2842 751 insidiatur,
2870 689 3031 743 draco
3056 700 3174 744 est:
3205 686 3324 745 cum
3352 702 3536 758 aperte
3560 686 3739 754 saevit,
3772 693 3877 751 leo.

2298 757 2431 823 Quia
2454 772 2581 824 ergo
2599 758 2667 811 ad
2686 768 2926 823 apertam
2960 761 3220 814 savitiam
3250 764 3312 814 ad
3343 757 3699 817 occidendum
3724 762 3874 816 Chri-

2297 836 2447 900 stum
2470 827 2776 900 frenduerat
2798 870 2813 891 ,
2844 830 2954 900 99
2983 840 3127 885 recte
3154 831 3354 886 dictum
3383 844 3496 897 est,
3528 833 3686 888 Salre
3713 849 3791 885 me
3820 850 3875 886 ra

2298 899 2633 973 ore_leonis:_
2655 897 2952 973 Unicornes
2996 912 3176 955 autem
3223 900 3352 956 dicit
3400 906 3685 973 superbos.
3722 972 3725 973 ν
3762 903 3885 956 Ideo

2298 967 2546 1044 subjecit,
2580 966 3151 1044 ﬂumilitatemdmeam.
3183 972 3228 1024 Α
3256 966 3489 1027 εοτηὶὁυὲ
3518 972 3739 1044 (inquit)
3770 975 3877 1025 uni-

2299 1040 2549 1111 eorinium,
2578 1037 2745 1111 idest,
2774 1054 2803 1093 a
2833 1040 3159 1097 sublimitate
3194 1037 3545 1111 superborum
3564 1086 3579 1108 ,
3614 1037 3674 1097 se
3702 1037 3876 1109 singu-

2299 1108 2483 1181 lariter
2512 1110 2835 1181 erigentium
2856 1152 2870 1174 ,
2903 1108 3285 1181 consortesque
3314 1130 3418 1169 non
3450 1113 3740 1171 ferentium
3772 1108 3875 1167 sal-

2298 1192 2416 1255 vam
2446 1180 2937 1255 _iae_lttimilitatem_
2966 1196 3160 1237 meam.
3202 1180 3275 1237 ’ln
3301 1185 3403 1255 illis
3432 1186 3652 1255 quidem
3684 1184 3878 1239 latebat

2299 1247 2584 1323 invisibilis
2616 1250 2747 1323 l_eo._
2775 1251 2877 1323 Per
2922 1252 3043 1308 illos
3091 1269 3120 1308 a
3169 1262 3319 1323 parte
3353 1247 3640 1319 fremebat,
3670 1269 3697 1306 a
3732 1265 3878 1322 parte

2297 1319 2879 1392 saeviebat..ltapiebat
2942 1319 3198 1392 praedam,
3234 1323 3564 1379 Dominieam
3593 1319 3883 1379 laceranda

2296 1404 2533 1463 carnem.
2567 1391 2885 1463 Audivimus
2908 1391 3025 1463 quae
3049 1408 3237 1462 passus
3266 1403 3351 1449 est
3376 1396 3645 1459 Cbri~tus,
3679 1404 3732 1449 et
3757 1394 3879 1463 quid

2296 1461 2506 1584 pravlit:
2560 1462 2899 1519 attendamus
2927 1461 3112 1521 modo
3157 1480 3322 1536 quare
3362 1480 3550 1537 passus
3598 1476 3707 1521 est.
3749 1461 3885 1521 Audi

2318 1545 2408 1584 rue
2439 1547 2547 1584 um.

2318 1541 2547 1587 ructum.

2365 1600 2458 1678 2'5.
2488 1602 2736 1678 Narrabo
2767 1623 2947 1661 nomen
2974 1616 3115 1660 tuum
3159 1608 3399 1678 fratribus
3434 1607 3593 1674 meis,
3630 1607 3683 1662 in
3718 1606 3885 1659 medio

2298 1668 2543 1727 Ecclesia:
2590 1678 2812 1731 laudabo
2850 1689 2914 1732 te.
2956 1680 3053 1743 Qui
3085 1668 3208 1732 sunt
3248 1679 3332 1733 isti
3375 1668 3593 1743 fratres,
3627 1680 3730 1733 nisi
3762 1678 3878 1731 invio

608 1747 896 1829 quirebant
924 1748 1047 1839 quis
1094 1760 1291 1828 essent.
1334 1745 1400 1799 Et
1429 1745 1563 1800 nihil
1610 1746 1661 1799 in
1694 1760 1781 1800 tne
1823 1746 2193 1817 iuSpexerunt,
2228 1779 2274 1839 Β
2300 1758 2415 1839 flent
2443 1744 2734 1816 diligentes
2766 1747 3066 1839 Piscipuli?
3096 1749 3200 1803 Illis
3222 1751 3419 1839 dictum
3451 1758 3583 1833 esia
3619 1748 3873 1830 potuine:

608 1816 711 1871 nisi
744 1816 955 1885 purum
976 1818 1266 1871 hominem.

677 1888 902 1959 9819.
944 1886 1237 1942 Diviserunt
1284 1887 1382 1940 sibi
1412 1886 1880 1959 uestimentorum,
1936 1897 1986 1941 et
2039 1906 2195 1959 super

610 1957 795 2012 vestem
827 1975 991 2013 meam
1033 1960 1279 2011 miserunt
1312 1969 1519 2011 sortem.
1572 1957 1723 2024 Quod
1772 1960 2084 2014 vestimenta
2106 1957 2196 2016 vdi-

612 2030 856 2084 viserunt
885 2029 1099 2097 (Matth.
1130 2028 1280 2097 21.),
1313 2043 1463 2082 suam
1491 2029 1809 2099 discordiam
1840 2038 1895 2083 et
1926 2045 2191 2099 errorem,

613 2100 874 2169 regnique
903 2100 1220 2154 divisionem
1264 2099 1719 2169 signiticaverunt.
1777 2098 1929 2165 Quod
1956 2116 2085 2155 vero
2115 2103 2195 2155 in-

613 2172 936 2226 consutilem
982 2181 1036 2226 et
1083 2170 1362 2225 meliorem
1414 2185 1518 2224 non
1566 2170 1904 2235 diviserunt,
1939 2171 2193 2227 Ecclesia:

613 2242 959 2314 concordiam
992 2242 1358 2314 liguraverunt
1380 2282 1394 2304 ,
1426 2239 1778 2314 quaimacula
1804 2250 1953 2314 caret
1981 2253 2035 2298 et
2066 2259 2193 2314 ruga

612 2310 830 2381 (Ephes.
863 2312 967 2381 5.).
1010 2309 1111 2367 Vel
1158 2310 1479 2366 vestimenta
1530 2309 1699 2364 divisa
1747 2309 2054 2379 Scripturas
2081 2356 2094 2379 ,
2129 2309 2195 2370 et

612 2392 809 2437 cratera
836 2393 1169 2438 sacramenta
1211 2383 1543 2449 significant.
1576 2395 1694 2450 qua:
1722 2396 1816 2448 per
1839 2384 2073 2439 luerescs
2103 2385 2187 2440 di-

612 2452 722 2507 vidi
750 2462 1056 2525 potuerunt.
1076 2453 1206 2525 Sed
1226 2462 1339 2505 erat
1369 2452 1437 2525 ibi
1470 2450 1644 2525 tunica
1678 2462 2009 2525 supertexta,
2033 2472 2192 2525 quam

609 2538 771 2578 nemo
795 2522 996 2577 divisit.
1058 2524 1187 2590 Quae
1217 2529 1302 2577 est
1345 2522 1453 2593 (Ea:
1493 2522 1799 2594 Augustino)
1842 2524 1941 2594 ista
1988 2522 2188 2594 tunica,

607 2594 712 2649 nisi
740 2596 956 2658 caritas,
994 2594 1097 2649 nisi
1123 2594 1298 2650 unitas
1319 2633 1335 2660 ,
1358 2592 1667 2662 supertexta
1694 2592 1762 2647 de
1789 2593 1921 2647 caelo
1951 2608 1982 2647 a
2012 2592 2191 2664 Patre,

606 2680 637 2716 a
666 2665 868 2732 Spiritu
895 2673 1102 2735 sancto,
1154 2681 1312 2735 quam
1347 2677 1504 2719 nemo
1546 2673 1721 2732 potest
1771 2664 2051 2721 dividere?
2098 2669 2192 2723 Sa-

610 2743 887 2789 cramenta
912 2734 1012 2791 sibi
1038 2734 1277 2792 lueretici
1308 2735 1549 2789 dividere
1573 2747 1878 2803 pomerunt,
1911 2739 2191 2794 caritatem

612 2820 718 2860 non
743 2806 1071 2861 diviserunt:
1114 2816 1165 2860 et
1205 2808 1326 2875 quia
1356 2806 1597 2860 dividere
1627 2820 1731 2860 non
1762 2816 2071 2876 potuerunt,
2108 2825 2193 2864 re-

605 2886 888 2932 cesserunt
918 2893 933 2931 :
969 2878 1053 2932 illa
1086 2886 1263 2932 autem
1305 2886 1483 2932 manet
1526 2876 1750 2945 integra.
1792 2878 1948 2933 Sorte
1974 2882 2193 2935 obvenit

604 2947 948 3016 quibusdam.
983 2948 1083 3016 Qui
1110 2947 1272 3003 liabet
1304 2950 1469 3012 hanc,
1512 2962 1735 3002 securus
1765 2960 1871 3005 esu
1928 2950 2097 3005 Nemo
2125 2955 2189 3007 il-

606 3018 716 3071 lum
748 3028 929 3075 movet
947 3020 1014 3075 de
1040 3019 1279 3075 Ecclesia
1310 3021 1589 3074 catholica.
1647 3018 1714 3075 Et
1741 3019 1783 3075 si
1825 3021 1954 3076 foris
1987 3022 2073 3075 illa
2106 3024 2189 3078 in-

603 3088 769 3156 cipiat
797 3088 1024 3155 habere,
1055 3091 1433 3147 intromittitur
1459 3109 1471 3143 :
1522 3093 1791 3157 quomodo
1820 3108 2001 3147 ramus
2032 3094 2189 3149 olivae

602 3142 2187 3236 .‘tstutnis;'§s.'.‘n"cmamassomaiestas};
2215 3142 2263 3206 ε

600 3231 761 3303 dens,
791 3231 844 3303 in
877 3231 1059 3303 arcam
1090 3250 1278 3288 rursus
1307 3233 1595 3289 intromisit
1622 3232 1777 3302 (Gen.
1810 3233 1918 3303 8.).

669 3300 763 3358 20.
802 3301 885 3356 Tu
915 3298 1137 3377 'autem,
1186 3304 1436 3377 D_omiae,
1485 3321 1550 3377 ue
1570 3298 1901 3377 flongaveri's
1932 3308 2188 3363 auxilium

602 3382 748 3429 tuum
774 3390 807 3427 a
832 3389 932 3428 me.
977 3377 1092 3433 Non
1117 3367 1178 3430 in
1204 3375 1309 3431 line
1337 3367 1501 3431 seculi
1534 3367 1641 3445 (Ea:
1669 3367 1894 3446 etTdem),
1924 3380 2061 3431 sicut
2083 3394 2184 3434 ete-

601 3454 753 3519 teros
773 3482 790 3511 ,
820 3459 958 3519 quos
999 3447 1335 3517 iudicaturus
1364 3448 1415 3501 in
1467 3450 1597 3504 sede
1630 3448 1931 3519 majestatis
1963 3458 2068 3502 tua:
2094 3466 2185 3505 ve-

601 3515 721 3570 nies
746 3532 760 3568 :
790 3515 885 3569 sed
911 3515 1089 3573 statim
1112 3520 1367 3573 resuscita
1392 3533 1499 3575 me.
1530 3521 1683 3583 Quod
1717 3515 1912 3575 tactum
1940 3526 2024 3572 est
2050 3538 2062 3571 :
2098 3522 2189 3575 die

601 3585 748 3659 enim
780 3585 935 3659 ter_tia
979 3588 1169 3645 solutis
1200 3589 1389 3644 inferni
1421 3590 1701 3648 doloribus
1725 3633 1740 3658 ,
1792 3592 2043 3659 victoque
2072 3592 2189 3647 dia-

600 3655 752 3736 bolo,
780 3646 1116 3736 reﬁtrrexit._
1134 3659 1267 3715 Nam
1294 3660 1343 3716 si
1365 3676 1535 3731 usque
1561 3646 1629 3719 ad
1657 3646 1987 3736 generatetn'_
2004 3646 2176 3736 resur-

602 3730 901 3799 rectionem
940 3731 1274 3794 distulisset,
1317 3739 1423 3786 tota
1450 3730 1679 3790 nostra
1704 3748 1829 3799 spes
1871 3730 2184 3787 decidisset.

601 3798 686 3872 ᾼά
709 3796 1054 3872 defensionem
1085 3818 1248 3856 meum
1269 3803 1524 3872 conspice.
1568 3796 1770 3872 Nequitl
1813 3801 1947 3855 mibi
1967 3811 2185 3872 noceat.

600 3868 834 3950 Attende
866 3873 952 3950 __in
1002 3874 1305 3950 his_verbis
1347 3868 1718 3950 humilitatem
1775 3882 1832 3929 et
1873 3870 2186 3950 patientiam

600 3937 821 4015 _€hri_sti.
863 3944 988 3999 lltec
1025 3944 1167 4001 enim
1215 3946 1390 4001 omnia
1437 3955 1656 4015 prepter
1686 3956 1739 4000 te
1780 3952 1835 3999 et
1873 3937 2101 4011 patitur,
2135 3953 2192 3999 et

599 4011 1034 4089 loquit‘ur.rVide
1060 4032 1189 4089 ergo
1216 4011 1484 4089 quomodo
1509 4011 1677 4072 totum
1724 4015 1978 4089 auxilium
2030 4028 2185 4070 suum

602 4094 657 4137 et
684 4082 1050 4145 defensionem
1080 4082 1248 4143 suam
1279 4102 1385 4142 non
1437 4088 1491 4142 in
1521 4104 1580 4144 se
1599 4128 1615 4152 ,
1647 4088 1740 4141 sed
1775 4089 1826 4141 in
1868 4086 2027 4139 Patre
2051 4100 2186 4139 con-

599 4155 793 4227 stituit,
818 4173 947 4227 cum
976 4162 1090 4227 ipse
1116 4162 1189 4213 sit
1221 4159 1310 4213 Dei
1342 4158 1511 4213 virtus
1533 4197 1552 4225 ,
1581 4169 1638 4214 et
1682 4158 1777 4213 Dci
1808 4155 2072 4224 sapientia
2105 4158 2185 4225 (1.

601 4223 723 4299 Cor.
757 4226 854 4299 1.).
917 4223 1044 4285 Vult
1086 4240 1137 4286 te
1168 4227 1461 4283 informare
1508 4223 1605 4283 suo
1649 4223 1914 4295 exemplo,
1949 4223 2185 4299 iutgcum

600 4297 820 4365 positus
846 4300 1014 4355 fueris
1058 4302 1113 4355 in
1160 4299 1598 4355 tribulationibus
1629 4301 1745 4355 sive
1776 4297 2182 4364 mutationibus,

602 4369 881 4440 humiliter
912 4383 963 4425 et
998 4372 1263 4440 patienter
1304 4370 1568 4425 sustineas
1592 4411 1608 4436 ,
1658 4380 1706 4424 et
1757 4369 2189 4440 divinumauxi-

600 4436 732 4493 lium
757 4436 1011 4503 postules
1029 4442 1243 4507 dicens,
1270 4440 1349 4493 Tu
1372 4451 1574 4506 autem,
1608 4440 1847 4507 Domine,
1882 4456 1945 4494 ne
1975 4439 2188 4507 elonga-

600 4511 727 4592 veris
756 4512 1011 4600 ait'xiiium
1036 4520 1238 4600 (animo
1261 4527 1339 4565 me
1362 4528 1380 4565 :
1420 4512 1489 4564 ad
1519 4513 1866 4600 defensionem
1888 4526 2053 4563 meam
2081 4526 2195 4563 con-
2221 4518 2274 4580 ι)

598 4582 761 4647 δρᾶσι.
792 4582 941 4638 Unde
962 4591 1017 4637 et
1044 4582 1312 4646 subditur,

670 4650 731 4705 2|
748 4690 763 4709 .
804 4652 946 4707 Erue
968 4669 999 4705 a
1022 4656 1220 4723 framea
1243 4650 1381 4706 Deus
1401 4651 1625 4705 animum
1652 4666 1814 4705 meam
1834 4665 1853 4704 :
1875 4660 1923 4723 et
1952 4651 2015 4704 de
2036 4667 2193 4706 manu

599 4725 743 4777 canis
771 4725 976 4776 unicam
1016 4720 1199 4777 meam.
1252 4723 1533 4778 Frameam
1579 4725 1689 4776 vult
1720 4720 2019 4790 intelligere
2049 4737 2193 4775 mor-

603 4803 710 4846 tem
738 4808 754 4846 :
798 4794 922 4859 quia
953 4791 1156 4849 framea
1185 4792 1392 4862 gladius
1420 4800 1503 4846 est
1529 4830 1545 4855 ,
1575 4802 1629 4846 et
1658 4792 1834 4861 gladio
1863 4791 2191 4846 interficiun-

604 4872 693 4916 ωι-
719 4862 988 4919 homines.
1034 4862 1102 4917 Et
1149 4878 1216 4917 ne
1262 4863 1684 4930 intelligeremus
1730 4872 1956 4930 mortem
1986 4862 2186 4925 carnis,

603 4932 729 4986 ideo
760 4946 867 4986 non
894 4934 992 4996 ait,
1024 4932 1167 4987 Erue
1186 4946 1381 4997 corpus
1404 4929 1603 4995 meum,
1629 4931 1724 4987 sed
1751 4972 1765 4996 ,
1790 4929 1929 4986 Erue
1966 4933 2191 4985 animam

604 5016 793 5054 meam.
842 5001 1010 5070 Magis
1057 5003 1204 5058 enim
1248 5000 1512 5056 debemus
1550 5016 1705 5056 orare
1736 5016 1833 5070 pro
1860 5003 1962 5055 vita
1994 5002 2187 5057 animae

607 5070 662 5127 in
691 5078 953 5126 mternum
980 5071 1229 5135 victuma,
1263 5086 1422 5140 quam
1467 5085 1562 5138 pro
1590 5071 1694 5125 vita
1724 5074 1968 5133 corporis
1998 5073 2048 5124 in
2083 5082 2189 5127 ter-

608 5155 670 5213 ra
704 5142 1084 5211 putrescentis.
1128 5141 1231 5196 Per
1261 5141 1477 5213 unicam
1504 5156 1654 5196 suam
1676 5182 1691 5205 ,
1724 5141 1966 5213 designat
2006 5142 2189 5196 Eccle-

606 5210 768 5269 siam.
807 5213 909 5269 Per
957 5227 1144 5268 canem
1170 5251 1186 5276 .
1253 5210 1537 5282 Judaicuut
1578 5210 2193 5282 pupulum'latrantem,

607 5283 1004 5341 discordantem
1028 5324 1043 5347 ,
1090 5284 1429 5338 mordentem
1454 5321 1471 5347 ,
1524 5281 1864 5337 irascentem.
1928 5284 2003 5337 De
2033 5283 2187 5352 cujus

604 5369 791 5418 manu,
825 5356 984 5419 idest,
1016 5363 1304 5421 potestate,
1330 5367 1449 5409 eam
1483 5352 1714 5418 postulat
1745 5352 1983 5408 liberari.
2025 5353 2181 5421 Quis-

603 5425 727 5497 quis
754 5427 960 5497 litigat,
1005 5422 1315 5491 discordat,
1343 5422 1585 5497 mordet,
1610 5422 1875 5492 irascitur,
1901 5424 2050 5480 canis
2077 5435 2180 5497 est.

603 5493 742 5552 Hinc
761 5493 921 5555 etiam
951 5497 1167 5563 dicitur,
1198 5493 1678 5551 Circumdederunt
1710 5510 1794 5549 me
1815 5508 1977 5550 canes
2004 5495 2179 5558 multi,

602 5567 895 5623 concilium
940 5567 1343 5636 malignantium
1376 5563 1600 5636 ,obsedit
1640 5580 1745 5636 me.
1813 5565 2021 5620 Talium
2069 5566 2181 5619 noli

600 5651 849 5707 quaarere
874 5634 1182 5693 societaiem
1201 5677 1216 5703 ,
1249 5653 1317 5692 ne
1337 5635 1405 5689 ab
1430 5636 1509 5689 eis
1536 5634 1748 5707 tandem
1790 5637 1864 5691 sis
1886 5651 2099 5691 morsus
2128 5645 2183 5690 et

606 5705 873 5763 laceratus
906 5723 921 5760 :
952 5709 1043 5761 sed
1074 5722 1170 5761 ora
1201 5709 1389 5769 Deum.
1418 5712 1475 5759 ut
1500 5705 1568 5760 ab
1588 5708 1666 5760 eis
1698 5717 1747 5762 te
1773 5718 1943 5762 eruat.

673 5774 765 5830 22.
808 5777 966 5833 Salva
1002 5791 1080 5831 me
1116 5792 1179 5832 ea:
1205 5793 1291 5834 ore
1329 5775 1525 5843 leonis,
1575 5786 1621 5832 et
1654 5794 1685 5833 a
1713 5780 1948 5834 cornibus
1978 5776 2181 5831 unicor-

2302 1814 2522 1899 lloc_e_st
2550 1814 2877 1899 praeceptum
2913 1814 3130 1899 meum",
3184 1820 3777 1899 ut_diligatis_inv_icem,
3807 1818 3875 1899 si-

2296 1894 2385 1960 cut
2409 1885 2568 1960 dilexi
2590 1903 2686 1943 vos
2704 1888 2882 1960 (Joan.
2919 1888 3052 1960 15.).
3089 1890 3196 1944 llos
3225 1885 3469 1959 designat
3502 1891 3554 1944 in
3590 1890 3879 1957 Evangelia

2294 1954 2410 2042 ipse
2436 1954 2756 2042 Dominus,
2783 1954 3021 2042 quando
3042 1960 3243 2042 dictum
3280 1954 3371 2015 est
3411 1960 3460 2042 ei
3489 2000 3505 2026 ,
3541 1954 3877 2042 Ecce‘mater

2295 2035 2406 2090 tua,
2439 2036 2490 2082 et
2512 2027 2715 2101 fratres
2744 2027 2816 2084 tui
2863 2030 2995 2085 foris
3025 2041 3168 2085 stant
3203 2039 3508 2101 quaerentes
3543 2042 3625 2085 te.
3673 2032 3744 2084 At
3772 2032 3885 2100 ipse

2294 2098 2627 2166 respondens
2658 2102 2857 2156 dicenti
2901 2102 3001 2156 sibi
3029 2104 3142 2164 ait,
3173 2098 3302 2167 Qum
3342 2109 3424 2156 est
3452 2113 3625 2156 mater
3657 2098 3803 2164 mea,
3828 2108 3877 2152 et

2295 2169 2381 2236 qui
2414 2178 2540 2223 sunt
2586 2170 2778 2227 fratres
2810 2174 2947 2228 mei?
2999 2172 3062 2226 Et
3111 2173 3352 2227 extendit
3399 2185 3617 2225 manum
3644 2187 3797 2224 suam
3830 2173 3875 2223 in

2297 2239 2615 2307 Discipulos,
2648 2242 2865 2309 dicens,
2901 2244 3036 2297 Ecce
3069 2254 3239 2299 mater
3269 2259 3416 2305 mea,
3449 2254 3502 2297 et
3533 2244 3730 2296 fratres
3758 2242 3875 2294 mei.

2296 2309 2613 2395 Quicunque
2655 2314 2873 2395 (inquit)
2925 2313 3110 2368 fecerit
3160 2316 3485 2395 v_uluntatcm
3536 2312 3881 2395 Patris‘mei,

2294 2382 2384 2447 qui
2414 2380 2468 2435 in
2496 2380 2645 2437 caelis
2666 2380 2759 2438 est
2783 2426 2801 2447 ,
2850 2380 2962 2449 ipse
2994 2399 3141 2439 meus
3174 2384 3358 2449 frater,
3390 2395 3447 2440 et
3476 2400 3653 2449 soror,
3688 2391 3743 2437 et
3774 2398 3877 2437 ma-

2298 2460 2377 2522 ter
2408 2462 2491 2507 est
2519 2452 2734 2522 (Matth.
2774 2452 2908 2522 12.).
2960 2455 3023 2508 Et
3055 2466 3222 2509 mater
3248 2471 3363 2511 mea
3392 2498 3409 2520 ,
3442 2465 3494 2509 et
3530 2456 3729 2509 fratres
3757 2453 3875 2516 Illt'l,

2300 2520 2635 2595 birsunt'qui
2688 2520 2907 2580 verbum
2942 2525 3034 2579 Dei
3074 2526 3331 2590 audiunt,
3384 2536 3438 2581 et
3489 2525 3696 2579 faciunt
3725 2523 3873 2591 (Lar.

2296 2590 2397 2662 8.).
2451 2590 2591 2648 Bene
2616 2606 2792 2650 autem
2823 2598 2935 2664 ait,
2978 2594 3043 2650 In
3074 2597 3239 2650 medio
3267 2595 3511 2651 Ecclesia:
3541 2595 3770 2649 laudabo
3793 2605 3876 2647 te:

2296 2666 2417 2733 quia
2451 2682 2554 2725 non
2586 2669 2825 2732 occulte,
2867 2670 2960 2723 sed
2988 2669 3157 2736 palam
3189 2669 3332 2723 venit
3362 2668 3612 2723 Christus
3668 2666 3874 2719 Patrem

2294 2749 2447 2789 suum
2482 2737 2793 2805 praedicare.
2834 2739 2919 2793 Ait
2947 2741 3122 2802 enim,
3168 2738 3279 2806 Ego
3321 2739 3491 2807 palam
3524 2740 3739 2793 locutus
3764 2751 3873 2790 sum

2298 2808 2516 2868 mundo.
2546 2822 2889 2880 ego_semper
2914 2810 3069 2866 docui
3116 2811 3168 2863 in
3196 2824 3489 2880 synagoga,
3521 2818 3578 2862 ct
3599 2811 3649 2860 in
3680 2808 3876 2873 templo

2294 2891 2402 2944 quo
2432 2894 2619 2932 omnes
2647 2877 2815 2933 Jud.ei
2844 2881 3167 2935 conveniunt
3207 2877 3239 2933 ε’
3263 2891 3315 2936 ct
3337 2877 3643 2935 inﬁoccnlto
3673 2880 3879 2931 locutus

2296 2950 2571 3020 sum-nihil
2618 2947 2797 3017 (Joan.
2827 2952 2962 3020 18.).
3014 2954 3077 3006 Et
3118 2952 3244 3007 alibi
3295 2952 3432 3005 idem
3472 2951 3731 3005 Servatur
3760 2951 3869 3001 ait:

2294 3018 2447 3084 Quod
2493 3020 2612 3074 dico
2643 3021 2795 3077 vobis
2826 3023 2877 3075 in
2924 3018 3195 3087 tenebris,
3236 3022 3400 3077 dicite
3446 3023 3498 3075 in
3549 3021 3793 3075 lumine:
3824 3026 3876 3071 ct

2296 3089 2437 3156 quod
2470 3092 2520 3143 in
2552 3106 2682 3146 aure
2713 3093 2908 3146 auditis
2935 3134 2950 3157 ,
2985 3093 3270 3160 prmdicate
3314 3107 3476 3160 super
3503 3100 3667 3146 tecta.
3737 3091 3874 3157 Quo-

2296 3162 2438 3215 niam
2468 3177 2585 3233 qute
2616 3162 2668 3216 in
2702 3162 2936 3217 tenebtis
2966 3164 3175 3218 dixistis
3200 3210 3215 3233 ,
3259 3165 3312 3217 in
3360 3162 3566 3217 lumine
3591 3162 3871 3216 dicentur:

2294 3239 2349 3285 et
2376 3231 2517 3302 quod
2551 3235 2601 3286 in
2630 3249 2757 3288 aure
2788 3234 2948 3289 locuti
2980 3235 3110 3289 estis
3140 3231 3209 3288 in
3229 3234 3523 3298 cubiculis,
3558 3233 3873 3299 praedicabi-

2295 3310 2381 3356 tur
2409 3305 2459 3356 in
2492 3304 2643 3359 tectis
2692 3303 2905 3375 (Matth.
2940 3307 3026 3360 10.
3062 3303 3188 3359 Luc.
3222 3306 3364 3373 12.),
3410 3304 3585 3369 idest,
3621 3304 3794 3372 palam
3828 3310 3875 3355 et

2293 3387 2474 3444 coram
2502 3375 2771 3429 omnibus.
2809 3376 2998 3429 Narrat
3025 3392 3216 3432 nomen
3242 3385 3297 3429 ut
3317 3385 3674 3444 cognoscatur
3702 3390 3717 3428 :
3746 3388 3873 3441 pra:-

2292 3442 2435 3516 dicat
2464 3444 2695 3516 laudem
2719 3486 2733 3507 ,
2789 3457 2845 3500 ut
2884 3458 3131 3501 ametur:
3169 3442 3434 3516 quaternis
3483 3461 3579 3513 per
3603 3445 3785 3516 (tidem
3825 3454 3875 3498 et

2292 3513 2635 3587 dilectionem
2664 3532 2693 3569 a
2724 3517 2976 3572 fratribus
3007 3513 3371 3587 spiritualibus
3403 3518 3543 3571 intra
3574 3515 3869 3571 Ecclesiatu

2291 3586 2500 3639 colatur
2532 3586 2692 3641 Deus.

2362 3654 2455 3727 at.
2498 3656 2700 3712 Deinde
2756 3657 2823 3712 ad
2871 3658 3039 3727 ipsius
3083 3658 3293 3713 laudem
3342 3673 3439 3712 nos
3487 3656 3710 3725 invitat,
3758 3670 3873 3709 cum

2292 3724 2604 3795 subjuugit:
2663 3727 2763 3797 Qui
2792 3724 2974 3783 timetis
3014 3729 3320 3794 Dominum,
3353 3728 3567 3782 laudate
3596 3724 3737 3791 eum,
3765 3727 3875 3779 uni-

2292 3811 2489 3851 versum
2514 3815 2687 3871 semen
2713 3797 2875 3853 Jacnb
2901 3800 3183 3871 gloriﬁcate
3207 3816 3343 3853 eum.
3373 3799 3576 3871 Timent
3599 3815 3714 3871 eum
3735 3811 3875 3871 omne

2290 3882 2459 3923 senten
2504 3866 2694 3923 Israel.
2736 3872 2870 3923 'l‘res
2902 3866 3134 3927 Vordi‘nes
3171 3870 3583 3937 comprehendit
3617 3870 3705 3921 hic
3731 3909 3747 3931 ,
3799 3869 3874 3921 iu-

2290 3940 2600 3992 cltoantium
2624 3980 2640 4004 ,
2675 3940 3098 4007 proticicntium,
3146 3940 3531 4008 perfecturum.
3597 3939 3704 3994 Sed
3741 3954 3864 3991 non-

2292 4009 2419 4081 nulli
2468 4010 2947 4081 quipeccatorum
2997 4027 3214 4066 suorum
3259 4010 3631 4081 magnitudine
3682 4008 3874 4081 territi.

2230 4080 2235 4085 “
2290 4079 2473 4133 divino
2500 4079 2699 4146 judicio
2729 4079 2985 4150 pavefacti
3009 4120 3025 4146 ,
3058 4082 3196 4137 mala
3226 4079 3681 4150 quzn‘gesserunt,
3713 4080 3876 4132 eorri-

2292 4162 2421 4221 gunt
2448 4168 2460 4203 :
2492 4162 2545 4204 et
2574 4152 2691 4219 plus
2723 4153 2916 4207 timore
2956 4167 3126 4219 poture
3150 4192 3165 4216 ,
3216 4166 3374 4221 quam
3426 4165 3616 4205 amore
3659 4150 3876 4218 iustitia:

2291 4220 2357 4272 ad
2411 4220 2692 4275 Dominum
2739 4222 3015 4277 redeunt:
3072 4223 3205 4277 tales
3238 4220 3327 4275 hic
3374 4222 3774 4285 admonentur,
3824 4223 3877 4270 ut

2291 4289 2460 4345 Deum
2488 4306 2618 4346 voce
2644 4300 2699 4346 et
2724 4293 2963 4347 moribus
2987 4293 3202 4348 laudare
3224 4290 3495 4359 studeant,
3522 4305 3685 4361 quem
3717 4302 3877 4361 prave

2293 4363 2524 4416 vivendo
2552 4372 2708 4416 antea
2740 4362 3204 4432 blasphemabant.
3264 4363 3331 4417 Et
3374 4358 3504 4417 sunt
3534 4358 3793 4432 nonnulli
3811 4358 3874 4412 ad

2292 4432 2483 4504 altiora
2534 4434 2806 4503 promoti,
2856 4429 2945 4503 qui
2989 4435 3099 4504 jam
3142 4433 3359 4488 student
3404 4449 3467 4488 se
3507 4429 3878 4500 spiritualibus

2298 4503 2489 4579 siudiis
2512 4519 2816 4579 exercere,
2846 4503 3002 4579 bonis
3048 4506 3300 4579 operibus
3328 4504 3598 4579 desudare
3619 4545 3635 4568 ,
3686 4515 3877 4579 concu-

2298 4574 2589 4641 piscentias
2652 4576 2833 4646 carnis
2880 4576 3057 4646 rigore
3088 4571 3328 4646 spiritus
3376 4575 3679 4646 reprimere
3704 4614 3719 4636 ,
3756 4571 3876 4646 vitia

2297 4646 2583 4699 virtutibus
2610 4642 2979 4714 supplantare.
3030 4642 3281 4714 lpsi’stmt
3310 4660 3496 4699 semen
3530 4644 3703 4714 Jacob
3731 4685 3747 4707 ,
3790 4642 3873 4709 qni

2293 4714 2656 4781 supplantator
2675 4711 2890 4769 dicitur.
2926 4717 2986 4770 lli
3018 4711 3293 4771 Dominum
3319 4720 3385 4768 de
3410 4716 3524 4768 suis
3554 4711 3877 4783 profectibus

2294 4785 2599 4853 gloriﬁcare
2641 4786 2918 4855 iubentur,
2963 4797 3020 4841 ut
3067 4788 3317 4839 videlicet
3366 4795 3516 4855 tanto
3567 4788 3690 4853 plus
3724 4784 3877 4851 proli-

2296 4855 2460 4919 ciant,
2491 4854 2692 4925 quanto
2722 4871 2827 4909 non
2861 4857 2911 4909 in
2939 4857 3149 4924 seipsis,
3177 4855 3272 4908 sed
3302 4858 3353 4909 in
3386 4854 3620 4915 Domino
3646 4854 3877 4925 glorian-

2298 4933 2401 4997 tur.
2446 4923 2522 4980 Et
2540 4934 2666 4979 sunt
2704 4928 2979 4995 plerique,
3009 4923 3098 4997 qui
3137 4928 3247 4994 jam
3278 4926 3491 4980 culmen
3531 4923 3877 4997 perfectimtis

2292 4996 2558 5063 obtinent,
2592 4998 2680 5065 qui
2710 5012 2771 5051 ea
2802 5012 2923 5065 qua:
2954 4996 3098 5052 retro
3120 5004 3240 5049 sunt
3266 5036 3281 5062 ,
3311 4997 3525 5063 penitus
3556 4996 3877 5048 obliviscen-

2294 5074 2394 5130 tes,
2417 5068 2611 5122 mentis
2637 5065 2823 5122 oculos
2854 5068 2905 5119 in
2942 5075 3217 5136 aspectum
3246 5068 3356 5120 veri
3392 5066 3616 5121 luminis
3648 5068 3876 5119 intentos

2293 5138 2490 5190 habent
2521 5155 2534 5189 :
2563 5148 2755 5192 cuncta
2801 5146 3015 5193 terrena
3048 5136 3474 5202 transcendunt,
3526 5136 3714 5191 animo
3751 5136 3875 5187 so'is

2291 5206 2598 5262 caelestibus
2645 5219 3070 5273 commorantur,
3113 5207 3345 5262 carnalia
3394 5208 3452 5259 in
3499 5222 3561 5261 se
3610 5203 3879 5260 desideria

2292 5278 2639 5348 exstinguunt
2688 5277 3029 5348 (Galat.2.),
3078 5277 3276 5337 mundo
3308 5278 3515 5335 mortui
3561 5276 3674 5331 Deo
3696 5275 3875 5348 vivunt

2291 5344 2510 5420 (Golosi.
2538 5348 2641 5420 5.).
2676 5347 2743 5402 lli
2775 5350 2931 5420 100
2958 5344 3081 5403 sunt
3107 5348 3457 5415 spiritualiter
3478 5362 3668 5420 semen
3695 5344 3871 5420 Israel,

2289 5416 2379 5485 qui
2402 5419 2573 5471 videns
2602 5416 3244 5488 Deumiint'erpretatur:
3277 5420 3365 5486 qui
3398 5419 3582 5473 carnis
3611 5428 3664 5472 et
3687 5417 3877 5470 anima:

2292 5489 2695 5561 inquinamenta
2733 5487 2980 5561 fugiunt,
3012 5500 3069 5544 ut
3099 5490 3264 5544 Deum
3310 5488 3515 5561 viderer
3545 5498 3868 5561 mereantur.

2291 5556 2354 5609 lli
2403 5556 3005 5629 admonenturfipsum
3057 5576 3215 5629 quem
3246 5567 3472 5623 amant,
3508 5558 3869 5617 indesinenter

2290 5633 2519 5682 timere:
2568 5644 2674 5682 non
2722 5631 2905 5685 servili
2938 5632 3132 5685 timore
3156 5671 3172 5695 ,
3204 5643 3309 5698 quo
3339 5638 3658 5696 peccatores
3691 5630 3868 5698 timent

2292 5699 2481 5770 psum,
2516 5712 2581 5751 ne
2613 5701 2934 5766 puniantur:
2962 5702 3057 5757 sed
3091 5695 3281 5757 timore
3300 5695 3473 5767 casto,
3508 5716 3619 5770 quo
3651 5695 3867 5770 perfecti

2289 5767 2457 5825 Deum
2490 5770 2679 5826 timent
2704 5783 2772 5827 ne
2798 5770 3132 5829 deserantur.
