4128 6360
620 251 650 260 -ς
674 246 873 262 ’νὴ-σος-

312 342 418 407 729

1318 343 1383 398 IN
1424 339 1739 400 PSALMOS
1778 337 1965 394 LXXV
2006 337 2569 401 COMMENTARIUS.

3495 346 3597 404 ττι)

314 480 422 520 noti
452 470 513 516 ut
539 459 643 517 sub
684 474 748 516 ea
778 473 927 516 mare
952 459 1056 527 sit,
1078 457 1178 515 sed
1200 461 1332 530 (quia
1362 459 1416 513 in
1452 461 1558 514 ﬁne
1599 458 1772 529 primo
1818 473 1909 511 su-
1939 456 1987 514 Α
2016 460 2277 530 aperitur.
2301 459 2405 515 Per
2424 475 2519 516 eas
2535 463 2696 516 etiam
2718 470 2901 530 portas
2924 460 3064 518 Deus
3083 460 3150 517 ad
3178 460 3407 516 liumana
3432 463 3596 520 corda

317 532 620 604 pereiiiiuet
648 532 800 604 mari.
828 531 886 587 Si
925 540 1105 604 autem
1141 529 1309 593 aliud,
1340 530 1481 598 quod
1510 530 1573 582 ad
1606 532 1908 604 nosinagis

318 600 574 674 pertinet,
607 604 707 657 ista
736 602 875 674 dicta
904 602 1207 674 signiﬁcant
1238 615 1569 674 {possumus
1608 600 1908 674 intelligere

315 671 415 746 per
440 689 612 746 mare,
644 673 901 746 mundum
949 691 966 746 _:
1000 687 1096 739 per
1114 672 1595 746 ﬁuminaciipitlos
1639 671 1905 746 lionii‘nes,

314 740 408 816 qui
436 745 701 816 labuntur,
722 743 781 816 in
802 744 1078 816 saeculum.
1112 743 1284 816 Etiam
1313 740 1752 816 (Ex_Augus_tino)
1777 741 1909 816 istos

314 811 538 886 superat
583 814 842 879 Ecclesia,
874 828 993 886 qua;
1028 811 1255 886 devictis
1288 825 1391 886 per
1422 811 1639 886 Domini
1680 812 1905 877 gratiam

318 880 703 956 cupiditatibus
731 880 1100 949 saecularibus,
1128 884 1192 956 ad
1230 882 1599 956 recipiendam
1626 880 1906 956 immorta-

318 952 526 1011 litatem
558 957 781 1009 caritate
812 966 992 1019 parata
1023 964 1125 1008 est.
1157 954 1329 1017 Super
1373 953 1541 1006 maria
1579 952 1794 1005 fundata
1826 960 1911 1006 est

319 1027 588 1090 Ecclesia,
612 1027 707 1088 qui
727 1024 878 1094 juxta
898 1037 1107 1078 amaras
1138 1022 1294 1092 hujus
1324 1023 1505 1077 sicculi
1531 1022 1908 1094 ﬁuctiiationcs

318 1098 422 1152 sita
452 1105 556 1153 est.
590 1092 914 1162 Sive‘super
944 1095 1107 1148 maria
1140 1110 1245 1148 non
1275 1094 1375 1148 sub
1417 1096 1549 1148 mari
1594 1092 1848 1147 fundatur
1889 1111 1903 1148 :

320 1170 444 1237 quia
492 1166 656 1221 nullis
683 1168 965 1237 impiorum
1000 1165 1279 1237 tormentis
1320 1173 1623 1237 superatur.
1656 1162 1750 1218 Vel
1781 1164 1904 1237 quia

320 1234 427 1294 iion
457 1239 508 1294 ei
549 1238 704 1301 vitia,
752 1236 847 1291 sed
880 1238 991 1305 ipsa
1040 1236 1185 1291 vitiis
1230 1236 1557 1289 dominatur.
1588 1234 1764 1301 Super
1808 1235 1908 1289 ﬁu-

321 1311 462 1363 miua
508 1322 723 1377 quoque
770 1316 1116 1376 praeparatur.
1168 1307 1289 1376 quia
1336 1320 1500 1372 super
1549 1307 1799 1374 populus,
1849 1316 1907 1361 et

321 1394 484 1448 super
515 1376 785 1447 principes
825 1386 880 1431 et
909 1384 1220 1446 potestates,
1250 1376 1345 1448 qui
1370 1376 1647 1448 ﬁuininuin
1690 1376 1908 1432 nomine

321 1449 691 1520 designantur,
734 1448 974 1517 magistri
1021 1458 1182 1520 atque
1224 1447 1447 1520 praelati.
1482 1448 1902 1520 constituuntur.

321 1518 482 1584 Ecce,
518 1520 762 1575 Ecclesia
792 1519 959 1587 posita
990 1529 1071 1573 cst
1104 1519 1156 1572 in
1187 1518 1400 1573 sublimi
1441 1534 1455 1571 :
1488 1518 1539 1570 iii
1572 1519 1681 1570 alio
1710 1518 1904 1572 locavit

319 1590 584 1647 Dominus
611 1591 795 1645 orbem
828 1604 1005 1652 suum,
1038 1589 1177 1643 sicut
1213 1589 1503 1657 Imperator
1533 1587 1808 1657 palatium.
1841 1589 1907 1644 Et

320 1662 438 1734 quis
471 1662 628 1734 miles
655 1660 925 1734 ascendet
946 1661 1073 1715 illuc
1102 1658 1166 1713 ad
1199 1658 1622 1734 Imperatorem?

390 1731 446 1789 5.
490 1732 620 1797 Quis
646 1731 885 1785 ascendet
910 1732 960 1784 in
988 1740 1209 1784 montem
1244 1728 1469 1793 Domini,
1498 1740 1586 1782 aut
1613 1730 1726 1799 quis
1754 1732 1907 1786 stabit

320 1805 513 1858 inloco
553 1810 731 1857 sancto
774 1803 922 1872 ejus?
962 1800 1266 1855 Ascendere
1305 1801 1592 1872 multorum
1623 1811 1725 1859 est.
1757 1811 1903 1857 stare

320 1882 498 1929 autem
541 1869 834 1943 paucorum
875 1880 1078 1926 tantum
1115 1881 1180 1943 et
1222 1869 1600 1943 perlecturum.
1647 1874 1903 1927 Ascendit

320 1945 504 2009 ludas,
531 1941 625 1999 sed
657 1944 877 1997 minime
902 1944 1070 1998 stetit.
1097 1941 1467 1996 Ascenilerunt
1496 1942 1644 1996 multi
1672 1944 1782 2009 alii,
1805 1943 1900 1999 sed

319 2015 564 2071 conversi
595 2014 775 2069 abiere
804 2022 1099 2068 retrorsum
1123 2010 1303 2082 (Joan.
1336 2014 1389 2084 6.
1417 2021 1465 2065 ct
1509 2013 1595 2067 18.
1638 2011 1767 2067 Luc.
1798 2013 1899 2084 8.).

318 2087 446 2151 Quis
477 2100 611 2153 ergo
655 2087 735 2139 sic
786 2084 947 2138 stabit
977 2125 992 2149 ,
1042 2092 1099 2137 ut
1138 2098 1243 2136 non
1274 2083 1453 2146 cada'i,
1486 2093 1538 2136 ut
1581 2085 1633 2137 in
1665 2095 1905 2154 tempore

319 2156 630 2212 tentationis
654 2170 757 2209 non
784 2154 1035 2211 recedat?
1065 2156 1317 2223 Sequitur
1342 2164 1396 2207 et
1431 2156 1583 2217 dcit,

386 2224 441 2280 4.
485 2225 735 2279 lnnocens
766 2228 996 2279 manibus
1034 2234 1084 2280 et
1118 2229 1309 2278 mundo
1339 2226 1510 2289 corde,
1552 2226 1637 2288 qui
1672 2243 1773 2279 non
1810 2244 1898 2281 ac-

317 2300 444 2368 cepit
471 2299 523 2351 in
546 2313 676 2351 vano
699 2296 922 2368 animam
943 2313 1109 2360 suam,
1134 2311 1224 2348 nec
1236 2296 1432 2365 juravit
1458 2298 1507 2368 in
1529 2298 1647 2349 dolo
1669 2319 1681 2363 ι
1703 2299 1903 2351 roximo

317 2366 431 2422 suo.
462 2368 726 2422 liiiioceiis
754 2367 1001 2422 manibus
1028 2375 1082 2422 et
1113 2368 1311 2437 mundo
1344 2366 1511 2420 corde
1540 2375 1643 2428 cst,
1675 2368 1764 2437 qui
1796 2385 1901 2424 non

317 2449 589 2506 operatur,
622 2453 719 2493 nec
739 2438 935 2504 cogitat
957 2438 1177 2491 malum.
1204 2436 1257 2489 lii
1284 2437 1527 2491 manibus
1548 2439 1690 2491 enim
1718 2454 1900 2506 opera,

318 2511 371 2563 in
418 2510 583 2565 corde
632 2509 982 2578 cogitationes
1030 2508 1394 2578 intelligimus.
1441 2508 1495 2561 lii
1541 2524 1677 2561 vano
1721 2519 1901 2564 autem

316 2580 551 2634 animam
582 2576 734 2634 suam
772 2580 983 2648 accipit,
1021 2579 1263 2650 quisquis
1303 2576 1632 2650 infructuose
1664 2581 1811 2634 vivit.
1848 2584 1903 2636 In

318 2665 455 2704 vano
484 2653 695 2704 animas
723 2665 848 2704 suas
894 2648 1233 2717 acceperant,
1276 2648 1472 2719 quibus
1523 2651 1903 2716 paterfamilias

317 2722 530 2777 diccbat
563 2739 577 2775 :
608 2721 745 2787 Quid
780 2720 865 2776 liic
892 2720 1044 2775 statis
1074 2728 1182 2775 tota
1213 2722 1298 2773 die
1336 2720 1530 2773 otiosi?
1560 2722 1660 2788 Qui
1694 2739 1760 2775 ne
1793 2732 1903 2776 otio

320 2803 576 2847 vacarent
601 2793 877 2859 vauitatis,
901 2792 1157 2846 continuo
1187 2789 1492 2858 audierunt,
1523 2792 1618 2853 lie,
1650 2799 1703 2845 et
1731 2808 1826 2846 vos
1853 2799 1903 2849 in

317 2865 528 2919 vincam
576 2878 773 2927 meam,
805 2872 861 2917 et
912 2861 1053 2932 quod
1098 2863 1301 2932 justiiui
1351 2862 1513 2914 luerit
1565 2863 1703 2917 dabo
1751 2865 1906 2919 vobis

320 2934 537 3005 (Matth.
567 2934 709 3003 90.).
741 2934 992 3003 Quisquis
1020 2933 1085 2987 ad
1132 2933 1270 3005 bene
1315 2933 1647 3005 Operanduni
1677 2948 1736 2987 se
1769 2950 1906 3002 pra:-

321 3002 492 3074 parat,
523 3005 613 3061 hic
640 3015 721 3060 est
747 3004 837 3074 qui
858 3002 961 3058 non
985 3002 1194 3073 accepit
1224 3002 1278 3055 iii
1302 3017 1439 3056 vano
1463 3004 1696 3058 animam
1726 3019 1903 3065 suam.

320 3076 574 3132 l'roximo
603 3092 702 3130 suo
733 3075 785 3129 iii
816 3075 942 3130 dolo
966 3075 1168 3144 jurare,
1200 3081 1282 3129 est
1312 3088 1494 3127 verum
1534 3074 1583 3128 ei
1622 3090 1716 3144 pro
1748 3076 1902 3144 lilso,

319 3157 412 3201 aut
442 3146 637 3202 lalsum
670 3162 764 3215 pro
794 3161 920 3200 vero
949 3145 1236 3199 afﬁrmare.
1262 3144 1331 3215 (In
1362 3144 1491 3197 dolo
1531 3146 1775 3212 proximo
1804 3162 1903 3201 suo

319 3222 481 3287 jiirat,
532 3218 622 3288 qui
668 3214 733 3272 ea
784 3217 944 3273 verba
990 3214 1310 3288 afﬁrmando
1359 3216 1656 3288 denuntiat,
1708 3214 1974 3284 quibusC

320 3285 443 3343 eum
472 3285 724 3359 decipiat.
751 3288 851 3354 Qui
883 3302 1011 3359 ergo
1041 3287 1119 3359 sic
1149 3286 1287 3340 bona
1319 3285 1449 3359 agit,
1476 3297 1532 3340 ut
1559 3288 1611 3341 in
1637 3303 1823 3357 opere,
1855 3289 1906 3345 in

321 3356 671 3429 cogitatione,
701 3370 755 3413 et
786 3364 838 3413 in
869 3356 1033 3413 verbo
1062 3356 1328 3412 innocuus
1355 3358 1445 3429 s_it,

493 3430 596 3484 Hic
629 3430 841 3493 accipiet
876 3429 1270 3482 benedictionem
1291 3444 1321 3480 a
1353 3426 1591 3492 Domino,
1621 3437 1669 3483 et
1715 3431 1915 3484 miseri-

325 3502 555 3554 cordiam
585 3518 618 3555 a
661 3500 766 3554 Deo
807 3501 1027 3554 salutari
1076 3516 1190 3553 suo.
1243 3499 1384 3554 Inter
1432 3499 1551 3554 illos
1598 3500 1740 3554 enim
1790 3504 1912 3570 erit,

327 3573 521 3641 quibus
551 3573 604 3625 in
636 3572 723 3625 die
765 3570 951 3639 judicii
978 3570 1235 3641 dicturus
1256 3581 1340 3641 est
1386 3570 1664 3641 Dominus,
1704 3571 1913 3637 Venite,

330 3639 596 3698 benedicti
628 3642 798 3696 Putris
828 3644 932 3696 niei
966 3640 1186 3711 (Matth.
1214 3639 1353 3711 25.).
1378 3641 1442 3694 Et
1472 3640 1585 3694 haec
1615 3642 1917 3698 benedictio

330 3730 437 3767 non
481 3717 585 3768 erit
613 3728 679 3767 ex
737 3714 942 3768 meritis
984 3711 1117 3777 suis,
1166 3711 1259 3767 sed
1306 3727 1371 3767 ex
1425 3711 1788 3769 misericordia
1834 3716 1915 3768 sui

331 3784 628 3838 Salvatoris
673 3783 762 3853 qui
801 3798 907 3837 non
937 3797 1003 3837 ex
1031 3783 1282 3852 cperibus
1308 3782 1529 3851 justititc
1573 3794 1791 3845 nostrai,
1823 3786 1916 3840 sed

331 3868 553 3926 propter
570 3852 723 3908 suain
747 3854 1168 3926 misericordiam
1191 3855 1369 3908 salvos
1392 3867 1490 3908 nos
1512 3852 1635 3908 fecit
1656 3855 1785 3922 ('l'it.
1813 3858 1913 3926 5.).

401 3924 456 3982 6.
498 3924 631 3979 Htec
653 3933 733 3994 est
756 3925 1013 3993 generatio
1044 3926 1381 3992 quaerentium
1412 3940 1549 3991 eum,
1584 3924 1921 3994 querentium

332 3998 520 4067 faciem
570 3993 887 4067 DeiJacob.
940 3995 1017 4050 Ex
1062 3994 1295 4067 talibus,
1339 3995 1531 4063 inquit,
1576 3993 1922 4051 constituitur

334 4066 599 4131 Ecclesia,
648 4066 728 4121 sic
775 4074 1067 4120 nascuntur
1098 4066 1217 4133 qui
1266 4073 1543 4135 quarunt,
1585 4079 1708 4135 eum
1761 4083 1775 4121 :
1826 4068 1918 4135 qui

330 4147 583 4209 qiizcrunt
613 4136 824 4201 faciem,
871 4137 1031 4209 idest,
1061 4136 1423 4209 cognitionem
1457 4134 1549 4189 Dei
1596 4134 1779 4197 Jacob.
1817 4134 1921 4192 nii—

334 4205 483 4264 iioris
513 4209 711 4273 fratris,
756 4209 807 4262 in
850 4222 957 4276 quo
1002 4205 1147 4269 Deus
1189 4206 1414 4273 gratiam
1462 4221 1613 4276 suam
1644 4222 1922 4261 commen-

334 4280 504 4335 davit.
535 4280 834 4347 Antequam
869 4275 1027 4347 enim
1073 4277 1230 4347 106
1274 4275 1473 4347 aliquid
1512 4277 1752 4344 egissent
1798 4277 1922 4331 boiii

336 4350 418 4406 vel
449 4350 602 4412 inali,
632 4346 831 4403 diutum
856 4356 962 4408 est.
995 4346 1162 4402 Jacob
1188 4346 1372 4408 dilexi.
1414 4346 1552 4400 Esau
1581 4356 1759 4402 autem
1799 4348 1923 4403 odio

336 4420 497 4476 liabui
521 4418 779 4492 (Malach.
810 4419 862 4473 1.
891 4419 1043 4473 Rom.
1077 4417 1363 4492 9.).ASlQUI
1392 4427 1517 4492 tunc
1547 4419 1742 4492 minori
1774 4420 1923 4492 tratri

335 4493 505 4561 gratia
532 4487 716 4547 divina
745 4492 864 4543 data
894 4501 1000 4557 est,
1024 4498 1078 4561 et
1100 4487 1292 4558 majori
1316 4504 1423 4561 non
1446 4487 1570 4561 data
1599 4504 1615 4544 :
1643 4488 1722 4561 sic
1746 4488 1926 4545 adhuc

337 4559 607 4631 superbis,
653 4572 906 4629 tanquam
937 4559 1252 4631 majoribus,
1282 4559 1484 4631 resistit
1514 4559 1791 4631 Dominus,
1826 4561 1925 4614 liu-

337 4629 556 4687 niilitius
603 4642 804 4700 autem,
848 4632 1002 4700 quasi
1027 4629 1030 4630 ⁷
1055 4629 1357 4686 minoribus
1399 4630 1491 4684 dat
1518 4629 1741 4701 gratiam
1772 4646 1924 4685 suam

338 4705 546 4773 (Iacob.
574 4704 627 4756 4.
643 4709 679 4766 ).
713 4702 1041 4771 Diapsalma.

408 4776 465 4829 7.
506 4776 735 4828 Attollite
779 4785 950 4838 portas
989 4772 1244 4844 prinCtpes
1286 4779 1499 4844 vestras,
1543 4778 1593 4826 et
1634 4771 1926 4844 elevaiiiiiii,

340 4856 504 4915 porta:
555 4845 853 4910 celeritates,
906 4851 953 4898 et
990 4842 1224 4915 introibit
1274 4842 1386 4915 Beat
1431 4845 1633 4914 gloriae.
1682 4842 1930 4915 Quinque

342 4913 523 4985 portas
557 4916 717 4970 habet
763 4914 944 4979 liomo,
974 4914 1207 4984 quinque
1243 4913 1493 4985 videlicet
1518 4914 1763 4981 corporis
1804 4928 1931 4966 sen-

342 4984 434 5041 sus
465 5003 480 5039 :
512 4986 707 5051 visum,
733 4986 996 5049 auditum,
1027 4994 1263 5055 gustum,
1293 4984 1595 5055 odoratum,
1623 4994 1678 5038 et
1705 4992 1927 5055 tactum.

345 5058 439 5112 llic
467 5065 648 5110 autem
681 5066 865 5125 portat,
892 5056 991 5110 nisi
1028 5053 1250 5124 singulis
1276 5054 1589 5125 custodibus
1612 5053 1923 5125 custodian-

345 5138 450 5194 tur,
479 5142 573 5196 per
593 5124 691 5181 eas
707 5126 949 5181 diabolus
971 5126 1276 5195 frequenter
1296 5124 1593 5196 ingreditur
1611 5136 1665 5196 et
1688 5124 1925 5194 regredb

346 5212 449 5253 tur.
480 5194 706 5266 Oportet
725 5212 877 5267 ergo,
902 5207 963 5252 ut
980 5194 1249 5267 hai’portte
1269 5194 1584 5267 claudantur
1610 5194 1845 5267 diabolo,
1870 5202 1928 5250 et

347 5265 657 5339 aperiantur
676 5265 811 5322 Deo:
834 5267 982 5324 Unde
996 5276 1054 5322 et
1074 5275 1217 5321 recte
1239 5266 1326 5320 hic
1356 5266 1628 5339 principes
1651 5265 1922 5339 appellati.

349 5337 455 5403 tur,
479 5340 603 5408 quia
626 5337 709 5391 bis
725 5339 1096 5408 corporalibus
1107 5337 1715 5404 sciisibusspiritualiter
1729 5338 1928 5408 princi-

349 5353 455 5403 tur,
479 5353 603 5408 quia
627 5353 709 5391 ius
725 5353 1096 5462 ectroraiinus
1107 5353 1715 5404 seiisinusspirituaiiter
1729 5353 1928 5405 princi-

345 5421 563 5479 pantur.
587 5409 689 5479 Qui
705 5417 800 5479 stu
842 5417 934 5463 eiit
955 5412 1218 5479 castigare
1237 5421 1432 5476 corpus
1458 5422 1635 5473 suum,
1664 5417 1719 5461 et
1739 5407 1792 5460 in
1814 5421 1930 5461 ser-

350 5477 580 5534 vitutein
603 5477 845 5547 redigere
867 5479 944 5549 (l'.
975 5477 1227 5549 (ἔοικα),
1258 5491 1331 5549 ne
1346 5486 1531 5547 regnet
1569 5485 1847 5544 peccatum
1874 5479 1927 5549 in

345 5564 537 5605 eorum
573 5549 784 5603 mortali
810 5547 1035 5618 corpore
1057 5547 1232 5617 (llam.
1261 5547 1343 5618 6.)
1375 5565 1388 5601 :
1421 5551 1471 5601 lii
1491 5549 1744 5615 jubentur
1772 5548 1930 5603 attol-

350 5620 463 5675 lere
491 5628 671 5689 portas
692 5632 839 5689 suas,
868 5619 1071 5674 scilicet
1089 5632 1283 5674 sensus
1320 5620 1645 5688 corporales,
1668 5627 1725 5674 et
1749 5628 1930 5687 portas

348 5687 639 5745 aiteriiales
666 5687 897 5755 elevare,
927 5704 1048 5758 qua:
1089 5698 1218 5744 sunt
1264 5687 1429 5753 ﬁdes,
1448 5703 1591 5757 spes,
1625 5697 1682 5742 et
1709 5690 1937 5757 caritas,»

349 5769 674 5826 eademque
698 5758 922 5828 virtutes
969 5775 984 5816 :
1031 5774 1152 5828 qua:
1194 5758 1389 5812 merito
1430 5760 1713 5814 aeternales
1761 5770 1928 5828 porta:

354 5833 722 5899 nominantur,
749 5827 874 5900 quia
913 5843 1007 5911 per
1043 5827 1138 5889 eas
1180 5830 1453 5899 ingressus
1489 5838 1705 5888 aeternae
1744 5827 1930 5900 patriae

2014 529 2512 603 iiigreditiir._Unde
2552 529 2746 586 dicitur
2794 530 2912 586 :Et
2959 532 3190 587 introibit
3235 532 3349 586 Rea:
3393 534 3594 603 glorior.

2013 598 2131 665 Ipse
2159 607 2239 654 est
2268 601 2408 655 enim
2443 618 2534 657 rex
2561 604 2678 656 ctcli
2709 612 2765 658 et
2795 611 2973 664 terrae.
3008 604 3228 672 largitor
3261 598 3465 672 gloriie,
3496 604 3594 659 de-

2011 678 2258 745 structor:
2274 674 2544 745 superbiae
2563 689 2589 745 Δε
2624 683 2681 728 ut
2704 675 2791 744 qui
2822 674 3105 745 gloriatur,
3135 675 3190 730 iii
3218 674 3447 730 Domino
3473 675 3596 745 glo-

2011 742 2179 793 rietur
2208 740 2284 807 (2.
2318 741 2439 795 Cor.
2470 742 2601 809 ιιι).
2720 740 2736 744 ’
2824 740 2849 745 ⁷
3476 740 3489 787 ‘.

2081 808 2137 883 8_.
2181 811 2343 866 Pavet
2390 808 2662 883 admirans
2702 823 2888 867 natura
2939 814 3206 879 mortalis,
3256 823 3312 870 et
3353 815 3596 883 quierit:

2013 877 2141 959 Quis
2163 890 2234 933 est
2262 884 2356 935 istc
2380 882 2488 959 Rea:
2512 886 2730 959 gloriae?
2754 885 3003 959 Dominus
3022 886 3170 959 fortis
3190 877 3239 959 et
3263 877 3461 957 pote-ns,
3490 883 3600 959 Do:

2012 956 2179 1024 minus
2226 963 2404 1024 potens
2450 956 2505 1006 in
2536 956 2738 1021 pra'lio.
2780 956 2881 1023 Qui
2928 958 3136 1024 accepit
3185 956 3410 1010 formam
3454 957 3595 1011 servi

2012 1017 2238 1091 (Philip.
2269 1022 2374 1089 2.),
2399 1017 2936 1080 ecce'Doiniiius'est.
2964 1017 3100 1080 Ante
3122 1026 3364 1081 inﬁrmus
3385 1043 3450 1081 ex
3475 1041 3599 1081 cor-

2011 1092 2283 1171 ruptione,
2318 1095 2476 1146 modo
2506 1096 2658 1171 for-tis
2705 1112 2772 1150 ex
2812 1098 3232 1171 immortalitate.
3266 1098 3406 1171 Ante
3442 1098 3595 1171 quasi

2012 1166 2322 1239 ᾗιμβίὲιυιιε.⁸
2336 1177 2459 1239 cum
2489 1166 2824 1220 occideretur
2857 1183 2871 1220 :
2918 1168 3079 1221 modo
3110 1177 3295 1235 potens
3326 1168 3377 1222 iii
3407 1168 3597 1239 prailio

2011 1230 2088 1299 (l.
2124 1229 2267 1285 Petr.
2293 1233 2412 1300 2.),
2443 1249 2563 1287 cum
2597 1247 2768 1290 morte
2790 1252 2885 1292 sua
2916 1229 3143 1292 mortem
3183 1229 3514 1302 destrueret,
3541 1247 3597 1293 et

2010 1316 2374 1378 lie-III'BCIISLG
2422 1308 2647 1378 nini-tuis
2684 1308 2957 1378 diabolum
2996 1308 3315 1363 debellaret.
3367 1310 3432 1361 Et
3470 1309 3594 1378 quia

2011 1371 2118 1426 duo
2138 1374 2329 1448 populi
2369 1386 2547 1448 erant,
2593 1376 2855 1448 Jiidaicns
2878 1377 3130 1432 videlicet
3158 1390 3211 1433 et
3238 1378 3471 1447 gentilis,
3489 1371 3593 1448 "qui

2010 1458 2105 1509 per
2136 1442 2229 1518 Dei
2272 1444 2503 1518 gratiam
2552 1447 2791 1503 solvendi
2838 1447 3048 1502 fuerant
3077 1465 3090 1500 :
3124 1442 3270 1503 recte
3313 1449 3454 1518 quod
3486 1442 3597 1517 pri-

2011 1528 2152 1567 iuum
2182 1513 2402 1590 Judaico
2430 1517 2646 1585 dicitur,
2677 1519 3017 1588 postmodum
3052 1520 3237 1590 gentili
3281 1513 3591 1589 replicatur,

2008 1599 2129 1638 cum
2158 1586 2425 1652 subditur,

2080 1656 2133 1707 9.
2176 1655 2407 1711 Attollite
2452 1668 2623 1727 portas
2667 1659 2921 1726 principes
2958 1668 3171 1723 vestras,
3218 1670 3266 1716 et
3295 1661 3590 1723 elevamini,

2009 1736 2172 1801 porta:
2191 1730 2475 1801 celeritates,
2498 1739 2549 1784 et
2572 1731 2796 1784 introibit
2823 1732 2931 1785 lica:
2958 1731 3156 1801 gloriw.
3185 1730 3387 1787 [ιω-διεδ
3414 1736 3595 1787 tremit

2012 1798 2241 1869 liuiiiaiia
2273 1797 2551 1867 fragilitas,
2581 1809 2637 1854 et
2664 1804 2876 1869 quaerit,
2959 1797 2975 1801 ⁷
3619 1819 3623 1823 ’

2082 1866 2169 1941 19.
2216 1870 2340 1941 Quis
2359 1866 2431 1922 est
2458 1872 2550 1923 iste
2577 1866 2884 1941 lier'glorite
2901 1873 2926 1925 ?
2951 1872 3198 1927 Dominus
3219 1874 3462 1927 virtutum
3485 1874 3596 1941 ipse

2008 1946 2080 2012 est
2122 1937 2233 2012 lies:
2256 1938 2457 2012 glorite.
2487 1937 2790 1995 Notandum
2823 1945 2963 2011 quod
2994 1946 3245 2012 Sllpt‘l‘llls
3275 1937 3597 1998 describitur

2010 2007 2267 2063 Dominus
2298 2009 2450 2064 fortis
2478 2021 2531 2065 et
2561 2024 2748 2077 potens
2786 2007 3103 2080 in'prtclio':
3136 2014 3221 2068 liic
3248 2030 3376 2070 vero
3400 2015 3595 2069 dicitur

2008 2081 2263 2132 virtutum
2294 2094 2345 2133 ei
2378 2082 2485 2135 lti-x
2518 2084 2703 2149 gloria:
2733 2099 2747 2134 :
2774 2084 2895 2151 quia
2927 2085 3173 2140 videlicet
3213 2086 3351 2149 apud
3378 2086 3594 2140 .ludaaos

2008 2152 2256 2226 sustinuit
2290 2162 2565 2226 certamen
2609 2155 2890 2226 passiOiiis,
2925 2157 3064 2223 apud
3095 2157 3320 2226 gentiles
3359 2154 3595 2226 obtinuit

2005 2221 2228 2288 glorinm
2265 2223 2491 2277 Virtutis.
2538 2224 2689 2291 Apud
2720 2240 2813 2277 eos
2860 2226 2910 2278 iii
2957 2221 3299 2293 terra'pmnis
3335 2224 3588 2291 afﬁcitur,

2005 2292 2147 2355 apud
2182 2293 2314 2344 istos
2346 2294 2397 2346 iu
2441 2293 2578 2348 caelo
2602 2294 2712 2362 jam
2741 2296 3006 2361 residens,
3042 2298 3325 2351 virtutibus
3352 2309 3403 2350 et
3433 2299 3594 2350 mira-

2006 2364 2141 2415 Culis
2162 2363 2487 2418 declaratur.
2515 2364 2621 2418 Nos
2645 2377 2823 2419 autem
2862 2369 3186 2421 liouoreinus
3226 2368 3597 2421 Dominiiin‘ct

2006 2430 2494 2503 Regenitiostruin,
2519 2436 2607 2503 qui
2631 2445 2878 2503 potenter
2896 2453 3083 2493 aereas
3109 2447 3397 2503 potestates
3418 2437 3595 2490 debel-

2008 2501 2141 2579 lavit
2169 2502 2331 2579 (Eph.
2364 2504 2447 2575 2.)
2479 2521 2492 2556 :
2525 2501 2579 2579 et
2610 2501 2901 2579 referamus
2930 2511 2977 2562 ei
3027 2501 3247 2579 gratias,
3291 2508 3382 2575 qui
3426 2508 3597 2562 servis

2006 2573 2121 2627 suis
2148 2578 2401 2629 virtutem
2430 2573 2488 2631 et
2517 2576 2743 2647 gloriam
2776 2573 3199 2632 misericorditer
3231 2573 3435 2632 tribuit.

2392 2685 2691 2743 TITULL‘S
2730 2687 2974 2744 PSALMI
3015 2688 3203 2743 XXIV.

2075 2791 2118 2840 l.
2167 2791 2435 2853 Sequentis
2474 2792 2642 2850 operis
2689 2791 2856 2841 titulus
2881 2799 2977 2853 est,
3006 2792 3230 2843 Psaloius
3266 2787 3449 2853 David,
3468 2789 3601 2853 Quo.

2007 2855 2139 2916 niam
2161 2851 2276 2915 quid
2299 2855 2362 2901 sit
2391 2854 2605 2916 Psalmis
2633 2859 2685 2903 et
2719 2856 2831 2915 quis
2872 2851 3152 2903 intellectus
3194 2857 3255 2905 sit
3303 2868 3391 2916 per
3426 2851 3597 2916 David,

2007 2914 2296 2977 frequenter
2325 2914 2577 2977 diximus:
2609 2927 2701 2962 non
2727 2923 2922 2972 Oportet
2957 2926 3011 2966 ut
3037 2918 3084 2965 in
3118 2918 3195 2965 his
3234 2914 3418 2965 moram
3454 2914 3601 2963 facia-

2008 2974 2139 3040 mus.
2166 2977 2372 3040 voxest
2389 2974 2544 3024 ﬁdelis
2561 2977 2734 3025 anime
2755 2978 2803 3025 in
2828 2978 2919 3026 hoc
2950 2979 3131 3040 psalmo
3164 2979 3228 3027 de
3252 2984 3409 3040 morte
3428 2976 3621 3040 inﬁde--

2008 3039 2162 3099 litatis
2178 3039 2238 3088 ad
2262 3039 2408 3088 ﬁdem
2431 3050 2702 3099 converse,
2734 3036 3103 3099 perseverantia
3143 3042 3344 3092 orantis.
3386 3036 3604 3099 Inicudit
3674 3086 3675 3089 η

2011 3109 2176 3151 autem
2203 3113 2291 3163 nos
2314 3097 2546 3163 exemplo
2574 3112 2673 3163 (suo
2692 3097 2695 3099 ’
2712 3097 2980 3161 instruere,
3010 3110 3061 3150 ut
3083 3112 3336 3163 postquam
3374 3102 3433 3149 ad
3459 3098 3604 3163 ﬁdem

2011 3164 2235 3212 conversi
2257 3161 2585 3223 fueriiniis,ad
2605 3164 2830 3210 vomitum
2847 3176 2941 3211 non
2964 3160 3222 3212 redeamus
3239 3163 3350 3211 :sed
3375 3170 3425 3211 ut.
3448 3160 3600 3232 107

2005 3244 2388 3293 perseveremus
2408 3234 2457 3281 in
2484 3231 2611 3281 bono
2630 3234 2898 3294 proposito,
2923 3234 3129 3282 orationi
3171 3231 3469 3281 insistemus.
3495 3231 3600 3280 Vox

2013 3295 2267 3345 Ecclesiae.

2491 3378 2849 3441 PSALMUS
2903 3380 3137 3441 XXIV.

2086 3501 2142 3557 2.
2183 3502 2265 3557 Ad
2288 3511 2354 3569 te,
2382 3500 2621 3563 Domine,
2649 3502 2807 3557 levavi
2827 3504 3050 3557 animam
3073 3518 3256 3567 meam,
3288 3501 3421 3556 Deus
3442 3516 3606 3563 meus.

2018 3574 2072 3627 in
2118 3583 2164 3627 te
2209 3573 2454 3639 conﬁdo,
2514 3589 2616 3627 non
2671 3574 2982 3629 erubescam.
3033 3574 3166 3629 Cum
3228 3584 3280 3628 te
3333 3572 3607 3628 desereret

2021 3644 2201 3698 anima
2246 3659 2386 3708 mea,
2435 3644 2744 3698 carnalibus
2772 3645 3057 3701 desideriis
3106 3644 3519 3699 conculcaliatur
3548 3644 3603 3698 in

2020 3725 2183 3770 terra.
2215 3714 2387 3768 Homo
2417 3716 2560 3769 enim
2605 3716 2864 3770 recedens
2892 3732 2920 3770 a
2957 3718 3084 3776 Deo,
3131 3718 3312 3770 statim
3357 3714 3610 3769 vitiorum

2023 3786 2252 3840 traditur
2282 3785 2553 3854 potestati.
2587 3784 2650 3841 Et
2673 3800 2736 3842 ex
2763 3801 2849 3847 eo,
2876 3788 3018 3855 quod
3050 3789 3101 3841 in
3131 3801 3217 3841 me
3248 3785 3608 3850 conﬁdebam,

2021 3859 2312 3926 perductus
2341 3871 2677 3928 socrusque
2716 3858 2782 3928 ad
2831 3858 2967 3911 lianc
3012 3875 3170 3926 quam
3214 3861 3387 3928 patior
3417 3871 3613 3928 terum-

2023 3943 2168 3982 Ilaill.
2205 3928 2269 3981 Et
2296 3928 2410 3996 qui,
2454 3926 2669 3982 deserto
2712 3926 2841 3992 Deo,
2877 3929 3013 3984 sicut
3062 3926 3357 3983 Deus'esse
3386 3927 3550 3990 volui,
3582 3941 3613 3979 a
3706 3926 3711 3929 ’

2023 3998 2254 4067 paradisi
2276 3996 2482 4064 gaudiis
2505 3997 2730 4066 eiectus,
2753 3998 2819 4052 de
2844 4015 2957 4052 mea
2982 3998 3231 4067 superbia
3258 3998 3397 4051 male
3424 3997 3613 4067 irrisus

2023 4065 2236 4123 erubui.
2272 4069 2338 4121 Et
2360 4067 2481 4136 quia
2513 4067 2619 4137 (Ea:
2647 4069 2954 4139 Augustino)
2988 4065 3119 4139 milii
3163 4068 3302 4139 male
3343 4074 3460 4139 erat
3499 4065 3615 4118 siue

2026 4147 2101 4200 te,
2131 4134 2422 4193 conversus
2449 4134 2684 4191 animum
2728 4134 2907 4193 iiieam
2937 4134 3124 4193 'lcvavi
3169 4138 3235 4191 ad
3291 4146 3366 4191 te.
3397 4134 3514 4189 Jam
3564 4145 3615 4189 te

2027 4209 2192 4262 Deum
2236 4222 2413 4261 meum
2458 4206 2742 4270 conﬁteor,
2797 4208 2847 4261 in
2896 4217 2947 4263 te
2991 4209 3237 4261 ﬁduciam
3280 4220 3454 4260 mcam
3486 4220 3615 4258 con-

2026 4278 2213 4334 stitno.
2240 4277 2354 4331 Non
2381 4277 2696 4331 erubescam
2726 4278 2968 4341 ulterius,
3001 4287 3287 4345 corruptus
3315 4294 3341 4327 a
3367 4284 3609 4345 peccato.

2097 4347 2147 4403 ὅ.
2195 4346 2374 4418 Neque
2391 4348 2635 4419 irrideant
2657 4362 2736 4419 me
2751 4346 2947 4401 inimici
2963 4350 3080 4402 mei.
3107 4344 3242 4419 ldest
3266 4345 3372 4418 (Ea:
3394 4344 3612 4419 eodem),

2028 4417 2356 4487 serpentiiiis
2380 4417 2544 4487 atque
2578 4418 2801 4471 ocCiiltis
2832 4417 3617 4487 suggestionibusinsidiantes

2028 4486 2137 4543 non
2169 4503 2256 4544 me
2282 4486 2556 4558 dejiciant.
2584 4488 2837 4543 lrrisioue
2860 4486 3004 4543 enim
3032 4487 3176 4557 digiti
3206 4499 3353 4550 sunt,
3379 4487 3471 4558 qui
3502 4487 3616 4541 dia-

2033 4560 2221 4626 bolicis
2249 4560 2459 4627 decepti
2489 4558 2851 4623 suasionibus,
2884 4575 2915 4613 a
2960 4560 3101 4614 bono
3147 4561 3424 4630 proposito
3465 4572 3616 4612 rece—

2030 4632 2193 4695 dunt;
2242 4630 2334 4700 qui
2367 4638 2485 4698 post
2515 4630 2921 4684 conversionem
2959 4631 3026 4684 ad
3077 4629 3317 4686 seculutii
3367 4629 3612 4700 redeunt,

2032 4704 2120 4771 qui
2155 4698 2276 4770 post
2304 4701 2528 4754 virtutes
2558 4700 2622 4771 ad
2655 4701 2781 4753 vitia
2809 4700 3082 4756 decidunt.
3111 4702 3217 4757 Sed
3259 4716 3381 4755 enin
3414 4698 3614 4771 inimici

2032 4768 2463 4841 iiou'pomerunt
2487 4770 2731 4834 irridere,
2762 4785 2919 4840 quem
2952 4773 3004 4826 iii
3038 4773 3178 4826 bono
3216 4771 3492 4841 proposito
3530 4768 3614 4824 di-

2034 4843 2155 4895 vina
2177 4841 2398 4895 .bonitas
2445 4840 2634 4895 fecerit
2666 4854 2999 4909 permanere.
3036 4843 3186 4899 Unde
3220 4840 3279 4897 et
3326 4840 3575 4896 subditur
3612 4888 3614 4891 .

2034 4911 2237 4984 Etenim
2279 4912 2519 4984 universi,
2550 4913 2638 4979 qui
2681 4920 2930 4984 sustinent
2959 4922 3027 4979 te,
3072 4931 3175 4969 non
3217 4912 3617 4984 confuiidentur.

2034 4983 2201 5037 Deum
2231 4982 2479 5053 sustinet.
2510 4984 2601 5053 qui
2630 4983 2795 5037 nullis
2815 4989 2882 5037 ab
2908 4999 2973 5039 eo
2996 4981 3382 5041 tentationibus
3414 4981 3618 5037 moveri

2033 5055 2197 5108 valet.
2230 5053 2367 5108 llinc
2394 5052 2607 5108 Veritas
2632 5054 2745 5108 suis
2775 5054 3053 5124 discipulis
3080 5056 3173 5119 ait,
3210 5055 3316 5109 Vos
3342 5052 3617 5124 estis,_qui

2034 5124 2408 5195 permansistis
2430 5139 2640 5195 mecum
2663 5125 2715 5178 in
2740 5120 3124 5181 tentationibus
3146 5126 3281 5180 meis
3307 5123 3454 5195 (Luc.
3472 5120 3615 5190 22.).

2035 5196 2099 5250 Hi
2123 5195 2359 5264 profecto
2379 5210 2482 5249 non
2508 5194 2923 5261 coiifundentur,
2949 5200 3056 5251 imo
3076 5199 3465 5265 gloriabuntur,
3488 5194 3614 5261 quia

2033 5267 2290 5333 scriptum
2320 5275 2421 5329 est,
2475 5266 2671 5320 Beatus
2712 5266 2815 5333 vir,
2859 5269 2949 5336 qui
2995 5264 3183 5322 suﬁ‘ert
3222 5264 3567 5320 teiitationem
3600 5277 3615 5313 :

2036 5337 2285 5406 quoniam
2337 5352 2458 5390 cum
2525 5336 2779 5405 probatus
2832 5337 3028 5402 fuerit,
3086 5336 3329 5406 accipiet
3363 5345 3619 5406 coronam

2040 5400 2163 5461 vita:
2186 5404 2391 5478 (Jacob.
2414 5400 2669 5478 1.).‘Qiio
2696 5414 2880 5478 contra
2910 5407 2977 5478 de
3007 5400 3252 5478 reprobis
3280 5400 3621 5478 ἀπέψη-γε

2041 5479 2144 5543 liis,
2174 5470 2264 5547 qui
2297 5470 2644 5544 perdiderunt
2689 5470 3321 5547 sustinentiani:(Eccles.
3351 5470 3457 5547 2.).
3488 5471 3623 5526 Sus-

2041 5543 2321 5603 tiiientiam
2352 5548 2605 5601 videlicet
2639 5548 2889 5614 perdunt,
2916 5546 3005 5611 qui
3053 5543 3179 5598 dum
3220 5543 3309 5614 diu
3340 5546 3622 5614 semimo-

2036 5619 2143 5672 rari
2176 5619 2227 5672 iii
2274 5617 2392 5671 istis
2420 5611 2716 5670 visibilibus
2745 5614 3033 5684 assumant,
3071 5629 3222 5684 spem
3266 5611 3615 5667 invisibilium

2037 5686 2417 5756 derelinquunt
2449 5702 2463 5738 :
2494 5686 2560 5739 de
2583 5685 2777 5752 quibus
2802 5682 3144 5756 subjungitiir
3174 5701 3189 5737 :

2110 5758 2164 5811 4.
2203 5753 2596 5824 confundantur
2625 5769 2792 5807 omnes
2828 5753 3004 5824 iniqua
3043 5763 3249 5823 agentes
3286 5767 3622 5824 supervacue.

2038 5822 2400 5902 Supervacuc,
2419 5824 2657 5896 inquam,
2685 5822 2900 5895 reprobi
2921 5822 3104 5895 agunt,
3133 5824 3257 5896 quia
3280 5823 3409 5882 nihil
3431 5838 3624 5887 secum
