4128 6360
554 333 641 390 ῐ51
1604 323 1861 383 RUFINO
1897 318 2348 378 PRESBYTERO
2383 318 2757 379 ASCRIPTUS
3713 324 3805 379 739

548 449 614 503 de
648 449 820 504 fructu
866 450 949 506 sui
994 448 1194 506 laboris
1219 449 1487 506 defertmt.
1539 446 1693 503 Alius
1736 456 1893 511 namq

1900 457 1965 496 ne
2006 440 2119 514 adi-
2150 438 2200 496 A
2226 439 2369 514 sibi,
2397 442 2578 497 reduci
2622 442 2688 497 ad
2733 442 3046 498 memoriam
3092 442 3355 514 deposcit.
3397 443 3551 501 Unde
3588 452 3646 500 et
3691 448 3804 503 sub-

550 520 821 584 pisccntlis
874 522 1162 575 honoribus
1204 522 1463 584 exsudat,
1517 518 1654 572 alius
1705 507 2123 581 multiplicandis
2222 507 2441 584 jungit;

552 592 894 665 facultatibus
923 601 1134 665 aestuat,
1166 593 1302 648 alius
1330 586 1710 665 promerendis
1741 585 1985 639 laudibus
2010 598 2123 665 .an-

553 661 717 715 ltelat.
768 662 871 719 Sed
921 664 1045 731 quia
1094 673 1280 716 cuncta
1330 656 1445 717 baec
1489 659 1575 713 hic
1618 656 1842 731 qni~que
1887 656 2125 709 moriens

550 733 771 799 deserit,
799 727 1008 787 labores
1050 734 1098 786 in
1127 749 1347 788 vacuum
1378 727 1646 799 perdidit,
1668 727 1759 797 qui
1788 741 1969 781 secum
2000 735 2126 799 ante

548 793 782 875 iudicem
815 803 942 875 ntltil
968 803 1115 875 (tulit.
1146 804 1295 857 Ttmc
1343 793 1605 875 reprobus
1646 793 1875 870 quisque
1901 793 2126 875 confun-

549 873 715 938 ditur,
741 890 861 928 cum
886 873 1046 944 jndex
1090 875 1329 929 exterius
1373 872 1635 935 cernitur,
1687 878 1753 944 et
1782 872 1958 944 omnis
2000 874 2127 944 ante

549 944 735 1000 oculos
759 938 909 1011 culpa
941 945 1253 1000 reducitur:
1281 959 1401 1019 eum
1432 949 1714 1019 accusator
1742 940 1965 994 interius
1994 938 2126 1019 tole-

548 1024 717 1085 ratur,
764 1023 818 1070 et
847 1029 998 1069 mens
1028 1028 1189 1082 super
1214 1017 1477 1085 gelrennze
1506 1011 1750 1085 incendia
1784 1024 1883 1065 suo
1912 1011 2126 1085 gravius

552 1083 671 1149 igne
697 1086 986 1140 cruciatur.
1021 1079 1130 1140 Hoc
1158 1079 1319 1140 etiam
1350 1085 1402 1140 in
1433 1082 1749 1139 confusione
1777 1079 2123 1149 reprobornm

551 1156 797 1218 vertitur.
830 1155 969 1225 quod
998 1157 1290 1211 electorum
1318 1155 1541 1226 gloriam
1571 1152 1929 1226 conspiciunt,
1974 1158 2031 1202 ut
2059 1148 2125 1226 ad

551 1227 751 1296 maiora
783 1219 963 1281 reilus
1000 1229 1079 1280 sui
1137 1219 1394 1296 supplicia
1444 1225 1644 1293 repulsi
1696 1219 1933 1287 videant,
1984 1219 2125 1296 quin!

548 1294 892 1362 perdiderunt
925 1313 941 1350 :
973 1296 1167 1352 horum
1194 1289 1435 1353 citrema
1458 1289 1720 1359 conlusio,
1752 1304 1948 1349 aeterna
1972 1289 2125 1344 dam-

548 1367 692 1437 natio
722 1378 805 1420 est
847 1366 1061 1424 (Matth.
1095 1367 1196 1437 7.).
1230 1369 1403 1435 Quam
1454 1381 1523 1421 ne
1564 1379 1855 1420 conversus
1887 1364 1988 1418 iste
2030 1376 2128 1437 per

546 1433 707 1489 latam
735 1437 1027 1506 gradiendo
1057 1430 1197 1493 viam
1244 1430 1501 1502 incurrat,
1534 1437 1811 1491 Dominum
1843 1446 1997 1487 suum
2030 1430 2127 1485 hu-

546 1505 744 1561 militer
769 1520 957 1562 exorat
982 1509 1189 1574 dicens,
1230 1508 1352 1563 Vias
1389 1518 1521 1569 tuas.
1557 1506 1793 1568 Domine,
1832 1506 2126 1558 demonstra

545 1576 691 1636 mihi.
716 1588 762 1630 et
783 1581 985 1633 semitas
1014 1590 1129 1633 tuas
1155 1580 1307 1633 edoce
1334 1596 1429 1633 me.
1466 1579 1566 1633 Per
1592 1579 1702 1631 vias
1732 1576 1918 1630 latiora
1948 1583 2004 1628 et
2030 1575 2122 1629 mi-

548 1662 677 1699 nora
712 1658 979 1720 praecepta
1007 1650 1224 1718 iustitia:
1254 1659 1476 1720 possunt
1504 1647 1758 1720 intelligi.
1782 1645 1883 1720 Per
1907 1645 2125 1720 semitas

547 1731 675 1789 vero
702 1716 904 1772 altiora
938 1716 1270 1789 et’perl'ecta'
1317 1720 1583 1775 mandata.
1616 1716 1696 1773 Ad
1747 1716 1988 1789 latiorem
2013 1717 2127 1789 jus-

2298 581 2893 657 7._Delictt_tjttuentatis
2936 602 3081 649 metr,
3113 596 3160 640 et
3204 586 3523 657 ignorantia
3570 604 3712 643 mena
3753 608 3810 644 ne

2226 654 2533 710 memineris.
2561 654 2685 709 Ideo
2710 657 2803 719 ait,
2831 656 3153 721 iuventutis,
3185 654 3306 724 quia
3339 658 3455 712 lucc
3481 667 3614 713 aetas
3643 663 3812 727 magis

2227 736 2442 804 semper
2466 736 2550 781 est
2597 742 2759 804 prona
2806 728 2870 781 ad
2913 728 3373 804 peccaitdum._Et
3421 729 3472 782 in
3497 729 3609 804 bac
3655 740 3813 804 aetate

2229 795 2575 868 potissimum
2614 798 2882 865 corrigere
2911 795 3139 868 quisque
3165 814 3226 854 se
3253 798 3436 861 debet,
3465 800 3607 854 sicut
3639 803 3809 867 scrip-

2228 871 2337 937 t_n_m
2383 876 2498 930 est,
2538 867 2669 932 Fili,
2723 883 2753 922 a
2799 867 3078 937 iuventute
3132 879 3220 924 tua
3275 870 3463 935 excipe
3508 870 3809 926 doctrinam

2230 932 2453 1003 (Eceles.
2495 938 2600 1006 6.).
2655 940 2721 992 Et
2771 932 3069 1001 sciendum.
3119 938 3242 1005 quia
3297 932 3473 993 tribus
3526 941 3702 996 modis
3752 942 3811 999 ﬁt

2227 1018 2387 1076 omne
2410 1018 2705 1073 peccatum.
2730 1008 2785 1062 id
2807 1020 2912 1072 est,
2930 1025 3015 1064 aut
3041 1010 3343 1076 sludio,aut
3364 1009 3695 1075 inﬁrmitate,
3718 1022 3806 1068 aut

2228 1074 2546 1149 ignorantia.
2570 1079 2757 1133 Studio
2781 1082 3018 1147 peccavit
3038 1074 3234 1146 ludas,
3250 1081 3561 1136 inﬁrmitate
3595 1082 3805 1149 Petrus,

2229 1144 2713 1231 ignorantia
2742 1144 2953 1231 Paulus.
2973 1144 3219 1231 .Peccata
3250 1152 3412 1206 studii
3442 1159 3499 1231 et
3526 1144 3809 1231 inlirmitaQ

2229 1220 2297 1271 tis
2327 1220 2597 1293 concludit
2619 1261 2633 1284 .
2664 1220 2786 1293 cum
2827 1224 2939 1286 ait,
2972 1221 3172 1277 Delicta
3190 1221 3492 1293 iuventutis
3515 1237 3670 1278 meae.
3711 1223 3805 1279 Ju-

2229 1302 2423 1362 venms
2449 1292 2593 1362 enim
2627 1293 2645 1360 (
2671 1303 2727 1345 ut
2756 1292 2989 1348 diximus
3015 1296 3031 1359 )
3077 1308 3235 1362 prava
3282 1302 3368 1348 est
3414 1303 3469 1347 et
3496 1293 3708 1347 inﬁrma
3735 1296 3803 1350 ad

2227 1360 2667 1432 delinquendum.
2714 1362 2935 1418 Peccata
2988 1360 3117 1419 vero
3170 1363 3484 1431 ignorantia:
3530 1362 3800 1432 designat,

2227 1430 2653 1505 cumsubjungit
2678 1432 2793 1505 ,7Et
2828 1435 3144 1505 ignorantias
3181 1430 3320 1489 meas
3371 1450 3452 1489 me
3496 1430 3803 1491 memineris.

2229 1503 2305 1557 Ac
2334 1502 2378 1556 si
2419 1502 2660 1570 diceret,
2696 1502 2892 1559 Delicta
2920 1548 2933 1567 ,
2962 1521 3081 1574 qua:
3108 1505 3206 1561 feci
3234 1546 3251 1567 ,
3298 1514 3390 1559 aut
3422 1520 3517 1573 per
3544 1507 3800 1573 studium,

2229 1582 2321 1627 aut
2350 1588 2444 1643 per
2473 1574 2860 1641 inlirmilalem,
2886 1585 2979 1629 aut
3009 1592 3105 1643 per
3135 1576 3514 1643 ignorantiam,
3551 1591 3621 1630 ne
3645 1578 3802 1632 redu-

2228 1659 2320 1698 cas
2349 1643 2414 1697 ad
2463 1648 2776 1701 memoriam
2802 1687 2819 1708 .
2862 1661 2930 1701 ne
2959 1660 3206 1701 reserves
3230 1647 3295 1701 ad
3326 1646 3615 1701 vindictam
3643 1664 3657 1699 :
3710 1650 3801 1702 sed

2229 1724 2479 1780 tanquam
2508 1716 2756 1772 excidant
2786 1716 2902 1784 tibi,
2926 1728 2977 1771 et
3002 1716 3409 1772 utobliviscaris
3436 1716 3632 1773 delicta
3664 1733 3800 1783 mea,

547 1787 677 1868 litim
723 1789 949 1871 pertinet
984 1787 1141 1871 viain,
1180 1807 1299 1871 cum
1340 1807 1414 1871 ex.
1442 1790 1605 1871 rebus
1647 1787 1908 1857 possessis
1937 1787 2121 1855 prtcci-
2159 1805 2203 1863 Β
2230 1787 2543 1871 recordetur
2586 1789 2692 1871 mei
2742 1788 3269 1871 misericordiantna.
3323 1789 3388 1842 Et
3431 1789 3534 1842 boc
3552 1797 3637 1843 est
3661 1793 3801 1871 quod

546 1859 723 1930 pimur
751 1860 1010 1915 decimam
1051 1860 1182 1917 dare
1210 1860 1363 1930 (Luc.
1394 1861 1530 1930 18.),
1566 1872 1827 1930 pauperes
1851 1872 2121 1924 recreare.

547 1927 721 2001 nudos
754 1930 953 2001 vestire
985 1931 1194 1999 (Matth.
1221 1927 1366 2001 95.),
1404 1927 1761 2001 ele'emnsynis
1790 1937 2008 2001 peccata
2040 1942 2127 2001 re-

546 1997 756 2070 dimere
788 1998 949 2070 (Dan.
980 1997 1085 2068 4.),
1122 2012 1175 2056 et
1201 1997 1409 2057 caeteris
1438 1997 1692 2070 operibus
1728 1998 1885 2069 108
1912 1998 2125 2070 miseri-

547 2069 746 2124 cordia:
774 2068 1065 2126 deservire.
1098 2072 1179 2127 Ad
1207 2073 1428 2128 semitas
1461 2068 1642 2126 autem
1682 2068 1953 2139 pc’rttnere
1980 2068 2126 2124 vidc-

549 2147 655 2203 tur,
689 2155 809 2195 cum
838 2144 1108 2208 omnibus,
1148 2159 1266 2212 qua:
1318 2143 1596 2203 habemus,
1629 2142 1947 2196 renunciare
1974 2140 2128 2206 iube-

548 2225 690 2282 mur,
718 2223 904 2265 cuncta
927 2230 1044 2282 quae
1071 2214 1253 2268 mundi
1280 2224 1425 2279 sunt,
1451 2214 1744 2277 despicere,
1770 2212 2126 2282 nosmetipsos

544 2280 828 2354 altncgare,
864 2280 1029 2338 Deum
1059 2300 1125 2339 ex
1157 2294 1269 2339 toto
1311 2289 1474 2339 corde
1516 2284 1757 2354 diligere.
1794 2280 1932 2354 istas
1960 2282 2122 2350 spiri—

544 2352 717 2405 tuales
767 2355 880 2406 vias
927 2366 979 2410 et
1024 2354 1246 2410 semitas
1290 2357 1474 2409 electis
1502 2352 1631 2409 suis
1664 2353 1920 2406 Dominus
1968 2362 2023 2406 et
2072 2353 2124 2406 in

547 2422 841 2490 Scripturis
866 2425 1103 2479 exterius
1133 2426 1486 2493 demonstrat,
1518 2435 1571 2481 et
1616 2424 1840 2479 interius
1871 2427 1921 2476 in
1962 2423 2126 2478 corde

544 2506 639 2558 per
686 2497 873 2562 gratia:
919 2496 1299 2562 aspirationem
1349 2496 1544 2551 docere
1593 2510 1696 2549 non
1737 2504 1911 2548 cessat
1945 2510 1959 2547 :
1992 2502 2123 2559 qua-

549 2572 703 2635 to-nus
734 2565 927 2618 eruditi
970 2577 1022 2621 et
1051 2581 1290 2620 errorem
1322 2566 1493 2622 vita:e
1535 2566 1729 2631 sciant,
1765 2573 1820 2620 et
1864 2563 2022 2635 dirigi
2069 2566 2122 2619 in

547 2634 790 2688 veritate.
826 2635 891 2689 Et
917 2636 1036 2691 idco
1064 2637 1339 2707 subjungit
1369 2653 1385 2691 :

614 2748 667 2801 5.
715 2748 889 2820 Dirige
911 2766 989 2806 me
1017 2752 1070 2805 in
1090 2752 1301 2807 veritate
1327 2760 1435 2815 tua,
1465 2760 1511 2806 et
1541 2751 1665 2807 dare
1687 2769 1764 2807 me
1791 2766 1810 2805 :
1835 2752 1957 2820 quia
1990 2761 2042 2807 tu
2071 2770 2124 2811 es

614 2770 667 2801 ε).
715 2770 889 2820 mrtge
911 2770 989 2806 me
1017 2770 1070 2805 tn
1090 2770 1301 2807 ueritate
1327 2770 1435 2815 tua,
1465 2770 1511 2806 et
1541 2770 1665 2807 noce
1687 2770 1764 2807 me
1791 2770 1810 2805 :
1870 2770 1957 2807 uta
1990 2770 2042 2807 ιιι
2071 2770 2121 2811 es

546 2818 686 2873 Dens
714 2820 954 2876 Salvator
980 2839 1141 2889 meus,
1164 2832 1211 2876 et
1242 2832 1289 2877 te
1314 2823 1530 2876 sustinui
1561 2833 1665 2877 tota
1690 2823 1794 2877 die.
1828 2770 1957 2890 Quia
1992 2824 2121 2880 nillil

542 2889 597 2945 in
626 2905 714 2944 me
744 2890 915 2947 habeo
945 2892 1045 2947 nisi
1070 2894 1432 2948 tortitudinem
1458 2895 1679 2961 peccati,
1704 2904 1753 2946 et
1785 2889 2121 2949 mendacium

545 2962 748 3015 erroris
779 3002 795 3030 ,
829 2963 951 3018 ideo
981 2978 1201 3019 necesse
1232 2974 1334 3029 est,
1371 2973 1427 3018 ut
1458 2966 1510 3018 in
1540 2965 1763 3019 veritate
1790 2966 1988 3034 dirigas
2017 2976 2125 3020 tor-

546 3039 783 3106 tuosum,
813 3045 864 3090 et
891 3034 1088 3106 doceas
1113 3035 1376 3106 ignarum.
1399 3034 1551 3104 Quod
1582 3035 1701 3088 ideo
1721 3034 1902 3106 debes
1924 3036 2120 3103 facere,

545 3102 667 3169 quia
722 3111 778 3158 tu
832 3119 892 3161 es
940 3103 1081 3160 Deus
1128 3102 1299 3172 meus,
1349 3102 1437 3176 qui
1485 3119 1573 3161 me
1619 3107 1835 3170 creasti,
1882 3102 2125 3161 Salvator

544 3186 718 3247 meus,
744 3177 833 3244 qui
867 3190 951 3231 me
981 3176 1254 3232 redemisti
1286 3194 1299 3231 :
1334 3175 1490 3247 quem
1524 3184 1630 3229 tota
1659 3176 1748 3232 die
1785 3177 2036 3241 sustinui,
2072 3178 2121 3234 id
2150 3175 2195 3238 C

540 3243 1089 3318 assidueexpectavi.
1130 3247 1278 3303 Unus
1317 3243 1430 3303 dies
1452 3256 1564 3302 non
1597 3246 1873 3317 praeteriit,
1916 3249 2040 3318 quin
2073 3259 2123 3304 te

541 3315 871 3388 sustinerem
920 3334 937 3374 :
992 3333 1092 3373 nec
1139 3321 1413 3388 prosperis
1466 3332 1567 3375 nec
1599 3315 1872 3373 adversis
1921 3315 2123 3374 moveri

479 3408 485 3417 -
540 3387 713 3459 potui,
752 3390 878 3457 quin
912 3388 964 3444 in
998 3398 1052 3444 te
1081 3387 1293 3459 semper
1319 3402 1467 3458 spem
1501 3403 1673 3444 meam
1714 3389 2122 3444 coitstituerem.

590 3457 638 3529 cl
669 3467 791 3525 post
818 3462 1061 3529 cognitas
1087 3457 1277 3514 vias'et
1302 3457 1539 3525 semitas,
1566 3460 1615 3515 id
1638 3470 1739 3524 est,
1767 3468 1885 3529 post
1912 3460 2123 3528 cognita

540 3524 729 3595 latiora
778 3524 1051 3595 mandata,
1096 3538 1157 3585 ut
1184 3538 1286 3595 est,
1320 3530 1433 3585 Non
1466 3530 1701 3592 occides,
1735 3524 1840 3583 non
1888 3524 2122 3585 meieba-

538 3594 705 3663 beris,
740 3614 845 3653 non
878 3594 1076 3655 furtum
1113 3594 1295 3665 iacies,
1325 3608 1380 3654 et
1409 3599 1602 3655 similia
1632 3600 1854 3670 (Matth.
1884 3600 1996 3670 l9.)
2025 3616 2039 3654 :
2072 3609 2127 3655 et

539 3676 661 3733 post
702 3671 911 3738 cognita
958 3670 1147 3723 altiora
1189 3670 1460 3739 mandata,
1493 3678 1550 3723 ut
1580 3680 1681 3739 est.
1714 3669 1911 3739 Diliges
1942 3669 2125 3739 proxi-

538 3751 685 3813 mu_m
716 3736 886 3813 tuum,
910 3740 1049 3813 sicut
1078 3739 1304 3813 teipsum
1336 3738 1498 3813 (Luc.
1520 3736 1656 3813 10.),
1687 3748 1758 3813 et,
1782 3736 1909 3813 Quae
1941 3736 2121 3813 vultis,

541 3814 603 3892 ut
628 3806 823 3892 iaciant
841 3809 992 3892 vobis
1010 3806 1276 3892 nomines,
1294 3806 1458 3892 et'vo_s
1476 3806 1631 3892 facite
1644 3806 1754 3892 illis
1775 3806 1989 3892 (Matth.
2017 3810 2119 3892 7.),

540 3886 615 3938 ct.
646 3877 867 3949 Diligite
888 3879 1133 3936 inimicos
1161 3891 1386 3944 vestros,
1416 3879 1714 3936 benefacite
1742 3877 1823 3935 bis
1862 3882 1948 3949 qui
1996 3877 2125 3936 ode-

540 3954 667 4022 runt
696 3962 790 4003 vos
818 3948 1033 4020 (Matth.
1065 3950 1169 4022 5.),
1201 3959 1306 4006 etc.
1348 3950 1631 4022 Postquam
1664 3952 1763 4006 has
1795 3952 1909 4005 vias
1939 3961 1994 4006 et
2035 3968 2122 4006 se-

543 4018 699 4073 mitas
722 4018 1197 4089 (monstraveris'et
1217 4018 1693 4089 docueris,'Dirige
1724 4038 1802 4076 me
1838 4024 1891 4076 in
1917 4023 2125 4077 veritate

541 4096 649 4162 tua,
682 4088 836 4157 idest,
869 4091 953 4147 lac
979 4107 1067 4147 me
1094 4101 1297 4148 rectum
1326 4092 1378 4147 in
1411 4088 1723 4160 operatione
1757 4092 1977 4162 iustitiae
2012 4110 2023 4145 :
2058 4092 2124 4147 Et

542 4158 666 4212 doce
694 4177 791 4226 me,
825 4162 873 4216 id
903 4171 1005 4226 est,
1037 4162 1120 4217 lac
1148 4164 1276 4218 mihi
1301 4158 1505 4227 notum,
1528 4165 1647 4231 quia
1680 4171 1735 4217 tu
1757 4158 1824 4217 'es
1848 4163 1987 4219 Deus
2008 4166 2124 4218 Sal-

541 4237 691 4284 vator
720 4245 894 4300 meus,
929 4234 977 4288 id
1009 4243 1114 4300 est,
1147 4244 1360 4289 creator
1383 4243 1438 4290 et
1484 4241 1812 4302 redemptor.
1846 4238 1924 4289 Ac
1968 4235 2011 4287 si
2043 4233 2124 4288 di-

540 4308 707 4364 ceret,
746 4302 884 4374 Doce
915 4319 1003 4359 me
1030 4308 1161 4370 vias,
1195 4304 1390 4374 quibus
1431 4304 1506 4374 ad,
1542 4307 1818 4359 veritatem
1858 4303 2069 4358 veniam
2104 4322 2117 4359 :

538 4383 641 4444 qua
674 4373 959 4439 completa,
1004 4374 1070 4428 ad
1118 4373 1371 4443 teipsum,
1422 4373 1512 4444 qui
1555 4375 1752 4428 veritas
1799 4389 1859 4428 es
1907 4384 1960 4428 et
2011 4374 2119 4428 vita

538 4437 721 4508 (Ῐοαη-
756 4437 889 4513 14.).
932 4437 1367 4513 cognoscendum
1400 4437 1453 4500 et
1499 4444 1874 4512 perimendum
1917 4448 2121 4515 perlin-

538 4525 681 4584 gam,
708 4522 761 4566 et
789 4515 1135 4585 pertingendo
1163 4515 1477 4569 sustineam.

609 4600 663 4654 6.
704 4601 853 4673 Quod
886 4614 940 4657 ιιι
970 4606 1139 4673 possit
1179 4606 1317 4669 ﬁeri,
1368 4605 1707 4661 Reminiscere
1736 4606 2119 4661 miserationum

536 4682 760 4745 tuarum,
795 4672 1031 4745 Domine.
1075 4686 1119 4729 et
1164 4676 1623 4729 misericordt'arum
1671 4688 1896 4741 tuarum,
1937 4692 2051 4745 qua:
2088 4694 2120 4731 a

447 4794 458 4801 _
534 4744 703 4813 seculo
748 4754 886 4795 sunt.
926 4744 1078 4797 Nulla
1122 4745 1321 4799 oblivio
1364 4746 1509 4800 cadit
1538 4747 1589 4801 in
1632 4747 1824 4813 Deum,
1868 4758 1920 4801 ιιι
1954 4747 2116 4801 remi-

535 4811 666 4864 uisci
697 4814 864 4879 possit
892 4816 987 4886 :‘ei
1018 4815 1187 4886 enim,
1219 4816 1308 4883 qui
1340 4826 1421 4870 est
1451 4832 1575 4871 vera
1604 4811 1889 4886 sapientia,
1924 4826 2117 4871 cuncta

533 4890 658 4957 sunt
679 4882 990 4957 praesentia.
1012 4883 1116 4957 S_ed
1142 4882 1373 4957 humano
1395 4900 1493 4941 usu
1512 4882 1766 4957 loquitur,
1790 4882 1909 4943 cum
1929 4897 2118 4943 exorat

534 4951 724 5017 Deum,
758 4962 816 5005 ut
860 4952 1256 5010 reminiscatur.
1288 4955 1450 5022 Quasi
1483 4951 1623 5011 enim
1669 4951 1864 5013 oblitus
1894 4961 2116 5012 misera-

536 5024 743 5096 tionum
774 5035 990 5075 suarum
1041 5023 1178 5078 Deus
1221 5024 1414 5087 fuerat.
1456 5040 1575 5080 cum
1620 5035 1871 5096 tanquam
1925 5027 2111 5091 iratus,

531 5092 813 5159 snbjacere
844 5103 1063 5161 peccato
1093 5096 1383 5149 humanum
1411 5110 1579 5164 genus
1601 5092 1963 5165 permittebat.
1988 5098 2117 5152 Orat

532 5176 684 5229 ergo,
736 5170 796 5216 ut
845 5165 1219 5219 reminiscatur
1262 5167 1665 5223 miserationum
1709 5177 1762 5221 et
1809 5169 2115 5221 misericor-

532 5230 742 5308 diarum
772 5246 1011 5302 suarum,
1037 5249 1158 5308 quae
1183 5250 1213 5289 a
1241 5236 1424 5308 seculo
1452 5248 1579 5291 sunt
1621 5237 1897 5307 przclinita:
1931 5236 2110 5308 (Prov.

532 5302 640 5376 8.).
672 5302 756 5376 Ab
784 5311 989 5376 asterno
1016 5302 1157 5359 enirn
1190 5302 1642 5376 prmordinaverat
1670 5308 1811 5363 Deus
1842 5302 2111 5372 per'suam

532 5373 956 5446 misericordiam
988 5373 1254 5432 redimere
1295 5377 1585 5433 humanum
1613 5392 1803 5446 genus.
1834 5378 1980 5433 Bene
2020 5393 2120 5432 au-

532 5449 639 5500 tem
691 5443 785 5510 ait,
837 5445 1221 5501 miserationum
1267 5458 1322 5503 et
1368 5443 1852 5503 misericordiarnm.
1901 5449 2120 5504 Misera-

533 5513 708 5586 tiones
736 5514 879 5569 enim
906 5518 973 5571 ad
1004 5516 1392 5574 exhibitionem
1417 5522 1706 5586 pertinent,
1736 5519 2118 5575 misericordiae

532 5582 599 5637 ad
632 5585 1038 5652 praelinitionem
1068 5587 1135 5643 de
1179 5589 1343 5642 multa
1373 5582 1470 5643 sua
1518 5589 1903 5645 misericordia.
1936 5590 2113 5646 Multa:

531 5663 657 5741 sunt
686 5657 1058 5741 miserationes
1085 5658 1202 5741 ejus
1252 5656 1422 5741 (Psal.
1459 5658 1632 5741 illd.
1676 5658 1827 5741 unde
1855 5661 1924 5741 in
1953 5676 2014 5714 se
2034 5669 2116 5715 est

533 5727 869 5792 misericors,
900 5726 1024 5783 inde
1073 5726 1156 5783 est
1204 5726 1490 5783 miserator
1537 5730 1591 5784 in
1638 5731 1809 5786 nobis.
1860 5732 2109 5787 Miserum

532 5807 659 5865 ergo
685 5809 743 5851 se
786 5797 1079 5867 cognoscit,
1113 5797 1202 5869 qui
1251 5801 1707 5874 misericordiam,
1728 5817 1832 5873 qna
1862 5808 2111 5873 parcatur

2230 1856 2447 1912 subdit:
2484 1856 2783 1912 Secundum
2820 1858 3221 1914 misericordiam
3267 1869 3406 1913 tuam
3431 1856 3803 1915 memento’mti

2228 1937 2301 1981 tu.
2334 1927 2452 1983 Non
2480 1928 2776 1983 secundum
2810 1931 2965 1989 iram,
2994 1944 3151 1999 quam
3176 1932 3371 1992 merui,
3411 1928 3634 1999 Propter
3656 1931 3800 1985 boni-

2228 2008 2544 2070 tatemtttam
2566 2041 2583 2065 ,
2615 1999 2850 2055 Domine.
2900 2001 3015 2055 Non
3066 2010 3281 2070 propter
3319 2003 3572 2056 meritum
3601 2017 3797 2057 meum.

2232 2069 2339 2141 Ego
2366 2071 2585 2141 quidem
2615 2070 2801 2136 miser,
2850 2081 2904 2127 tu
2957 2069 3305 2127 misericors:
3351 2086 3454 2141 ego
3498 2072 3712 2137 malus,
3746 2082 3797 2126 tu

2228 2140 2421 2197 bonus.
2465 2142 2582 2197 Noli
2612 2156 2744 2212 ergo
2774 2157 2858 2197 me
2886 2142 3164 2198 attendere
3189 2156 3253 2195 ex
3285 2140 3405 2209 me,
3422 2141 3518 2198 sed
3546 2158 3612 2197 ex
3644 2151 3698 2197 te
3724 2154 3801 2196 at-

2228 2214 2387 2267 tende
2433 2229 2537 2268 me.
2579 2212 2711 2267 Nam
2756 2228 2823 2267 ex
2871 2229 2959 2269 me
3000 2212 3131 2267 mihi
3156 2212 3461 2280 damnatio,
3493 2228 3559 2267 ex
3594 2222 3647 2268 te
3671 2216 3799 2268 mihi

2226 2282 2465 2351 Salvatio.
2512 2284 2661 2338 Unde
2684 2294 2738 2337 et
2766 2285 3047 2351 sequitur:

2297 2350 2351 2427 8.
2395 2354 2575 2427 Dulcis
2623 2363 2669 2409 et
2700 2350 2881 2427 rectus
2924 2354 3209 2410 Dominus:
3251 2364 3459 2427 propter
3510 2355 3607 2409 hoc
3645 2357 3799 2427 legem

2226 2426 2366 2478 dabit
2398 2425 2811 2495 delinquentibus
2843 2426 2896 2478 in
2935 2428 3044 2481 uia.
3086 2427 3139 2480 In
3178 2426 3460 2481 dulcedine
3490 2425 3798 2481 mansuetu-

2226 2496 2331 2563 do,
2366 2496 2418 2549 in
2452 2494 2769 2550 rectitudine
2794 2494 3000 2565 justitia
3047 2499 3311 2563 signatur.
3355 2496 3678 2566 Plerumque
3703 2512 3797 2551 nos

2226 2581 2346 2620 cum
2379 2567 2750 2622 rectiludinem
2795 2568 3163 2635 exsequimur,
3213 2568 3679 2622 mansuetudinem
3713 2582 3795 2622 re-

2227 2637 2556 2707 linquimus:
2595 2647 2649 2692 et
2696 2654 2817 2691 cutn
2870 2638 3333 2693 mansuetudinem
3378 2653 3599 2693 scrvare
3652 2640 3797 2705 cupi-

2227 2724 2389 2774 mus,
2432 2723 2460 2760 a
2511 2708 2831 2764 rectitudine
2872 2708 3093 2777 justitite
3142 2709 3494 2764 declinamus,
3540 2708 3796 2762 Dominus

2228 2792 2360 2833 vero
2385 2793 2449 2832 ac
2480 2779 2768 2833 lledemtor
2794 2792 2978 2834 noster
3016 2780 3095 2834 sic
3118 2790 3400 2848 utrumque
3429 2782 3481 2832 in
3506 2793 3567 2835 se
3594 2789 3797 2848 tempe-

2227 2860 2327 2909 rat.
2357 2860 2411 2904 ut
2440 2865 2537 2905 nec
2568 2849 2796 2905 dulcedo
2822 2851 3191 2906 rectitudinem
3210 2892 3227 2916 ,
3264 2865 3361 2905 nec
3394 2850 3658 2905 rectitude
3678 2852 3796 2903 dul-

2225 2920 2468 2976 cedinem
2518 2921 2569 2977 in
2615 2921 2793 2990 aliquo
2822 2921 3044 2976 minuat.
3086 2922 3178 2977 Sic
3204 2921 3379 2977 dulcis
3406 2933 3488 2976 est
3521 2921 3795 2987 Dominus,

2229 3001 2284 3045 ut
2314 3002 2531 3061 peccata
2563 2992 2828 3058 dimittat;
2863 2994 2943 3048 sic
2974 3002 3150 3048 rectus
3178 3003 3281 3055 est,
3313 3004 3369 3047 ut
3410 3002 3532 3061 post
3560 2996 3797 3047 vocatio-

2229 3063 2312 3115 nis
2341 3072 2397 3118 et
2440 3064 2608 3117 venia:
2655 3063 2878 3132 gratiam
2929 3063 3117 3118 ultimo
3162 3063 3362 3133 judicio
3410 3064 3570 3133 digna
3603 3063 3789 3117 merita

2228 3135 2497 3202 exquirat.
2540 3133 2765 3203 Propter
2810 3134 2911 3189 hoc
2952 3135 3035 3188 lex
3085 3135 3204 3189 data
3253 3134 3795 3203 estdelinquentibos

2231 3206 2282 3275 in
2310 3205 2393 3259 via
2420 3222 2433 3258 :
2466 3216 2523 3275 ut
2554 3220 2618 3260 ex
2650 3206 2763 3275 lege
2801 3204 2905 3261 sibi
2934 3214 3152 3259 ostensa
3184 3214 3531 3275 recognoscat
3570 3206 3795 3275 qniSque

2228 3274 2281 3330 in
2309 3290 2418 3344 quo
2444 3274 2762 3344 deliquerit,
2793 3286 2886 3330 aut
2932 3275 3226 3331 admissum
3254 3274 3481 3346 qualiter
3506 3274 3796 3346 emendare

2228 3348 2414 3414 possit.
2472 3346 2608 3414 Quia
2657 3346 2800 3401 enim
2844 3346 3016 3401 dulcis
3057 3355 3141 3401 est
3186 3345 3475 3407 Dominus.
3522 3345 3644 3401 ideo
3690 3360 3794 3399 non

2226 3417 2336 3469 vult
2366 3427 2592 3471 mortem
2617 3418 2937 3486 peccatoris,
2967 3416 3061 3471 sed
3090 3426 3147 3471 ut
3172 3426 3537 3483 convertatur,
3570 3428 3623 3469 et
3654 3417 3794 3470 vivat

2226 3485 2440 3555 (Exerit.
2472 3485 2629 3558 33.).
2656 3488 2878 3553 Rursus,
2912 3490 3035 3557 quia
3066 3499 3243 3543 rectus
3273 3497 3376 3555 est,
3408 3487 3641 3557 idipsum
3674 3502 3791 3554 pec-

2224 3569 2401 3628 catum
2428 3573 2534 3614 non
2572 3557 2816 3614 dimittit
2858 3560 3195 3628 impunitum.
3260 3559 3483 3627 Propter
3523 3557 3626 3613 ltnc
3668 3572 3794 3626 ergo

2226 3627 2309 3682 lex
2350 3629 2782 3699 delinquentibus
2832 3628 3009 3696 datur,
3057 3636 3125 3699 ut
3156 3630 3450 3683 secundum
3499 3629 3670 3697 legem
3707 3636 3795 3681 aut

2225 3698 2579 3768 eorrigantur,
2611 3709 2703 3754 aut
2734 3699 3061 3769 iudicentur.
3098 3698 3232 3753 Cum
3267 3700 3423 3754 audis
3450 3701 3593 3768 quod
3627 3700 3794 3753 Domi-

2228 3786 2325 3822 nus
2359 3779 2479 3824 tuus
2502 3771 2673 3825 dulcis
2700 3780 2813 3831 est.
2840 3771 3059 3825 attende
3081 3770 3209 3839 quid
3235 3771 3449 3839 diligas.
3473 3770 3613 3824 Cum
3640 3770 3797 3824 audis

2227 3854 2424 3909 rectus,
2456 3842 2670 3896 attende
2699 3840 2825 3910 quid
2851 3843 3073 3897 timeas:
3107 3850 3370 3895 utamore
3397 3852 3452 3896 et
3483 3839 3680 3894 timore
3706 3839 3794 3894 Dei

2225 3910 2509 3981 excitatus,
2541 3911 2709 3981 legem
2736 3912 2854 3979 ejus
2878 3910 3173 3967 custodias.
3203 3911 3415 3965 Caritas
3444 3926 3600 3981 entm,
3616 3911 3796 3976 implet

2225 3980 2394 4052 legem
2433 3980 2613 4050 (llam;
2647 3981 2805 4052 15.):
2858 3984 3016 4038 timor
3062 3990 3240 4036 castus
3284 3992 3463 4037 servat
3492 3980 3793 4037 caritatem.

2228 4051 2607 4124 [licenti-(aque
2656 4051 2826 4108 virtus
2868 4063 2923 4108 et
2952 4054 3078 4108 vitia
3123 4053 3423 4124 extinguit,
3469 4063 3525 4108 et
3571 4053 3795 4108 virtutes

2224 4123 2411 4192 gignit.
2453 4123 2605 4180 Uttde
2633 4134 2689 4179 et
2716 4125 2999 4179 subditur:

2295 4194 2349 4246 9.
2392 4192 2586 4263 Diriget
2626 4205 2915 4249 mansuetos
2956 4196 3011 4249 in
3030 4194 3267 4265 judicio,
3298 4194 3495 4249 docebit
3520 4194 3667 4265 mites
3694 4193 3798 4247 uias

2224 4278 2365 4320 snas.
2407 4262 2664 4320 Mansuetl
2710 4266 2984 4328 dicuntur,
3030 4262 3121 4334 qui
3152 4266 3206 4319 in
3233 4281 3293 4320 se
3322 4262 3676 4333 suntquieti:
3705 4265 3793 4331 qui

2226 4349 2330 4388 non
2358 4336 2684 4399 irascuntur,
2718 4351 2826 4390 non
2855 4337 3216 4400 contendunt,
3253 4352 3357 4391 non
3388 4336 3655 4389 rixantur.
3705 4335 3796 4389 Mi-

2224 4413 2486 4471 tessuut,
2535 4407 2624 4475 qui
2654 4407 2878 4461 aliorum
2921 4408 3274 4461 contumelias
3297 4446 3319 4471 ,
3356 4406 3466 4459 iras
3496 4414 3549 4459 et
3578 4405 3794 4475 injurias

2228 4479 2490 4544 patienter
2512 4474 2799 4533 sustinent.
2845 4480 2918 4532 De
2948 4474 3144 4533 talibus
3176 4481 3289 4545 ipsa
3318 4476 3530 4531 Veritas
3556 4474 3654 4539 ait,
3699 4476 3795 4531 Su-

2150 4545 2202 4605 D
2232 4562 2325 4613 per
2345 4562 2503 4616 quem
2534 4548 2822 4616 requiescit
2850 4548 3066 4614 Spiritus
3095 4562 3269 4612 meos,
3302 4548 3403 4600 nisi
3434 4561 3596 4615 super
3627 4547 3794 4616 homi-

2224 4616 2327 4671 lem
2351 4614 2405 4671 ἐι
2433 4614 2693 4685 quietum,
2724 4629 2778 4673 et
2807 4629 3122 4673 trementem
3151 4632 3432 4687 sermones
3463 4614 3613 4672 meos
3642 4614 3790 4687 (lsai.

2224 4688 2374 4757 66.)?
2423 4690 2581 4743 'l‘ales
2622 4689 2805 4759 dirigit
2846 4689 3104 4759 Dominus
3148 4688 3201 4759 in
3249 4686 3472 4756 judicio.
3527 4686 3659 4759 quia
3697 4688 3792 4753 ipsi

2220 4759 2468 4823 spiritum
2497 4759 2589 4814 Dei
2622 4758 2818 4814 habent
2849 4758 2923 4829 (2.
2955 4758 3076 4815 Cor.
3107 4758 3227 4828 7.):
3263 4768 3315 4812 et
3348 4758 3649 4829 (Spiritualis
3678 4772 3793 4811 om-

2222 4829 2310 4882 nia
2335 4829 2574 4898 judicat,
2617 4832 2732 4901 ipse
2775 4845 2904 4885 vero
2951 4844 2980 4883 a
3025 4830 3240 4885 neruine
3264 4828 3537 4901 judicatur
3566 4829 3643 4897 (l.
3678 4830 3789 4882 Cor.

2219 4901 2324 4967 2.).
2367 4901 2526 4955 Tales
2574 4900 2684 4956 nan
2732 4912 3064 4970 pra-sumunt
3104 4915 3291 4970 regere
3334 4900 3700 4965 semetipsos,
3743 4908 3793 4953 et

2222 4974 2346 5028 ideo
2371 4971 2674 5041 diriguntur
2698 4987 2728 5025 a
2761 4972 3026 5026 Domino:
3063 4970 3264 5026 iaciunt
3292 4970 3436 5024 enim
3468 4984 3590 5041 eum
3620 4978 3792 5041 recto-

2220 5058 2333 5099 rem
2379 5037 2574 5106 suutn,
2629 5058 2801 5112 neque
2846 5042 3189 5097 recalcitrant
3228 5045 3442 5112 quando
3470 5039 3569 5112 eis
3611 5037 3791 5109 jugum

2218 5127 2382 5169 suave
2426 5110 2727 5179 imponitur
2759 5123 2830 5167 et‘
2860 5128 2998 5167 onus
3048 5113 3166 5166 leve
3207 5110 3427 5183 (Matth.
3462 5110 3600 5183 ib).
3636 5112 3793 5183 Quas

2219 5193 2396 5239 autem
2430 5184 2545 5237 vias
2572 5183 2790 5239 docebit
2814 5198 2929 5248 eos,
2962 5180 3225 5247 ostendit,
3247 5196 3367 5237 cum
3399 5180 3711 5250 subjungit:

2291 5255 2379 5310 10.
2423 5252 2684 5309 Unioerste
2724 5255 2818 5309 oin:
2851 5251 3061 5308 Domini
3106 5252 3459 5308 misericordia
3505 5263 3554 5307 et
3592 5252 3791 5313 veritas,

2220 5324 2593 5396 requirentibus
2640 5334 2998 5396 testamentum
3039 5325 3183 5396 ejus,
3231 5333 3281 5379 et
3327 5322 3620 5396 testimonio
3651 5324 3791 5396 ejus.

2224 5393 2469 5478 llas_vias
2496 5393 2603 5466 (Ea;
2632 5394 2941 5478 Augustino)
2971 5395 3195 5478 docebit;
3215 5408 3311 5450 eos
3324 5432 3356 5478 ,Δ
3392 5393 3565 5478 idest,
3592 5393 3793 5478 miseri-

2222 5467 2462 5522 cordiam
2488 5509 2504 5533 ,
2552 5480 2656 5533 qua
2687 5466 2963 5535 placabilis
2987 5474 3104 5521 est:
3146 5475 3201 5521 et
3228 5466 3507 5535 veritatem
3533 5501 3550 5527 ,
3582 5479 3683 5535 qua
3712 5466 3791 5517 in-

2220 5546 2504 5606 corruptus
2529 5544 2631 5590 est.
2663 5534 2901 5604 Quorum
2936 5552 3097 5591 unum
3130 5536 3378 5605 praebuit,
3403 5534 3655 5606 donando
3675 5547 3786 5602 pec-

2221 5619 2339 5664 cata
2365 5604 2640 5662 {alterum
2687 5606 2876 5661 merita
2920 5604 3233 5677 iudicando.
3283 5606 3351 5661 Et
3381 5604 3504 5660 ideo
3532 5607 3790 5661 universa

2224 5679 2325 5733 via:
2354 5676 2585 5732 Domini.
2627 5677 2741 5730 Duo
2767 5677 3035 5733 adventus
3060 5676 3180 5732 Filii
3209 5677 3337 5731 Dei:
3368 5690 3508 5731 unus
3542 5677 3789 5732 miserati.-

2221 5751 2309 5813 tis,
2346 5750 2503 5819 110
2528 5745 3000 5822 alterjndicantis.
3045 5747 3351 5822 intelligunt
3391 5757 3589 5822 autem_
3622 5743 3785 5822 Dolui-

2220 5816 2778 5876 num_uttscricordcm
2808 5822 2980 5889 primo
3006 5816 3269 5887 adventu,
3309 5829 3363 5875 et
3389 5816 3627 5875 secundo
3651 5816 3783 5887 indis
