4128 6360
508 319 612 378 735

1567 315 1818 372 RUFINO
1856 312 2312 372 PRESBYTERO
2349 310 2724 370 ASCRIPTUS

3679 271 3787 372 73s
3804 278 3859 327 “

507 432 652 498 quod
685 435 829 492 latet,
860 434 1150 501 appareat:
1174 437 1240 501 _et
1284 429 1455 501 virtus
1506 440 1602 501 per
1632 426 1945 501 patientiam
1996 441 2091 481 ει-
2118 429 2168 485 Α
2198 422 2668 501 perficiam._Si_de
2698 436 2759 478 se
2790 424 3159 501 prm‘sumeret,
3189 424 3252 501 _si
3281 424 3333 480 in
3357 439 3416 481 se
3438 424 3777 501 gloriaretur,

510 495 738 557 crescat.
782 495 908 557 Sed'
929 495 1086 556 electi
1113 540 1129 563 ,
1156 499 1282 553 dum
1314 498 1530 568 maligni
1564 495 1733 552 hostis
1763 506 2091 552 tentamenta

510 575 655 627 intus
680 583 732 627 ct
760 573 994 627 exterius
1026 570 1286 631 sentiunt,
1315 570 1381 623 de
1411 582 1472 623 se
1502 569 1554 622 itt
1588 569 1734 622 nullo
1763 581 2094 635 praesumen-

512 651 616 703 tes,
648 659 769 697 mox
801 643 865 697 ad
894 644 973 695 sui
1008 641 1325 710 protectoris
1356 639 1454 710 Dei,
1479 639 1734 710 auxilium
1768 647 2048 693 recurrunt
2075 654 2089 690 :

514 727 582 766 ne
611 712 971 767 erubescenda
1011 707 1399 774 committant,
1444 707 1717 762 humiliter
1744 716 2003 767 exorant:
2038 716 2095 763 et

513 792 573 836 ιιι
597 782 839 837 exaudiri
868 788 1193 844 mereantur,
1226 782 1339 849 spei
1378 793 1439 834 se
1480 778 1790 835 fortitudine
1818 778 2091 833 roborant.

513 854 663 919 Quod
695 869 813 906 cum
846 849 1067 920 perfecti
1096 850 1290 903 faciunt
1313 888 1328 912 ,
1362 860 1587 905 casteros
1614 850 1681 905 ad
1711 864 1771 905 se
1801 864 1894 920 per
1915 864 2094 904 exem-

513 924 659 993 plum
689 919 923 993 trahunt.
956 919 1107 976 Unde
1132 929 1189 976 et
1214 920 1497 993 subditur:

579 991 674 1046 21.
713 990 1017 1046 Innocentes
1044 998 1092 1045 et
1120 992 1242 1044 recti
1270 991 1592 1044 adhaeserunt
1633 990 1758 1042 mihi
1779 1029 1793 1051 ,
1834 990 1957 1059 quia
1982 1006 2093 1045 sus-

515 1062 646 1116 tinui
689 1070 757 1116 te.
801 1062 1113 1116 Innocentes
1155 1060 1419 1127 moribus,
1452 1060 1581 1114 recti
1617 1059 1740 1115 fide.
1777 1060 2094 1115 Ittnocttntcs

517 1133 569 1187 in
606 1132 707 1198 his,
736 1147 854 1201 qua:
884 1133 937 1185 in
968 1132 1090 1185 imis
1113 1142 1296 1200 agunt,
1324 1131 1450 1185 recti
1481 1131 1531 1182 in
1555 1129 1799 1194 summis,
1824 1146 1943 1196 quae
1970 1144 2093 1184 scn-

516 1203 673 1255 tiunt.
714 1205 813 1268 Qtti
859 1203 1172 1257 innocenter
1201 1203 1404 1264 vivunt,
1440 1201 1528 1270 qui
1565 1202 1833 1255 cariestetn
1866 1201 2090 1267 patriam

514 1288 580 1326 ex
610 1272 878 1328 desiderio
926 1282 1222 1340 appetunt,
1276 1272 1412 1325 sicut
1461 1269 1691 1340 disjuttgi
1738 1285 1768 1325 a
1799 1271 1987 1334 malis,
2021 1273 2090 1325 ita

512 1342 791 1399 adhaerere
842 1340 1065 1412 cupiunt
1109 1343 1314 1412 bonis.
1363 1341 1526 1412 Sicut“
1558 1342 1700 1412 enim
1737 1351 2094 1412 corrumpunt

515 1427 696 1468 mores
728 1415 893 1467 bonos
914 1409 1185 1479 colloquia
1216 1411 1353 1466 mala
1384 1414 1462 1480 (l.
1489 1409 1610 1465 Cor.
1640 1410 1752 1480 I5.)
1781 1428 1794 1465 :
1826 1410 1896 1465 ita
1926 1413 2095 1468 bonos

512 1498 693 1539 mores
714 1483 977 1538 mdilicant
998 1483 1260 1550 colloquia
1283 1482 1443 1537 bona.
1477 1482 1812 1550 Etscriptum
1849 1481 2091 1546 est,Cum

511 1565 699 1608 sancto
724 1563 941 1609 sanctus
965 1553 1094 1618 eris,
1125 1560 1324 1607 etcum
1356 1554 1471 1607 viro
1502 1554 1784 1607 innocente
1835 1552 2094 1610 innocens

513 1622 624 1679 eris
652 1624 730 1695 (2.
761 1625 889 1695 lleg.
920 1622 1359 1692 22.).tdhterent
1404 1638 1530 1694 ergo
1558 1623 1726 1677 sancti
1769 1623 1988 1695 sanctis,
2009 1625 2093 1677 in-

514 1692 1216 1749 nocentibus'innocentes:
1249 1692 1675 1749 utseseinvicem
1689 1692 1869 1748 verbis
1896 1703 1944 1747 et
1976 1708 2089 1747 mo-

511 1764 664 1819 ribus
692 1767 959 1840 mdilicent
981 1804 996 1830 ,
1047 1773 1102 1819 et
1143 1766 1279 1819 bona
1299 1764 1523 1840 propria
1557 1778 1651 1833 per
1679 1763 1956 1840 caritatem
1988 1764 2088 1818 sibi
2126 1782 2167 1840 Β

511 1837 948 1891 communicent:
995 1844 1256 1903 quatenus
1296 1834 1348 1887 in
1401 1834 1539 1887 bono
1570 1843 1816 1898 crescat,
1864 1836 2000 1887 alter
2026 1850 2090 1889 ex

510 1906 703 1961 altero.
750 1907 892 1961 Inter
943 1906 1059 1959 ιιωο
1098 1905 1224 1958 dum
1275 1912 1351 1957 tot
1382 1904 1518 1957 mala
1547 1905 1809 1973 patienter
1838 1906 2093 1968 tolerant,

512 1986 569 2029 et
598 1975 724 2030 dum
776 1978 828 2031 in
861 1977 1013 2029 bonis
1044 1975 1296 2042 Operibus
1337 1974 1585 2029 ardenter
1630 1975 1894 2029 desudaut
1918 2019 1931 2037 ,
1964 1975 2091 2029 dum

510 2047 629 2116 spei
660 2046 979 2102 rectitudine
1006 2045 1325 2105 solidantur,
1360 2046 1771 2116 nepsttstinentia
1803 2056 2095 2102 vacueutur

512 2114 564 2169 in
599 2119 759 2173 tantis
788 2117 1220 2172 tribulationibus
1270 2114 1545 2169 constituti
1579 2134 1592 2170 :
1628 2124 1687 2169 ιιι
1732 2118 1960 2171 evadere
2004 2134 2096 2169 va-

511 2186 655 2240 leant
682 2228 697 2250 ,
744 2189 1082 2243 liberatorem
1118 2188 1282 2242 Deum
1311 2186 1623 2256 suppliciter
1656 2186 1941 2256 implorant
1962 2230 1976 2255 ,
2010 2189 2094 2242 di-

508 2269 690 2312 CCIIICS
716 2275 729 2311 ζ

578 2326 671 2383 29..
714 2327 896 2382 Libera
928 2328 1082 2391 Deus,
1111 2324 1310 2393 Israel,
1334 2342 1397 2381 ea:
1423 2327 1659 2380 omnibus
1682 2325 2093 2381 tribulationibus

507 2399 635 2452 suis.
677 2401 836 2453 Israel
871 2401 1274 2464 interpretatur,
1306 2400 1381 2451 vir
1405 2399 1577 2451 videns
1601 2396 1785 2451 Deum.
1833 2402 1908 2452 Ac
1938 2398 1983 2452 si
2012 2399 2094 2452 di-

508 2480 596 2522 cat
642 2470 659 2540 (
686 2467 769 2523 Ea:
796 2470 1082 2538 Augustino
1106 2469 1124 2534 )
1149 2506 1164 2532 ,
1218 2469 1413 2540 Libera
1448 2467 1586 2521 Deus
1611 2471 1864 2540 p0pulum
1889 2510 1905 2535 ,
1934 2483 2092 2540 quem

518 2536 830 2609 prmparasti
860 2536 927 2592 ad
959 2549 1010 2593 te
1039 2536 1530 2609 contemplandum,
1564 2536 1630 2592 ei
1657 2538 1905 2591 omnibus
1938 2538 2093 2593 tribu-

517 2608 807 2665 Iatidnibtts
837 2611 970 2664 suis.
1016 2608 1129 2663 Non
1161 2610 1331 2662 solum
1359 2624 1423 2661 ex
1457 2608 1539 2662 his
1561 2649 1574 2671 ,
1602 2624 1722 2677 qure
1754 2610 1987 2662 exterius
2017 2619 2089 2662 to-

513 2679 689 2734 lerant
711 2720 726 2743 ,
757 2681 854 2734 sed
885 2695 949 2734 ex
982 2681 1063 2733 his
1090 2694 1208 2749 qua:
1268 2678 1491 2733 interius
1524 2682 1816 2747 patiuntur.
1867 2680 2094 2734 Studea-

513 2765 636 2803 mus
686 2760 739 2805 et
785 2765 884 2805 nos
930 2750 1138 2804 animas
1182 2757 1393 2803 nostras
1443 2751 1507 2802 ad
1558 2748 1838 2803 Dominum
1894 2753 2091 2815 levare,

512 2820 761 2875 fiduciam
793 2830 1044 2885 ,nustram
1078 2823 1129 2873 in
1179 2820 1296 2886 ipso
1347 2834 1583 2888 ponere,
1634 2820 1851 2875 humilia
1904 2832 1957 2875 et
1986 2823 2091 2875 alta

510 2890 628 2961 ejus
656 2891 901 2945 mandata
947 2891 1193 2945 discere:
1228 2897 1286 2943 ιιι
1328 2904 1633 2961 mereamur
1662 2892 1713 2945 in
1760 2892 1983 2945 veritate
2013 2892 2093 2946 di-

511 2960 638 3032 rigi,
670 2971 725 3016 et
750 2962 1064 3031 sapientiam
1097 2962 1264 3032 ipsam
1315 2962 1456 3032 (qua:
1488 2960 1629 3014 Deus
1661 2962 1768 3029 est)
1801 2974 1982 3016 mente
2010 2966 2095 3015 itt-

511 3031 649 3086 tueri
674 3048 688 3085 :
719 3043 775 3087 ut
801 3050 896 3103 per
918 3036 1033 3101 ejus
1055 3031 1480 3086 misericordiam
1508 3045 1538 3082 a
1561 3032 1770 3103 delictis
1792 3033 2091 3103 juVBlllUlIS

512 3112 563 3157 et
593 3102 905 3171 ignorantia:
933 3117 1194 3157 exuatnur
1220 3119 1233 3155 :
1268 3112 1325 3155 ut
1354 3102 1612 3155 mansueti
1660 3113 1715 3158 et
1747 3102 1904 3157 mites
1928 3143 1944 3166 ,
1978 3103 2091 3157 vias

2202 493 2552 561 proculdubio
2574 494 2960 564 infirmaretur.
2984 493 3090 550 Sed
3113 494 3237 563 quia
3268 512 3418 563 spem
3443 493 3596 550 suam
3628 498 3775 564 ponit

2201 565 2267 637 in_
2287 564 2550 637 Domino,
2585 565 2697 637 jam
2728 563 2989 637 infirmari
3031 580 3138 619 non
3171 566 3351 621 valet:
3379 568 3503 637 quia
3531 563 3649 636 ipse
3678 567 3774 623 Do~

2199 634 2376 689 minus
2401 645 2483 688 est
2504 635 2623 702 ejus
2655 634 2929 688 fortitudo.

2267 708 2319 760 5.
2360 704 2533 759 Proba
2561 720 2660 770 me,
2690 705 2933 765 Domine.
2961 712 3008 758 et
3032 712 3172 760 tenta
3194 722 3272 759 me
3292 723 3311 762 :
3336 724 3426 761 ure
3446 724 3595 762 renes
3622 724 3779 774 meos,
3810 714 3811 717 “

2193 785 2241 830 et
2264 791 2352 829 cor
2373 792 2558 830 meum.
2597 775 2706 847 Ego
2735 776 2866 840 dixi,
2906 774 3110 847 judice,
3144 778 3237 831 sed
3263 779 3308 832 si
3334 779 3460 847 quid
3493 780 3544 831 iu
3588 794 3675 834 me
3701 788 3781 834 est

2196 847 2551 916 purgandum,
2577 860 2611 899 o
2640 846 2891 914 Domine,
2924 846 3011 917 hic
3042 856 3186 901 tenta
3217 863 3323 912 tne,
3351 846 3406 903 et
3435 848 3647 917 corrige
3689 849 3782 904 lla-

2197 915 2338 983 gello
2382 917 2636 980 filiorum,
2684 925 2740 971 et
2784 917 2862 971 sic
2893 915 3057 987 proba
3108 932 3216 982 me,
3264 918 3315 972 id
3357 930 3460 980 est.
3495 915 3779 987 probatum

2196 987 2360 1040 redde
2393 1003 2408 1040 :
2440 1002 2528 1039 ure
2554 1001 2699 1040 renes
2726 1002 2884 1051 meos,
2922 986 2974 1041 id
3005 996 3108 1052 est,
3149 987 3366 1044 destruc
3396 986 3783 1046 delectationes

2197 1055 2376 1128 carnis
2424 1056 2589 1126 (quia
2642 1057 2694 1109 in
2740 1059 2958 1111 renibus
3005 1058 3240 1114 maxime
3276 1059 3578 1128 voluptates
3615 1060 3781 1114 abun-

2197 1126 2345 1197 dant)
2378 1134 2425 1179 et
2454 1142 2540 1180 cor
2579 1143 2766 1192 meum,
2797 1128 2849 1181 itl
2879 1136 2982 1194 est,
3025 1144 3215 1200 pravas
3250 1126 3627 1200 cogitationes.
3670 1128 3773 1185 Ure

2197 1212 2339 1250 renes
2367 1213 2502 1251 meos
2528 1206 2576 1251 et
2597 1211 2687 1249 cor
2718 1214 2882 1252 meum
2907 1214 2925 1253 :
2952 1213 3015 1252 ac
3037 1199 3083 1254 si
3113 1198 3278 1263 dicat,
3314 1198 3684 1255 Exterioribus
3725 1209 3779 1254 et

2197 1266 2541 1321 interiorilms
2572 1268 2716 1321 vitiis
2762 1269 3038 1337 spirituale
3077 1269 3275 1324 adhibe
3305 1271 3777 1325 medicamentum.

2197 1337 2380 1409 Sancti
2411 1338 2508 1391 viri
2534 1338 2635 1409 etsi
2665 1342 2900 1407 perleete
2928 1344 3130 1404 vivant,
3154 1341 3328 1394 adhuc
3353 1352 3530 1395 tamen
3562 1350 3780 1409 paterna

2199 1408 2403 1480 flagella
2430 1408 2779 1463 desiderant:
2816 1418 2871 1480 ut
2901 1418 3046 1466 tanto
3072 1410 3422 1480 perfectiores
3452 1410 3521 1464 atl
3553 1408 3776 1480 patriam

2199 1477 2442 1553 tendant,
2472 1488 2682 1553 quanto
2712 1482 2796 1548 pie
2844 1479 3044 1535 feriens
3074 1477 3367 1553 disciplina
3402 1496 3498 1536 eos
3539 1477 3777 1553 quotidie
3812 1543 3817 1553 Δ

2197 1548 2358 1602 etiam
2386 1548 2454 1603 de
2481 1548 2716 1603 minimis
2748 1560 2956 1618 purgat.
3003 1553 3065 1605 Et
3095 1548 3506 1606 ideo‘sustinent
3547 1548 3779 1619 discip'i-
3810 1548 3813 1615 ξ

2198 1632 2342 1693 nam,
2391 1629 2447 1693 u_t
2488 1628 2887 1693 consequantur
2934 1619 3356 1693 misericordiam
3386 1639 3399 1677 :
3429 1621 3497 1677 de
3526 1637 3629 1693 qua
3658 1624 3779 1677 sub-

2199 1689 2364 1754 ditur,
2397 1689 2649 1756 Quonlnm
2677 1690 3029 1744 misericordia
3057 1703 3143 1745 tua
3169 1705 3284 1745 ante
3320 1693 3493 1747 oculos
3525 1689 3660 1746 meos
3687 1704 3778 1758 est,

2196 1767 2244 1831 et
2283 1761 2570 1831 complacui
2598 1762 2652 1814 in
2680 1761 2887 1815 raritate
2918 1772 3024 1817 tua.
3053 1763 3223 1817 Verax
3250 1765 3503 1831 magister
3543 1763 3778 1831 discipu-

2200 1829 2310 1881 lum
2353 1830 2601 1885 vetberat
2640 1832 2951 1885 mendacem
2980 1851 2993 1886 :
3018 1829 3779 1899 verberatus—discipulus'at-

2199 1898 2389 1966 tendit,
2435 1911 2489 1954 et
2532 1902 2718 1969 petita
2765 1904 3018 1970 magistro
3047 1903 3493 1958 misericordiam.
3540 1904 3632 1959 Sic
3659 1903 3779 1956 facit

2196 1985 2321 2039 erga
2354 1987 2451 2044 nos
2480 1972 2707 2044 cadestis
2738 1975 3014 2041 magister,
3067 1983 3121 2029 et
3152 1976 3269 2043 pius
3311 1982 3482 2044 pater.
3524 1973 3777 2029 Peccati-

2197 2056 2337 2103 nms,
2382 2041 2502 2112 ideo
2531 2041 2881 2112 flagellamur.
2929 2044 3019 2098 Ille
3044 2041 3325 2109 verberat,
3379 2060 3476 2099 nos
3528 2054 3777 2112 expecta-

2197 2111 2513 2183 mus,115
2544 2111 2835 2180 ut’parcat.
2867 2113 3225 2169 Misericordia
3267 2125 3355 2169 tua
3398 2114 3618 2184 (inquit)
3661 2125 3773 2168 ante

2197 2185 2375 2256 oculos
2411 2199 2546 2256 meos
2584 2198 2679 2248 est,
2730 2183 3069 2256 disciplinam
3122 2195 3262 2239 luant
3313 2183 3774 2256 patienterfero:

2199 2255 2291 2325 sed
2327 2264 2382 2325 nt
2406 2254 2709 2325 miserearis
2742 2254 3107 2310 indesinenter
3128 2254 3372 2322 expecto.
3404 2255 3470 2310 Et
3494 2254 3607 2325 jam
3632 2271 3778 2311 com-

2196 2324 2376 2394 placui
2408 2324 2514 2394 tibi
2561 2324 2611 2377 in
2659 2328 2885 2380 veritate
2930 2325 3202 2391 vindictae,
3246 2340 3404 2394 quam
3445 2324 3639 2393 merui,
3688 2327 3774 2393 qui

2199 2392 2616 2466 pri_us_disttlicui
2662 2394 2715 2447 in
2746 2395 3026 2466 mendacio
3066 2392 3275 2462 culpae,
3301 2411 3407 2466 qua
3440 2392 3665 2465 deliqui.
3712 2397 3774 2450 Et

2195 2463 2318 2537 quia
2353 2462 2529 2537 lapsus
2555 2466 2723 2520 merui
2752 2465 2913 2532 iram,
2953 2475 3061 2522 ate
3090 2462 3369 2537 correptus
3402 2462 3586 2523 inveni
3614 2470 3776 2522 mise-

2198 2533 2509 2588 ricordiatn.

2269 2602 2324 2656 4.
2360 2604 2438 2678 Ex
2474 2606 2573 2657 hoc
2618 2614 2797 2661 autem
2834 2616 3055 2678 apparet
3092 2608 3341 2678 quoniam
3389 2607 3442 2663 in
3474 2608 3775 2665 innocentia

2196 2688 2314 2748 mea
2336 2675 2631 2748 ingressus
2656 2692 2771 2731 sum
2800 2694 2812 2729 :
2838 2675 2958 2748 quia
2995 2675 3126 2732 Non
3150 2680 3258 2732 sedi
3288 2695 3404 2732 cum
3434 2680 3651 2733 concilio
3688 2697 3773 2733 ea-

2196 2744 2391 2816 nitatis,
2430 2754 2477 2797 et
2516 2762 2630 2800 cum
2663 2744 3173 2816 iniqua'gerentibus
3219 2765 3319 2803 non
3356 2750 3598 2803 introibo.
3640 2750 3771 2806 Cum

2194 2814 2427 2869 concilio
2456 2819 2708 2871 vanitatis
2737 2814 2947 2884 sedent,
2984 2821 3074 2889 qui
3103 2819 3387 2875 conventui
3413 2836 3598 2875 eorum
3626 2835 3772 2875 com-

2197 2895 2493 2959 morantur.
2539 2892 2627 2957 qtti
2670 2904 2732 2941 ex
2765 2889 2941 2943 studio
2987 2892 3347 2959 conveniunt,
3396 2900 3452 2944 et
3493 2904 3679 2944 vacant
3706 2892 3770 2946 ad

2198 2954 2409 3030 ltoc,_ut
2435 2957 2502 3030 de
2528 2954 2762 3015 vanitate
2793 2962 3097 3029 loquantur.
3139 2960 3269 3015 Cum
3316 2954 3494 3030 iniqua
3544 2964 3771 3027 gerenti-

2197 3025 2297 3078 bus
2325 3027 2572 3100 introire,
2604 3040 2687 3084 est
2714 3025 2957 3084 societati
2985 3046 3145 3100 prave
3168 3025 3436 3099 agentium
3468 3047 3526 3085 se
3549 3025 3771 3098 inferre,

2198 3108 2359 3171 a‘que
2392 3099 2597 3171 iniquis
2615 3101 2890 3170 operibus,
2922 3099 3042 3154 cum
3077 3102 3205 3171 ipsis
3227 3101 3423 3169 iniquis
3452 3116 3511 3156 se
3549 3118 3613 3157 ex
3646 3114 3764 3157 voto

514 3168 899 3229 misericordiae
945 3183 999 3228 et
1048 3174 1289 3227 veritatis
1335 3180 1604 3226 sectemur
1626 3217 1641 3242 ,
1692 3182 1749 3227 ut
1792 3173 2085 3239 etmtndati,
2119 3173 2165 3234 ρ
2200 3168 2474 3242 ingerere.
2510 3168 2747 3224 Tale‘est
2776 3172 3009 3231 studium
3048 3168 3442 3240 pérversorum,
3472 3182 3632 3241 atque
3653 3188 3769 3227 car-

519 3244 675 3315 113
708 3260 801 3314 per
831 3243 1234 3314 propitiatorem
1264 3243 1542 3297 Dominum
1558 3258 1601 3315 Aa
1630 3246 1943 3314 quotidiano
1969 3258 2089 3312 pec-

509 3313 671 3381 Eaﬁi',
707 3313 984 3370 timeamus
1013 3329 1135 3370 eum
1161 3356 1177 3379 ,
1213 3324 1375 3383 atque
1423 3316 1474 3367 in
1522 3313 1603 3367 via
1639 3313 1919 3369 constituti
1948 3317 2088 3384 (-tuze

510 3383 758 3441 Christus
786 3387 911 3455 est)
958 3390 1127 3455 legem
1177 3385 1365 3455 gratite
1414 3385 1531 3453 ejus
1561 3383 1963 3451 possideatnus,
2000 3400 2093 3451 per

509 3471 669 3525 quem
717 3458 768 3510 itt
799 3457 954 3511 bouis
999 3465 1364 3521 demoremur,
1418 3467 1472 3509 et
1514 3455 1822 3509 haereditate
1852 3456 2090 3524 perfrua-

513 3542 635 3580 nmr
662 3536 881 3581 aeterna.
928 3526 1147 3579 Interim
1180 3526 1435 3580 habentes
1467 3526 1861 3580 firmamentum
1897 3528 2089 3591 Deum,

511 3596 579 3650 ad
612 3612 768 3666 quem
798 3598 993 3650 mentis
1021 3596 1205 3650 oculos
1234 3596 1527 3664 dtrigamus
1553 3613 1566 3648 :
1600 3599 1773 3650 donec
1802 3599 2095 3650 evellamur

509 3670 577 3721 de
606 3668 797 3735 laqueo
822 3669 977 3732 hujus
1010 3666 1189 3719 mundi
1217 3705 1235 3729 ,
1286 3676 1342 3720 et
1369 3680 1462 3733 per
1488 3681 1637 3719 suam
1670 3666 2093 3721 misericordiam

510 3752 540 3790 a
567 3739 776 3791 cunctis
818 3737 1249 3791 tribulationibus
1287 3737 1598 3801 liberemur,
1646 3736 1805 3791 Israel
1837 3738 2091 3804 spiritua-

513 3807 635 3877 liter
668 3808 811 3872 facti,
843 3808 1268 3876 contemplantes
1296 3822 1350 3862 tn
1374 3820 1469 3860 sua
1497 3806 1778 3877 majestate
1809 3807 2091 3863 Dominum

512 3876 680 3933 Deum
712 3893 979 3932 nostrum.

904 3992 1200 4050 TITULUS
1236 3992 1485 4051 PSALMI
1530 3992 1700 4050 XXV.

582 4105 917 4168 l.Sequentis
942 4104 1306 4157 Psalmititultts
1355 4114 1449 4167 est,
1494 4104 1722 4158 Psalmtts
1755 4104 1931 4157 David.
1979 4107 2096 4158 Haec

510 4170 748 4229 scriptura
768 4176 847 4229 est
870 4170 1179 4218 attribuenda
1219 4169 1559 4218 excellentiori
1604 4170 1824 4219 utentbro
1863 4169 2095 4220 Ecclestze

512 4228 917 4294 superiusDeunt
940 4233 1115 4294 oranti,
1147 4238 1199 4280 et
1238 4232 1624 4294 hICVOSlendCllli
1661 4244 1719 4281 se
1754 4244 1865 4280 «sse
1890 4234 2096 4280 exaudi-

513 4298 631 4355 tum,
655 4299 708 4341 et
726 4293 900 4342 Divina
922 4293 1255 4343 misericordia
1275 4293 1505 4355 adeptum
1553 4294 1878 4342 innocentiam
1906 4302 1956 4343 et
1977 4307 2094 4355 per-

511 4350 774 4417 fectionem
799 4368 811 4401 :
838 4355 903 4417 de
926 4360 1109 4403 cetero
1131 4356 1303 4412 oranti,
1330 4350 1394 4403 ne
1420 4366 1453 4417 a7
1469 4360 1714 4417 praposdo
1736 4367 1823 4402 suo
1845 4350 2096 4403 dimouea-

511 4420 609 4463 tur.
636 4414 695 4463 ιι
714 4416 805 4463 hoc
830 4416 957 4479 facit.
979 4426 1078 4465 uta
1111 4418 1287 4475 quibus
1303 4414 1569 4479 moraliter
1592 4424 1907 4479 segregantur,
1935 4420 1995 4465 ab
2019 4419 2096 4466 his

512 4478 658 4541 etiam
679 4476 978 4541 teternaliter
1001 4490 1276 4539 separetur.
1301 4476 1513 4541 Intentio
1534 4479 1641 4541 ejus
1658 4476 1767 4541 est,
1795 4476 1897 4527 nos
1923 4491 2097 4528 exem—

512 4538 594 4597 plo
644 4550 735 4587 suo
773 4540 832 4588 ad
874 4538 1199 4588 innocentiam
1235 4546 1289 4588 et
1338 4538 1693 4601 perl'ectitiuetn
1740 4538 1968 4591 invitare.
2018 4541 2101 4590 Ait
2129 4549 2177 4610 ο

511 4611 632 4659 ergo
665 4612 681 4649 :

1005 4662 1362 4726 PSALMUS
1409 4663 1619 4725 XXV.

582 4786 637 4839 2.
668 4782 856 4838 Indica
891 4802 989 4851 me,
1028 4786 1264 4850 Domine,
1304 4786 1544 4851 quoniam
1582 4799 1674 4853 ego
1709 4784 1762 4836 in
1806 4783 2097 4837 innocentia

513 4872 627 4909 mea
673 4856 928 4924 ingressus
956 4874 1070 4911 sum
1092 4872 1111 4910 :
1137 4868 1181 4911 et
1211 4857 1265 4910 in
1299 4855 1521 4909 Domino
1563 4869 1776 4923 sperans
1812 4869 1914 4924 non
1953 4854 2094 4921 inﬁr-

514 4922 850 4997 mabﬁorCQui
881 4929 1091 4997 culpant
1124 4928 1286 4983 habet
1318 4922 1781 4997 judicium'timet.
1817 4922 2091 4997 Ipseergo

516 4996 786 5067 perfectus
830 5006 912 5051 est
942 4993 1111 5067 {quia
1161 4993 1404 5053 caussam
1449 5011 1598 5050 suam
1626 4993 1825 5067 justam
1873 4993 2089 5059 viditfa

516 5064 745 5139 Domino
767 5083 826 5122 se
844 5064 1072 5137 judicari
1102 5069 1272 5139 petiit.
1326 5069 1466 5121 Bene
1494 5075 1670 5119 autem
1694 5064 1749 5139 in
1772 5065 2083 5139 innocentia

515 5136 819 5207 ingressum
846 5135 919 5196 βε
950 5135 1114 5195 fuisse
1157 5137 1741 5207 comntemoratziquia
1771 5135 2079 5207 innocentia

513 5205 807 5275 Spiritualis
831 5211 915 5263 via
944 5220 1044 5275 est,
1078 5225 1182 5279 qua
1225 5211 1460 5263 tenditur
1499 5206 1564 5258 ad
1599 5206 1762 5279 Deum
1795 5213 1889 5279 :ret
1932 5205 2088 5279 inno-

513 5286 701 5331 center
755 5282 969 5345 viverc,
1034 5275 1108 5334 ad'
1158 5280 1469 5332 intertorem
1524 5275 1757 5344 pertinet
1813 5276 2084 5345 hominem

512 5346 678 5417 (Eph.
724 5348 823 5419 5.).
855 5342 1009 5418 Quod
1053 5359 1229 5403 autem
1265 5362 1326 5419 se
1374 5342 1712 5419 innocentem
1747 5342 2083 5419 pronuntiat,

516 5415 729 5491 honest
752 5415 1004 5491 superbia
1031 5420 1182 5482 elati.
1215 5417 1309 5491 sed
1337 5415 1988 5491 etinfessiuhnott_ingra_ti.
2011 5417 2088 5472 Ac

513 5489 562 5543 si
614 5482 859 5547 diceret':
904 5489 1031 5545 Post
1077 5487 1496 5543 misericordiam
1551 5482 1678 5555 (Ea:
1725 5482 2086 5554 Augustino),

513 5572 672 5628 quam
715 5568 770 5629 tu
816 5562 942 5615 mihi
996 5560 1328 5629 prterogasti,
1385 5556 1701 5629 innocentia;
1742 5570 1877 5609 mea:
1922 5556 2091 5610 habeo

514 5625 730 5699 aliquod
764 5625 1034 5694 meritum,
1066 5625 1219 5697 cujus
1259 5628 1398 5681 viam
1429 5625 1711 5681 custodivi.
1760 5630 1875 5699 nec
1911 5633 2090 5699 tamen

514 5696 676 5755 etiam
701 5704 777 5756 sic
805 5703 854 5754 ιιι
882 5716 991 5766 me;
1016 5700 1109 5754 sed
1132 5696 1191 5754 in
1227 5699 1447 5751 Domino
1468 5711 1704 5762 sperans,
1734 5711 1834 5749 non
1859 5696 2091 5765 inﬁrma-

513 5772 605 5825 bor
636 5772 689 5825 in
731 5786 918 5842 opere,
957 5770 1050 5826 sed
1083 5770 1447 5842 permanebo:
1480 5775 1539 5821 ut
1581 5766 1717 5821 sicut
1760 5768 1956 5837 incepi.
2002 5768 2088 5842 ita

2197 3240 2421 3312 nalium.
2448 3239 2554 3294 Aut
2580 3242 2724 3294 enim
2750 3256 2894 3312 vane
2920 3239 3226 3312 loquacitati
3256 3243 3441 3298 sedent
3474 3252 3529 3297 et
3551 3239 3766 3309 'vatant,

2195 3320 2289 3380 aut
2323 3309 2518 3378 iniqua:
2558 3311 2856 3379 operationi
2905 3309 3189 3367 desudant.
3232 3313 3349 3380 Quo
3383 3324 3567 3368 contra
3605 3316 3771 3369 sancti

2195 3378 2329 3445 viri,
2366 3390 2420 3433 ut
2451 3378 2614 3435 verbo
2648 3390 2703 3435 et
2739 3382 2879 3436 facto
2918 3382 3214 3437 habeantur
3258 3378 3501 3451 innoxii,
3544 3394 3596 3440 et
3624 3400 3653 3440 ιι
3688 3402 3775 3437 va-

2197 3451 2365 3503 nitate
2395 3454 2757 3525 restringuunt
2783 3452 3039 3524 linguam,
3073 3456 3120 3508 ei
3152 3455 3220 3507 ab
3246 3453 3428 3525 iniquo
3456 3470 3621 3521 opere
3645 3469 3772 3509 con-

2194 3530 2415 3574 servant
2446 3521 2625 3576 vitam.
2681 3523 2745 3576 Et
2783 3521 2906 3592 quia
2951 3526 3094 3591 prius
3131 3532 3215 3579 est
3259 3521 3369 3580 rem
3421 3527 3613 3579 malam
3659 3541 3766 3580 non

2198 3592 2449 3667 diligere,
2474 3598 2688 3667 demum
2711 3593 2872 3667 etiam
2902 3595 3054 3667 odire
3080 3612 3092 3647 :
3123 3602 3266 3667 recte
3296 3595 3634 3667 subiungitur
3661 3614 3675 3649 :

2351 3661 2810 3736 Odioqucclesiam
2839 3664 3247 3736 malignantium,
3276 3676 3323 3719 et
3344 3659 3457 3736 cu'm
3477 3659 3649 3736 impiis
3674 3682 3771 3720 non

2195 3731 2399 3784 sedebo.
2431 3732 2581 3787 Udivi
2612 3749 2715 3787 non
2747 3731 3009 3797 homines,
3042 3736 3133 3790 sed
3177 3731 3634 3803 przevaricatures,
3665 3753 3769 3791 non

2198 3813 2463 3876 naturam,
2495 3804 2587 3858 sed
2619 3804 2848 3872 culpam.
2889 3805 3237 3876 Malignantes
3263 3816 3419 3872 sunt,
3458 3810 3547 3875 qtti
3575 3810 3639 3859 ad
3673 3808 3770 3863 huc

2199 3871 2463 3936 laborant,
2498 3883 2551 3925 ut
2581 3871 2884 3929 conlOrmcs
2911 3871 3040 3929 suos
3062 3876 3258 3930 malitia
3290 3871 3630 3931 antecedant.
3665 3880 3763 3931 hn-

2198 3944 2269 4011 pii
2309 3952 2433 3997 sunt
2475 3943 2738 4009 infideles,
2767 3946 2854 4014 qtti
2888 3945 3172 3999 Dominum
3203 3962 3308 4000 non
3338 3948 3543 4003 colunt.
3597 3949 3769 4002 l'ietas

2198 4014 2337 4067 enim
2364 4014 2577 4083 proprie
2601 4015 2832 4084 pertinet
2851 4015 2919 4069 ad
2941 4018 3141 4071 cultum
3176 4018 3289 4072 Dei.
3319 4016 3401 4071 Ab
3424 4017 3505 4071 his
3526 4019 3769 4073 omnibus
3804 4032 3807 4033 '

2199 4085 2441 4156 quamvis
2489 4100 2592 4138 non
2623 4099 2871 4152 corpore,
2906 4096 3083 4141 tamen
3118 4088 3225 4139 vita
3265 4098 3317 4140 ct
3347 4089 3590 4141 moribus
3618 4103 3771 4156 sepa-

2199 4164 2353 4227 ratur
2393 4155 2632 4208 Ecclesia
2668 4156 2959 4227 {videlicet
2994 4171 3024 4211 a
3056 4158 3395 4227 torpentibus
3423 4162 3563 4223 otio,
3600 4168 3654 4212 et
3682 4155 3771 4211 va-

2197 4223 2442 4278 Cantibus
2472 4225 2717 4290 vanitati,
2750 4228 2818 4279 ab
2857 4227 3034 4295 iniqua
3067 4223 3430 4295 cperantibus,
3461 4244 3489 4282 a
3518 4228 3770 4283 malitiam

2198 4309 2346 4367 suam
2372 4296 2610 4367 studiose
2637 4300 3098 4367 exaggerantibus,
3128 4298 3197 4351 ab
3226 4298 3547 4354 infidelibus.
3580 4296 3639 4352 Et
3675 4314 3771 4353 no-

2203 4365 2417 4439 tandum
2446 4366 2588 4433 quod
2622 4365 2949 4439 prtus'dixit,
2975 4368 3089 4422 Non
3119 4370 3234 4423 sedi
3268 4387 3282 4424 :
3315 4370 3401 4424 hic
3431 4370 3619 4439 inquit,
3645 4369 3771 4424 Cum

2198 4434 2368 4510 impiis
2424 4451 2523 4488 non
2566 4439 2766 4510 sedebo.
2803 4438 2877 4492 Ibi
2918 4439 3211 4504 inchoatio,
3262 4439 3349 4494 hic
3379 4434 3772 4510 perseverantia

2202 4504 2529 4585 designatur.
2561 4507 2707 4585 qus
2733 4517 2815 4561 est
2841 4512 3015 4585 enim,
3058 4521 3117 4562 ut
3145 4510 3343 4585 bonum
3362 4504 3549 4585 [quod
3579 4511 3773 4585 incipi-

2207 4583 2309 4643 tur,
2344 4591 2511 4643 usque
2537 4578 2603 4630 ad
2645 4578 2801 4652 finem
2837 4582 3175 4652 perducatur.
3206 4578 3311 4635 Sed
3344 4578 3439 4649 qui
3478 4581 3548 4635 ab
3577 4578 3770 4652 iniquis

2203 4659 2262 4700 se
2292 4656 2525 4720 Separat.
2548 4663 2668 4702 cum
2695 4650 2889 4719 quibus
2916 4650 3239 4720 adjungitur,
3262 4653 3562 4705 audiamus.

2273 4719 2325 4771 ti.
2357 4716 2559 4771 Lavabo
2583 4716 2726 4773 inter'
2741 4716 3033 4775 innocentes
3071 4716 3251 4776 manus
3281 4738 3416 4775 meas
3457 4731 3505 4775 et
3546 4723 3763 4775 circnm-

2201 4786 2333 4841 dabo
2378 4790 2540 4842 altare
2581 4797 2745 4855 tuum,
2782 4789 3014 4845 Domine.
3058 4791 3171 4846 Non
3218 4807 3353 4859 aqua
3382 4792 3575 4846 visibili
3629 4793 3770 4845 lavas

2199 4871 2389 4911 manus
2409 4897 2423 4922 ,
2455 4861 2667 4927 quando
2700 4864 2785 4927 pie
2812 4865 3014 4929 cogitas
3045 4864 3112 4916 de
3139 4864 3391 4929 uperibus
3424 4864 3527 4915 tuis
3558 4880 3570 4914 :
3602 4873 3655 4916 et
3673 4864 3767 4927 jn-

2198 4941 2487 5002 nocens‘es
2506 4944 2691 5002 coram
2713 4930 2881 4984 oculis
2911 4931 3027 4997 Dei,
3078 4932 3168 5002 qui
3195 4940 3280 4985 est
3308 4942 3361 4986 et
3390 4932 3562 4987 altare
3591 4946 3769 5002 coram

2197 4998 2370 5052 oculis
2400 4998 2515 5063 Dei,
2546 5014 2657 5071 quo
2682 5000 2955 5071 ingressus
2984 5012 3063 5057 est
3086 4998 3354 5067 Sacerdos,
3381 5004 3469 5071 qui
3500 5016 3595 5070 pro
3622 5001 3774 5055 nobis

2196 5084 2257 5143 se
2295 5071 2496 5143 primus
2516 5070 2733 5143 obtulit.
2785 5073 2876 5125 Est
2905 5074 3120 5127 caeleste
3146 5073 3334 5129 altare.
3365 5070 3508 5143 quod
3533 5088 3637 5126 non
3661 5088 3774 5125 am-

2196 5140 2466 5206 plectitur,
2503 5141 2601 5194 ttisi
2635 5140 2725 5194 ille
2754 5144 2842 5210 qui
2875 5144 3012 5197 lavat
3044 5158 3235 5197 manus
3263 5140 3404 5197 inter
3438 5146 3766 5209 innocentes,

2194 5211 2364 5262 factus
2414 5218 2468 5264 et
2504 5212 2617 5279 ipse
2652 5210 2931 5266 innocens.
2972 5213 3101 5267 Nam
3144 5213 3294 5268 multi
3325 5215 3493 5269 altare
3522 5213 3625 5269 hoc
3655 5223 3771 5266 tan-

2191 5290 2322 5348 gunt
2352 5281 2552 5349 indigni
2579 5320 2592 5341 .
2635 5291 2691 5336 et
2716 5283 2906 5336 tulerat
2938 5283 3077 5338 Deus
3107 5294 3212 5353 pati
3248 5284 3496 5350 injuriam
3527 5285 3593 5337 ad
3629 5293 3766 5337 tetu—

2194 5363 2291 5418 pus
2339 5362 2671 5423 sacramenta
2720 5366 2836 5406 sua.
2880 5354 2985 5408 Sed
3033 5370 3140 5408 non
3172 5355 3443 5423 quomodo
3486 5356 3767 5423 reciperis,

2193 5434 2314 5473 cum
2353 5422 2509 5475 malis
2548 5423 2685 5475 intra
2735 5424 2966 5489 parietes
3020 5422 3300 5492 Ecclesne,
3354 5423 3424 5478 ita
3473 5423 3765 5491 recipietis.

2195 5505 2315 5543 eum
2345 5493 2496 5566 malis
2527 5492 2578 5545 itt
2609 5494 2729 5546 sinu
2761 5496 2987 5549 Abrahae
3017 5494 3182 5566 (an.
3216 5496 3365 5566 “5.).
3399 5494 3514 5566 NOII
3543 5508 3676 5562 0'8"
3705 5496 3770 5566 ‘I‘

2195 5574 2378 5631 meas:
2411 5561 2526 5613 lava
2561 5577 2766 5626 manus,
2800 5572 2855 5617 et
2890 5561 3159 5619 circumda
3200 5561 3370 5619 altare
3407 5565 3521 5631 Dei,
3561 5561 3649 5624 ubi
3688 5563 3768 5617 of-

2195 5629 2302 5684 fers
2331 5641 2449 5683 vota
2477 5632 2725 5697 Domino,
2759 5633 2848 5687 ubi
2874 5650 3059 5702 preces
3088 5636 3287 5699 fundis,
3321 5636 3411 5690 ubi
3441 5629 3765 5691 conscientia

2195 5709 2282 5752 tua
2312 5715 2438 5774 pura
2470 5709 2572 5774 est,
2605 5702 2693 5756 ubi
2721 5703 2857 5759 dicis
2891 5705 3021 5771 Deo,
3053 5707 3141 5774 qui
3165 5708 3238 5761 sis
3265 5723 3279 5772 ;
3310 5716 3365 5761 et
3409 5706 3455 5761 si
3485 5707 3630 5760 al.ud
3658 5715 3761 5768 eat.

2194 5772 2334 5841 quod
2365 5771 2657 5843 displiceat
2685 5774 2817 5844 Deo,
2847 5787 3001 5833 curat
3029 5771 3121 5834 ille
3147 5778 3231 5835 cui
3258 5771 3555 5835 Confiteris.
3584 5778 3761 5844 Quare
