4128 6360
577 313 641 369 δτι
1592 303 1850 363 iturine
1889 276 2348 360 pnesavrmo
2389 296 2767 360 ASCMPTUS

715 422 775 479 Si
818 421 1115 477 consistmrt'
1140 418 1410 473 adversum
1437 431 1524 470 me
1550 424 1750 480 castra,
1790 418 1902 468 itan
1940 414 2130 469 timebit
2159 426 2205 482 Α

538 512 631 551 τοι·
657 508 843 549 meum.
879 494 934 548 Si
970 493 1251 561 impiorum
1278 489 1566 561 exercitus,
1595 485 1641 561 si
1671 486 1923 561 vitiorum
1950 482 2122 552 impe-

545 582 657 634 tus,
693 569 736 620 si
782 556 1168 618 dainioiiin'rnin
1209 569 1382 615 cretus
1414 556 1666 636 collectis
1712 557 1918 636 viribus
1964 564 2126 636 atque

545 624 789 692 ordinata
837 638 950 690 acie
996 640 1323 699 consurgat,
1371 629 1505 683 nihil
1552 642 1649 682 cor
1685 627 1907 699 dubitat
1941 642 1953 677 :
1983 624 2126 699 quud

545 711 886 776 omnipotens
928 706 1068 759 Deus
1096 696 1462 776 illuminando,
1496 696 2122 776 sanando,_prutegendo

544 768 845 833 contir'inat.
889 776 947 829 Si
978 785 1217 842 exsurgat
1247 774 1512 825 adversum
1541 785 1619 823 mc
1654 768 1924 840 prclium,
1957 776 2015 820 ut
2041 781 2126 821 me

545 852 815 904 debellare
838 847 999 900 velint
1021 845 1218 898 inimici
1240 842 1554 908 supradicti,
1577 842 1629 895 in
1652 844 1747 894 hoc
1772 855 1867 911 ego
1886 842 2123 907 sperabo.

549 921 607 975 in
635 922 773 988 quo?
801 918 1074 985 Sepiitnr,
1106 923 1161 988 et
1189 914 1352 988 dicit:

617 979 667 1043 ὁ.
706 989 872 1042 Unum
894 979 1025 1054 petii
1058 1003 1090 1039 a
1122 985 1364 1048 Domino,
1400 982 1534 1035 lianc
1563 982 1853 1054 requiram,
1887 986 1941 1032 ut
1980 979 2129 1054 inliu-

540 1063 695 1115 bi'tem
722 1061 775 1112 in
814 1052 965 1112 domo
995 1056 1201 1109 Domini
1230 1055 1462 1109 omnibus
1485 1052 1663 1107 diebus
1698 1053 1813 1105 vita:
1852 1066 1994 1105 meae.
2032 1052 2132 1104 Va-

548 1136 660 1186 lent
703 1131 856 1185 nobis
900 1138 1220 1182 teiitationes
1248 1133 1304 1180 et
1334 1128 1710 1179 tribulatione:
1741 1122 1900 1191 hujus
1942 1121 2128 1177 saeculi

545 1205 613 1258 ad
656 1202 1110 1270 consequendum
1138 1212 1358 1270 regnum
1390 1196 1505 1250 Da'.
1542 1195 1701 1251 Unde
1724 1202 1914 1248 sancta
1947 1193 2131 1270 Eccle-

545 1276 625 1329 sia
663 1274 786 1327 dum
820 1264 952 1326 bella
1000 1269 1051 1323 in
1100 1264 1221 1323 imis
1260 1271 1517 1333 sustinet,
1550 1282 1701 1337 spem
1730 1280 1882 1319 suam
1914 1265 1978 1317 ad
2024 1264 2129 1318 alta

547 1345 791 1399 subleVat
818 1360 830 1395 :
861 1353 914 1396 et
942 1349 1142 1410 quanto
1189 1340 1433 1408 graviora
1480 1339 1567 1392 hic
1610 1337 2016 1410 patiturptanto
2058 1337 2130 1410 itii

544 1418 803 1483 majorem
852 1405 1161 1467 mercedem
1197 1405 1503 1483 exspectat.
1559 1405 1707 1483 Hine
1736 1408 1793 1483 in
1843 1405 2131 1483 Evangelio

549 1477 807 1539 Dominus
855 1485 963 1550 ait,
996 1485 1126 1536 Cum
1179 1480 1554 1535 maledixerint
1591 1480 1742 1533 vobis
1781 1477 2047 1542 homines,
2078 1488 2131 1532 et

550 1554 817 1624 persecuti
857 1571 951 1609 vos
996 1554 1202 1607 iuerint
1245 1562 1460 1624 propter
1508 1566 1594 1606 ine
1624 1567 1637 1603 :
1667 1550 1993 1624 ‘gandete‘iu
2044 1549 2129 1624 illa

551 1618 711 1701 liora,
744 1627 865 1701 quia
917 1639 1122 1701 iticrces
1152 1618 1327 1676 vestra
1350 1618 1524 1676 multa
1556 1630 1639 1677 cst
1665 1618 1718 1674 iii
1748 1618 2128 1701 ctelo(lllattli:

547 1697 600 1753 5.
634 1689 892 1763 Lua-6.).
926 1695 1212 1749 Vidi-auius
1249 1708 1377 1762 ergo
1422 1707 1579 1762 quam
1623 1705 1780 1745 unam
1831 1689 1993 1760 petit,
2039 1689 2130 1763 qui

547 1772 686 1823 inter
731 1760 954 1821 adversa
999 1760 1333 1818 constitutus
1362 1760 1490 1817 nihil
1534 1765 1704 1817 timet.
1737 1764 1867 1825 Quae
1913 1771 1996 1816 est
2037 1760 2128 1814 ilia

551 1839 688 1892 una?
724 1837 789 1892 Ut
820 1837 1094 1890 inhabilem
1136 1836 1349 1903 (inquit)
1381 1836 1432 1887 in
1462 1836 1613 1887 domo
1646 1834 1849 1886 Domini
1897 1834 2129 1886 omnibus

545 1911 726 1964 diebus
757 1909 870 1962 vita:
899 1922 1045 1962 mete.
1076 1908 1273 1960 Domus
1303 1919 1366 1959 ea
1392 1905 1608 1970 dicitur,
1637 1904 1728 1958 ubi
1772 1917 1985 1972 senqer
2012 1919 2128 1956 ina-

552 1982 817 2034 nebiinus.
836 1980 892 2032 In
916 1980 1013 2031 ista
1045 1976 1471 2046 peregrinatione
1495 1975 1710 2046 proprie
1737 1974 2035 2044 appellatur
2065 1983 2131 2027 ta»

553 2054 935 2113 beriiacuiuni,
968 2045 1109 2119 qunti
1141 2045 1367 2119 pertinet
1390 2046 1459 2101 ad
1490 2045 1778 2101 militantes
1803 2056 1867 2119 et
1888 2060 2129 2115 pugnan-

554 2134 634 2175 tes
661 2129 846 2175 contra
879 2116 1103 2175 hostem.
1139 2117 1273 2183 Quid
1305 2120 1474 2173 acturi
1504 2133 1689 2172 sumtis
1718 2120 1769 2171 in
1813 2116 1902 2171 illa
1944 2119 2127 2178 duino,

551 2192 715 2246 habes
744 2191 797 2245 iii
845 2190 949 2244 alio
976 2191 1205 2258 psalmo,
1250 2189 1393 2243 Beati
1425 2188 1642 2259 (inquit)
1672 2190 1761 2257 qui
1791 2186 2031 2241 habitant
2078 2203 2129 2241 ιιι

546 2264 713 2318 domo
740 2275 858 2323 tua,
888 2262 1130 2327 Domine,
1164 2261 1215 2313 in
1247 2261 1439 2314 saecula
1472 2263 1792 2313 εωςιιιυιιιιιι
1839 2260 2131 2314 laudabunt

547 2344 600 2388 te
630 2333 802 2404 (Psat.
829 2331 965 2401 ελ).
994 2330 1104 2385 llac
1149 2332 1249 2385 iste
1277 2332 1567 2404 cupiditate
1606 2332 1822 2396 ardens,
1852 2340 1908 2404 et
1950 2344 2131 2404 auiorc

546 2400 801 2469 aestuans,
833 2404 1101 2457 desiderat
1132 2417 1222 2471 per
1247 2418 1436 2456 omnes
1462 2403 1579 2455 dies
1608 2410 1730 2454 vute
1756 2416 1863 2454 sua:
1896 2400 1948 2453 in
1971 2400 2131 2452 domn

552 2477 760 2530 Domini
795 2477 1055 2527 habitare.
1090 2474 1229 2538 Dies,
1278 2474 1492 2541 inquam
1518 2514 1532 2537 ,
1568 2486 1674 2524 non
1724 2472 2006 2536 linicndus,
2035 2472 2130 2524 sed

549 2554 802 2601 aeternos.
827 2546 917 2599 Sic
946 2546 1195 2598 dicuntur
1214 2544 1348 2610 dies,
1373 2543 1641 2612 quomodo
1668 2545 1789 2595 anni
1808 2582 1822 2605 ,
1847 2542 1913 2596 de
1942 2544 2131 2609 quibus

548 2622 750 2670 dictum
792 2624 901 2678 est,
959 2615 1025 2668 Et
1065 2613 1191 2667 anni
1233 2614 1313 2666 tui
1354 2630 1460 2667 non
1509 2613 1759 2668 dclicicnt
1804 2612 1974 2684 (l’sal.
2008 2616 2127 2668 ltll.

550 2687 715 2742 llebr.
746 2686 879 2756 ll.).
906 2686 1037 2739 Nam
1065 2685 1181 2738 dies
1204 2684 1328 2738 vitae
1349 2693 1589 2751 ateriae,
1614 2699 1752 2738 unus
1776 2685 1887 2737 dies
1907 2694 1987 2739 est
2014 2698 2041 2737 s
2065 2700 2130 2737 ne

550 2773 766 2813 occasu.
809 2757 919 2811 lloc
947 2770 1073 2824 ergo
1102 2756 1257 2819 dicit,
1288 2757 1334 2809 A
1366 2757 1589 2808 Domino
1631 2757 1770 2811 hanc
1814 2756 2127 2820 concupiii.

548 2831 688 2883 lianc
719 2843 876 2883 unam
921 2829 1081 2896 petii,
1131 2835 1267 2880 hanc
1307 2828 1593 2895 requiram.
1629 2826 1694 2880 Et
1729 2828 1881 2893 quasi
1924 2825 2129 2880 dicere-

551 2916 711 2954 lltlh:
744 2900 879 2967 Quid
915 2900 1005 2951 tibi
1055 2900 1290 2952 tacturus
1327 2900 1424 2952 es?
1453 2898 1531 2951 Ad
1575 2896 1698 2966 quid
1732 2898 1832 2950 hoc
1864 2897 2033 2965 petis?
2063 2897 2129 2951 Ut

548 2973 749 3024 uideam
797 2970 1015 3040 (inquit)
1060 2970 1361 3022 voluntatem
1403 2967 1641 3040 Domini,
1674 2975 1720 3020 et
1764 2968 1958 3021 oisitem
1984 2978 2134 3040 item-

549 3046 695 3112 plum
724 3039 857 3112 ejus.
891 3048 1026 3096 ιιϋιέ
1053 3040 1195 3112 quod
1233 3053 1375 3093 amo.
1419 3039 1558 3093 Ecce
1598 3053 1777 3112 quare)
1810 3040 1949 3112 volui
1971 3039 2132 3112 habi-

550 3109 662 3168 tare
692 3109 932 3166 in'domo
976 3109 1214 3176 Domini,
1259 3121 1315 3164 ut
1342 3118 1368 3146 ι
1398 3111 1708 3179 contempler
1745 3110 2132 3165 delectationem

546 3188 680 3256 ejus.
710 3184 873 3237 Video
897 3183 1038 3237 enim
1061 3196 1206 3256 iiunc
1236 3197 1327 3256 per
1348 3181 1624 3256 speculum
1648 3182 1783 3256 etin
1808 3182 2128 3251 teniginate:

548 3250 677 3309 t'iinc
716 3266 894 3308 autem
944 3254 1103 3323 118
1146 3254 1282 3306 [acie
1311 3250 1389 3305 ad’
1420 3252 1632 3306 l‘aciem.
1675 3250 1827 3307 Nunc
1869 3250 1934 3307 es
1983 3266 2131 3321 parte

550 3341 837 3396 cognosco,
880 3335 1005 3396 tunc
1041 3333 1220 3377 autem
1256 3338 1574 3393 cognoscam
1612 3323 1758 3396 sicut
1791 3334 1844 3377 et
1887 3324 2131 3396 cognitus

544 3394 663 3451 sum
692 3397 770 3463 (l.
795 3397 911 3449 Cor.
940 3394 1074 3461 13.).
1103 3396 1243 3449 Bene
1264 3405 1441 3448 autem
1465 3396 1569 3461 ait,
1597 3403 1643 3447 et
1669 3394 1863 3447 visitem
1886 3395 2131 3463 templum

547 3483 690 3538 eius;
721 3482 841 3537 qua
868 3466 1141 3538 illabeata
1176 3468 1309 3520 vis.o
1341 3480 1445 3519 non
1487 3466 1812 3535 implebitnr,
1840 3470 2020 3538 nisiin
2052 3482 2131 3519 Vl-

549 3536 702 3592 sio.ic
732 3538 915 3604 templi
962 3536 1088 3603 Dei,
1121 3539 1263 3605 quod
1297 3551 1443 3591 rec:e
1471 3547 1526 3591 et
1564 3541 1780 3589 domum
1815 3536 2053 3590 nominat
2077 3545 2134 3591 et

552 3610 833 3676 templum.
859 3609 1053 3661 Domus
1074 3608 1290 3673 dicitur,
1313 3624 1377 3660 eo
1401 3608 1541 3675 quod
1567 3607 1837 3660 habitatur
1856 3624 1886 3660 a
1908 3608 2127 3663 sanctis.

548 3679 834 3748 Templum
854 3720 869 3742 ,
898 3693 964 3732 eo
987 3679 1125 3746 quod
1164 3679 1233 3731 ibi
1266 3678 1451 3732 laudes
1481 3677 1710 3732 Domino
1733 3679 2130 3747 persolvuntur.

551 3748 618 3804 L‘t
642 3766 817 3804 autem
844 3750 970 3804 illuc
1001 3750 1337 3818 perveniam,
1370 3751 1510 3803 unde
1554 3750 1684 3803 inihi
1716 3749 2007 3817 promitto:
2037 3766 2129 3805 se-

460 3830 461 3833 ‘
550 3822 730 3890 quitur
751 3829 802 3874 et
826 3821 988 3885 dicit,

621 3893 675 3947 5.
712 3892 965 3958 Quoniam
993 3891 1255 3944 abscondit
1285 3906 1363 3944 me
1390 3890 1444 3943 in
1465 3893 1791 3945 tabernaculo
1821 3905 1936 3957 suo,
1963 3891 2016 3945 in
2044 3893 2133 3947 die

547 3965 845 4035 malorum:
871 3964 1091 4035 protexit
1132 3978 1210 4015 me
1244 3962 1299 4016 in
1327 3962 1625 4035 abscondita
1672 3962 1985 4035 tabernaculi
2026 3969 2128 4020 sui.

550 4037 676 4094 Dies
718 4033 980 4089 malorum
1030 4047 1266 4105 praesens
1296 4034 1405 4086 vita
1435 4043 1553 4098 est,
1585 4036 1635 4088 in
1664 4050 1765 4105 qua
1799 4033 1859 4087 lit
1903 4034 2127 4091 malum.

552 4107 706 4161 l‘iide
747 4104 1184 4175 Apostolusiait,
1219 4104 1562 4175 ltedimentcs
1609 4104 1838 4174 tempus,
1878 4111 2129 4175 quoniam

546 4180 666 4232 dies
696 4177 819 4231 mali
848 4185 971 4229 sunt
998 4174 1213 4246 (Ephes.
1240 4176 1341 4244 5.).
1371 4174 1799 4230 Tabernaculnm
1833 4174 1917 4231 est
1948 4180 2133 4234 Eccle-

548 4253 626 4306 sia
661 4260 917 4317 priesens,
949 4247 1002 4301 iii
1044 4260 1147 4314 qua
1168 4249 1504 4317 “militamus.
1535 4248 1757 4315 Accepit
1784 4248 1852 4303 de
1898 4247 2000 4303 isto
2044 4260 2129 4304 ta-

551 4316 845 4375 bernaculo
889 4332 1106 4372 carnem
1158 4316 1325 4372 Filius
1369 4317 1496 4383 Dei,
1539 4326 1591 4371 et
1640 4317 1813 4372 lactus
1840 4329 1924 4373 est
1974 4322 2130 4377 nobis

3724 314 3823 369 ’ἵιῦ

2230 411 2379 468 enim
2402 426 2432 467 a
2463 414 2710 479 mni-tuis,
2740 421 2797 467 et
2822 410 2977 467 sedet
3000 412 3067 467 ad
3092 411 3370 469 dexteram
3401 415 3584 473 Patris
3616 420 3671 474 in
3693 425 3826 475 caelo

2234 482 2451 564 (Epiros.
2482 483 2734 564 Marc.
2761 482 2901 553 16.).
2927 482 3216 564 goiiﬁdaiit
3256 499 3391 559 ergo
3439 490 3688 545 membra
3732 508 3826 548 nec

2234 558 2459 630 timeant
2480 554 2760 630 inimicos:
2779 568 2909 630 cum
2919 554 3032 623 jam
3046 568 3193 608 nunc
3206 554 3371 625 super
3382 572 3478 613 eos
3497 573 3659 630 caput
3675 576 3823 617 suum

2230 626 2447 680 videant
2474 628 2787 679 exaltatum.
2816 625 2915 680 Ubi
2937 630 3081 679 enim
3107 639 3265 696 caput
3288 638 3394 695 est,
3419 631 3492 686 ibi
3509 625 3825 688 etvniemhra

2225 707 2477 750 secutura
2511 706 2659 750 sunt.
2691 697 2891 750 Sumus
2918 705 2973 750 et
2996 712 3092 750 nos
3114 710 3236 751 cum
3257 699 3353 752 illo
3379 714 3621 756 sursum.
3651 703 3741 757 Est
3769 715 3821 759 ct

2231 767 2320 840 ille
2337 766 2931 840 nobiscunideorsum.
2959 767 3097 821 Ecce
3125 769 3283 836 quale
3313 770 3510 840 pignus
3538 773 3824 830 habemus.

2233 837 2387 892 Unde
2416 852 2467 912 ei
2496 853 2593 891 nos
2613 837 2724 912 lide
2742 848 2798 892 et
2824 854 2919 905 spe
2949 848 3004 891 et
3024 842 3252 894 caritate
3278 837 3403 895 cum
3432 844 3611 912 capite
3643 857 3825 899 nostro

2230 922 2419 982 sumus
2440 909 2494 962 in
2524 909 2743 982 amiciti
2776 920 3035 982 attentum
3064 925 3077 960 :
3110 914 3233 979 quia
3261 922 3318 965 et
3361 909 3539 982 ipsum
3566 917 3821 982 bonitate,

2227 981 2540 1045 divinitate,
2576 980 2789 1055 unitate
2831 979 3111 1055 nobiscum
3142 985 3341 1055 estin
3373 979 3515 1055 terra
3565 1000 3738 1055 uSque
3778 979 3827 1042 ιιι

2226 1052 2752 1105 consummationem
2776 1050 2962 1106 saiculi
2990 1049 3204 1121 (Matth.
3230 1054 3351 1122 ‘28.)
3380 1054 3537 1110 Unde
3566 1057 3615 1112 ei
3644 1049 3824 1111 laudes

2232 1122 2592 1199 et__sacrit‘icia
2642 1136 2749 1199 non
2794 1130 2988 1199 cessat
3020 1123 3299 1199 iin_ni_olare
3352 1126 3593 1199 Ecclesia
3639 1126 3824 1199 (Paul.

2233 1192 2405 1265 “5.).
2435 1194 2563 1248 ldeo
2601 1192 2902 1263 subiungit,
2929 1191 3152 1265 Circaivi
3186 1204 3236 1248 et
3266 1197 3526 1250 immolavi
3561 1199 3614 1251 in
3646 1191 3825 1252 ‘tabers

2233 1264 2421 1317 naculo
2461 1266 2571 1334 ejus
2615 1265 2837 1336 hostium
2883 1264 3261 1336 uociferationis
3284 1281 3310 1320 ς
3339 1268 3561 1321 cantabo
3591 1278 3638 1320 et
3689 1272 3825 1336 psal-

2233 1351 2371 1388 mum
2401 1336 2571 1388 dicam
2600 1335 2844 1390 Domino.
2888 1334 3240 1390 Consideravi
3283 1338 3443 1392 lidetn
3475 1338 3628 1393 orbis
3660 1334 3823 1394 terra-

2233 1421 2385 1479 rum,
2420 1409 2608 1476 iii-qua
2636 1407 2932 1461 exaltatum
2975 1414 3057 1479 est
3086 1416 3247 1479 caput
3285 1423 3499 1476 meum,
3531 1425 3695 1479 super
3734 1427 3823 1465 eos

2232 1478 2461 1549 quiime
2507 1475 2983 1549 persequebantur.
3015 1475 3083 1530 Et
3112 1477 3163 1531 in
3215 1480 3331 1547 ipso
3376 1475 3744 1549 tabernaculo,
3774 1483 3824 1538 id

2232 1557 2315 1601 est
2342 1548 2395 1602 in
2429 1548 2665 1603 Ecclesia
2695 1555 2809 1602 toto
2838 1547 2971 1603 orbe
3004 1556 3268 1603 terrarum
3313 1549 3541 1617 diﬁ'usa,
3568 1550 3700 1606 tOtis
3730 1547 3822 1607 Vvi-

2233 1617 2381 1673 ribus
2426 1619 2975 1691 laudaviHDominuin.
3008 1617 3320 1691 Yiicilerare
3347 1632 3433 1675 est
3478 1623 3683 1691 ingenti
3716 1624 3820 1677 vir-

2235 1696 2349 1744 tute
2379 1704 2568 1745 vocem
2595 1688 2813 1745 efferre.
2847 1688 3189 1744 lmmolanius
3222 1691 3332 1746 Deo
3364 1688 3596 1747 hostiam
3624 1695 3820 1750 vocite-

2235 1761 2457 1815 rationis
2483 1759 2661 1830 (Paul.
2686 1760 2859 1830 “8.),
2881 1759 3096 1829 quando
3119 1763 3168 1814 ei
3190 1760 3385 1818 laudes
3406 1764 3685 1819 olieiimus
3705 1781 3819 1819 cum

2162 1807 2209 1870 Β
2234 1807 2749 1906 insidiae—(61566
2762 1807 3020 1906 ὲὶᾜῌῐῆ
3026 1807 3169 1906 ὗριῖἐ
3191 1807 3397 1906 Qui;
3408 1807 3684 1889 157.35"
3683 1807 3817 1906 ιιῖἶόξι

2235 1900 2343 1974 ait,
2370 1900 2598 1956 Cantabo
2626 1912 2675 1956 et
2717 1904 2971 1974 psalmum
3015 1902 3216 1968 dicam,
3251 1904 3609 1974 frequentiam
3654 1900 3815 1962 divini

2235 1972 2518 2046 ministerii
2553 1975 2806 2046 insinuat.
2834 1972 3037 2046 Cantus
3066 1975 3298 2041 pertinet
3329 1972 3395 2030 ad
3432 1977 3815 2046 jocunditateia

2232 2041 2430 2110 laudis,
2460 2044 2702 2099 Psalinus
2724 2058 2850 2098 vero
2878 2044 2945 2097 ad
2974 2046 3298 2101 exercitium
3332 2041 3458 2101 boui
3496 2052 3699 2116 operis.
3730 2049 3819 2104 Sic

2235 2128 2316 2168 est
2356 2117 2472 2169 laus
2516 2127 2698 2170 nostra
2743 2118 2852 2169 lleo
2897 2116 3263 2183 acceptabilis,
3305 2116 3351 2171 si
3392 2131 3544 2184 voce,
3579 2120 3743 2174 corde
3768 2131 3820 2175 et

2233 2201 2401 2254 opere
2430 2186 2710 2258 laudemus
2735 2200 2879 2241 eum.
2905 2184 3110 2241 Deinde
3138 2188 3373 2257 postulat
3402 2197 3461 2243 ut
3480 2193 3814 2258 exaudiatur,

2234 2272 2358 2310 cum
2387 2257 2683 2327 subiungit,

2306 2328 2359 2381 7.
2396 2327 2634 2395 Exaudi,
2687 2327 2924 2389 Domine,
2959 2343 3132 2381 vocem
3170 2344 3337 2383 meum
3373 2345 3472 2399 qua
3501 2330 3720 2386 clamavi
3751 2343 3817 2387 ait

2233 2406 2302 2462 te,
2338 2400 2571 2453 miserere
2599 2399 2696 2453 mei
2715 2442 2730 2465 ,
2758 2407 2806 2451 et
2834 2400 3022 2452 exaudi
3050 2415 3147 2454 me.
3171 2400 3463 2456 Geniamus
3493 2405 3677 2469 modo,
3704 2418 3817 2459 ore-

2235 2484 2356 2524 mus
2388 2475 2567 2525 modo.
2600 2470 2844 2526 Gemitus
2876 2485 2981 2523 non
3011 2478 3095 2525 est
3125 2474 3225 2527 nisi
3256 2473 3575 2527 miserorum
3596 2516 3610 2539 ,
3642 2477 3817 2530 Ui'atio

2236 2551 2450 2595 nonest
2486 2543 2587 2596 nisi
2639 2542 3014 2611 indigentium.
3046 2543 3291 2598 'l'ransiet
3335 2546 3533 2609 oratio,
3564 2549 3816 2601 succedet

2233 2611 2487 2666 laudatio.
2512 2613 2671 2684 119
2692 2612 2938 2685 Ti'ansiet
2962 2613 3137 2685 lletus,
3160 2614 3414 2668 succedet
3434 2617 3709 2685 gaudium.
3738 2623 3818 2672 In.

2236 2685 2388 2736 terim
2421 2697 2603 2752 modo,
2635 2684 2849 2752 quando
2872 2684 2924 2735 in
2948 2684 3136 2739 diebus
3167 2688 3432 2739 malorum
3473 2702 3683 2753 sumus,
3715 2706 3815 2743 non

2230 2762 2409 2807 cesset
2451 2765 2623 2809 oratio
2671 2761 2853 2826 nostra
2900 2754 3217 2826 ad_Dcuin,
3258 2771 3289 2810 a
3328 2770 3434 2826 quo
3466 2772 3624 2811 unam
3670 2761 3814 2814 illam

2237 2836 2499 2892 petamus.
2530 2826 2595 2878 Et
2617 2827 2683 2879 ab
2702 2823 2821 2893 ipsa
2853 2822 3001 2892 petiti
3024 2845 3106 2881 inc
3137 2822 3241 2893 non
3272 2822 3618 2891 desistainus,
3647 2833 3816 2885 donec

2242 2894 2309 2948 ad
2342 2896 2517 2962 iilam,
2549 2896 2640 2949 illo
2667 2897 2902 2967 donante
2940 2910 3001 2947 ac
3045 2899 3388 2965 perducente,
3422 2898 3815 2967 perveniamus,

2233 2968 2494 3019 liniantur
2520 2981 2708 3021 omnes
2746 2965 3085 3036 cupiditates,
3130 2984 3235 3022 una
3276 2973 3329 3025 in
3372 2971 3536 3025 corde
3578 2973 3649 3025 sit
3675 2982 3732 3028 et
3767 2965 3817 3027 in

2161 3013 2207 3076 C
2233 3013 3063 3104 555.7151}.1;;."i31.a‘e'zt‘.;.m{
3058 3013 3177 3093 iiii-"3

2303 3106 2357 3160 8.
2404 3108 2522 3160 ’l'ibi
2710 3124 2799 3163 cor
2832 3122 3027 3177 meum,
3072 3110 3339 3180 exquisivit
3382 3124 3429 3166 te
3470 3112 3628 3180 facies
3669 3130 3817 3171 mea:

2233 3179 2418 3248 faciem
2445 3189 2584 3231 luant
2615 3179 2755 3233 Deus
2784 3180 3064 3247 requiram.
3095 3179 3169 3236 Ac
3211 3185 3254 3237 si
3284 3179 3675 3248 dicat,’Uratio
3704 3203 3812 3241 inea

2228 3265 2338 3324 non
2369 3253 2421 3324 in
2449 3251 2580 3304 solis
2608 3252 2761 3305 labiis
2792 3261 2907 3324 est,
2940 3254 3035 3307 sed
3078 3254 3238 3307 corde
3269 3257 3500 3322 prolata.
3537 3251 3816 3324 Exquisivit

2228 3329 2280 3373 te
2308 3321 2465 3390 [acies
2491 3337 2632 3387 utea,
2666 3323 2832 3385 idest,
2862 3323 3088 3377 intentio
3128 3340 3243 3378 mea
3259 3321 3283 3389 ,ί
3308 3326 3436 3379 lides
3470 3340 3588 3379 mea
3608 3321 3643 3392 ,⁷
3670 3344 3815 3383 mens

2234 3406 2351 3446 mea
2370 3431 2387 3459 ,
2420 3393 2474 3445 in
2502 3407 2606 3462 qua
2637 3406 2724 3446 me
2750 3398 3031 3462 engiioscis
3057 3412 3067 3445 :
3106 3397 3288 3465 {aciein
3317 3404 3455 3448 tuam
3488 3395 3626 3451 Deus
3662 3403 3819 3467 requi-

2232 3478 2373 3540 rain1
2400 3473 2511 3540 i\_on
2538 3468 2833 3540 honorent,
2855 3481 2970 3540 non
3001 3468 3221 3533 gloriam
3240 3507 3256 3533 ,
3286 3481 3390 3540 ιιοιι
3422 3469 3639 3522 divitias
3669 3486 3812 3540 qua:-

2234 3532 2313 3599 ω’,
2347 3532 2515 3604 facies
2554 3543 2679 3599 tua,
2728 3532 3065 3603 pulchrnudo
3097 3545 3218 3604 tua,
3242 3532 3388 3592 'visio
3434 3548 3522 3592 tua
3570 3532 3700 3593 ιιιειιῖ
3740 3559 3770 3597 e
3796 3552 3819 3597 t

2234 3605 2287 3659 in
2320 3603 2609 3659 desiderio.

2303 3678 2359 3731 9.
2390 3675 2514 3730 Non
2540 3686 2736 3731 avertas
2760 3677 2950 3746 [aciem
2971 3686 3111 3731 tuam
3130 3695 3163 3732 ιι
3191 3695 3286 3745 me,
3319 3696 3382 3734 ne
3414 3680 3637 3736 declinis
3666 3683 3717 3735 in
3742 3685 3819 3738 ira

2233 3762 2268 3799 ιι
2288 3763 2434 3801 servo
2454 3757 2579 3822 tuo.
2613 3746 2771 3822 Forte
2819 3751 2893 3822 ab
2922 3751 3189 3819 aliquibus
3215 3752 3453 3805 declinat
3477 3766 3584 3805 non
3618 3771 3667 3808 in
3707 3758 3778 3808 ira
3799 3794 3815 3822 ,

2232 3821 2502 3887 quomodo
2539 3833 2571 3873 a
2601 3821 2955 3887 quibusdam,
2991 3825 3081 3890 qui
3125 3822 3197 3876 illi
3239 3822 3457 3886 dicunt,
3493 3824 3698 3880 Aveite
3738 3821 3817 3879 la;

2234 3894 2369 3943 ciem
2399 3901 2541 3944 tuam
2585 3905 2616 3943 a
2661 3891 2894 3959 peccatis
2942 3894 3078 3946 meis
3127 3892 3301 3961 (Psal.
3330 3890 3467 3963 5a.).
3516 3893 3743 3961 Quanuo
3787 3914 3816 3953 a

2236 3964 2467 4029 peccatis
2501 3963 2604 4014 tuis
2629 3970 2825 4015 avertt
2870 3964 3058 4017 faciem
3101 3979 3292 4029 suam,
3334 3979 3439 4018 non
3485 3966 3536 4019 in
3589 3970 3664 4020 ira
3699 3987 3726 4019 a
3769 3980 3817 4024 te

2235 4040 2487 4086 declinat.
2518 4039 2738 4086 Avertat
2763 4048 2911 4106 ergo
2944 4034 3134 4089 faciem
3166 4049 3316 4089 suam
3348 4049 3378 4088 a
3425 4039 3659 4106 peccatis
3692 4050 3812 4105 tuis,

2234 4106 2329 4158 sed
2358 4118 2464 4158 non
2504 4114 2711 4175 avertat
2756 4103 2944 4159 faciem
2975 4121 3125 4159 suam
3152 4122 3181 4159 a
3208 4117 3279 4161 te.
3314 4108 3394 4160 Ira
3426 4103 3550 4175 eius
3593 4126 3696 4163 uon
3739 4103 3819 4165 est

2235 4174 2336 4228 nisi
2364 4174 2580 4229 aversio
2609 4177 2785 4229 vultus
2811 4176 2947 4245 ejus.
2980 4178 3200 4245 Adjutor
3230 4192 3369 4232 meus
3397 4174 3545 4231 esto:
3577 4197 3641 4233 ne
3678 4180 3818 4234 dere-

2235 4246 2440 4313 linquas
2466 4261 2561 4310 me,
2593 4261 2755 4316 neque
2781 4248 3035 4316 despicias
3065 4263 3163 4313 me,
3203 4246 3344 4302 Deus
3374 4250 3621 4304 salutaris
3658 4267 3816 4307 meus.

2237 4316 2375 4370 Ecce
2412 4317 2583 4388 invia
2619 4332 2780 4388 sum:
2815 4319 2977 4379 petivi
3012 4333 3041 4371 a
3084 4331 3136 4372 te
3167 4335 3357 4388 unam,
3404 4323 3634 4375 i.Dt.’t'llltl
3676 4327 3817 4377 arbi-

550 4390 923 4465 abscondittiin
951 4388 1302 4465 tabernaculi.
1333 4389 1633 4465 Abscoiidit
1661 4406 1755 4443 nos
1792 4388 1845 4465 in
1877 4391 2132 4465 taberna-
2164 4403 2209 4465 ο
2238 4389 2438 4465 trium:
2474 4387 2666 4465 habeo.
2697 4387 2863 4465 licem
2894 4404 3014 4458 qua:
3040 4403 3213 4465 agere
3227 4392 3449 4465 debeam
3469 4432 3483 4455 ,
3512 4406 3817 4465 CDgIIOsCiiS

553 4462 675 4515 enlo
707 4475 800 4528 per
826 4460 1013 4525 tidem,
1043 4457 1274 4528 protegit
1302 4472 1399 4528 nos
1428 4459 1480 4511 in
1508 4459 1725 4513 Christo
1754 4460 1821 4512 ad
1861 4463 2085 4515 salutem
2116 4482 2129 4517 :

555 4532 673 4586 Filii
710 4527 813 4584 ’llei
841 4527 1054 4596 sumus,
1080 4528 1172 4583 sed
1205 4527 1440 4583 nondum
1481 4540 1705 4598 apparet
1751 4532 1891 4597 quod
1929 4532 2133 4590 erimus

556 4604 631 4673 (ι.
658 4599 815 4655 Joan.
845 4601 947 4669 3.).
979 4602 1077 4655 l’er
1107 4598 1263 4673 [idem
1285 4601 1428 4673 enim
1452 4602 1808 4673 ambulamus,
1834 4611 1889 4656 et
1909 4619 2014 4656 non
2042 4623 2135 4673 per

551 4671 810 4742 speciem.
840 4673 1030 4725 Morini
1063 4680 1193 4725 estis
1219 4671 1335 4742 (ait
1363 4672 1678 4742 ApOStolus)
1710 4677 1765 4742 et
1802 4675 1907 4727 vita
1952 4671 2126 4730 vestra

552 4740 863 4797 abscondita
899 4751 981 4796 cst
1025 4740 1403 4813 οιιιιινϋίιιιὶξιο
1432 4741 1484 4795 in
1520 4743 1629 4797 Deo
1678 4740 1899 4813 (Coloss.
1931 4744 2032 4812 3.).
2063 4749 2129 4801 Et

544 4817 671 4880 quia
701 4814 777 4866 sic
807 4828 904 4866 nos
933 4811 1212 4865 abscondit
1239 4826 1267 4862 a
1300 4811 1462 4877 vitiis,
1489 4822 1544 4866 et
1575 4811 1802 4881 protegit
1830 4816 1882 4868 in
1913 4811 2127 4872 Christo

546 4886 717 4962 Dens,
751 4893 809 4936 ut
838 4884 891 4935 in
927 4886 1044 4952 ipso
1072 4895 1167 4935 nos
1196 4882 1393 4936 ettaltet
1419 4883 1486 4939 ad
1518 4884 1739 4939 virtutes
1768 4900 1785 4944 ς
1817 4895 1964 4943 recte
1998 4890 2126 4943 sub-

544 4958 742 5021 jungit,

824 5032 969 5099 petra
1001 5022 1252 5099 exaltabit
1290 5039 1388 5089 me,
1415 5032 1481 5099 uel
1518 5041 1655 5099 nunc
1697 5027 1939 5099 exaltabit
1977 5040 2130 5099 caput

542 5110 716 5146 meum
758 5109 911 5161 super
940 5094 1171 5146 inimicos
1202 5110 1358 5149 meos.
1410 5098 1661 5151 Dominus
1687 5097 1841 5153 Jesus
1884 5094 2128 5156 Christus

542 5176 598 5239 et
639 5174 788 5239 petra
817 5176 1018 5239 es1,_et
1059 5174 1228 5239 caput
1261 5166 1335 5234 (l.
1365 5165 1482 5239 Cor.
1511 5168 1596 5221 to.
1628 5169 1817 5237 Eplies.
1849 5169 1900 5222 1.
1927 5178 1973 5224 et
2018 5171 2124 5239 2.).

552 5234 627 5310 De
653 5237 923 5310 liacupetra
946 5236 1058 5310 ipse
1083 5236 1337 5289 Dominus
1356 5238 1457 5310 ait,
1484 5239 1550 5292 Et
1572 5234 1734 5309 super
1758 5244 1897 5295 hanc
1924 5234 2127 5310 petram

551 5304 1139 5381 aedilicabo‘Ecclesiam
1168 5321 1338 5381 ineant
1364 5304 1577 5377 (Matth.
1605 5304 1738 5379 18.).
1766 5312 1822 5365 ln
1853 5304 1953 5365 hac
1979 5322 2129 5381 petra

552 5378 775 5432 liriniter
815 5376 1037 5448 fundata
1068 5379 1332 5431 exaltalur
1357 5380 1424 5434 de
1465 5382 1664 5436 mundo
1690 5376 1756 5435 ad
1796 5376 2022 5448 caelum,
2058 5384 2127 5438 de

550 5448 762 5502 diabolo
792 5449 857 5500 ad
894 5447 1170 5501 Dominum
1201 5466 1214 5502 :
1251 5450 1338 5504 ubi
1365 5459 1419 5505 et
1463 5466 1603 5506 nunc
1630 5453 1755 5506 dum
1805 5461 2045 5507 moratur
2072 5464 2128 5509 et

551 5519 754 5572 laborat
779 5532 975 5591 corpus
1004 5519 1158 5591 inter
1197 5519 1443 5576 inimicos
1489 5524 1540 5576 in
1597 5533 1768 5587 terra,
1805 5522 1916 5591 jani
1966 5533 2129 5591 caput

550 5603 739 5656 suum,
787 5586 954 5654 ideSt,
996 5586 1266 5645 Christum
1311 5594 1636 5661 exaltatum,
1668 5586 1830 5659 dicit,
1878 5586 2127 5648 Surrexit

624 5741 648 5768 ⁸
674 5733 845 5803 AVetus
883 5734 996 5786 hinc
1023 5734 1234 5789 varians
1262 5735 1420 5789 lectio
1457 5743 1570 5799 est,
1598 5748 1757 5803 quam
1794 5733 2120 5802 Augustinus

554 5800 799 5872 prielert,
833 5803 946 5858 sive
973 5804 1041 5859 de
1068 5820 1165 5860 suo
1191 5807 1463 5861 substituit
1488 5821 1582 5875 pro
1615 5800 1813 5873 iet-bis,
1846 5800 1898 5857 οιῐ
1924 5805 2122 5860 videam

2240 4461 2334 4534 sed
2375 4460 2492 4512 sine
2524 4470 2573 4511 te
2615 4458 2745 4511 nihil
2788 4475 2945 4534 agere
2974 4458 3125 4515 valeo
3158 4459 3340 4532 (Joan.
3372 4461 3507 4534 15.).
3539 4458 3668 4518 Esto
3692 4480 3817 4534 ergo

2237 4528 2454 4599 adjutnr
2483 4544 2654 4591 incus,
2684 4539 2741 4604 ut
2768 4528 3036 4598 pmliciam
3064 4549 3078 4584 :
3114 4528 3215 4587 nec
3246 4547 3329 4587 me
3356 4528 3723 4604 dereiinquas,
3754 4528 3816 4591 ne

2241 4608 2429 4675 cadam
2451 4616 2469 4651 :
2501 4616 2673 4675 neque
2694 4602 2879 4675 despic
2901 4615 2960 4655 as
2988 4619 3092 4668 me,
3119 4617 3185 4658 ne
3207 4618 3423 4673 peream
3452 4621 3465 4656 :
3491 4602 3633 4675 quod
3659 4608 3817 4662 debes

2241 4671 2441 4743 lacere,
2474 4674 2596 4741 quia
2625 4681 2678 4724 tu
2710 4674 2849 4725 Deus
2876 4688 3025 4725 tuens
3051 4688 3131 4736 es,
3158 4671 3247 4743 qui
3274 4690 3359 4729 ine
3395 4671 3591 4730 creasti
3612 4716 3628 4743 ,
3656 4687 3710 4732 et
3737 4692 3819 4732 Sa-

2235 4741 2424 4796 lutaris
2449 4756 2619 4807 meus,
2644 4743 2735 4813 qui
2752 4759 2839 4799 me
2862 4743 3160 4799 redemisn.
3177 4741 3300 4800 Non
3326 4748 3499 4801 habeo
3519 4741 3816 4817 adjutorem

2234 4822 2383 4867 extra
2413 4822 2483 4867 te.

2310 4885 2396 4939 10.
2433 4884 2692 4959 Quoniam
2730 4893 2873 4954 pater
2899 4901 3039 4940 meus
3086 4896 3131 4941 et
3171 4896 3339 4941 mater
3378 4903 3493 4943 mea
3536 4889 3818 4959 derelique-

2235 4965 2355 5030 rstnl
2384 4971 2483 5022 me,
2518 4955 2769 5030 Dominus
2792 4966 2963 5030 autem
2989 4962 3261 5028 assumpsit
3294 4975 3391 5012 me.
3425 4962 3678 5030 Exceptis
3708 4955 3751 5015 il
3775 4961 3817 5016 is

2234 5026 2443 5080 duobus
2485 5027 2816 5094 parentibus,
2846 5028 2915 5081 de
2943 5026 3170 5097 quorum
3215 5044 3377 5085 carne
3426 5033 3536 5084 nati
3576 5026 3767 5085 sumus
3801 5049 3816 5085 :

2235 5099 2496 5153 habemus
2529 5101 2614 5151 hic
2654 5097 2816 5151 alium
2864 5107 3099 5166 patrem,
3134 5110 3189 5152 et
3233 5100 3389 5156 aliam
3435 5110 3696 5166 matrem,
3732 5109 3813 5158 vel

2236 5169 2412 5234 potius
2445 5170 2745 5223 habuimus.
2772 5168 2930 5223 Pater
2957 5176 3252 5225 secundum
3282 5174 3541 5227 sazculum
3571 5172 3820 5228 diabolus

2231 5248 2315 5293 est
2339 5237 2518 5309 (Jaan.
2549 5237 2653 5308 8.),
2680 5249 2735 5293 et
2764 5241 2861 5311 fuit
2891 5244 3042 5296 nobis
3074 5252 3240 5311 pater,
3273 5256 3395 5296 cum
3425 5258 3671 5299 essemus
3703 5244 3816 5297 inli-

2232 5312 2402 5384 deles.
2433 5312 2586 5384 Nam
2609 5310 2741 5384 dicit
2784 5310 3044 5365 Dominus
3076 5310 3423 5380 inﬁdelibus,
3462 5315 3566 5368 Vos
3605 5331 3634 5368 a
3666 5330 3814 5384 pane

2234 5382 2445 5436 diabolo
2490 5381 2620 5435 estis
2648 5378 2913 5450 (Ibidem).
2945 5384 3048 5437 Iste
3072 5395 3155 5439 est
3185 5394 3333 5451 pater
3358 5378 3596 5439 omnium
3628 5378 3814 5451 iiiipio-

2235 5401 2445 5436 uiauoiu
2490 5401 2620 5435 esus
2648 5401 2913 5450 μυιιιεηι).
2945 5401 3048 5437 iste
3072 5401 3155 5439 eat
3185 5401 3333 5451 pater
3358 5401 3596 5439 omnium
3628 5401 3698 5437 iiii
3744 5403 3812 5439 io-

2235 5468 2386 5527 rutn,
2421 5461 2810 5527 ipserperatur
2850 5455 2900 5527 iu
2952 5455 3074 5509 liliis
3123 5453 3435 5510 dil'lidentia:
3466 5401 3812 5527 (Ep/t88.§.).

2233 5525 2401 5596 Mater
2422 5535 2499 5576 est
2524 5524 2610 5577 illa
2635 5522 2921 5593 Babylonia
2944 5527 3180 5580 societas
3202 5528 3439 5581 omnium
3465 5522 3813 5596 perditorum,

2232 5599 2299 5650 ab
2323 5594 2531 5650 oriente
2560 5608 2727 5665 usque
2754 5610 2808 5649 in
2837 5597 3194 5651 occidentem.
3241 5598 3358 5667 ipsa
3405 5594 3568 5653 habet
3596 5611 3811 5669 regnum

2231 5736 2569 5859 υοιιιιῖιαῦεηκ
2598 5734 2692 5791 alii
2721 5734 2842 5792 libri
2872 5750 2993 5792 cum
3020 5735 3243 5813 Vulgato
3269 5734 3560 5808 lnterprete
3587 5738 3814 5810 roluplu-

2232 5818 2327 5859 teut
2379 5822 2425 5858 ia
2469 5816 2575 5859 cut.

2232 5818 2327 5860 teut
2361 5816 2575 5861 habent.
