4128 6360
609 292 712 347 753

1662 281 1913 339 RUFINO
1952 276 2403 339 PRESBYTERO
2440 278 2822 339 ASCRIPTUS

3791 290 3880 349 714

608 401 995 461 “ardentibus:
1022 400 1146 472 quia
1178 397 1923 472 maximusdescensusesta
1956 397 2063 450 Deo
2091 399 2183 449 «ια.
2218 400 2263 456 Α
2296 397 2533 451 fecerunt
2581 398 2633 451 in
2686 407 2912 472 mortem
2957 396 3204 472 Domini?
3233 396 3366 454 Cum
3406 400 3632 468 apponit
3682 417 3879 459 manuni

606 478 775 539 ciare,
806 484 859 530 et
886 488 946 528 se
985 468 1053 527 ad
1095 471 1251 543 hujus
1282 470 1461 543 mundi
1494 468 2054 543 iiiiseria_s_iiicliii:ire.
2089 473 2185 521 As-

605 562 800 601 census
830 560 975 607 vero,
1008 539 1205 599 relictis
1236 542 1319 595 his
1358 540 1608 603 miseriis,
1651 539 1716 591 ad
1750 539 1890 593 bona
1923 550 2182 608 perpetua

608 618 888 672 festiuare.
920 614 1044 669 Ideo
1065 612 1367 682 subjungit:

676 686 731 739 ἓ.
766 685 1003 748 Exaudi,
1036 680 1464 746 Doiitine,’rocem
1498 680 1871 748 deprecationis
1913 695 2036 733 mete
2063 680 2189 733 dum

607 774 699 811 otio
726 759 794 811 ad
820 767 886 824 te,
920 757 1044 809 dum
1062 753 1279 808 extollo.
1299 767 1482 824 manus
1510 753 1748 824 measuad
1776 752 2025 824 letttpltmt
2062 768 2188 824 san-

606 838 743 881 ctum
772 820 937 883 tuum.
975 825 1087 879 Duo
1113 823 1425 893 praetendit,
1455 838 1550 889 pro
1576 822 1769 891 quibus
1806 820 2189 893 digneidebeat

606 897 878 964 exaudiri,
905 892 1297 958 dicens,Ditm,
1328 893 1495 959 idest,
1522 893 1640 964 quia
1670 908 1760 946 oro
1785 896 1851 964 ad
1877 902 1940 946 te.
1974 892 2187 964 thuia

612 969 807 1023 extollo
852 961 1040 1021 manus
1083 979 1230 1020 meas
1274 965 1324 1019 iu
1363 979 1545 1027 cruce,
1576 963 1643 1017 ad
1685 963 1975 1031 templum,
2016 961 2185 1028 idest,

612 1038 908 1094 Ecclesium
940 1037 1385 1101 construendam,
1418 1045 1475 1088 ut
1519 1034 1589 1088 sit
1637 1035 1897 1099 templum
1944 1044 2188 1088 sanetum

610 1107 730 1163 Dei.
764 1108 1007 1177 Magnum
1054 1107 1303 1161 meritum
1353 1104 1709 1177 exauditionis
1752 1103 1849 1158 fuit
1896 1104 2189 1177 incariizitio

606 1190 664 1236 et
708 1174 889 1249 passio
920 1178 1315 1247 Redemptoris,
1343 1177 1434 1245 qui
1467 1176 1637 1249 factus
1664 1185 1749 1249 est
1790 1178 1872 1242 (ut
1898 1174 2189 1249 Apostolus

603 1246 1037 1320 ait):pr0pitiatio
1066 1246 1163 1320 pro
1192 1251 1427 1316 peccatis
1469 1248 1667 1301 nostris
1714 1246 1765 1320 in
1796 1246 2059 1320 sanguine
2085 1260 2189 1320 suo

603 1316 849 1389 tum;
872 1320 977 1391 2.),
1001 1316 1343 1391 quoilavaret
1374 1331 1472 1371 nos
1494 1331 1528 1371 a
1558 1317 1791 1391 peccatis
1820 1316 2060 1386 (Apocal.
2082 1317 2184 1391 μ),

598 1387 657 1447 et
698 1400 905 1459 aptaret
936 1387 1044 1459 sibi
1100 1389 1397 1459 Ecclesiam
1432 1403 1536 1441 non
1584 1387 1871 1441 habentem
1920 1387 2185 1441 maculam

599 1472 696 1517 aut
736 1457 922 1528 rugam
949 1458 1172 1529 \Epliﬂ.
1207 1457 1310 1528 5.).
1342 1459 1575 1513 Attende
1603 1467 1659 1511 et
1700 1465 1759 1511 tu
1787 1467 1946 1526 caput
1990 1468 2139 1511 tuum
2169 1474 2184 1512 :

602 1534 848 1600 exemplo
869 1531 985 1601 ejus
1005 1530 1153 1584 disce
1174 1544 1353 1594 orare,
1376 1529 1523 1584 disce
1543 1529 1795 1601 tolerare,
1818 1529 1966 1601 disce
1982 1543 2183 1601 amare.

604 1598 846 1658 Extende
886 1598 1075 1655 manus
1127 1612 1243 1654 tuas
1290 1602 1357 1654 ad
1417 1598 1696 1667 templum.
1735 1598 1977 1653 Extende
2021 1608 2073 1653 te
2119 1600 2186 1653 ad

605 1677 797 1729 bonam
819 1671 1185 1742 operationem
1219 1677 1436 1741 propter
1465 1684 1685 1739 regnum
1710 1669 1825 1725 Dei.
1851 1669 1987 1724 Audi
2011 1680 2065 1725 et
2091 1685 2184 1725 ora

600 1746 741 1815 quod
772 1745 1014 1815 sequitur
1034 1759 1048 1796 :

673 1816 726 1869 5.
758 1813 807 1867 Ν
813 1831 839 1866 e
855 1811 1014 1867 simul
1040 1811 1215 1866 tradas
1239 1828 1316 1865 nte
1334 1826 1445 1864 cum
1470 1811 1839 1879 peccatoribus,
1861 1820 1907 1865 et
1934 1828 2049 1865 euut
2071 1827 2185 1880 ope-

600 1886 831 1939 rantibus
861 1885 1178 1954 iniquitatem
1211 1899 1271 1935 tie
1299 1882 1481 1954 perdas
1513 1898 1610 1954 nte.
1644 1881 1776 1936 Citiii
1812 1887 2186 1951 peccator.bus

599 1955 820 2025 quidem
854 1951 1214 2025 fuitChristus
1240 1969 1259 2025 εΔ
1280 1953 1407 2025 quia
1437 1951 1667 2025 Verbum
1697 1967 1825 2008 caro
1856 1953 2055 2025 factum
2080 1964 2185 2017 est,

600 2022 663 2081 et
702 2025 955 2081 habitavit
977 2024 1032 2078 in
1058 2024 1212 2078 nobis
1236 2022 1421 2093 (Joau.
1450 2022 1549 2093 1.),
1580 2034 1635 2078 et
1661 2039 1781 2077 cum
1815 2025 1991 2091 impiis
2016 2023 2189 2091 depil-

602 2106 744 2150 tatus
767 2105 853 2151 est
880 2094 1033 2163 (lsai.
1062 2094 1200 2163 55.).
1229 2094 1335 2150 Sed
1369 2103 1544 2148 tamen
1595 2095 1823 2148 traditus
1851 2096 2009 2149 simul
2059 2110 2185 2150 cum

600 2166 974 2237 peccatoribus
1005 2173 1241 2237 nonest,
1266 2172 1323 2218 ut
1348 2175 1409 2237 et
1430 2165 1545 2233 ipse
1571 2175 1716 2220 esset
1740 2174 1991 2237 peccator
2017 2182 2029 2217 :
2058 2166 2183 2233 quia

604 2234 882 2307 peccatum
924 2251 1041 2307 non,
1078 2234 1237 2307 fecit,
1272 2236 1649 2307 necinventus
1692 2244 1779 2290 est
1805 2236 1961 2289 dolus
2009 2239 2064 2297 iii
2095 2253 2188 2292 ore

601 2306 721 2380 ejus
742 2309 823 2379 (ι.
852 2306 1126 2380 ηιμ-2.).
1152 2306 1437 2361 Descendit
1467 2308 1517 2359 in
1536 2306 1835 2380 _i_iiteri_iuiii,
1855 2308 1944 2380 ubi
1961 2308 2186 2363 descent

604 2376 946 2446 d'utit'impii.
991 2378 1097 2433 Sed
1144 2392 1265 2430 cum
1307 2376 1651 2444 operantibus
1701 2378 2037 2445 iniquitatem
2079 2395 2185 2432 non

603 2451 797 2520 periit,
835 2453 959 2519 quia
988 2459 1042 2501 et
1070 2447 1115 2502 si
1143 2448 1211 2501 ab
1239 2446 1433 2516 iniquis
1458 2447 1669 2520 occisus
1696 2456 1777 2500 est
1797 2484 1813 2510 ,
1844 2462 1871 2498 a
1903 2460 2079 2520 morte
2106 2459 2184 2503 ta-

605 2516 727 2576 inen
775 2516 1103 2586 resurrexit,
1154 2526 1208 2570 et
1254 2532 1353 2570 nos
1398 2516 1676 2586 moriendo
1715 2520 1963 2573 redemit.
1999 2519 2066 2573 Et
2110 2522 2187 2575 sic

606 2605 754 2647 mors
783 2589 869 2643 illa
923 2605 1028 2642 non
1081 2583 1325 2657 perditio,
1354 2588 1447 2641 sed
1468 2588 1583 2657 vita
1614 2583 1734 2639 fuit.
1768 2589 1875 2641 υιύ
1915 2598 1970 2645 et
2000 2600 2085 2657 tu,
2120 2606 2187 2645 ne

608 2661 771 2717 simul
802 2659 1028 2731 tradaris
1048 2656 1167 2713 cum
1195 2656 1583 2731 peccatoribus,
1618 2672 1685 2713 ne
1711 2673 1901 2715 eorum
1930 2676 2052 2715 cum
2074 2656 2190 2731 lqui-

607 2733 710 2788 hiis
757 2730 859 2802 hab
884 2738 1010 2802 tas,
1046 2732 1221 2799 pravis
1268 2728 1506 2783 moribus
1542 2744 1930 2802 corrumparis,
1964 2743 2019 2787 et
2064 2728 2185 2788 cum

606 2801 956 2870 operantibus
997 2798 1333 2871 iniquitatem
1356 2839 1371 2864 ,
1406 2814 1474 2853 ne
1512 2798 1796 2867 perdaris':
1830 2798 2187 2858 ne‘videlicet

607 2886 731 2927 cum
761 2871 955 2940 iniquis
982 2872 1035 2925 in
1066 2881 1325 2925 :eternum
1355 2884 1562 2943 pereas.
1592 2888 1821 2940 quorum
1851 2876 2183 2943 persecutio-

610 2957 735 2999 nem
780 2943 1383 3016 temporalitertoleras.
1418 2942 1622 3016 EtAnou
1667 2942 2185 3016 soluni'suntiuiqui

609 3023 765 3077 actu,
796 3013 889 3067 sc-d
935 3017 1094 3067 etiam
1144 3014 1196 3067 in
1242 3013 1439 3081 lingua.
1487 3010 1625 3070 Nam
1673 3016 1937 3080 subd.tur,
1969 3015 2071 3082 Qui
2108 3010 2187 3071 io-

608 3094 832 3154 quuntur
859 3097 1032 3155 pacem
1076 3100 1191 3136 cum
1221 3084 1457 3153 proximo
1484 3103 1597 3140 suo.
1629 3086 1731 3154 Qui
1758 3088 2039 3155 dixerunt,
2072 3088 2187 3142 Sci-

2292 477 2411 534 post
2450 483 2644 539 opera,
2672 468 2913 539 ostendit
2961 469 3080 522 illos
3111 483 3359 539 magnum
3402 472 3643 525 studium
3672 484 3727 528 et
3764 476 3880 529 aﬂ'c-

2287 538 2521 593 ctiouem
2541 538 2605 591 ad
2630 538 2759 592 illud
2782 554 2914 602 Opus
2935 538 3266 594 adhibuisse.
3292 541 3448 608 Quod
3472 542 3602 596 dicit
3625 560 3881 610 manuum,

2290 615 2517 663 tractum
2543 621 2627 664 est
2651 610 2719 661 ab
2749 611 2953 665 artifice
2978 627 2992 663 :
3022 610 3143 679 quia
3179 611 3266 665 illa
3295 626 3461 679 Opera
3493 614 3606 666 vult
3636 613 3881 668 dici‘sua-

2291 694 2408 732 ruin
2440 694 2723 742 manuum,
2754 696 2871 748 qua:
2894 681 3132 735 studiose
3162 681 3312 736 fecit.
3343 683 3493 738 Bene
3519 693 3701 738 autem
3729 686 3845 739 dieii
3866 729 3879 749 ,

2297 750 2682 819 retributionem
2707 764 2726 803 :
2756 753 2880 818 quia
2920 766 3039 804 cum
3083 753 3325 807 Christus
3353 754 3436 807 eis
3482 754 3621 808 bona
3650 758 3879 819 tecisset,

2292 818 2390 893 ipsi
2414 822 2461 874 ei
2492 821 2689 873 malum
2716 823 3096 875 retribueruiit.
3130 826 3206 877 Ae
3231 823 3275 877 si
3304 834 3498 893 aperte
3528 826 3709 882 dieat:
3746 818 3880 882 Sicut

2294 890 2409 965 ipsi
2437 893 2815 965 retribuerunt
2847 893 2975 946 mihi
3022 895 3254 960 malum,
3295 890 3465 951 redde
3509 895 3644 965 ipsis
3693 900 3879 952 malum

2291 962 2555 1016 stmi’iter.
2593 964 2651 1014 lit
2684 962 2876 1017 merito
2904 982 2917 1016 :

2362 1031 2413 1083 5.
2443 1033 2694 1103 Quoniam
2716 1050 2818 1086 non
2844 1032 3200 1088 intellexerunt
3228 1051 3381 1103 Opera
3413 1035 3646 1089 Domini.
3674 1037 3880 1093 Scilicet

2293 1100 2383 1155 illa
2414 1118 2531 1171 qua:
2562 1103 2613 1156 in
2660 1102 2803 1173 Lege
2832 1108 3056 1176 mystice
3088 1100 3284 1173 scripta
3312 1118 3437 1160 sunt
3458 1110 3619 1177 ,7sive
3652 1108 3738 1161 illa
3770 1125 3878 1177 qua:

2292 1176 2501 1247 occulte
2547 1179 2884 1241 postmodum
2924 1188 3173 1244 operatus
3201 1186 3294 1247 est,
3325 1192 3422 1247 per
3466 1176 3661 1231 Filium
3692 1176 3873 1233 suum:

2292 1244 2425 1297 sicut
2455 1254 2536 1299 est
2565 1250 2704 1312 quol
2752 1262 2873 1300 eum
2906 1247 3169 1301 ini-arnari
3203 1244 3337 1303 leeit'
3359 1251 3429 1302 de
3460 1247 3700 1317 Virgine,
3745 1255 3872 1317 (ιιι-ιιι

2290 1329 2412 1367 eum
2450 1330 2542 1381 pro
2573 1323 2754 1387 nostra
2807 1318 3135 1372 redemtione
3188 1319 3351 1373 misit.
3388 1317 3456 1371 Et
3494 1320 3545 1371 iii
3582 1335 3741 1387 opera
3781 1337 3877 1373 :iia-

2291 1402 2445 1457 nuum
2471 1390 2602 1451 eius.
2636 1386 2808 1457 lilest,
2839 1388 2891 1441 iii
2924 1389 3200 1442 manifesta
3231 1404 3424 1457 opera,
3462 1386 3741 1454 subaudis,
3773 1408 3867 1445 non

2292 1456 2695 1510 intellexerunt.
2726 1455 2935 1512 Hehrmi
2983 1459 3212 1523 habent,
3246 1455 3280 1495 ⁸⁷
3304 1458 3423 1513 Non
3458 1460 3789 1528 inspexerunt
3830 1464 3873 1514 in

2291 1543 2446 1592 opera
2495 1544 2736 1579 manuum
2764 1532 2895 1599 ejus.
2927 1528 3054 1595 Qua:
3099 1540 3223 1583 sunt
3267 1529 3393 1583 illa?
3442 1532 3596 1596 Quod
3646 1531 3874 1587 inﬁrmis

2290 1602 2544 1662 ciirabat,
2580 1600 2820 1666 leprosos
2850 1600 3167 1661 muudabat,
3204 1609 3445 1655 mortuos
3475 1602 3798 1665 suscitabat,
3826 1617 3874 1656 et

2291 1668 2397 1739 alia
2441 1670 2601 1722 multa
2634 1670 2919 1739 miracula,
2949 1685 3067 1737 qua:
3098 1685 3192 1739 per
3224 1670 3413 1724 Filium
3465 1687 3619 1725 suum
3652 1672 3872 1727 {.lCitfbi”

2292 1736 2471 1794 Pater.
2502 1739 2636 1793 lliiic
2667 1738 2869 1793 Veritas
2900 1736 3338 1800 Jud:eis'aiebat.
3368 1744 3423 1796 Si
3455 1743 3586 1795 mihi
3629 1760 3736 1796 non
3763 1758 3872 1798 ere-

2292 1810 2389 1864 diii
2408 1846 2441 1871 ».
2466 1810 2823 1883 veloperibus
2848 1812 3075 1883 credite.
3106 1813 3445 1883 Uperaeniin
3473 1829 3595 1879 quia
3616 1828 3720 1883 ego
3748 1813 3872 1869 facio

2291 1881 2667 1953 tesiimoniuni
2710 1881 2989 1948 perhibent
3017 1881 3085 1936 de
3114 1896 3199 1937 me
3247 1880 3425 1952 (latin.
3458 1882 3593 1953 l0.).
3644 1880 3871 1938 Excusi-

2292 1952 2428 2006 biles
2454 1964 2629 2007 autem
2656 1950 3022 2006 invenirentur
3052 1955 3102 2007 in
3129 1950 3375 2016 occultis,
3410 1962 3504 2006 sed
3532 1950 3640 2008 non
3676 1957 3870 2009 inveni-

2289 2032 2478 2077 rt'ntur
2524 2024 2575 2077 in
2608 2023 2826 2088 apertis.
2856 2024 2990 2090 Quia
3031 2039 3157 2094 ergo
3186 2024 3239 2078 in
3267 2040 3426 2090 Opera
3458 2026 3746 2079 manifesta
3775 2042 3870 2081 non

2290 2093 2696 2157 inteliexeriint,
2731 2106 2786 2147 ut
2818 2110 2902 2149 uie
2926 2106 2995 2149 ite
3029 2093 3367 2163 perciperent
3395 2096 3607 2161 divina;
3646 2098 3763 2150 ideo
3794 2111 3869 2151 sc-

2288 2165 2511 2231 quitur:
2558 2166 2796 2221 Destrties
2842 2183 2947 2229 eos,
2990 2166 3335 2233 spiritualiter
3378 2176 3432 2220 et
3466 2166 3865 2235 corporalier:

2288 2246 2427 2289 stent
2457 2237 2551 2290 luit
2579 2238 2628 2290 in
2656 2240 3017 2292 deStructioue
3048 2236 3147 2290 Titi
3180 2244 3235 2290 et
3278 2235 3500 2305 Vespisi
3525 2240 3616 2290 ini.
3652 2240 3715 2291 tt
3744 2237 3865 2291 Pio-

2291 2309 2447 2370 pheta
2482 2308 2964 2377 prtevidensiillam
2994 2305 3410 2360 destructiOnem
3441 2322 3564 2361 esse
3610 2308 3869 2377 iircpaia-

2289 2377 2469 2443 bilem,
2494 2379 2697 2435 addidit
2722 2395 2732 2429 :
2766 2376 2830 2429 Et
2855 2378 3249 2446 itona'diﬁcabis
3272 2394 3373 2442 ros,
3406 2378 3650 2432 ulteiius.
3679 2376 3737 2431 lii
3757 2382 3868 2430 aliis

2288 2448 2430 2501 enim
2478 2448 2932 2504 destructiouibus
2977 2460 3315 2516 reparaverat
3362 2464 3455 2503 eos
3506 2449 3676 2510 Deus.
3730 2459 3783 2501 ut
3820 2450 3867 2503 iu

2290 2517 2750 2590 destructioiiibus
2772 2520 3096 2590 Babylonis,
3128 2530 3180 2571 ct
3212 2520 3261 2571 iii
3292 2521 3605 2587 captivitate
3634 2518 3866 2590 Egypti.

2298 2588 2391 2641 Vel
2422 2590 2583 2643 etiam
2616 2594 2659 2645 si
2704 2588 3051 2658 spirituiliter
3080 2600 3259 2643 essent
3291 2592 3337 2643 di
3359 2591 3547 2644 structi
3568 2630 3585 2655 ,
3620 2602 3677 2643 ut
3704 2588 3755 2643 si
3776 2593 3867 2644 sub

2290 2659 2471 2728 aliquo
2492 2662 2627 2716 duce
2649 2672 2830 2717 essent
2856 2660 3171 2721 itlololatm,
3205 2676 3298 2727 per
3324 2662 3488 2714 alium
3519 2665 3709 2715 ducem
3737 2661 3868 2715 Deus

2284 2744 2383 2784 eos
2404 2731 2471 2787 ab
2498 2732 2797 2788 idololatria
2829 2732 3105 2785 liberabat.
3143 2732 3215 2784 De
3246 2732 3342 2783 hac
3370 2743 3546 2786 autent
3580 2732 3864 2785 novissima

2289 2805 2650 2860 excaecatione
2692 2802 2987 2873 spirituali,
3021 2817 3124 2855 non
3176 2804 3567 2870 reparabnntur
3608 2818 3775 2871 usque
3818 2802 3865 2855 in

2296 2876 2456 2927 linem
2488 2892 2499 2928 :
2535 2876 2745 2943 quando
2774 2889 2958 2927 eorum
2993 2874 3175 2939 reliqui
3198 2894 3225 2922 ie
3268 2874 3650 2926 salvabuntur:
3680 2888 3864 2942 corpo-

2290 2949 2472 2999 raliter
2515 2962 2641 2999 vero
2687 2959 2974 3012 numquam
3021 2947 3390 2997 restituentur.
3434 2948 3516 2997 Ab
3565 2946 3668 2998 hoc
3718 2958 3867 2999 versu

2290 3014 2476 3087 incipit
2502 3032 2658 3086 agere
2690 3016 2886 3087 gratias
2910 3016 2976 3087 de
3005 3029 3096 3067 sua
3126 3015 3483 3087 exauditione.
3513 3017 3601 3069 Ait
3625 3013 3797 3078 enim,

2366 3085 2418 3140 6.
2462 3085 2767 3140 Benedictus
2801 3086 3067 3145 Dominus,
3116 3085 3357 3154 quoniam
3402 3087 3659 3139 exaudivit
3706 3101 3867 3138 vocent

608 3146 731 3210 nius
768 3146 889 3229 quia
920 3169 948 3205 a
990 3153 1099 3229 Deo
1139 3146 1328 3208 venisti
1378 3146 1849 3229 magisteriloan.
1879 3146 2190 3226 ll.).'Mala
2215 3146 2260 3209 C
2293 3155 2665 3229 deprecationis
2697 3172 2842 3211 mear.
2882 3146 3591 3229 Qurotiens'iexauilimura7
3625 3158 3868 3221 Domino,

607 3236 782 3280 autem
809 3225 864 3277 in
890 3226 1128 3278 cordibus
1157 3240 1357 3282 eorum.
1385 3225 1694 3292 Cogitabam
1718 3231 1893 3292 enim,
1927 3225 1981 3282 ut
2006 3230 2187 3284 Jcsum

607 3296 735 3368 doto
757 3304 1000 3350 leuorem
1020 3304 1070 3350 cl
1096 3294 1404 3355 occiderent
1433 3294 1647 3358 (Matth.
1666 3301 1806 3368 26.).
1834 3299 2079 3353 Christus
2098 3299 2191 3354 Ju-

607 3366 845 3422 dteuruiii
879 3369 1155 3441 proximus
1183 3372 1373 3425 dicitur
1403 3366 1789 3441 (Matta.15.),
1816 3382 1869 3425 et
1896 3372 2189 3425 secundum

609 3452 858 3512 carnem,
887 3436 1013 3512 quia
1041 3443 1107 3497 de
1144 3443 1385 3512 germine
1411 3436 1613 3496 'eorum
1643 3436 1780 3495 fuit:
1812 3452 1865 3494 et
1892 3443 2188 3496 secundum

612 3507 740 3583 hoc,
770 3507 926 3579 quod
948 3513 1029 3567 eis
1071 3507 1491 3583 miicricordiam
1525 3516 1701 3567 tacere
1744 3522 1962 3567 venerat
2006 3513 2183 3583 (Rom.

612 3579 719 3653 1.).
751 3583 906 3638 Juxta
934 3583 1071 3650 quod
1095 3582 1162 3637 de
1189 3584 1526 3638 Samaritano
1551 3584 1603 3637 in
1644 3583 1933 3651 Evangelio
1971 3579 2186 3651 legitur,

617 3658 740 3724 quia
772 3654 1045 3724 prosimus
1064 3654 1256 3708 dicitur
1278 3654 1354 3724 illi
1380 3658 1468 3724 qui
1494 3654 1547 3709 in
1575 3654 1807 3724 lationes
1831 3653 2035 3721 incidit,
2065 3657 2189 3723 quia

614 3722 1037 3779 misericordiam
1064 3724 1113 3779 ei
1143 3724 1266 3795 fecit
1297 3722 1448 3794 (Luc.
1481 3722 1613 3795 10.).
1645 3726 1815 3792 Quam
1865 3726 2013 3777 multi
2055 3722 2190 3780 tales

614 3796 961 3851 inveniuntur
983 3795 1033 3848 in
1065 3794 1298 3849 Ecclesia
1329 3795 1455 3864 Dei,
1484 3794 1579 3865 qui
1602 3808 1992 3865 persequuntur
2013 3796 2190 3851 adhuc

612 3881 808 3934 corpus
853 3865 1071 3937 Christi
1098 3865 1276 3937 (Itoni.
1303 3865 1437 3936 12.).
1481 3865 1545 3921 Hi
1579 3876 1700 3922 sunt
1736 3868 1825 3934 qui
1872 3870 2089 3920 veniunt
2136 3868 2187 3922 in

612 3938 948 4008 vestimentis
990 3936 1201 4001 ovium,
1234 3939 1556 3991 intrinsecus
1587 3946 1763 3991 autem
1804 3946 1931 3991 sunt
1960 3938 2064 4008 lupi
2097 3953 2186 3993 ra-

614 4007 1019 4078 pacesttllatui.
1046 4008 1146 4075 7.).
1181 4010 1247 4061 tit
1275 4010 1397 4076 quia
1424 4009 1523 4076 ipsi
1554 4009 1689 4062 tales
1712 4015 1837 4061 sunt
1861 4024 1873 4059 :

682 4076 738 4132 4.
768 4076 849 4130 Da
879 4078 982 4131 illis
1019 4080 1301 4131 secundum
1346 4093 1501 4145 Opera
1540 4094 1732 4132 eorum.
1780 4078 1844 4131 Et
1894 4079 2185 4135 secundum

610 4152 828 4204 modum
850 4150 1041 4218 culpte,
1065 4152 1133 4203 sit
1161 4149 1441 4203 retributio
1467 4164 1659 4218 panic.
1683 4148 1787 4203 Sed
1811 4148 1945 4220 dicit
1973 4152 2185 4220 aliquis,

610 4220 757 4274 Bona
788 4220 999 4274 luerunt
1023 4234 1184 4287 opera
1214 4236 1398 4275 eorum
1416 4261 1432 4286 ,
1458 4226 1618 4274 etiam
1646 4235 1766 4274 eum
1796 4218 2075 4275 Christum
2096 4218 2187 4276 oc.

609 4290 899 4361 cideruiit:
931 4292 1051 4359 quia
1082 4292 1161 4361 sic
1204 4293 1491 4345 humanum
1539 4305 1711 4361 genus
1758 4290 2051 4345 redemtum
2081 4304 2181 4347 est.

609 4359 735 4415 Ideo
765 4360 1044 4429 sequitur:
1077 4359 1143 4413 Et
1165 4362 1446 4415 secundum
1476 4359 1751 4431 nerjttitiam
1772 4363 2187 4419 adinientionum

605 4434 857 4501 ipsorum.
883 4435 963 4485 Ac
990 4432 1034 4484 si
1060 4434 1296 4496 dit-cret,
1328 4432 1483 4501 123
1514 4433 1629 4486 Non
1660 4433 1780 4485 dico
1806 4443 1862 4485 ut
1887 4433 2181 4489 secundum

609 4504 924 4566 uiilitatem,
962 4516 1081 4569 qua:
1126 4517 1191 4555 ex
1220 4516 1406 4563 eorum
1436 4501 1688 4570 operibus
1735 4506 2026 4570 processit,
2058 4508 2173 4559 red-

607 4573 765 4644 datur
792 4573 872 4626 eis
904 4587 918 4623 :
957 4571 1054 4625 sed
1099 4573 1394 4644 secundum
1440 4573 1768 4641 nequitiam,
1804 4589 1963 4644 quam
2011 4590 2070 4629 se
2112 4577 2179 4630 ad

608 4643 895 4696 utilitatem
917 4655 1067 4696 suam
1100 4642 1364 4697 invenisse
1393 4652 1725 4709 putaverunt.
1751 4642 1865 4699 Non
1887 4647 2029 4698 enim
2060 4647 2181 4701 ideo

606 4712 877 4767 Christum
910 4711 1113 4766 occidei
1128 4720 1253 4778 unt,
1289 4721 1348 4765 ut
1374 4726 1543 4780 genus
1567 4712 1855 4769 humanum
1881 4718 2180 4772 redimere-

607 4792 733 4837 tur:
764 4785 858 4837 sed
875 4797 956 4854 _ue
986 4781 1059 4835 illi
1091 4785 1262 4835 locum
1285 4794 1344 4854 et
1372 4794 1584 4851 gentem
1624 4789 1949 4841 amitterent.
1983 4790 2095 4854 Qua
2127 4791 2179 4843 in

604 4868 666 4906 re
692 4851 983 4905 notandum
1012 4860 1128 4919 est,
1158 4851 1299 4921 quod
1345 4854 1532 4908 eadem
1580 4858 1720 4910 actio
1766 4851 2060 4912 secundum
2091 4859 2177 4911 di-

606 4936 791 4975 versas
822 4922 1144 4977 intentiones
1169 4930 1224 4976 et
1254 4924 1389 4977 bona
1421 4926 1638 4991 dicitur,
1663 4937 1717 4981 et
1741 4928 1898 4981 mala.
1930 4929 2060 4982 Nam
2094 4928 2182 4984 Fi-

606 4991 736 5063 lium
767 5006 956 5063 suum,
990 5006 1147 5059 quem
1192 4993 1330 5049 Deus
1369 4995 1526 5049 Pater
1565 4998 1813 5063 tradidit,
1849 4999 2183 5053 tradiderunt

610 5062 802 5116 Judaei.
838 5060 953 5134 Uilla
982 5076 1047 5116 ex
1078 5074 1299 5134 utraque
1322 5076 1471 5134 parte
1502 5066 1599 5121 iuit
1622 5071 1763 5122 actio
1786 5060 1806 5119 ε’
1833 5069 1925 5122 sed
1958 5070 2182 5123 intentio

602 5135 839 5205 diversa.
867 5133 999 5205 Nam
1025 5133 1216 5188 adhoc
1245 5133 1463 5190 tradidit
1504 5152 1626 5192 eum
1667 5139 1847 5205 Pater,
1874 5152 1930 5191 ut
1959 5153 2057 5192 nos
2089 5155 2177 5193 re-

604 5203 871 5284 surgendo
904 5204 1152 5284 Salveret.
1184 5206 1264 5260 Ad
1310 5207 1411 5284 huc
1452 5207 1787 5284 tradiderunt
1821 5203 1941 5263 eum
1970 5208 2176 5275 Judaei,

601 5284 657 5329 et
691 5283 883 5345 morte
907 5276 1209 5343 turpiSsima
1239 5282 1703 5331 condemnandum
1732 5292 2087 5345 curaverunt,
2123 5290 2179 5336 ut

606 5348 819 5413 penitus
856 5344 1143 5415 deperiret.
1175 5345 1291 5400 Non
1322 5362 1451 5416 ergo
1484 5348 1688 5416 justitia
1716 5356 1809 5400 aut
1837 5344 2091 5416 injustitia
2126 5369 2176 5405 in

602 5419 814 5469 actione
843 5428 956 5481 est,
986 5418 1081 5470 sed
1121 5416 1173 5470 iii
1203 5417 1496 5472 Voluntate.
1526 5418 1775 5485 Sequitur
1801 5432 1951 5485 ergo,
1980 5420 2179 5475 Secun-

600 5486 723 5537 dum
751 5500 905 5556 opera
931 5502 1174 5539 uiantium
1213 5502 1389 5540 eorum
1423 5487 1585 5556 tribue
1610 5488 1713 5539 illis
1735 5501 1755 5540 :
1784 5488 1938 5541 redde
1964 5492 2181 5544 retribu-

603 5553 793 5629 tioiicm'
816 5571 995 5629 eorum
1024 5557 1172 5629 ipsis.
1200 5557 1336 5629 Quid
1365 5571 1455 5626 per
1482 5553 1642 5629 opera
1689 5572 1940 5611 manuum
1969 5574 2178 5629 eorum,

603 5627 770 5680 voluit
795 5625 1089 5696 designari,
1120 5627 1218 5680 nisi
1250 5630 1597 5681 excellentem
1629 5628 1957 5697 iniquitatem
1978 5670 1994 5697 ,
2022 5625 2179 5702 quain

2293 3227 2553 3283 debemus
2594 3230 2738 3283 illum
2783 3227 3119 3282 benedicere.
3155 3228 3267 3277 bon
3317 3227 3461 3281 enim
3511 3227 3674 3282 habet
3716 3230 3868 3281 hoino

2293 3300 2417 3367 quid
2451 3304 2645 3354 tribuat
2676 3300 2785 3353 Deo
2816 3310 2911 3367 pro
2938 3299 3097 3351 tantis
3126 3295 3283 3367 124
3304 3298 3418 3366 ejus
3443 3298 3741 3363 beneﬁciis,
3775 3297 3866 3351 nisi

2294 3370 2719 3424 benedictionem
2744 3379 2797 3423 et
2829 3368 3058 3423 laudem.
3092 3369 3259 3421 heino
3289 3380 3466 3422 autem
3498 3372 3657 3423 denis
3691 3370 3783 3423 Dei
3814 3371 3867 3421 tit

2292 3438 2503 3507 beatus,
2536 3445 2578 3495 si
2610 3440 2828 3495 donanti
2860 3441 3045 3494 existit
3074 3441 3331 3506 ingratus.
3365 3439 3454 3493 Sic
3478 3454 3655 3494 autem
3682 3442 3867 3495 colitur

2292 3523 2320 3561 a
2350 3513 2503 3565 iiobzs
2530 3512 2685 3566 Pater
2715 3510 2967 3564 luminum
2986 3550 2999 3572 ,
3024 3526 3052 3563 a
3083 3524 3189 3578 quo
3218 3526 3377 3565 omne
3399 3511 3579 3563 datum
3608 3521 3861 3580 Optimum

2292 3588 2344 3633 et
2376 3597 2535 3637 omne
2574 3583 2773 3637 donum
2805 3586 3092 3649 perlectum
3117 3583 3430 3635 descendit:
3462 3582 3670 3637 scilicet
3708 3582 3867 3636 sacri-

2291 3652 2414 3705 tlcio
2444 3656 2614 3708 laudis
2640 3666 2692 3707 et
2719 3652 3013 3706 actionibus
3038 3652 3347 3720 gratiarum.

2363 3723 2417 3777 7.
2447 3725 2559 3778 Non
2592 3734 2791 3777 tantum
2812 3724 3083 3777 exaudivit
3106 3724 3173 3776 de
3204 3720 3544 3776 removendis
3570 3722 3749 3786 malis,
3773 3722 3863 3776 sed

2289 3794 2487 3860 etiam,
2531 3795 2778 3848 Dominus
2816 3804 2889 3846 est
2926 3795 3136 3863 adjutor
3166 3810 3324 3855 meus,
3355 3793 3419 3847 ad
3459 3795 3595 3847 bene
3642 3810 3864 3862 operan-

2293 3866 2420 3918 dum
2449 3882 2462 3919 :
2500 3865 2564 3918 Et
2591 3875 2841 3935 protector
2864 3880 3023 3929 meus,
3059 3881 3122 3916 ne
3155 3864 3316 3916 laedar
3339 3879 3368 3916 a
3404 3864 3520 3935 telis
3551 3879 3868 3933 persequen-

2292 3943 2444 3989 tium.
2478 3935 2545 3989 Et
2588 3934 2640 3989 in
2685 3940 2796 4006 ipso
2826 3939 3041 4005 speravit
3074 3950 3163 3987 cor
3192 3950 3389 3999 meum;
3431 3934 3602 4000 idest,
3647 3938 3866 3989 intentio

2292 4021 2408 4061 mea
2436 4023 2449 4059 :
2482 4020 2715 4075 speravit
2742 4019 2916 4060 autem
2945 4010 3012 4059 de
3052 4008 3464 4075 resurrectione.
3498 4008 3563 4059 Et
3592 4010 3738 4069 ideo,
3768 4009 3867 4058 Ad-

2278 4077 2429 4145 juttts
2472 4074 2600 4130 sum.
2631 4078 2711 4131 Ad
2741 4078 2841 4129 hoc
2872 4090 2967 4129 nos
3011 4076 3224 4144 adjuvat
3255 4074 3309 4129 iit
3351 4076 3513 4142 bono,
3542 4087 3596 4130 et
3643 4080 3867 4147 protegit

2290 4148 2341 4200 in
2376 4150 2519 4202 man
2555 4148 2895 4213 omnipotens
2926 4147 3087 4215 Deus,
3122 4157 3178 4201 ut
3214 4161 3364 4215 spem
3408 4159 3644 4201 nostram
3670 4150 3866 4202 consti-

2290 4228 2500 4273 luamus
2530 4220 2581 4272 iii
2616 4220 2751 4288 ipso.
2777 4218 3186 4288 Quantoautem
3232 4218 3482 4271 tidentius
3508 4219 3564 4288 in
3590 4220 3708 4286 ipso
3745 4232 3866 4288 Spe-

2288 4304 2487 4355 rainue,
2519 4286 2664 4343 tanto
2690 4290 2757 4342 ab
2782 4304 2895 4356 ipso
2921 4287 3233 4356 adjuvamur
3260 4288 3493 4341 uberius.
3523 4286 3673 4344 Unde
3701 4286 3787 4356 tit,
3812 4297 3867 4343 ut

2289 4376 2384 4430 per
2408 4362 2498 4415 Dei
2521 4378 2565 4411 ai
2586 4360 2843 4429 jutorium
2866 4374 2992 4427 spes
3018 4360 3248 4430 innubis
3269 4366 3577 4424 generetur,
3600 4366 3656 4413 et
3678 4360 3865 4430 deinde

2289 4428 2383 4500 per
2412 4432 2526 4500 spei
2576 4428 2822 4485 meritum
2870 4430 2961 4483 ιιι-ἱ
3001 4428 3323 4500 adjutorium
3372 4441 3652 4496 augeatur.
3688 4429 3866 4483 Etos-

2210 4517 2262 4577 D
2290 4497 2534 4579 iendiiin
2564 4516 2671 4571 quo
2691 4500 2901 4579 adjutus
2927 4502 2994 4579 sit
3026 4500 3186 4554 Deus.
3214 4497 3278 4552 Et
3318 4500 3549 4579 reﬂoruit
3586 4516 3862 4579 carorum.

2287 4583 2425 4628 Ante
2449 4573 2723 4641 ﬂoruerat
2763 4573 2961 4626 Christi
3010 4584 3155 4633 caro,
3185 4586 3309 4641 cum
3357 4571 3459 4623 l‘uit
3501 4572 3757 4625 immunis
3802 4574 3864 4623 ab

2283 4640 2734 4712 ouini’peccato:
2766 4642 3007 4697 relloruit
3045 4641 3257 4710 quando
3301 4640 3785 4712 impassibilitatem
3812 4649 3866 4694 et

2286 4710 2735 4769 iiiiiiiorttilitateiti
2786 4716 3115 4781 resurgendo
3160 4725 3417 4779 suscepit.
3449 4710 3739 4780 Propterea
3784 4728 3865 4764 se-

2283 4784 2502 4854 quitur:
2538 4784 2603 4837 Et
2631 4800 2696 4838 ex
2724 4785 2979 4854 voluntate
3017 4798 3127 4854 mea
3167 4783 3443 4849 ronﬁtebor
3482 4782 3581 4835 illi.
3615 4782 3866 4837 Volunta-

2287 4853 2419 4909 ήκω
2450 4856 2841 4910 confessionem
2892 4853 3061 4921 diligit
3092 4853 3230 4906 Deus
3256 4868 3270 4906 :
3301 4862 3487 4907 coacta
3527 4862 3707 4907 autem
3754 4869 3864 4907 ser—

2286 4928 2413 4980 vitia
2446 4942 2551 4980 non
2600 4928 2809 4993 recipit.
2859 4924 3008 4979 Unde
3054 4925 3309 4990 scriptum
3356 4932 3467 4989 est,
3511 4924 3714 4977 Servus
3762 4938 3865 4977 nou

2286 5008 2469 5051 manet
2499 4998 2551 5050 in
2576 4997 2737 5049 dono
2760 4999 2810 5049 in
2840 5004 3127 5059 aeternum,
3157 4996 3296 5047 titius
3324 5003 3503 5048 manet
3526 4993 3578 5047 in
3606 5006 3863 5048 aeternum

2284 5065 2359 5132 (2.
2392 5067 2511 5121 Cor.
2539 5068 2591 5120 9.
2621 5066 2776 5119 Joan.
2806 5065 2906 5134 8.).
2935 5066 3134 5117 Servus
3158 5075 3241 5118 est
3265 5066 3353 5132 qui
3376 5073 3542 5119 servit
3565 5079 3631 5119 ex
3655 5066 3864 5128 timore,

2286 5140 2426 5191 hl‘us
2458 5146 2552 5191 est
2590 5139 2678 5206 qui
2717 5136 2904 5190 obedit
2932 5150 2994 5188 ex
3044 5150 3245 5206 amore.
3279 5135 3370 5187 Ille
3398 5150 3428 5188 a
3457 5139 3667 5189 calesti
3706 5136 3893 5188 douio‘

2282 5204 2619 5271 ειυιςιιιὶιυτ,
2653 5209 2773 5275 quia
2819 5219 3004 5261 servus
3036 5216 3137 5259 est.
3184 5204 3288 5259 Iste
3329 5206 3705 5270 introducitur,
3748 5207 3864 5271 quia

2284 5280 2424 5333 titius
2454 5291 2554 5333 est.
2588 5279 2952 5333 Contiteamur
2985 5292 3113 5345 ergo
3165 5275 3389 5330 Domino
3421 5284 3527 5329 tota
3562 5277 3857 5339 voluntate,

2284 5358 2396 5404 toto
2431 5348 2628 5404 aﬂ'ectu
2665 5365 2679 5401 :
2715 5359 2769 5400 ut
2821 5358 3073 5416 tauquam
3112 5346 3288 5401 devoti
3332 5346 3427 5400 lilii
3469 5361 3862 5416 consequamur

2284 5420 2652 5474 bzcreditatem
2694 5418 2809 5473 Dei.
2841 5419 2919 5472 Illi
2949 5432 3180 5487 namque
3208 5418 3434 5473 debetur
3472 5428 3617 5473 recte
3653 5417 3869 5472 contes-

2287 5492 2391 5554 sio,
2418 5495 2486 5544 de
2515 5506 2622 5560 quo
2653 5490 2922 5560 subditur,
3341 5558 3351 5560 ξ
3377 5558 3387 5560 ξ
3480 5510 3483 5513 -

2359 5568 2411 5614 δ.
2448 5557 2694 5613 Dominus
2719 5559 2968 5629 fortitudo
2996 5574 3154 5629 p.eois
3181 5574 3305 5612 saw.
3337 5558 3477 5613 ldest
3505 5558 3605 5613 sibi
3633 5557 3861 5613 devotir.

2292 5631 2574 5689 Fortitudo
2603 5630 2693 5685 Dei
2721 5628 2773 5686 in
2800 5646 2866 5687 eo
2886 5628 3134 5700 sanuia
3164 5630 3408 5686 homines
3429 5633 3496 5687 de
3520 5628 3715 5686 diaboli
3740 5632 3865 5698 jugo

673 5783 701 5813 ι
731 5774 952 5833 Videtur
987 5777 1056 5835 de
1085 5776 1493 5848 Hieronyiniana
1533 5779 1972 5850 interpretabone
2010 5801 2076 5844 ex
2118 5786 2343 5848 Hebraeo
2372 5785 2660 5857 accepisse.
