4128 6360
311 337 411 394 757

1305 332 1367 387 IN
1409 330 1718 386 PSALMOS
1759 327 1944 383 LXXV
1988 322 2549 381 COMMENTARIUS.

3464 318 3568 379 753

311 462 568 523 qutintur,
594 450 719 523 dum
749 448 969 523 fugiunt,
991 446 1057 523 _i_n_
1081 454 1303 523 mortem
1331 455 1569 523 currunt.
1601 445 1677 499 De
1694 443 1888 498 talibus
1919 446 1964 503 Α
1995 437 2224 523 abundet
2245 439 2642 523 tilii‘tcrrenulm
2663 436 2880 523 aliqnid,
2909 436 3022 523 sive
3048 436 3179 492 des'l
3217 457 3230 492 ε
3259 445 3456 523 gratias
3476 454 3575 523 age

313 516 418 580 non
451 535 529 578 est
569 522 785 586 mirum,
808 516 854 575 si
882 518 1122 572 adhibito
1157 519 1306 572 freno
1335 516 1542 587 ﬂagella
1577 523 1890 584 sequuntur.

316 595 468 652 Unde
500 593 746 646 subditur
777 607 791 644 :

389 665 477 718 10.
507 662 673 716 Multa
686 660 892 731 ﬂagella
915 658 1212 731 peccatoris.
1233 656 1546 731 Indomitum
1572 655 1764 731 aniinal
1789 654 1897 725 (Ea:

313 734 636 802 Augustino,
663 725 818 800 ibid.)
854 725 974 802 esse
1023 727 1268 802 cupiebat
1317 743 1331 780 :
1378 727 1629 802 domatur
1656 725 1807 802 freno
1843 733 1899 778 et

314 794 552 874 ﬂagello.
604 794 1026 874 Atque'utiuam
1078 797 1435 874 perdometur.
1466 794 1767 874 verendum
1799 804 1898 874 _est

314 866 481 932 enim.
517 887 586 925 ne
613 866 834 926 nimium
855 867 1154 923 resistendo
1183 875 1207 902 ⁸
1233 867 1341 921 Deo
1369 866 1713 928 dominatori,
1738 866 1897 920 relin-

315 944 403 1012 qui
429 950 716 1012 inereatur,
739 950 792 1012 e_t
824 940 913 1012 ire,
931 941 983 992 in
1011 951 1193 1012 vagam
1221 937 1666 1012 suam-licentiam
1699 951 1713 988 :
1743 945 1800 988 ut
1819 935 1898 1012 di-

315 1005 469 1066 catur
498 1011 564 1065 de
615 1005 728 1075 illo,
762 1009 975 1064 Prodiet
1012 1008 1158 1072 quasi
1208 1023 1270 1060 ex
1311 1006 1468 1071 adipe
1505 1006 1752 1072 iniquitas
1781 1005 1898 1072 ejus

317 1083 494 1149 (Psal.
526 1081 641 1149 72.)
672 1098 683 1132 :
717 1080 854 1134 sicut
875 1080 941 1132 de
965 1077 1287 1149 illis,quibus
1312 1075 1473 1149 modo
1495 1075 1896 1149 suntimpunita

320 1146 558 1220 peccata.
601 1146 737 1215 Ergo
763 1165 881 1203 cum
903 1148 1229 1220 ﬂagellatur,
1261 1146 1576 1220 corrigatur,
1608 1146 1852 1220 demetur
1884 1160 1897 1196 :

318 1215 440 1290 quia
470 1229 527 1274 et
547 1220 634 1275 ille
662 1220 740 1274 sic
779 1234 836 1274 sn
863 1215 1011 1272 dixit'
1036 1219 1347 1290 edomitum.
1379 1216 1582 1290 Equum
1611 1225 1666 1290 et
1701 1215 1898 1290 iiiuluin

318 1285 380 1347 se
423 1293 650 1358 dixerat,
683 1290 930 1358 quoniam
960 1287 1142 1342 tacuit.
1173 1287 1280 1342 Sed
1321 1287 1460 1358 unde
1501 1286 1733 1358 domitus
1772 1285 1901 1339 est?

323 1356 883 1430 ﬂagellis,c0nversus
930 1359 985 1430 in
1031 1373 1322 1430 arumnam
1371 1356 1497 1410 dum
1545 1357 1901 1430 conﬁgeretur

323 1427 499 1500 spina.
524 1431 654 1486 Sive
677 1430 884 1498 ﬂagella
913 1429 1082 1500 dicas,
1113 1429 1225 1482 sive
1254 1429 1495 1500 stimulos
1523 1428 1689 1491 dicas,
1721 1427 1904 1500 domat

325 1497 466 1561 Deus
491 1497 812 1569 juinentuiii,
839 1500 925 1553 cui
959 1498 1183 1552 insideat
1211 1514 1224 1550 :
1257 1498 1376 1560 quia
1401 1497 1643 1566 jumento
1668 1497 1901 1569 expedit,

324 1582 382 1627 ut
411 1567 718 1632 insiilcatiir,
751 1581 804 1623 et
833 1568 1041 1638 ﬂagello
1070 1569 1316 1621 domi-tur
1348 1586 1359 1619 :
1386 1578 1646 1636 quatenus
1679 1567 1768 1619 Dei
1799 1568 1902 1619 mi-

323 1641 670 1696 scricordiam
693 1637 1073 1706 consequatur.
1105 1638 1252 1697 Unde
1283 1649 1334 1690 et
1359 1637 1642 1691 subditur:
1677 1638 1904 1704 Speran-

323 1724 421 1765 tem
445 1725 614 1765 autem
647 1711 701 1763 in
736 1707 952 1762 Domino
979 1710 1326 1762 misericordia
1354 1709 1704 1761 circumdabit.
1734 1709 1901 1774 Quem

326 1783 500 1850 primo
542 1779 836 1835 circumdat
878 1780 1171 1850 tribulatio.
1205 1788 1394 1850 postea
1412 1778 1708 1850 circumdat
1749 1777 1910 1832 inise-

326 1847 558 1906 ricordia
593 1851 880 1918 :quoniam
913 1849 1330 1904 misericordiam
1365 1847 1529 1912 dnbil,
1561 1849 1649 1908 qui
1694 1859 1910 1915 propter

327 1931 542 1989 peccata
573 1931 750 1974 nostra
781 1921 919 1987 justo
947 1919 1186 1974 tribulari
1223 1935 1319 1974 nos
1363 1920 1546 1972 voluit.
1576 1919 1698 1974 Ideo
1728 1921 1912 1973 admo-

327 1991 507 2048 nendo
536 1990 802 2056 subjungit
840 2008 852 2043 :

402 2064 490 2115 il.
532 2061 802 2114 Ltrtamini
845 2061 900 2114 in
948 2060 1191 2125 Domino,
1230 2068 1275 2111 et
1305 2059 1528 2113 exultale
1552 2061 1704 2129 justi.
1740 2061 1912 2116 Laeta-

329 2133 458 2186 mini
485 2132 648 2186 corde
675 2149 686 2184 :
715 2131 948 2184 exultate
978 2132 1028 2182 in
1053 2145 1301 2197 corpore,
1328 2146 1430 2182 non
1460 2130 1511 2181 in
1545 2130 1711 2193 vobis,
1731 2147 1836 2185 iion
1862 2133 1912 2184 in

329 2202 530 2258 mundo
565 2219 577 2254 :
612 2217 714 2255 non
754 2199 932 2254 mundi
968 2210 1258 2260 amatores,
1302 2214 1405 2252 non
1449 2208 1784 2266 peccatores,
1820 2201 1915 2255 sed

327 2274 478 2341 justi.
504 2271 572 2325 Et
596 2272 880 2340 gloriamini
898 2285 1070 2341 omnes
1089 2271 1211 2322 recti
1235 2270 1404 2323 corde.
1428 2270 1541 2323 Non
1565 2281 1645 2325 est
1668 2287 1915 2340 magnum

328 2339 547 2412 gloriari
592 2339 643 2396 iii
674 2342 898 2412 gaudiis.
932 2339 1134 2412 Rectus,
1152 2341 1327 2412 corde
1381 2340 1635 2408 gloriatur
1660 2339 1824 2412 etiam
1863 2342 1917 2399 in

332 2411 924 2480 tribulationeU’hilip.
955 2411 1056 2476 4.).
1105 2411 1234 2464 Vide
1276 2420 1478 2464 rectum
1509 2426 1619 2465 cor.
1650 2411 1917 2480 Scientes,

331 2484 526 2553 inquit,
555 2484 804 2551 quoniam
855 2481 1123 2553 tribulatio
1173 2481 1477 2553 patientiam
1521 2492 1793 2550 operatur,
1827 2497 1921 2549 pa-

335 2551 523 2610 tientia
552 2554 938 2619 probationem,
970 2551 1208 2618 probatio
1239 2565 1407 2617 spem.
1441 2551 1573 2618 Spes
1604 2564 1780 2606 autem
1815 2567 1918 2606 non

335 2623 634 2685 confundit,
686 2623 806 2690 quia
851 2623 1043 2674 caritas
1090 2621 1180 2674 Dei
1228 2621 1414 2674 dill‘usa
1468 2631 1548 2675 est
1593 2624 1644 2676 in
1674 2623 1922 2678 cordibus

339 2694 544 2747 nostris
575 2709 668 2760 per
697 2692 946 2761 Spiritum
999 2694 1272 2754 Sanctum,
1307 2692 1393 2759 qui
1449 2693 1602 2746 datus
1641 2705 1724 2746 est
1771 2694 1922 2746 nobis

335 2764 516 2834 (liam.
539 2763 641 2834 5:).
677 2763 812 2831 Ergo
839 2763 884 2814 si
923 2761 1051 2829 justi
1077 2774 1282 2834 sumtis,
1319 2762 1364 2834 si
1411 2771 1613 2834 rectum
1644 2777 1736 2817 cor
1765 2764 1925 2818 liabe-

335 2831 481 2898 inus,
515 2833 683 2906 140
709 2834 959 2906 laetemur
996 2831 1156 2906 corde
1183 2832 1265 2906 nin_
1316 2831 1539 2887 Domitio
1571 2848 1585 2885 :
1628 2834 1923 2889 exaltemus

335 2902 567 2974 corpore
590 2902 612 2956 Ξ
639 2904 926 2973 gloriemur
948 2902 998 2956 in
1034 2902 1395 2960 tribulatione.

725 3014 1022 3071 TITULUS
1053 3014 1292 3071 PSALMI
1323 3011 1539 3074 XXXII.

402 3132 461 3178 in
484 3127 862 3194 finempsalmus
889 3126 1061 3194 David.
1108 3127 1330 3194 Psalmus
1366 3128 1460 3194 iste
1500 3129 1728 3194 convenit
1755 3126 1924 3194 ‘Davlil

1998 509 2392 577 illi,quildedit.
2422 511 2505 562 vel
2530 507 2748 562 abstulit
2771 507 2910 578 (Job.
2935 507 3040 573 l.);
3075 523 3178 561 nou
3207 507 3289 564 est
3312 511 3453 562 enim
3482 507 3572 564 tibi

1996 581 2205 633 ablatus
2245 581 2332 634 ille
2370 580 2458 646 qui
2487 578 2652 641 dedit,
2698 579 2938 646 quamvis
2969 578 3059 632 tibi
3113 578 3344 632 ablatum
3394 579 3572 643 fuerit,

1996 653 2138 718 quod
2181 648 2344 710 dedit,
2393 650 2572 717 Tange
2606 663 2734 717 ergo
2758 647 2865 716 (Ea:
2907 649 3021 702 eod.
3060 649 3216 718 ibid.)
3247 649 3475 702 cliordas
3523 651 3575 704 iii

1999 717 2192 781 eorde;
2221 731 2275 774 et
2303 721 2388 773 dic
2412 731 2658 784 tanquam
2693 721 2744 772 in
2777 719 2993 788 cytliara
3019 717 3288 783 inferiare,
3324 719 3577 774 Dominus

1997 790 2184 854 dedit,
2225 791 2480 844 Dominus
2521 789 2757 844 abstulit.
2803 790 2953 844 Sicut
2995 788 3221 842 Domino
3266 789 3462 857 placuit
3505 791 3576 844 ita

1999 858 2194 914 factum
2227 869 2308 914 est
2335 859 2473 929 (Job.
2503 859 2601 926 1.).
2644 859 2724 912 Sit
2755 874 2945 914 nomen
2975 859 3184 913 Domini
3217 859 3576 915 benedictum.

1999 929 2114 982 iam
2147 948 2271 985 vero
2300 945 2420 983 cuin
2449 929 2678 983 atteudis
2705 930 2976 996 superiora
3009 931 3145 984 dona
3181 931 3300 984 Dei:
3327 929 3453 997 quid
3487 933 3576 984 tibi

2000 1004 2286 1055 contulerit
2311 1010 2714 1067 praeceptorum,
2747 1015 2847 1068 qua
2872 1000 3113 1054 doctrina
3149 1002 3353 1055 caelesti
3401 1011 3450 1056 te
3482 1004 3578 1054 im-

2002 1068 2194 1136 buerit,
2233 1070 2358 1139 quid
2405 1070 2495 1124 tibi
2545 1071 2772 1137 desuper
2815 1085 2880 1124 ex
2926 1071 3068 1126 illius
3096 1073 3336 1126 veritatis
3373 1071 3515 1126 fonte
3553 1071 3579 1109 ι)

2004 1152 2111 1210 pra:
2139 1140 2970 1210 eieteristlederit,convertereet
2995 1142 3059 1195 ad
3087 1142 3391 1210 psalterium
3415 1143 3581 1209 p-alle

2006 1207 2135 1279 Deo,
2169 1212 2220 1264 iu
2265 1209 2514 1278 psalterio
2543 1209 2726 1263 decem
2753 1207 3099 1265 chordarum.
3129 1213 3393 1279 Praecepta
3416 1207 3581 1264 enim

2007 1278 2160 1348 Legis
2208 1280 2390 1334 decem
2421 1289 2566 1350 sunt.
2612 1280 2668 1333 ln
2696 1280 2881 1334 decem
2914 1283 3192 1349 praeceptis
3222 1278 3374 1350 Legis
3416 1283 3581 1336 babes

2007 1350 2337 1416 psalterium.
2371 1349 2607 1404 Perfecta
2639 1365 2724 1402 res
2766 1359 2848 1405 est
2879 1368 2891 1402 :
2927 1351 3091 1405 babes
3126 1353 3194 1406 ibi
3243 1349 3578 1406 dilectionem

2007 1419 2099 1473 Dei
2119 1421 2169 1473 iii
2189 1421 2380 1487 tribus,
2395 1428 2449 1473 et
2469 1421 2809 1473 dilectionem
2830 1422 3053 1489 proximi
3078 1422 3127 1474 iii
3146 1433 3371 1486 septem.
3399 1423 3462 1475 Et
3481 1423 3584 1475 uti-

2007 1505 2110 1559 que
2143 1493 2278 1544 nosti
2313 1492 2534 1544 Domino
2568 1490 2809 1555 dicente,
2841 1491 2961 1560 quia
3008 1493 3060 1545 in
3095 1493 3176 1545 bis
3212 1492 3419 1546 duobus
3451 1507 3584 1558 prte-

2005 1561 2172 1630 reptis
2197 1570 2302 1615 tota
2331 1562 2411 1614 lex
2443 1560 2652 1628 pendet,
2676 1569 2732 1614 et
2753 1562 3027 1630 prophetae
3053 1560 3262 1630 (Matth.
3287 1563 3422 1630 22.).
3451 1564 3588 1616 Dicit

2007 1629 2101 1684 tibi
2154 1630 2291 1686 Deus
2334 1632 2588 1698 desuper,
2634 1629 2767 1700 quia
2806 1629 3067 1686 Dominus
3108 1633 3246 1687 Deus
3295 1629 3416 1686 tuus
3446 1634 3589 1686 Deus

2008 1715 2143 1755 unus
2172 1711 2277 1757 est.
2312 1701 2486 1754 Habes
2515 1715 2674 1754 unam
2702 1701 2980 1755 cliordam.
3011 1702 3122 1756 Non
3153 1703 3381 1771 accipias
3412 1704 3463 1756 iu
3497 1717 3588 1756 va-

2017 1787 2144 1843 num
2183 1773 2333 1843 151
2369 1786 2558 1843 nomen
2601 1771 2934 1843 Domiiii‘Dci
2994 1774 3067 1826 ttii
3111 1791 3123 1826 :
3161 1773 3325 1827 babes
3363 1774 3588 1828 alteram

2019 1841 2564 1896 cliordau'i."0bserva
2586 1842 2726 1895 diem
2753 1841 2980 1905 sabbati,
3013 1859 3117 1896 non
3146 1843 3453 1908 carnaliter,
3484 1860 3588 1899 non

2017 1911 2256 1967 Judaicis
2279 1912 2518 1978 deliciis,
2564 1912 2655 1980 qui
2685 1913 2794 1966 otio
2825 1913 3116 1970 abutuntur
3156 1914 3223 1968 ad
3273 1916 3588 1981 nequitiam.

2028 1983 2215 2036 Melius
2245 1992 2390 2036 esset
2416 1983 2515 2045 eis,
2551 1992 2610 2036 ut
2639 1991 2744 2036 tota
2775 1982 2863 2037 die
2894 1983 3154 2043 foderent.
3190 1999 3350 2053 quam
3375 1992 3484 2039 tota
3505 1985 3591 2039 die

2016 2055 2290 2122 saltarent.
2342 2053 2445 2108 S-d
2484 2054 2658 2121 cogita
2709 2053 2946 2122 requiem
3007 2054 3058 2108 in
3099 2054 3209 2108 Deo
3261 2063 3351 2107 tuo
3405 2057 3587 2110 omnia

2017 2120 2323 2177 facientem.
2365 2123 2499 2177 Abst
2521 2120 2612 2178 net
2640 2123 2707 2177 ab
2735 2120 2898 2192 opere
2941 2125 3139 2178 servili.
3188 2125 3373 2181 Omnis
3414 2127 3589 2191 enim,

2019 2193 2104 2265 qui
2137 2195 2259 2265 facit
2284 2201 2582 2263 peccatum,
2610 2207 2796 2248 εει-ηις
2823 2192 3122 2265 estAann.
3151 2196 3230 2265 8.)
3263 2213 3274 2247 :
3304 2205 3360 2248 et
3384 2199 3587 2250 utinam

2021 2263 2294 2333 hominis,
2348 2276 2402 2318 et
2452 2278 2558 2317 non
2612 2265 2836 2330 peccati.
2894 2263 3019 2319 Hec
3070 2265 3167 2320 tria
3213 2263 3479 2333 pertinent
3525 2266 3593 2320 ad

2021 2331 2361 2387 dilectionem
2389 2334 2502 2386 Dei.
2534 2333 2700 2403 Cujus
2727 2335 2930 2403 cogites
2959 2331 3247 2401 unitatem,
3281 2339 3558 2392 veritatem
3577 2377 3590 2398 ,

2020 2404 2372 2457 Voluntutein.
2409 2403 2504 2457 Est
2528 2407 2669 2458 enim
2703 2405 2945 2473 quaedam
2971 2405 3217 2460 voluntas
3247 2408 3297 2458 in
3333 2405 3470 2471 Deo,
3505 2409 3595 2461 ubi

2023 2487 2207 2526 verum
2236 2474 2536 2542 sabbatum,
2571 2490 2695 2529 vera
2719 2476 2955 2542 requies.
2979 2473 3130 2529 Unde
3153 2478 3372 2543 dicitur,
3402 2478 3593 2531 Delec-

2023 2551 2136 2613 tanre
2168 2545 2218 2598 in
2266 2544 2526 2608 Domino,
2571 2555 2623 2598 et
2652 2545 2797 2599 dabit
2828 2546 2921 2599 tibi
2967 2547 3251 2613 petitiones
3285 2548 3466 2601 cordis
3517 2548 3592 2602 tui

2025 2611 2197 2736 (Pa-al.
2231 2614 2368 2684 36.).
2401 2614 2536 2683 Quis
2563 2614 2704 2668 enim
2746 2616 2825 2669 sic
2851 2611 3101 2679 delectat,
3133 2631 3292 2685 quam
3339 2616 3459 2684 ille,
3505 2623 3595 2687 qui

2048 2685 2150 2736 acit
2175 2687 2372 2736 omnia.
2397 2701 2518 2736 una:
2540 2685 2830 2736 delectant?
2862 2686 2916 2736 In
2947 2686 3032 2736 his
3059 2687 3232 2736 tribus
3260 2692 3454 2736 caritas
3479 2689 3593 2736 [)ei-

2048 2685 2150 2738 acit
2175 2687 2372 2751 omnia,
2397 2701 2518 2754 qua:
2540 2685 2830 2740 delectarit?
2862 2686 2916 2743 In
2947 2686 3032 2740 his
3059 2687 3232 2741 tribus
3260 2692 3454 2742 caritas
3479 2685 3596 2752 Dei,

2025 2754 2077 2808 iii
2105 2756 2222 2808 aliis
2249 2766 2456 2825 septem
2497 2757 2692 2810 caritas
2720 2765 2803 2810 est
2844 2758 3098 2825 proximi.
3140 2757 3217 2812 Ne
3247 2756 3411 2812 iacias
3469 2759 3595 2821 alii,

2029 2825 2169 2896 quod
2190 2827 2294 2896 pali
2322 2841 2427 2881 non
2446 2825 2689 2895 vis(Tob.
2710 2825 2792 2896 li.)
2819 2843 2832 2883 :
2862 2827 3061 2881 honora
3079 2836 3280 2896 patrem
3303 2836 3357 2881 et
3374 2841 3598 2883 matrem

2029 2893 2200 2964 (Luc.
2235 2893 2339 2966 6.),
2397 2898 2519 2961 quia
2549 2893 2642 2966 vis
2675 2906 2728 2952 te
2771 2893 3018 2952 honorari
3069 2893 3098 2951 a
3144 2898 3266 2951 liliis
3311 2900 3434 2952 tuis.
3481 2899 3594 2954 Non

2029 2965 2317 3020 llitBClIel‘iS
2371 2966 2565 3036 (Exod.
2607 2965 2748 3034 20.),
2789 2967 2906 3034 quia
2957 2982 3056 3022 nec
3085 2968 3340 3022 mmebari
3385 2977 3502 3028 rost
3544 2980 3597 3026 te

2029 3050 2252 3089 uxorein
2288 3051 2428 3091 tuam
2481 3037 2582 3091 vis.
2611 3038 2727 3091 Non
2756 3038 2992 3101 occidas,
3023 3038 3141 3106 quia
3181 3046 3236 3092 et
3277 3039 3447 3094 occidi
3487 3055 3596 3094 non

2029 3107 2129 3176 vis.
2186 3107 2302 3161 Non
2349 3107 2580 3172 fureris,
2628 3111 2751 3176 quia
2805 3108 2998 3162 furtum
3044 3107 3150 3175 pati
3191 3123 3296 3163 non
3343 3111 3445 3164 vis.
3479 3111 3599 3166 Non

332 3175 1344 3262 prtiailei's’fcfuiasﬁiiisuisenatus,
1366 3175 1924 3262 Sive‘beneﬁciaips’ius,
1952 3192 1998 3253 ο
2033 3175 2220 3262 falsum
2253 3179 2618 3262 testimonium
2651 3175 2805 3262 dicas
2826 3218 2839 3238 ,
2876 3178 3009 3262 quia
3047 3179 3206 3262 odisti
3237 3179 3494 3262 adversus
3546 3193 3598 3235 te

333 3250 441 3304 Sive
486 3250 722 3314 potentia.
763 3251 1006 3301 Admonet
1032 3265 1119 3300 nos
1143 3252 1199 3314 ad
1224 3251 1418 3299 laudem
1449 3250 1568 3314 Dei,
1610 3250 1923 3312 proponendo

618 3326 734 3362 uare
759 3314 1026 3360 debeamus
1048 3327 1158 3361 eum
1188 3313 1401 3361 laudare.
1447 3313 1508 3362 Et
1549 3315 1651 3360 haec
1699 3321 1776 3362 est
1819 3315 1925 3374 ejtts

336 3374 566 3438 intentio.
597 3374 647 3423 ln
672 3374 911 3438 secundat
935 3382 1069 3434 parte
1112 3374 1327 3422 ostendit
1359 3375 1465 3424 illos
1488 3387 1601 3424 esse
1625 3375 1816 3438 beatos,
1841 3378 1924 3436 qui

336 3439 496 3492 Deum
519 3437 857 3489 laudaveruut.
886 3435 969 3484 Sic
992 3444 1155 3485 autem
1181 3438 1348 3497 ineipit
1375 3449 1386 3482 :

804 3542 1157 3603 PSALMUS
1193 3542 1467 3603 XXXII.

409 3670 460 3721 l.
511 3665 752 3719 Exultate
794 3665 924 3733 justi
957 3665 1009 3718 iu
1042 3663 1291 3718 Domino.
1335 3664 1523 3731 lnjusti
1569 3665 1810 3722 exultant
1869 3667 1922 3724 in

338 3738 545 3792 seculo.
599 3736 772 3790 Finito
818 3739 1016 3798 seculo,
1055 3735 1596 3806 liiiiturinjustorum
1643 3739 1923 3794 exultatio.

341 3810 698 3864 Permaiiente
731 3806 974 3871 Domino,
997 3805 1614 3874 perinanebit’justorum
1645 3810 1923 3863 exultaiio.

342 3881 406 3933 Et
435 3882 569 3932 bene
597 3877 735 3939 dico,
761 3884 816 3929 ut
845 3879 1086 3930 exultent
1114 3877 1239 3943 justi
1271 3877 1322 3929 in
1351 3878 1574 3932 Domino
1608 3894 1620 3929 :
1654 3879 1798 3947 quia,
1834 3881 1930 3936 lle—

340 3962 448 4010 ctos
477 3951 614 4001 decet
642 3947 891 4000 laudatio.
918 3947 1030 4000 Non
1061 3957 1146 4017 est
1160 3955 1334 4017 autem
1366 3949 1603 4017 speciosa
1629 3949 1742 4002 laus
1766 3949 1816 4002 in
1838 3966 1931 4005 ore

342 4019 661 4088 peccatOi-is.
693 4017 792 4084 Qui
825 4025 949 4072 sunt
978 4017 1106 4088 recti
1129 4015 1237 4079 (Ex
1266 4015 1556 4088 Augustino,
1576 4017 1769 4072 Enarr.
1802 4020 1930 4087 2.)?

341 4086 432 4156 qui
464 4090 698 4157 dirigunt
736 4102 829 4141 cor
850 4086 1139 4157 secundum
1168 4088 1493 4143 voluntatem
1535 4087 1653 4153 Dei,
1686 4099 1740 4143 et
1771 4091 1812 4143 si
1835 4086 1931 4145 eas

333 3329 554 3376 caussas,

344 4156 623 4228 perturbat
655 4156 1190 4228 liumananfragilitas,
1223 4157 1404 4211 divina
1433 4158 1741 4212 consolatur
1771 4163 1934 4228 aequi-

348 4225 448 4283 ias.
483 4228 618 4284 Justi
650 4236 790 4292 sunt,
823 4227 910 4296 qui
942 4225 1037 4296 per
1065 4225 1221 4280 ﬁdem
1254 4236 1306 4280 et
1347 4228 1537 4280 bonam
1567 4225 1930 4297 operationem

343 4301 676 4355 deserviunt.
695 4299 848 4354 Recti
877 4306 1021 4360 sunt,
1046 4299 1134 4363 qui
1167 4311 1265 4350 nec
1288 4298 1615 4358 extolluntur
1639 4301 1688 4351 iii
1716 4315 1933 4364 prosae-

345 4373 441 4432 ris,
482 4385 579 4424 nec
606 4369 918 4438 franguntur
943 4367 995 4422 in
1026 4366 1270 4438 adversis
1305 4386 1318 4422 :
1352 4379 1404 4421 et
1434 4369 1485 4421 in
1518 4367 1598 4423 liis
1629 4370 1802 4422 eidem
1831 4371 1937 4426 Do-

346 4442 494 4497 mino
516 4440 709 4508 gratius
731 4436 988 4495 referunt.
1015 4436 1223 4509 Justitia
1251 4451 1378 4506 ergo
1410 4439 1460 4492 in
1490 4438 1593 4509 [ide
1617 4449 1672 4493 et
1701 4443 1932 4509 actione,

350 4512 614 4564 rectitude
647 4514 696 4562 in
734 4511 1026 4562 voluntate.
1058 4508 1154 4576 Qui
1185 4509 1315 4561 tales
1342 4519 1486 4570 sunt,
1520 4508 1585 4561 ad
1616 4508 1930 4566 laudandum

2032 3247 2217 3300 lalsum
2286 3249 2648 3318 testimonium
2712 3247 3001 3303 dicentem.
3060 3247 3172 3302 Non
3246 3252 3597 3318 concupiscas

2028 3331 2249 3372 uxorein
2286 3318 2512 3387 proximi
2559 3317 2665 3382 tui,
2697 3319 2816 3387 quia
2839 3326 2895 3372 et
2940 3326 3085 3374 tuam
3130 3334 3233 3372 non
3274 3324 3353 3374 vis
3383 3317 3449 3374 ab
3493 3323 3599 3375 alio

2025 3391 2354 3460 coiicnpisci.
2388 3389 2503 3443 Non
2530 3389 2882 3460 concupiscas
2922 3404 3035 3444 rem
3063 3391 3286 3460 proximi
3329 3390 3436 3454 tui,
3473 3393 3599 3460 quia-

2027 3458 2072 3511 si
2101 3459 2222 3526 quis
2242 3469 2328 3512 tua
2353 3460 2708 3528 concupierit,
2741 3458 2984 3528 diSplicet
3017 3460 3132 3514 tibi.
3163 3459 3430 3516 Converte
3458 3458 3510 3516 et
3543 3463 3594 3515 io

2032 3535 2082 3582 te
2114 3530 2369 3596 linguam,
2409 3530 2624 3598 quando
2650 3529 2742 3584 tibi
2771 3529 3038 3598 displicet,
3069 3529 3159 3599 qui
3191 3541 3242 3586 te
3264 3539 3439 3587 nocet.
3472 3531 3597 3587 "sec

2033 3601 2206 3653 omnia
2240 3609 2502 3669 praecepta
2534 3600 2627 3654 Dei
2677 3610 2802 3654 sunt
2840 3617 2854 3654 :
2885 3601 3158 3669 Sapientia
3189 3603 3420 3657 donante
3471 3603 3598 3657 data

2028 3679 2155 3743 sunt
2213 3688 2226 3722 :
2275 3672 2506 3743 desuper
2551 3679 2764 3725 sonant.
2822 3671 3002 3741 Tange
3031 3672 3371 3741 psalterium,
3431 3673 3598 3743 imple

2031 3740 2199 3808 legem
2249 3757 2407 3810 quam
2465 3740 2604 3796 Deus
2661 3751 2782 3797 tuus
2833 3740 2958 3796 non
2995 3740 3141 3797 venit
3189 3743 3398 3798 solvere
3427 3782 3442 3808 ,
3503 3740 3598 3800 sed

2032 3812 2324 3883 adimplere
2355 3811 2566 3880 (Matth.
2599 3811 2702 3883 5.).
2743 3812 2991 3882 lmplebis
3021 3814 3161 3868 enim
3192 3829 3376 3869 amore
3401 3854 3415 3878 ,
3457 3819 3599 3883 quod

2034 3882 2228 3936 timore
2277 3899 2383 3936 non
2435 3882 2664 3949 poteras.
2707 3883 2806 3950 Qui
2851 3885 2993 3937 enim
3037 3886 3274 3940 timendo
3321 3900 3425 3938 non
3473 3882 3603 3940 facit

2033 3952 2202 4017 male,
2253 3955 2436 4007 mallet
2464 3952 2641 4007 facere
2689 3957 2734 4007 si
2764 3955 2970 4009 liceret.
3015 3952 3194 4023 Itaque
3216 3962 3271 4008 et
3299 3956 3345 4009 si
3376 3954 3601 4008 facultas

2034 4025 2341 4094 nonndatur,
2366 4024 2610 4076 voluntas
2638 4038 2728 4094 [ea
2753 4032 2979 4078 tenetur.
3005 4027 3128 4079 llaec
3148 4024 3443 4094 cogitantes
3468 4027 3600 4079 recti

2034 4092 2226 4157 corde,
2274 4092 2595 4161 Conﬁtemini
2633 4092 2857 4147 Domitio
2905 4096 2957 4147 in
2986 4092 3316 4164 cytltara,'in
3360 4094 3606 4163 psalterio

2035 4165 2540 4232 decem_cltordarum
2572 4164 2772 4232 psallite
2797 4165 2864 4218 ei.

2105 4233 2159 4285 ὅ.
2190 4229 2402 4286 Caritate
2430 4235 2478 4286 ei
2518 4229 2772 4286 canticum
2803 4248 3002 4286 novum.
3035 4233 3227 4288 Exuite
3253 4243 3602 4292 vetustatem.

2039 4303 2152 4358 Non
2175 4302 2317 4355 enim
2346 4301 2472 4370 (Ex.
2499 4302 2633 4371 Aug.
2661 4302 2814 4370 ibid.)
2843 4304 3072 4370 pertinet
3091 4304 3356 4358 canticum
3381 4321 3600 4372 novum,

2037 4375 2103 4426 ad
2143 4381 2352 4426 veteres
2379 4372 2642 4427 homines.
2677 4373 2793 4428 Non
2831 4373 2955 4426 illud
2985 4375 3196 4429 discunt
3227 4377 3326 4429 nisi
3358 4375 3603 4431 homines

2037 4445 2274 4516 renovati
2302 4457 2396 4511 per
2414 4443 2638 4512 gratiam
2653 4457 2718 4499 ex
2743 4453 3029 4508 vetustate,
3057 4454 3110 4499 et
3137 4446 3466 4513 pertinentes
3489 4449 3603 4516 jam

2039 4514 2104 4567 ad
2136 4516 2537 4585 Testamentum
2570 4527 2792 4582 novum,
2821 4517 2960 4582 quod
2981 4526 3060 4585 est
3083 4529 3306 4585 regnum
3322 4514 3600 4573 caelorum.

350 4581 545 4647 Deum,
568 4590 627 4657 et
655 4579 706 4634 in
736 4594 800 4634 eo
829 4573 1170 4657 exultanduni
1198 4577 1372 4633 idonei
1401 4588 1544 4637 sunt.
1572 4579 1727 4634 Tales
1751 4584 1928 4637 allino-
1963 4573 2015 4636 Ι)
2045 4585 2104 4637 Ei
2134 4584 2365 4653 suspirat
2416 4585 2590 4657 omnis
2616 4573 2979 4657 amor'noster
3001 4584 3087 4656 (‘2.
3124 4573 3244 4640 Cor.
3277 4589 3383 4657 5.).
3425 4588 3604 4644 Novus

347 4663 437 4707 net
469 4651 727 4720 psalmus,
757 4648 1178 4720 cuniAsubjungit
1212 4665 1224 4701 :

418 4720 474 4774 ‘2.
507 4719 830 4788 Conﬁleinini
874 4718 1435 4790 Dontiiio_in_cylltara,
1467 4721 1518 4778 in
1559 4720 1801 4790 psalterio
1840 4723 1932 4778 de-

347 4809 455 4845 cem
483 4787 790 4844 chordarum
811 4791 1012 4860 psallite
1039 4787 1136 4841 illi.
1159 4787 1388 4860 Cytliara
1414 4807 1477 4846 ex
1510 4787 1762 4848 inferiore
1789 4804 1935 4860 parte

350 4873 525 4916 sonat.
559 4861 872 4930 Psalterium
913 4875 978 4914 ex
1009 4860 1306 4925 superiore.
1339 4861 1512 4916 Vitam
1543 4877 1610 4916 ex
1642 4862 1738 4916 iSla
1770 4874 1931 4930 terra,

350 4943 600 5002 tanquam
626 4946 691 4985 ex
722 4929 971 4986 inferiore
1000 4937 1148 4998 parte
1180 4932 1435 4986 liabenius
1468 4950 1479 4986 :
1514 4940 1596 4985 est
1622 4941 1799 5002 autem
1829 4942 1935 4989 ter-

351 5000 480 5057 reita
513 5002 856 5072 prosperitas,
890 5011 942 5054 et
968 5011 1172 5055 terrena
1201 5003 1514 5067 adversitas,
1544 5013 1595 5056 et
1624 5000 1676 5057 in
1711 5013 1932 5072 utroque

350 5072 646 5142 laudandus
673 5081 755 5125 est
785 5070 943 5142 Deus.
990 5072 1131 5142 Quze
1164 5081 1246 5124 est
1300 5082 1510 5127 terrena
1553 5070 1931 5142 prosperitas?

349 5144 480 5197 Cum
509 5141 616 5209 (Ex
638 5143 809 5195 eodem
837 5141 988 5212 ibid.)
1021 5140 1134 5196 sani
1161 5155 1342 5196 sumtis
1368 5141 1657 5197 secundum
1680 5140 1928 5200 carnem:

349 5228 472 5267 cum
505 5218 703 5266 fruetus
734 5213 879 5281 large
911 5215 1227 5279 proveniunt
1258 5229 1270 5265 :
1301 5227 1420 5267 cum
1443 5213 1928 5280 abundantouinia,

349 5285 543 5351 quibus
574 5282 798 5336 vivimus
831 5299 843 5334 :
879 5283 1114 5352 quisquis
1145 5283 1267 5339 inde
1297 5299 1400 5337 non
1434 5284 1615 5338 laudat
1657 5283 1824 5345 Deum
1855 5285 1935 5338 in-

349 5364 532 5419 gratus
575 5363 674 5406 est.
710 5353 1074 5407 Adversitatcs
1118 5369 1244 5409 vero
1274 5362 1398 5414 sunt
1448 5357 1502 5408 in
1545 5353 1839 5420 doloribus,
1882 5356 1938 5410 iii

353 5423 718 5491 languoribus,
753 5424 801 5475 in
833 5426 1112 5490 pressuris,
1145 5426 1198 5479 in
1221 5423 1505 5480 amissione
1536 5440 1736 5488 rerum,
1767 5426 1818 5478 iii
1843 5429 1936 5479 tri-

353 5493 727 5547 bnlationibus.
762 5493 900 5562 Ergo
935 5495 1192 5552 conlitere
1221 5495 1446 5551 Domino
1472 5497 1525 5550 iii
1555 5497 1796 5568 cytliara,
1822 5498 1933 5552 sive

424 5665 448 5692 α
481 5656 583 5709 Pro
611 5655 815 5710 duobus
844 5657 1020 5712 verbis
1063 5657 1167 5712 Dco
1197 5660 1524 5726 dominatori,
1567 5675 1726 5714 unum
1774 5659 1928 5714 nabct

355 5726 596 5796 vulgatus
627 5729 948 5794 Augustinus
969 5730 1298 5793 indomitum;
1321 5740 1554 5784 notatum
1580 5746 1708 5788 vero
1733 5731 1802 5787 ibi
1834 5734 1928 5785 lia-

355 5799 463 5851 beri
493 5797 542 5851 iii
570 5798 748 5851 multis
780 5799 928 5863 Mss.,
959 5800 1234 5853 resistrttdo
1263 5802 1574 5858 dominatori.

2038 4657 2232 4724 homo,
2274 4658 2411 4708 riora
2456 4654 2648 4724 gratia,
2692 4669 2827 4709 nova
2857 4655 2961 4710 vita
2993 4654 3146 4711 nobis
3174 4654 3600 4716 commendatur.

2040 4725 2114 4779 De
2140 4723 2221 4778 bis
2254 4739 2435 4793 agere,
2466 4723 2522 4779 in
2572 4725 2662 4781 his
2689 4725 2972 4780 Dominum
3002 4727 3218 4781 laudare
3238 4769 3253 4789 .
3287 4731 3340 4782 in
3370 4730 3605 4784 novitate

2035 4794 2250 4867 spiritus
2277 4796 2545 4867 canticum
2577 4811 2772 4851 novum
2801 4809 3017 4851 cantare
3043 4806 3144 4852 est.
3176 4797 3314 4852 Bene
3334 4801 3536 4867 psallite
3558 4803 3607 4855 ei

2036 4865 2089 4918 in
2103 4863 2480 4933 vociferatione.
2505 4865 2648 4922 Bene
2676 4867 2875 4936 psallit,
2898 4867 2989 4936 qui
3016 4869 3151 4923 bene
3180 4863 3454 4926 vivithed
3489 4873 3607 4927 haec

2039 4937 2155 5003 ipsa
2187 4937 2323 4989 bona
2357 4938 2465 4990 vita
2494 4948 2673 4991 nostra
2704 4937 2970 5002 quandam
3003 4940 3064 4992 in
3080 4939 3297 4999 auribus
3327 4940 3419 4998 Dei
3446 4941 3610 4997 debet

2039 5007 2235 5081 habere
2264 5006 2598 5081 Spiritualeiu
2621 5007 3088 5081 vociferationem,
3113 5022 3167 5063 ut
3194 5012 3442 5081 quicquid
3472 5014 3609 5067 bene

2042 5075 2272 5130 vivendo
2285 5078 2514 5146 agimus,
2534 5087 2643 5132 toto
2663 5079 2877 5143 affectu,
2897 5088 3018 5137 tota
3040 5075 3166 5145 fide,
3193 5075 3299 5136 tota
3323 5075 3610 5138 devotione

2041 5147 2107 5223 ad
2145 5148 2374 5223 _laud_em
2422 5149 2526 5223 _Dei
2580 5150 2930 5223 (inquautum
2985 5151 3310 5223 possumus)
3353 5152 3608 5207 faciamus

2041 5217 2238 5293 (Color:
2270 5217 2372 5293 3.).
2421 5219 2485 5272 Et
2514 5217 2638 5274 inde
2667 5217 3223 5293 c’aussaiu‘subjungit,
3248 5217 3366 5274 cum
3401 5224 3513 5275 ait:

2109 5291 2161 5342 4.
2194 5289 2326 5361 Quia
2355 5299 2549 5361 rectum
2574 5299 2646 5346 est
2675 5289 3155 5361 verbuntDomini,‘
3172 5303 3222 5346 et
3250 5292 3422 5346 munia
3454 5308 3608 5361 opera

2037 5359 2152 5427 ejus
2179 5376 2230 5412 in
2258 5359 2379 5427 ﬁde.
2415 5360 2745 5415 Dominicuin
2793 5360 3013 5415 verbum
3043 5359 3246 5416 rectum
3286 5370 3369 5414 est
3417 5379 3429 5413 :
3479 5359 3604 5430 quia

2041 5440 2183 5482 recta
2245 5433 2436 5491 docet,
2493 5442 2633 5484 recta
2680 5431 2870 5498 jubet,
2922 5441 3064 5484 recta
3121 5430 3407 5498 praedicat,
3461 5443 3606 5486 recta

2045 5500 2324 5567 promittit.
2369 5501 2452 5557 Ad
2475 5503 2670 5556 nullam
2704 5501 3001 5558 falsitatem.
3029 5503 3312 5555 distortum
3354 5510 3438 5554 est
3471 5541 3488 5566 ,
3540 5505 3606 5557 ad

2106 5661 2133 5700 δ
2180 5663 2302 5716 "rc
2329 5665 2503 5717 verior.
2530 5673 2618 5733 est
2639 5662 2816 5727 lectio,
2851 5678 3008 5725 quam
3036 5673 3092 5718 et
3119 5665 3490 5733 August‘iiiaiii
3518 5684 3610 5722 co-

2033 5733 2176 5807 dices
2208 5734 2401 5799 llegius
2429 5743 2493 5807 et
2511 5732 2792 5788 Vaticanus
2815 5733 3063 5800 retinent,
3091 5732 3476 5807 praciinprsssa
3508 5755 3610 5796 uno
3681 5780 3684 5781 ν

2035 5803 2193 5858 verbo
2221 5802 2532 5868 pra'ceperit.
3093 5802 3102 5804 ‘
3154 5829 3159 5839 ι
