4128 6360
562 348 668 403 773

1592 341 1842 401 RUFliVO
1884 336 2340 395 PRESBYTERO
2382 333 2759 391 ASCRIPTUS

3736 333 3827 385 776

564 462 730 518 multa
775 460 1046 527 dicuntur,
1074 459 1195 528 quia
1235 457 1512 528 iniquitate
1542 454 2139 528 mrtltiplici_tenebran-
2171 454 2223 513 Α
2249 466 2349 528 nus
2380 451 2693 519 peccatoris.
2724 449 2899 516 Quare
2930 458 3115 503 contra
3144 448 3451 519 superbiam
3477 444 3579 503 hoc
3603 445 3829 504 dicitur?

568 543 676 587 tur.
705 531 771 586 Et
792 532 911 601 quia
941 525 1533 601 priusvrdixerat',_quod
1565 525 1741 601 divina
1775 525 2141 601 misericordia

568 603 620 657 in
643 602 777 657 caalo
799 599 914 656 erat
945 599 961 657 ξ
1005 600 1161 654 modo
1197 599 1430 655 ostendit
1452 644 1468 670 ,
1510 600 1633 671 quia
1655 600 1817 654 etiarn
1846 599 1913 649 ad
1946 605 2144 650 terram

569 674 739 729 venit.
772 673 861 726 Ait
890 673 1032 727 enim
1065 686 1082 726 :

642 768 697 821 8.
742 766 990 821 Homines
1009 775 1057 819 et
1082 767 1318 835 jumenta
1346 764 1586 835 salvebis,
1616 762 1835 835 Domin_e
1866 761 2149 835 :quemad-

570 840 776 892 modum
803 832 1155 906 multiplicasti
1183 834 1583 906 misericmdiarn
1611 843 1755 906 tuam
1782 832 1940 887 Deus.
1971 833 2149 906 Iuran-

571 920 683 963 tum
714 909 858 962 enim
886 901 1036 960 suam
1072 905 1491 960 misericordiam
1523 904 1640 973 pius
1672 904 1927 956 Dominus
1973 901 2149 973 nrnlti-_

572 978 809 1047 plicavit,
850 977 991 1042 quod
1037 992 1143 1029 non
1183 976 1354 1029 solrrm
1406 970 1661 1047 homines
1699 970 2149 1047 rationales,_sed

574 1042 733 1101 etiam
766 1049 948 1099 brutos
994 1055 1047 1099 et
1071 1047 1264 1099 idiotas
1291 1045 1533 1098 salvavil.
1567 1044 1664 1097 Ubi
1688 1046 1830 1097 enim
1861 1042 2150 1096 abundavit

570 1126 866 1186 peceatum,
899 1115 1348 1184 superabundavit
1378 1116 1541 1186 gratia
1574 1115 1752 1183 (Rom.
1776 1112 1886 1186 _5.).
1913 1111 2035 1165 Filii
2058 1128 2152 1163 au-

572 1183 671 1240 tem
700 1183 985 1248 hominum,
1010 1186 1060 1240 id
1087 1195 1204 1252 est,
1240 1196 1350 1240 tota
1384 1185 1619 1238 Ecclesia
1647 1183 1950 1237 continuata
1984 1196 2151 1249 usque

572 1257 640 1310 ad
667 1259 825 1311 linem
848 1256 1054 1321 saeculi,
1078 1253 1143 1309 In
1158 1257 1377 1326 tegmine
1397 1258 1597 1308 alarum
1624 1264 1827 1306 tuarum
1852 1254 2147 1326 sperabun'.

573 1328 738 1387 ldest,
772 1328 826 1379 in
858 1322 1455 1395 protecrione'dnorunr
1486 1335 1894 1395 praeceptorum,
1918 1322 2152 1395 caritatis

572 1396 665 1451 Dei
683 1393 948 1460 videlicet,
967 1406 1021 1449 et
1035 1394 1259 1464 proximi
1280 1395 1490 1464 (Matth.
1505 1394 1596 1449 ἓξ.
1615 1394 1736 1446 Luc.
1763 1393 1892 1464 10.).
1907 1394 2015 1446 Sub
2038 1393 2152 1447 istis

574 1468 675 1521 alis
703 1466 945 1534 quisquis
971 1463 1075 1520 non
1104 1463 1417 1534 protegitur,
1450 1466 1694 1518 vitiorum
1718 1463 1932 1516 a-stibus
1958 1478 2152 1517 exure-

578 1546 682 1591 tur.
718 1536 813 1589 Vel
847 1533 978 1604 quia
1010 1533 1139 1589 dicit
1171 1537 1319 1603 prius
1369 1536 1634 1595 homines,
1686 1544 1740 1586 et
1788 1542 1968 1600 postea
2001 1533 2153 1604 _lilios

573 1602 887 1670 hominum,
899 1602 1183 1667 possumus
1202 1605 1499 1674 intelligere
1520 1606 1887 1673 perlrornirres,
1904 1602 2151 1674 antiquos

576 1685 790 1742 patres,
822 1675 913 1742 qui
945 1676 1115 1745 legem
1158 1673 1390 1745 quidem
1422 1690 1527 1745 non
1558 1674 1892 1735 habuerunt,
1924 1673 2150 1745 sedipsi

573 1746 675 1800 sibi
709 1747 925 1799 fuerunt
953 1743 1036 1799 lei
1062 1763 1075 1798 :
1098 1756 1153 1800 et
1177 1743 1439 1814 pratcepta
1463 1744 1738 1797 Dominica
1765 1743 2153 1814 rationabiliter

582 1818 961 1870 intellexerunt
990 1826 1044 1869 et
1072 1812 1334 1870 fet-erunt.
1358 1812 1361 1813 ⁷
1381 1815 1513 1869 Cum
1543 1815 1684 1867 enim
1717 1823 1904 1883 gentes
1931 1826 2048 1877 quo:
2073 1812 2149 1865 le-
2185 1821 2230 1881 Β

579 1900 699 1955 gent
742 1902 848 1939 non
880 1885 1095 1950 habent,
1129 1886 1440 1939 naturaliter
1469 1899 1529 1937 ea
1560 1900 1678 1953 qua:
1710 1884 1842 1955 legis
1886 1893 2029 1955 sunt,
2064 1884 2143 1935 la-

579 1953 767 2010 ciunt:
802 1955 1063 2023 ejusmodi
1092 1956 1259 2024 legem
1291 1970 1397 2008 ucn
1434 1954 1710 2018 habentes,
1739 1953 1838 2024 ipsi
1881 1953 1982 2019 sibi
2026 1960 2152 2007 sunt

581 2025 669 2080 lex
701 2042 713 2078 :
747 2030 836 2094 qui
866 2023 1162 2080 ostendunt
1182 2040 1317 2094 oprrs
1363 2026 1495 2093 legis
1521 2025 1777 2093 scriptum
1818 2023 1869 2077 in
1900 2024 2152 2077 cordibus

577 2096 722 2159 suis,
758 2096 1112 2149 testimonium
1146 2096 1403 2150 reddente
1430 2095 1535 2148 illis
1561 2094 1885 2148 conscientia
1916 2094 2151 2161 ipsorrrru

574 2165 756 2233 (Rom.
778 2163 882 2235 2.).
906 2166 1007 2235 Ipsi
1030 2167 1245 2233 quidem
1274 2181 1369 2233 per
1398 2163 1823 2235 misericordiam
1850 2165 1938 2218 Dei
1962 2164 2152 2217 salvati

571 2243 715 2297 sunt,
741 2233 1188 2303 quemadmodum
1210 2246 1264 2289 et
1286 2251 1402 2299 nos,
1427 2235 1514 2303 qui
1533 2249 1720 2288 sumus
1736 2233 1830 2287 lilii
1852 2235 2154 2295 hominum,

572 2306 777 2367 scilicet
810 2308 1186 2374 prophetarum
1208 2314 1263 2359 et
1296 2306 1667 2373 Apostolorum
1694 2321 1708 2356 :
1736 2306 2065 2372 pertinentes
2087 2304 2154 2357 ad

574 2376 765 2429 Filium
799 2375 1032 2430 hominis
1075 2378 1406 2435 Salvatorem
1451 2374 1722 2429 Christum
1773 2391 1785 2425 :
1840 2374 1925 2439 qui
1972 2388 2158 2427 surnus

576 2450 759 2500 nutriti
784 2447 886 2500 sub
917 2446 1051 2514 lege,
1085 2446 1389 2514 regenerati
1420 2461 1512 2512 per
1541 2444 1764 2512 gratiam
1788 2445 1838 2497 in
1863 2460 2010 2511 spem
2037 2445 2157 2497 vita:

572 2529 809 2570 tulerunt.
828 2516 956 2582 Qua:
978 2514 1193 2585 quidem
1213 2516 1383 2585 gratia
1405 2514 1559 2568 nobis
1585 2515 2004 2581 commendatur,
2032 2528 2153 2569 cum

572 2586 900 2641 subiulertur
929 2602 942 2637 :

643 2675 698 2728 9.
730 2672 1128 2727 Incbriabunlur
1157 2673 1219 2727 ab
1248 2674 1469 2727 ubertate
1490 2674 1672 2727 domus
1700 2683 1801 2729 luce
1820 2690 1839 2727 :
1868 2682 1914 2727 et
1940 2682 2160 2729 torrente

572 2745 846 2811 voluptatis
873 2746 1069 2811 potabis
1120 2760 1226 2797 eos.
1267 2744 1447 2799 Gratia
1484 2745 1575 2799 Dei
1604 2746 1795 2798 diﬂusa
1823 2745 1876 2798 in
1906 2748 2157 2799 cordibus

575 2814 775 2868 nostris
818 2830 913 2879 per
961 2815 1214 2883 Spiritum
1237 2823 1503 2879 sanctum,
1540 2815 1629 2883 qui
1672 2816 1826 2868 datus
1872 2822 1958 2871 est
2004 2816 2157 2870 nobis

577 2885 756 2951 (llam.
790 2886 891 2952 5.),
918 2884 1029 2955 ipsa
1059 2895 1141 2937 est
1170 2884 1383 2938 ubertas
1413 2886 1602 2939 domus
1629 2884 1744 2939 Dei.
1778 2884 1887 2940 llac
1916 2886 2158 2941 ubertate

577 2957 932 3015 inebriantur,
964 2956 1053 3025 qui
1074 2963 1219 3007 tanto
1236 2955 1621 3023 omnipotentis
1648 2956 1739 3010 Dei
1762 2971 1945 3011 anrore
1970 2958 2156 3022 repleti

577 3036 724 3088 sunt,
758 3035 813 3079 ut
842 3035 1233 3079 tuentemutala
1264 3026 1477 3079 sibimet
1507 3027 1633 3094 ipsis
1662 3027 1900 3080 extranei
1931 3042 2050 3080 esse
2084 3029 2158 3080 vi-‘

577 3099 823 3151 dearrtur.
855 3095 980 3150 ﬂare
1008 3097 1199 3165 merito
1228 3106 1439 3149 torrens
1470 3098 1753 3165 voluptatis
1794 3099 2009 3163 dicitur,
2036 3099 2157 3165 quia

576 3176 698 3220 eum
728 3181 919 3249 magno
964 3162 1162 3248 impetu
1197 3167 1358 3248 venit,
1391 3174 1446 3249 et
1493 3162 1630 3249 curri.
1662 3182 1853 3249 magna
1897 3162 2157 3249 suavitate
2188 3187 2232 3249 ρ

577 3246 735 3304 atque
753 3237 1109 3291 delectatione
1136 3252 1164 3289 a
1191 3238 1763 3306 sitienthusjustitiarn
1784 3246 2015 3307 potatur.
2048 3240 2156 3290 llac

577 3307 823 3360 iuebriati
871 3316 1024 3362 erant
1068 3318 1351 3376 martyres,
1400 3308 1612 3375 quando
1657 3308 1724 3362 ad
1772 3320 1996 3362 mortem
2052 3311 2156 3361 laeti

580 3378 746 3443 ibant,
777 3388 1037 3431 tormenta
1079 3378 1512 3442 conremncbmt,
1557 3387 1805 3446 parentes
1830 3381 2022 3432 llentes
2052 3395 2162 3432 non

577 3450 962 3517 agnoscebant.
1020 3456 1305 3515 sper-eurus
1347 3464 1475 3515 ergo
1525 3450 1624 3502 sub
1678 3448 1908 3517 tegmine
1954 3451 2157 3502 alarum

582 3516 699 3580 Dei,
728 3532 991 3585 quatenus
1020 3519 1137 3585 ejus
1168 3518 1449 3574 dulcedine
1482 3516 1783 3573 mereamur
1810 3519 2085 3574 inebriari.

653 3589 739 3640 10.
775 3588 1027 3653 Quoniam
1054 3591 1191 3657 apud
1218 3600 1265 3642 te
1295 3602 1369 3641 est
1398 3590 1511 3657 fons
1533 3592 1648 3642 vita:
1671 3606 1689 3642 :
1712 3599 1757 3643 ct
1776 3590 1828 3641 in
1860 3590 2049 3641 lumine
2070 3597 2158 3640 tuo

580 3657 859 3710 videbimus
888 3658 1075 3712 lumen.
1106 3659 1208 3725 Qui
1255 3669 1337 3713 est
1363 3662 1499 3713 'l'orrs
1536 3660 1680 3725 vitm,
1727 3660 1827 3713 nisi
1882 3658 2158 3712 ϐιηίηιυεῖ

581 3726 740 3781 Venit
771 3728 822 3779 in
845 3743 1026 3792 (nunc,
1055 3735 1251 3783 roravit
1275 3731 1566 3795 sitientem,
1595 3728 1804 3784 satiavit
1826 3737 2155 3796 sperantem.

585 3797 687 3850 llic
725 3797 865 3849 aliud
896 3808 977 3851 est
1026 3800 1165 3863 lous,
1194 3800 1335 3853 aliud
1367 3802 1545 3854 lumen
1596 3817 1608 3853 :
1647 3800 1716 3853 ibi
1746 3814 1849 3852 non
1883 3800 1974 3851 ita.
2007 3799 2158 3865 Quod

579 3869 722 3921 enim
778 3868 917 3948 lous,
951 3869 1051 3922 hoc
1078 3879 1156 3923 est
1184 3881 1238 3923 et
1263 3873 1461 3952 lumen.
1514 3871 1589 3952 Et
1626 3869 1883 3952 quiequid
1908 3869 1988 3921 vis
2028 3869 2158 3952 illud

582 3952 710 3991 voca
747 3955 758 3989 :
789 3938 907 4003 quia
942 3956 1044 3993 non
1069 3950 1151 3993 est
1175 3940 1316 4007 quod
1349 3955 1526 3994 vocas.
1550 3940 1683 4006 Quia
1715 3938 1822 4007 (Ex
1848 3939 2160 4009 Augustino)

510 4014 515 4017 '
578 4022 683 4060 non
718 4017 866 4076 potes
892 4025 1184 4079 congruum
1217 4027 1410 4065 nomen
1441 4014 1705 4072 invenire,
1738 4025 1843 4062 non
1874 4018 2159 4079 remaneat

579 4079 632 4130 in
664 4094 768 4132 uno
796 4078 1033 4133 nomine.
1060 4080 1203 4134 Fons
1228 4093 1308 4135 est
1329 4080 1451 4149 quia
1481 4080 1640 4132 saliat
1668 4079 1929 4134 sitientes.
1954 4078 2159 4133 Lumen

584 4152 706 4215 quia
741 4151 1003 4203 illuminat
1029 4165 1224 4205 cmcos.
1250 4153 1306 4203 in
1339 4158 1439 4202 hoc
1462 4150 1663 4204 lumrue
1693 4150 1934 4203 videmus
1957 4152 2156 4214 lumen,

578 4220 700 4286 quia
728 4220 1005 4273 illuuriuati
1056 4238 1085 4273 a
1125 4220 1340 4273 Christo
1362 4220 1602 4273 videmus
1630 4220 1939 4287 sapientiam
1960 4261 1976 4286 ,
2005 4222 2161 4289 jlbli-

582 4291 732 4354 tiam,
766 4292 1064 4345 caritatem.
1095 4289 1187 4345 νει
1229 4291 1280 4342 in
1330 4290 1430 4343 hoc
1460 4289 1660 4342 lurrrine
1690 4292 1927 4345 videmus
1958 4292 2157 4359 lumen,

578 4360 717 4433 sicut
739 4375 849 4428 ipse
875 4362 987 4425 ait,
1020 4363 1120 4427 Qui
1153 4362 1295 4412 videt
1325 4375 1442 4423 ure,
1480 4361 1621 4413 videt
1651 4371 1701 4413 el
1737 4361 1942 4415 Patrem
1980 4364 2157 4433 (Joan.

582 4429 719 4496 14.).
755 4434 816 4483 Et
841 4441 899 4485 ut
928 4437 1028 4485 hoc
1060 4436 1169 4494 liat,
1200 4433 1279 4483 lac
1310 4433 1449 4497 quod
1476 4434 1719 4497 sequitur
1750 4447 1765 4482 :

648 4521 735 4572 11.
766 4518 1036 4571 Prcetende
1049 4518 1444 4591 misericordiam
1460 4528 1596 4569 luant
1611 4519 1880 4591 scientibus
1916 4520 2070 4591 162
2091 4530 2157 4584 te,

576 4591 892 4660 etjustitium
907 4602 1044 4641 tuam
1066 4589 1149 4660 liis~
1171 4604 1252 4660 qui
1269 4597 1406 4640 recto
1428 4598 1544 4640 sunt
1568 4589 1737 4660 corde.
1763 4590 1912 4642 Prius
1931 4589 2164 4646 cs'tﬁzrre

577 4657 743 4714 Deum
760 4675 852 4727 per
872 4660 1051 4723 tidem,
1067 4658 1261 4712 deinde
1284 4667 1483 4711 rectum
1505 4657 1698 4711 trahere
1716 4674 1809 4712 cor
1826 4676 1837 4710 :
1854 4661 2008 4725 idest,
2032 4665 2163 4718 velle

585 4733 726 4797 quod
756 4734 867 4782 vult
900 4730 1060 4782 Deus.
1093 4729 1403 4782 Scienlibus
1448 4742 1506 4781 se
1536 4732 1812 4795 praetendit
1858 4734 2164 4787 misericor-

578 4803 719 4872 uiam
749 4815 905 4872 suam
930 4799 1072 4872 Deus
1093 4838 1108 4863 ,
1166 4800 1377 4865 quando
1407 4799 1745 4872 credentibus
1778 4804 1825 4853 in
1858 4817 1978 4855 eum
2018 4807 2163 4872 prius

582 4870 747 4922 donat
777 4870 1149 4941 remissionem
1185 4879 1542 4941 leccatorum.
1574 4869 1775 4925 Deinde
1796 4886 1915 4925 curn
1935 4869 2044 4941 jam
2070 4890 2166 4928 cor

577 4946 781 5014 reg-mm
810 4937 1008 5014 habere
1031 4940 1313 5014 crepet-int,
1343 4951 1397 4991 ut
1421 4954 1483 4992 ea
1510 4955 1627 5009 qua:
1652 4942 1790 4995 Deus
1819 4937 1949 5014 vult,
1974 4954 2027 4996 et
2055 4945 2157 5014 ipsi

578 5009 740 5061 velint
772 5010 897 5081 :_sic
920 5006 1181 5081 justitiam
1215 5006 1747 5081 DeiAt'ousequrrntur,
1779 5022 1838 5066 ut
1867 5006 1944 5068 der
1965 5006 2157 5081 pecca-

579 5077 928 5153 lozlbusiiusll
956 5077 1276 5153 ellit-ianlur.
1306 5079 1409 5135 Sed
1436 5077 1544 5149 jam
1576 5095 1821 5150 caveant,
1876 5099 1943 5138 ne
1965 5077 2160 5153 super-

579 5150 746 5203 biant.
784 5144 934 5202 Unde
964 5150 1225 5204 orarrduur
1257 5163 1359 5217 est,
1391 5144 1453 5205 et
1474 5155 1755 5207 dicendum
1788 5171 1801 5206 :

654 5239 741 5315 12.
775 5238 895 5293 Non
926 5243 1091 5295 veniat
1118 5245 1241 5297 milii
1264 5262 1348 5315 pes
1376 5248 1666 5314 superbire:
1696 5257 1742 5298 et
1768 5263 1947 5299 manus
1980 5261 2158 5309 pecca-

580 5312 704 5386 toris
731 5328 829 5363 non
856 5324 1047 5367 moveut
1075 5330 1171 5367 me.
1196 5312 1449 5371 Radicem
1480 5316 1685 5385 peccati
1715 5317 1820 5385 (Ei:
1848 5319 2155 5386 Augustino)

580 5384 819 5456 cl_capu_t
870 5388 1068 5456 peccati
1120 5389 1317 5450 timuit,
1360 5390 1446 5456 qui
1496 5389 1596 5440 hoc
1623 5384 1776 5441 dixit.
1810 5384 1943 5439 Νοιι⁷
1978 5384 2162 5442 deerat

581 5453 754 5520 priuro
783 5454 910 5506 Atla:
950 5455 1176 5523 justitia,
1224 5459 1317 5510 sed
1348 5453 1494 5510 venit
1524 5456 1601 5509 illi
1636 5472 1729 5523 pes
1757 5456 2040 5524 superbire.
2096 5460 2159 5511 l'lt

583 5524 748 5595 tnovit
774 5526 919 5577 illum
940 5541 1125 5579 rrrarrus
1145 5529 1459 5595 peccatoris,
1490 5525 1647 5588 idest,
1679 5530 1899 5579 tentatio
1938 5529 2154 5581 diaboli.

585 5592 843 5662 Superbia
865 5610 992 5666 ergo
1022 5592 1157 5663 lapsi
1177 5606 1383 5659 sumus,
1417 5604 1472 5666 ut
1500 5596 1565 5647 ad
1597 5596 1747 5648 istam
1780 5596 2156 5666 nrortalit.rterrr

584 5665 1001 5730 perveniremus.
1048 5666 1310 5735 Superbia
1359 5665 1541 5736 dejicit
1590 5680 1604 5716 :
1659 5665 1928 5719 humilitas
1981 5666 2156 5736 erigit.

584 5736 754 5788 Serva
784 5750 911 5804 ergo
941 5737 1080 5804 quod
1111 5745 1249 5789 lltlllS
1279 5742 1383 5799 est,
1435 5735 1641 5787 scilicet
1668 5737 1853 5802 pedem
1883 5735 2156 5802 luminal-

584 5805 778 5857 lectum
806 5816 950 5858 tuum
982 5822 991 5857 :
1025 5815 1079 5860 et
1108 5822 1211 5859 non
1244 5806 1458 5860 timebis
1487 5804 1616 5858 loris
1644 5820 1710 5859 tre
1742 5815 1790 5859 te
1822 5818 2029 5861 ruoreat
2058 5825 2161 5863 tua-

2302 536 2385 574 uta

2249 522 2408 643 Qui;
2441 589 2522 643 lbi
2575 591 2864 643 ceciderunt
2892 590 2977 658 qui
3006 592 3280 659 operantur
3332 588 3649 659 iniquitatem
3677 590 3696 655 ξ
3750 606 3833 644 ea:-

2249 660 2391 729 pulsi
2420 670 2560 724 sunt,
2588 677 2679 712 nec
2700 660 2967 726 potuerunt
2994 671 3147 715 stare.
3172 657 3272 722 Qui
3306 657 3463 714 modo
3492 660 3659 729 iniqtti
3690 669 3830 726 sunt,

2252 727 2398 799 prius
2432 731 2483 783 in
2518 730 2765 795 superbia
2798 728 3125 784 ceciderunt.
3160 730 3317 784 Prior
3350 730 3464 793 ille,
3494 727 3670 799 qui—in
3703 732 3835 787 veri-

2251 808 2358 854 tate
2390 815 2493 853 non
2521 801 2667 853 stetit
2700 799 2877 870 (Joan.
2907 800 2991 870 ,8.)
3024 801 3263 870 {deinde
3295 815 3388 868 per
3418 815 3540 855 eum
3575 800 3677 864 illi,
3709 816 3838 869 quos

2252 870 2393 923 Deus
2420 870 2484 924 de
2517 868 2762 937 paradiso
2789 869 2990 924 dirrrisit
3012 868 3166 937 (Cen.
3194 870 3297 937 5.).
3323 871 3447 924 Ideo
3472 886 3594 924 cum
3622 884 3833 926 cautarn

2251 940 2453 994 faceret
2481 941 2775 993 Ecclesiam
2810 941 3064 995 Dominus
3098 958 3110 992 :
3144 941 3231 994 Illa
3260 953 3414 1010 tuum
3441 943 3461 1007 (
3488 940 3701 1010 inquit)
3734 944 3837 995 ob-

2251 1011 2485 1082 servahit
2510 1019 2690 1082 caput,
2715 1022 2775 1082 et
2805 1019 2858 1065 tu
2882 1010 2997 1079 ejus
3021 1012 3330 1066 calcanitnm
3365 1008 3577 1082 (Ibid.).
3612 1008 3841 1079 Serpens

2254 1080 2527 1144 observat,
2553 1094 2605 1133 ut
2634 1081 2728 1149 tibi
2755 1082 2933 1135 veniat
2957 1096 3048 1149 pes
3071 1083 3359 1147 superbius,
3390 1093 3447 1134 ut
3471 1080 3595 1136 tuus
3621 1082 3841 1135 allectus

2253 1160 2529 1203 moveatur
2572 1167 2599 1203 a
2648 1148 2778 1215 Deo,
2805 1160 2859 1205 et
2890 1148 2967 1204 ita
2993 1163 3043 1206 te
3097 1151 3334 1218 dejiciat.
3357 1152 3438 1205 Tu
3470 1161 3653 1205 autem
3686 1166 3841 1218 caprrt

2253 1221 2369 1302 ejus
2401 1222 2698 1302 "observa,
2733 1222 2956 1302 initium
3030 1224 3203 1275 omnis
3262 1221 3840 1302 _peccati_superb_iatn

2262 1289 2453 1360 (Eccli.
2488 1292 2624 1358 19.).
2661 1290 2832 1344 Priora
2864 1294 3014 1360 origo
3041 1289 3294 1359 poet-andi
3324 1297 3408 1344 est
3437 1292 3685 1345 voluntas
3715 1292 3841 1344 deli-

2253 1358 2400 1413 Cicns
2430 1376 2457 1412 a
2482 1376 2692 1414 summo
2720 1361 2885 1424 bono,
2926 1358 2979 1414 et
3014 1358 3125 1415 hate
3155 1372 3237 1415 est
3261 1376 3354 1430 pes
3384 1360 3679 1427 superbiat.
3715 1361 3836 1416 Inde

2257 1431 2550 1498 procedunt
2576 1434 2681 1483 duo
2726 1430 2871 1495 vilia,
2900 1432 3107 1485 scilicet
3134 1432 3429 1497 ignorantia
3467 1446 3648 1485 rerum
3683 1445 3838 1499 agens

2256 1502 2462 1562 darrrm,
2495 1511 2547 1556 et
2577 1503 3009 1570 Concupisceutia
3040 1504 3341 1555 noxiarum.
3379 1501 3582 1555 Deinde
3608 1500 3709 1554 alia
3736 1503 3837 1555 duo

2256 1571 2567 1624 derivantur
2601 1589 2613 1623 :
2648 1572 2787 1625 idest
2819 1574 2978 1624 timor
3006 1580 3061 1624 et
3090 1586 3259 1625 arnor.
3310 1574 3382 1624 Ls
3412 1573 3494 1624 his
3521 1581 3702 1624 autem
3726 1587 3840 1625 om-

2258 1642 2341 1693 nis
2387 1643 2649 1694 malorurn
2682 1656 2835 1709 seges
2866 1644 3172 1709 generatur.
3216 1641 3439 1695 Srrrnmo
3479 1656 3647 1711 opere
3682 1642 3836 1708 igitur

2258 1712 2553 1764 cavendum
2587 1722 2687 1773 εει,
2721 1728 2786 1765 ne
2816 1727 2929 1780 pes,
2964 1712 3103 1765 idest
3132 1711 3353 1765 allectus
3383 1721 3593 1777 noster,
3627 1720 3840 1767 morea-

2261 1790 2345 1851 trrr
2371 1796 2397 1832 a
2426 1796 2637 1835 srrrrrrno
2667 1781 2824 1846 bono,
2853 1797 2918 1835 ne
2947 1782 3160 1835 labatur
3184 1797 3281 1851 per
3300 1784 3609 1851 superbiam
3642 1796 3656 1833 :
3686 1786 3741 1836 et
3762 1784 3837 1835 sic

2257 1850 2456 1905 incidat
2486 1851 2622 1906 inter
2654 1858 2839 1905 manus
2872 1850 3199 1920 peceatoris,’
3242 1858 3299 1907 et
3324 1867 3353 1905 a
3387 1850 3717 1906 beatitudine
3748 1868 3837 1906 ex-

2258 1921 2525 1977 cludatur.
2559 1921 2871 1989 lnquantum
2914 1922 3137 1991 quisque
3182 1922 3358 1976 minus
3390 1934 3533 1975 amat
3568 1923 3754 1987 Deum,
3790 1925 3838 1976 in

2257 2000 2460 2045 tantum
2487 1992 2681 2045 labitur
2707 2006 2799 2059 pes
2818 1991 2931 2060 ejus
2952 1994 3015 2044 ad
3041 1993 3388 2061 peccaudurn.
3423 1994 3491 2046 Et
3512 1992 3564 2045 in
3587 2005 3837 2062 quantum

2259 2062 2377 2129 plus
2404 2072 2549 2115 amat
2577 2064 2764 2128 Deum,
2799 2064 3056 2115 iutrnturu
3081 2063 3350 2118 robustior
3378 2072 3511 2129 stat,
3541 2072 3596 2118 et
3630 2074 3829 2118 tanturn

2256 2146 2378 2186 eum
2402 2133 2576 2188 nrirrus
2609 2148 2831 2201 peccare
2859 2134 3107 2187 delectat.

2610 2244 2905 2301 TITULLS
2954 2244 3197 2300 PSALMI
3238 2245 3483 2302 XXXVI.

2322 2354 2363 2403 1.
2402 2356 2621 2406 Psalmus
2644 2354 2737 2418 ipsi
2756 2356 2933 2408 David.
2958 2357 3010 2407 id
3027 2364 3121 2417 est,
3145 2359 3584 2409 excellentioribus
3608 2359 3837 2409 membris

2257 2416 2512 2467 Ecclesiae.
2539 2416 2720 2483 videns
2742 2420 3004 2479 PrOpbeta,
3038 2416 3114 2470 vel
3145 2422 3351 2483 quilibet
3368 2422 3533 2481 justus
3564 2428 3651 2483 qui
3677 2423 3752 2469 hic
3773 2422 3838 2468 lo-

2257 2481 2590 2544 quirur,impi
2615 2494 2640 2529 s
2663 2483 2953 2544 proSperari,
2980 2490 3030 2530 et
3065 2481 3222 2541 justos
3260 2482 3530 2532 conculcari
3555 2481 3618 2531 ab
3656 2484 3835 2544 impiis,

2258 2548 2307 2614 et
2327 2543 2454 2614 quod
2476 2545 2563 2614 qui
2578 2542 2674 2614 iam
2690 2542 2933 2614 simplices
2948 2544 3356 2614 jrt_st_i_i_ttvi-l_erent
3383 2542 3834 2614 potentiaseornm,

2258 2610 2311 2651 et
2326 2603 2521 2676 vellent
2544 2604 2713 2676 ulcisci
2738 2603 3156 2676 injurias-abnuis
3177 2605 3347 2676 allatas
3372 2603 3671 2676 {aliquando
3697 2603 3838 2655 etiam

2257 2665 2445 2728 vellent
2479 2665 2754 2728 conl'ormes
2772 2665 2879 2713 ﬁeri
2907 2667 2996 2715 eis.
3026 2667 3166 2716 l'onit
3185 2675 3351 2717 contra
3376 2665 3741 2728 bmc'quandam
3765 2681 3842 2715 sa-

2259 2726 2573 2775 luberrimam
2605 2726 2894 2789 doctringm.
2935 2728 3137 2777 Materia
3172 2736 3251 2778 est
3276 2731 3467 2789 justus,
3493 2726 3547 2779 et
3572 2730 3843 2778 erontrar'to

2258 2789 2433 2852 impius
2458 2788 2774 2852 secundario.
2795 2787 2980 2837 Tamen
3019 2802 3125 2838 eam
3155 2791 3224 2838 sic
3255 2787 3461 2840 dividit.
3496 2790 3553 2839 lu
3578 2791 3747 2852 primis
3777 2792 3841 2840 ait

2258 2851 2321 2897 de
2339 2850 2487 2913 justo,
2501 2849 2809 2913 admonendo
2852 2862 2983 2913 eum,
3008 2863 3073 2900 ne
3110 2860 3360 2900 moveatur
3398 2849 3723 2913 invidia‘erga
3754 2855 3843 2900 ims

2260 2910 2410 2981 pium,
2437 2910 2514 2981 v'ei
2557 2912 2848 2981 imitatione,
2868 2910 2946 2960 vel
2972 2910 3049 2961 ira
3066 2928 3088 2981 _:
3111 2913 3493 2981 intranrjscendo
3529 2910 3751 2981 quaedam
3778 2916 3838 2962 de

2261 2968 2751 3037 ittrpi0.1tl$!'Cttuda_
2790 2981 2929 3037 parte
2968 2979 3101 3035 ponit
3134 2974 3250 3035 quid
3276 2976 3422 3025 faciat
3460 2968 3641 3037 impius
3679 2982 3841 3025 contra

2261 3034 2461 3098 justum,
2483 3033 2785 3082 admonendo
2805 3033 2980 3098 ipsum
3005 3033 3200 3094 justum,
3231 3042 3284 3085 ut
3318 3033 3565 3098 patienter
3590 3038 3839 3098 sustineat,

2287 3110 2317 3142 u
2351 3098 2496 3144 testia
2530 3103 2671 3157 parte
2705 3094 3067 3157 ponit—praemia
3108 3098 3227 3157 justi
3269 3094 3378 3146 cum
3420 3098 3746 3147 admiratione
3795 3094 3846 3147 et

2262 3158 2617 3221 damnationem
2638 3158 2871 3221 malorum
2899 3171 2909 3205 :
2944 3171 3031 3219 per
3056 3160 3185 3221 quod
3204 3160 3407 3219 just'm,
3434 3173 3499 3208 ne
3525 3160 3705 3209 malum
3732 3160 3846 3209 velit

2267 3220 2464 3280 imitari,
2487 3218 2732 3281 deterret.
2777 3218 2991 3268 Intentio
3030 3218 3108 3269 est
3136 3218 3225 3281 per
3250 3221 3352 3269 hac
3383 3218 3570 3270 animas
3602 3222 3844 3281 Simplices

2261 3278 2522 3350 cotrsolari,
2547 3286 2601 3328 ut
2632 3278 2907 3350 nullatenus
2950 3278 3149 3344 propter
3180 3283 3437 3339 irnp'orum
3477 3278 3745 3346 nequitiam
3768 3280 3843 3331 vel

2262 3348 2483 3401 ittjuriam
2507 3348 2809 3393 moveantur.

2705 3447 3057 3507 PSALllUS
3104 3442 3405 3509 XXXVI.

2338 3565 2492 3636 163
2524 3564 2576 3619 Ν
2581 3565 2905 3641 olia’ntular‘i
2934 3567 3147 3641 (inquit)
3171 3568 3223 3621 in
3244 3570 3669 3641 malignantibus.
3701 3570 3846 3623 Μειμ

2263 3647 2485 3708 grtantes
2576 3637 2706 3691 dicti
2769 3647 2896 3690 sunt
2958 3638 3108 3705 quasi
3173 3637 3388 3693 malum'
3455 3642 3633 3708 ignem
3698 3643 3843 3693 alenJ

2264 3717 2365 3779 tes,
2396 3707 2537 3779 idest
2564 3707 3076 3779 concupiscentiam.
3130 3708 3279 3763 Unde
3307 3707 3569 3779 scriptum
3613 3720 3717 3775 est,
3748 3710 3843 3776 Qui

2261 3774 2433 3850 diligit
2456 3774 2811 3850 iniquitatem,
2841 3779 2956 3832 odit
2981 3777 3211 3850 animam
3241 3793 3391 3834 suam
3420 3774 3592 3848 (Ρωι.
3622 3774 3846 3850 10.).Ἐι

2263 3847 2479 3920 iterum,
2505 3847 2840 3920 Quicumque
2864 3848 3091 3920 voluerit
3116 3847 3461 3920 amicusesse
3478 3853 3644 3906 seculi
3672 3847 3845 3920 hujus,

2262 3917 2508 3970 irrinricus
2537 3918 2627 3990 Dei
2653 3916 3005 3990 constituetur
3032 3916 3234 3987 (Iacob.
3266 3919 3368 3987 4.).
3403 3922 3505 3990 Ipsi
3531 3932 3657 3976 sunt
3700 3916 3839 3976 niali~

2260 3996 2505 4056 gnantes,
2539 3988 2628 4056 qui
2660 3990 2714 4041 in
2759 3989 2953 4054 seipsis
2982 3999 3272 4055 Operautur
3300 3988 3499 4046 malum
3549 4009 3565 4046 :
3599 3993 3765 4047 Deum
3792 4000 3844 4047 et

2261 4060 2467 4130 animas
2495 4073 2619 4112 suas
2645 4058 2898 4130 odieudo,
2930 4070 2983 4113 et
3010 4059 3295 4130 deligendo
3325 4073 3627 4129 peceatum.
3660 4063 3841 4116 A'Jmu-

2264 4127 2358 4181 lari
2388 4127 2629 4200 diversos
2660 4128 2820 4200 habet
2864 4144 3076 4184 sensus.
3126 4127 3425 4200 Aliquando
3452 4133 3598 4187 enim
3641 4136 3847 4200 ponitur

2264 4212 2361 4269 pro
2388 4198 2630 4267 diligere,
2663 4198 2800 4252 sicut
2826 4199 2954 4269 dicit
2981 4198 3288 4269 Apostolus,
3314 4202 3562 4257 [Eruulor
3584 4198 3729 4257 enim
3758 4217 3845 4255 vos

2263 4267 2357 4341 Dei
2388 4269 2828 4341 azmulationeﬁ.
2857 4268 2976 4341 ρον.
3018 4267 3149 4339 ἱυ.).
3172 4272 3476 4341 Aliquando
3504 4288 3599 4340 pro
3621 4273 3836 4337 imitari,-

2263 4339 2401 4391 sicut
2452 4353 2640 4391 rursus
2691 4338 2796 4405 ait,
2856 4338 3202 4395 IErnulamini
3250 4338 3576 4397 charismata
3634 4344 3737 4397 uiel
3759 4359 3844 4396 ora

2270 4409 2351 4474 (1.
2384 4410 2501 4462 Cor.
2536 4407 2672 4477 12.).
2710 4411 3010 4478 Aliquando
3053 4426 3147 4478 pro
3197 4411 3456 4476 invidere,
3490 4417 3626 4466 sicut
3654 4412 3708 4466 iu
3754 4416 3847 4466 hoc

2270 4480 2407 4553 loco.
2442 4478 2949 4553 Admoneturnergo
2998 4496 3221 4553 qumque
3251 4482 3421 4538 ﬁdelis
3461 4496 3514 4536 et
3544 4483 3844 4553 imperfecta

2198 4557 2242 4616 ι)
2270 4548 2467 4621 anima,
2502 4558 2559 4603 ut
2582 4566 2685 4603 non
2719 4551 2845 4604 velit
2865 4548 3213 4617 reruularr,'id
3232 4564 3331 4616 est,
3363 4548 3635 4617 invidere,
3660 4553 3742 4607 his
3761 4554 3843 4621 qui

2273 4618 2324 4672 in
2357 4621 2850 4693 malodelectarrtur
2877 4637 2891 4674 :
2926 4636 3103 4690 neque
3131 4624 3328 4689 zelare,
3359 4624 3409 4677 id
3439 4633 3543 4689 est,
3579 4618 3843 4693 persequi;

2271 4704 2363 4761 eos
2392 4688 2841 4761 qui‘ittiquitatem
2875 4688 3187 4759 operantur.
3222 4694 3285 4746 Et
3310 4688 3410 4747 hoc
3430 4704 3535 4761 est,
3561 4688 3701 4761 quod
3728 4688 3845 4747 sub;

2271 4760 2356 4833 dit
2384 4776 2397 4813 ε
2453 4759 2631 4827 Neque
2654 4761 2904 4833 putaveris
2953 4762 3195 4832 facientes
3249 4759 3592 4833 iniquitatem.
3626 4764 3846 4817 Duobus

2271 4830 2414 4884 enim
2445 4833 2619 4885 modis
2651 4832 2895 4887 inlirmus
2924 4830 3213 4889 electorum
3241 4830 3455 4889 animus
3484 4842 3846 4889 commovetur

2271 4901 2529 4954 adversus
2560 4907 2816 4970 reprobus
2846 4922 2859 4956 :
2891 4913 2980 4957 aut
3002 4916 3122 4956 cum
3155 4904 3353 4957 invidet
3384 4905 3455 4961 de
3478 4906 3692 4959 illorum
3721 4903 3847 4959 l'telia

2270 4971 2431 5025 citate
2466 4986 2479 5024 :
2512 4982 2604 5024 aut
2630 4988 2749 5026 cum
2778 4972 3027 5028 irascitur
3048 4974 3114 5027 de
3137 4974 3438 5041 iniquitate.
3463 4976 3579 5030 Noli
3613 4980 3736 5043 hoc,
3760 4974 3843 5028 sed

2264 5049 2571 5163 estlinaaqrtr‘?
2616 5058 2819 5098 anrnro.
2853 5044 2981 5099 Nam
3012 5043 3190 5100 brevis
3219 5054 3299 5100 est
3325 5058 3517 5101 eorum
3547 5054 3603 5100 et
3627 5045 3847 5101 lelicitas

2264 5128 2291 5163 Β
2358 5126 2500 5163 illati]
2532 5130 2540 5141 '
2564 5127 2610 5163 S.

2262 5119 2315 5165 et
2337 5111 2610 5179 iniquitas.

2331 5180 2386 5232 2.
2431 5178 2684 5246 Quoniam
2726 5193 2967 5251 tanquam
2997 5184 3185 5253 frenum
3213 5186 3456 5240 velociter
3484 5196 3737 5241 arescent.
3771 5178 3844 5239 Ad

2266 5260 2474 5320 tempus
2502 5256 2642 5306 enim
2674 5255 2920 5307 laetantur
2947 5266 3000 5307 et
3038 5257 3252 5321 florent,
3295 5257 3394 5311 sed
3426 5259 3532 5312 cito
3559 5260 3845 5321 siccantur,

2264 5328 2316 5398 et
2348 5324 2397 5375 in
2432 5324 2696 5398 pulverem
2730 5326 3040 5398 rediguntur
3066 5325 3206 5398 (lsa.
3257 5326 3399 5395 40.).
3436 5328 3499 5381 Et
3529 5329 3845 5398 quemadmo-

2267 5392 2394 5445 dum
2441 5391 2597 5460 olera,
2649 5393 2702 5446 id
2744 5391 3134 5459 est,'viridit.is,
3163 5391 3439 5451 herbarum
3471 5391 3568 5452 cito
3597 5399 3844 5453 decidant.

2273 5460 2423 5539 Unde
2455 5463 2637 5539 Isaias,
2670 5465 2881 5539 omnis,
2932 5466 3121 5539 inquit,
3138 5482 3279 5539 «faro
3309 5466 3543 5539 frenum,
3596 5481 3652 5524 et
3676 5472 3845 5523 omnis

2267 5534 2437 5601 gloria
2466 5536 2581 5599 ejus
2624 5536 2775 5603 quasi
2808 5537 2906 5590 llos
2954 5538 3100 5590 foeni.
3131 5538 3400 5593 Siccatutu
3433 5552 3515 5594 est
3530 5534 3756 5602 laeuum,
3797 5546 3844 5591 et

2267 5606 2462 5656 cecidit
2491 5602 2585 5657 llos
2612 5602 2821 5673 (lbid.).
2871 5605 3023 5659 Prius
3052 5607 3231 5662 evellit
3261 5612 3578 5674 pravitatem
3612 5627 3627 5665 :
3658 5610 3842 5665 deinde

2272 5676 2807 5753 commendatbonos
2836 5692 3033 5753 mores,
3066 5694 3187 5753 curn
3220 5680 3500 5753 subjuugit
3528 5699 3540 5734 :

2339 5744 2391 5795 ὅ.
2425 5744 2587 5821 Spera
2618 5747 2668 5797 in
2701 5743 2945 5821 Domino,
2978 5755 3024 5798 et
3057 5748 3140 5815 [ac
3164 5743 3469 5806 bonitatem.
3500 5753 3686 5821 Neque
3708 5749 3837 5804 enim

2268 5823 2346 5868 est
2384 5815 2528 5868 utilis
2556 5830 2678 5884 spes
2723 5818 2837 5869 sine
2880 5816 3018 5870 bono
3065 5834 3247 5887 opere.
3278 5821 3387 5877 Nec
3418 5822 3524 5893 (Ea:
3556 5815 3835 5891 Augustino;
