4128 6360
309 411 408 467 185

1300 411 1363 468 ΙΝ
1408 408 1718 468 PSALMOS
1761 400 1949 463 LXXV
1986 406 2543 465 COMMENTARIUS.

3466 397 3566 451 786

302 516 455 572 trahe
482 515 584 573 ista
610 516 1024 583 medicamenta,
1054 519 1315 575 deliciunt
1344 524 1453 586 illa,
1483 536 1601 584 qua:
1623 520 1879 572 custom.
1913 521 1960 580 Α
1988 528 2081 583 cit,
2108 518 2159 571 in
2180 518 2296 587 ipso
2325 534 2420 585 spe
2448 534 2502 573 et
2532 532 2714 573 amore
2742 517 3098 585 requiescunt.
3136 517 3201 571 Et
3226 524 3426 586 quanto
3444 517 3565 587 plus

301 588 408 643 Sed
452 589 597 642 unde
629 588 730 642 iSta
775 590 1047 657 patimur?
1078 590 1290 645 Faciem
1324 592 1421 645 ira:
1448 592 1536 645 Dei
1571 591 1880 643 intuemur:

299 658 466 741 facies
507 667 687 741 autem
729 660 879 741 dicta
903 671 984 713 est
1015 673 1235 730 propter
1261 662 1805 741 cognitionem,_quia
1833 659 1885 712 in

300 728 442 782 facie
471 729 716 783 solemus
736 727 985 799 homines
1010 727 1359 799 cognoscere.
1395 731 1497 785 Per
1518 727 1885 797 cognitionem

300 813 433 872 vero
460 799 557 872 ira:
583 799 699 864 Dei,
729 798 787 853 tit
814 800 976 855 etiam
998 798 1234 872 cognitio
1263 802 1491 871 peccati.
1528 802 1591 855 lit
1614 801 1734 852 ideo
1760 799 1889 853 sub-

298 868 418 924 dit:
448 868 576 923 Non
596 880 697 953 “est
752 887 854 939 pax
902 868 1099 953 ossibas
1147 868 1277 926 meis‘
1306 889 1340 925 α
1383 872 1889 953 [acic’peccatorum

304 956 559 993 meorum.
594 940 694 993 Per
722 955 846 993 ossa
901 941 1266 1011 intelliguntur
1308 940 1502 996 anima:
1534 941 1715 995 fortia.
1751 940 1889 1011 ljlcce

299 1020 525 1077 promer
572 1020 788 1078 peccata
836 1023 1036 1076 nostra,
1078 1009 1210 1079 quae
1239 1024 1367 1067 sunt
1392 1026 1583 1067 caussa
1629 1012 1722 1064 ira:
1767 1009 1885 1075 Dei,

298 1080 468 1133 multa
510 1081 745 1149 patimur
781 1081 832 1136 in
863 1082 1117 1147 membris
1142 1085 1405 1151 corporis,
1437 1083 1608 1136 multa
1636 1084 1687 1134 in
1720 1079 1890 1151 virtu—

300 1152 445 1205 tibus
478 1152 695 1205 anitnaz.
742 1152 798 1205 In
837 1167 1061 1220 corpore
1089 1150 1269 1209 amisin
1300 1156 1460 1209 homo
1488 1152 1799 1213 sanitatem,
1834 1150 1887 1203 in

297 1220 481 1274 anima
514 1221 747 1290 perdidit
777 1237 981 1288 pacem.
1011 1227 1144 1290 Quia
1172 1226 1316 1279 enim
1358 1239 1479 1278 cum
1522 1232 1743 1276 auctore
1789 1233 1888 1274 suo

298 1293 641 1363 concordare
674 1292 885 1355 noluit;
902 1293 1047 1363 juste
1082 1303 1137 1349 et
1167 1295 1220 1348 in
1244 1295 1420 1363 seipsa
1453 1292 1779 1363 discordiam
1807 1291 1890 1345 in-

300 1362 472 1415 venit.
520 1361 764 1429 Magnam
789 1361 974 1431 pacem
1004 1379 1125 1419 cum
1161 1366 1273 1419 Deo
1304 1361 1557 1431 habebat,
1584 1362 1801 1432 quando
1832 1364 1887 1416 in

305 1440 514 1504 φωτιιο
549 1432 753 1488 lumine
778 1436 894 1489 sine
920 1436 1346 1491 contradictione
1368 1435 1593 1504 alicujus
1621 1434 1889 1504 molestia:

298 1502 670 1577 indesinenter
690 1504 1006 1577 inhaerebat.
1028 1507 1133 1561 Sed
1157 1518 1436 1577 postquam
1463 1502 1734 1574 peccando
1756 1504 1888 1577 iram

302 1572 400 1627 Dei
446 1573 663 1639 meruit,
694 1590 816 1627 mox
845 1575 916 1629 ab
948 1577 1037 1630 ilia
1066 1572 1221 1632 beata
1251 1572 1689 1633 immutabilitate
1721 1573 1887 1628 mise-

302 1642 859 1717 rabiliter-corruens,
892 1661 1209 1717 poenamque
1243 1648 1584 1702 mortalitatis
1608 1716 1614 1717 ί
1636 1654 1691 1698 et
1716 1656 1891 1717 m_uta-

301 1714 531 1789 bilitatis
558 1714 862 1779 incurrens,
894 1714 1085 1787 pacem
1117 1714 1199 1789 (ut
1226 1719 1484 1786 diximus)
1514 1716 1714 1773 amisit.
1751 1715 1890 1771 Ecce

302 1786 449 1858 sicut
474 1799 599 1858 ossa
625 1801 841 1840 carnem
868 1805 881 1839 :
906 1786 993 1841 sc
1021 1786 1324 1858 prodeuntia,
1359 1790 1734 1856 temperantia,
1779 1790 1891 1858 fere

302 1855 501 1920 titttdo,
540 1854 745 1925 iustitia
777 1854 1044 1914 sustinent
1082 1867 1339 1915 mentem.
1379 1854 1484 1915 Sed
1512 1860 1686 1913 eidem
1718 1856 1886 1913 menti

305 1930 481 2000 modo
505 1928 715 1995 ignavia
763 1929 1026 1997 subrepit,
1060 1939 1114 1985 et
1142 1931 1423 1998 prudentia
1456 1928 1731 2000 frigescit:
1765 1943 1888 2000 nam

307 2011 431 2070 cum
464 1997 604 2070 fessa
631 2007 826 2066 torpet,
858 2011 1081 2054 ventura
1113 1997 1219 2055 non
1248 1997 1700 2070 providetfblodo
1725 1999 1891 2053 menti

303 2067 597 2141 delectatio
626 2070 886 2141 διψῇ-νὴ,
907 2080 962 2125 et
984 2067 1337 2141 temperantia
1370 2071 1639 2141 frigescit:
1666 2072 1891 2139 inquan-

306 2146 421 2191 tum
453 2136 598 2191 enim
626 2139 692 2192 ad
723 2136 1134 2197 delectationem
1165 2136 1505 2197 terrenoruin
1534 2136 1803 2207 ducimur,
1836 2141 1888 2195 in

306 2218 514 2282 tantum
555 2209 730 2282 Illitttls
758 2211 828 2263 ab
853 2210 1058 2268 illicitis
1089 2224 1123 2266 lt
1143 2228 1472 2281 mperamur.
1505 2212 1807 2282 Aliquando
1830 2222 1897 2267 se

307 2280 473 2332 timor
521 2280 679 2335 cordi
730 2282 982 2349 insinuat,
1032 2294 1088 2339 et
1119 2288 1259 2339 vires
1306 2294 1503 2339 nastra:
1554 2280 1889 2337 fortitudin‘s
1934 2342 1941 2347 _

304 2349 487 2422 turbat
510 2366 527 2406 .'
548 2360 603 2404 et
633 2367 699 2405 eo
729 2350 961 2407 minores
981 2366 1169 2409 contra
1197 2358 1420 2410 adversa
1452 2354 1757 2419 existimus,
1784 2367 1892 2422 quo

304 2421 552 2486 quaedam
588 2423 814 2489 perdere
850 2424 1255 2482 immoderatius
1282 2426 1478 2479 dilecta
1521 2421 1889 2479 formidamus.

304 2491 704 2564 Nonnunquam
734 2508 861 2548 vero
888 2510 1039 2551 amor
1067 2512 1195 2551 suos
1216 2512 1276 2552 se
1303 2499 1467 2550 menti
1498 2498 1709 2564 ingerit,
1738 2509 1889 2549 eam-

301 2578 408 2630 que
440 2563 625 2616 latenti
657 2580 805 2617 mora
846 2580 878 2618 a
915 2569 1233 2622 rectitudine
1272 2567 1497 2637 iustitia:
1540 2563 1787 2630 divertit,
1837 2573 1893 2620 et

304 2647 504 2709 qoo_se
538 2642 703 2688 totam
735 2652 817 2709 aut
835 2637 1191 2709 torireddere
1218 2638 1392 2709 neglig
1416 2648 1455 2702 t,
1482 2652 1548 2691 eo
1571 2638 1621 2691 in
1650 2654 1708 2691 se
1730 2638 1889 2705 justi-

309 2708 395 2778 tia:
428 2705 546 2770 jure
566 2706 918 2778 contradicit.
947 2708 1154 2763 Tmbat
1189 2705 1399 2778 quoqu
1436 2708 1629 2778 anima-
1671 2709 1889 2777 sapic-n-

307 2774 443 2846 tiam
472 2774 719 2838 Stultitia,
748 2777 1074 2833 intellectum
1107 2774 1404 2843 ltebetudo,
1438 2776 1722 2833 consilium
1736 2774 1890 2846 pta:-

304 2845 578 2917 cipitat-o,
608 2847 974 2903 fortitudinem
1017 2850 1198 2917 timor,
1243 2848 1522 2904 scientiam
1566 2845 1889 2917 ignorantia,

308 2915 560 2989 timorem
609 2918 881 2986 superbia.
941 2919 1146 2975 Rursus
1187 2915 1257 2974 in
1316 2920 1481 2974 corde
1528 2915 1627 2989 per
1680 2918 1890 2989 ﬂagella

307 2988 561 3042 turbatur
602 2989 816 3054 caritas,
868 3004 962 3058 per
1009 2992 1347 3046 formidinem
1396 2988 1711 3045 concutitur
1741 2988 1887 3059 spes,

305 3059 778 3130 peruquastioues
822 3060 1066 3130 pulsatur
1115 3063 1267 3116 fides.
1312 3060 1381 3114 Et
1421 3060 1544 3128 quia
1593 3061 1891 3117 innumeris

306 3128 487 3182 modis
519 3130 801 3201 turbantur
826 3128 1058 3188 'virtotcs
1087 3148 1117 3187 a
1150 3133 1289 3187 vitiis
1309 3146 1364 3187 et
1389 3132 1647 3201 peccatis,
1680 3132 1891 3187 dicatur

304 3208 478 3264 recte,
523 3198 645 3274 Non
677 3211 749 3274 est
786 3218 894 3272 pax
932 3204 1130 3257 ossibus
1172 3205 1296 3257 meis
1329 3220 1360 3256 a
1389 3198 1536 3272 '[acie
1569 3212 1889 3274 peccatorum

303 3284 554 3343 meorum.
580 3270 687 3325 Nec
714 3270 821 3326 hoc
843 3274 1057 3343 min-om,

374 3340 431 3394 5.
469 3338 725 3416 Quoniam
754 3338 1053 3416 iniquitates
1074 3360 1195 3399 mea:
1218 3360 1561 3416 supergressa:
1588 3354 1709 3399 sunt
1727 3354 1883 3416 caput

306 3425 500 3487 meum.
534 3412 589 3487 ld_
630 3421 715 3487 est
742 3412 1134 3487 praivaluerunt
1174 3412 1337 3471 tuenti
1368 3412 1519 3482 mem,
1550 3432 1667 3487 quae
1690 3426 1774 3471 est
1792 3412 1885 3470 in-

306 3481 529 3539 teriuris
575 3481 807 3558 hominis
847 3496 1029 3556 caput.
1076 3486 1206 3557 Ipsm
1251 3495 1395 3553 sunt,
1446 3481 1580 3558 quae
1616 3488 1891 3558 raptivant

304 3562 548 3609 mentem
579 3559 630 3609 in
666 3557 782 3626 lege
811 3559 1015 3627 peccati
1044 3570 1100 3613 et
1128 3559 1319 3613 mortis
1350 3557 1641 3630 (fioin.i7.)
1684 3557 1760 3613 Et
1786 3559 1888 3612 sic-

303 3638 361 3680 ut
393 3639 525 3678 onus
553 3642 727 3698 grave,
758 3638 984 3698 gravatte
1022 3639 1143 3684 sunt
1180 3644 1337 3697 super
1364 3629 1464 3684 me.
1507 3629 1719 3684 Nullum
1750 3645 1889 3685 Onus

309 3710 419 3750 tam
447 3710 612 3771 grave
638 3709 816 3771 potest
837 3714 977 3763 esse,
1008 3716 1166 3769 quam
1206 3701 1496 3765 iniquitas:
1530 3704 1684 3771 cujus
1710 3702 1889 3771 gravi-

307 3779 475 3842 tatem
507 3769 582 3842 illi
610 3769 709 3823 soli
739 3772 997 3834 sentiunt,
1028 3771 1117 3840 qui
1154 3771 1311 3842 174
1336 3787 1455 3827 eam
1488 3769 1760 3839 deponere
1790 3787 1887 3826 cu-

311 3838 490 3912 piunt.
520 3839 633 3893 Non
656 3842 796 3912 enim
824 3842 1006 3910 gravis
1039 3838 1114 3896 illi
1144 3838 1381 3907 videt—ur,
1404 3843 1495 3912 qui
1515 3838 1690 3898 adhuc
1716 3845 1768 3898 in
1798 3843 1886 3899 illa

305 3909 633 3983 delectatur.
681 3911 782 3983 Qui
814 3909 942 3967 vero
974 3912 1116 3967 illam
1155 3909 1446 3983 deponere,
1479 3923 1532 3969 et
1559 3925 1789 3969 mentem
1820 3914 1888 3970 ad

310 3980 548 4038 calestia
570 3982 880 4055 sublmare
900 3984 1121 4054 appetit,
1151 3980 1403 4053 quantum
1432 4001 1568 4039 onus
1595 3986 1665 4039 sit
1691 3985 1888 4055 iniqui-

310 4062 418 4120 tas,
445 4053 627 4109 sentit.
651 4054 785 4107 Cum
818 4054 1001 4109 labore
1026 4055 1267 4125 erigitur,
1303 4057 1473 4110 libens
1496 4056 1673 4125 jacet;
1714 4053 1890 4110 abin-

314 4126 487 4201 tlrttiis
505 4126 596 4201 vix
622 4126 938 4201 lev‘at_or,_et
963 4133 1139 4201 tamen
1164 4128 1369 4201 elevata
1398 4131 1643 4201 protinus
1674 4126 1898 4201 labitur,

308 4193 671 4262 Semetipsaiu
702 4195 970 4251 laboriose
998 4196 1283 4261 vincendo,
1320 4193 1546 4266 superna
1577 4197 1842 4266 conspicit
1868 4214 1879 4241 τ

309 4265 423 4337 θεάν
459 4267 699 4337 pondere
749 4270 967 4335 proprio
1005 4277 1246 4337 gravata.
1296 4268 1347 4321 in
1378 4266 1606 4337 seipsam
1634 4265 1890 4323 continuo

309 4335 654 4407 caditaUnde
669 4337 846 4392 adhuc
872 4335 1144 4407 adjungit:

384 4408 439 4462 6.
475 4406 809 4477 Putruerunt,
838 4418 885 4463 et
914 4406 1166 4480 corrupti?
1189 4420 1305 4464 sunt
1334 4411 1587 4464 ciratricrs
1614 4426 1787 4466 mereo
1811 4413 1892 4480 {a-

298 4479 392 4533 cie
430 4480 743 4548 insipientia
780 4496 925 4533 mea'.
972 4479 1073 4535 Pcr
1111 4480 1515 4535 similitudinem
1558 4481 1760 4536 dictum
1786 4479 1889 4537 est.

314 4551 451 4604 Nam
494 4551 631 4605 sicut
668 4552 949 4605 cicatrices
981 4560 1296 4618 putrescunt
1325 4556 1491 4621 prius,
1527 4562 1708 4620 postea
1742 4569 1890 4607 rum-

298 4620 464 4690 pitur
510 4624 784 4676 carozsic
830 4630 1047 4691 peccata
1096 4633 1279 4677 sanata
1311 4620 1363 4676 in
1398 4621 1737 4691 baptismate,
1786 4640 1888 4693 pu-

312 4699 577 4755 trescunt,
619 4693 832 4760 quando
876 4704 1201 4751 renovantur
1231 4695 1281 4747 in
1311 4693 1600 4748 voluntate.
1635 4694 1891 4750 Corrum-

312 4770 512 4834 pontur
532 4770 731 4829 autem,
757 4764 966 4834 quando
985 4778 1048 4819 ea
1068 4778 1385 4821 exercemus
1408 4764 1461 4818 in
1487 4778 1670 4832 opere.
1698 4764 1765 4818 Et
1789 4766 1890 4822 hoc

312 4834 375 4887 tit
405 4848 434 4886 a
464 4833 598 4888 facie
626 4833 943 4904 insipientia:
973 4844 1191 4901 nostrae,
1223 4837 1273 4889 id
1297 4845 1378 4891 est
1402 4844 1617 4903 propter
1637 4837 1892 4906 insipien-

313 4907 468 4971 tiatu,
500 4920 617 4969 quae
650 4907 803 4960 nobis
835 4920 1069 4973 praesens
1096 4915 1200 4962 est.
1235 4907 1447 4973 Quanto
1474 4907 1617 4959 enim
1649 4913 1768 4976 plus
1796 4909 1891 4963 de-

310 4978 559 5046 sipimus,
593 4986 740 5031 tanto
768 4977 1000 5045 amplius
1027 4978 1294 5047 putredini
1321 4988 1373 5032 ct
1402 4980 1731 5046 corruiitioni
1763 4995 1891 5049 pro-

314 5050 653 5117 pinquamus.
690 5050 811 5103 Ideo
840 5050 1013 5102 adhuc
1036 5049 1312 5103 subditur:
1612 5104 1617 5109 ,

383 5118 415 5173 7
474 5117 631 5172 Miser
656 5123 824 5189 factus
845 5135 979 5185 sunt,
1003 5129 1048 5174 et
1073 5130 1304 5176 curvatus
1326 5136 1438 5174 sunt
1463 5136 1618 5188 usque
1636 5122 1688 5175 in
1713 5120 1889 5188 ﬁnem.

310 5190 454 5262 Ante
488 5189 679 5245 beatus
716 5206 888 5254 eram,
921 5192 1079 5246 modo
1107 5193 1275 5246 factos
1303 5207 1418 5245 sum
1451 5192 1634 5257 miser,
1670 5199 1891 5262 portans

311 5261 513 5316 multas
556 5263 821 5328 miserias,
864 5270 919 5319 et
958 5262 1011 5316 in
1046 5262 1222 5316 anima
1267 5273 1321 5317 et
1360 5265 1412 5316 in
1456 5261 1706 5330 corpore.
1754 5268 1892 5319 Ante

307 5343 528 5387 erectos
559 5348 729 5402 usque
770 5334 837 5387 ad
885 5332 1075 5397 Deum,
1128 5334 1287 5389 modo
1325 5340 1579 5387 curvatos
1622 5348 1792 5403 usque
1835 5335 1888 5388 in

311 5406 498 5468 tinem,
546 5404 597 5457 id
643 5414 747 5470 est,
800 5405 854 5460 in
902 5414 1219 5473 peccatum:
1253 5405 1334 5459 vel
1382 5419 1549 5472 usque
1586 5404 1638 5458 iu
1672 5408 1795 5467 line,
1838 5404 1889 5459 id

310 5487 421 5547 est,
456 5490 624 5544 usque
659 5480 712 5547 in
755 5486 1005 5547 mortem.
1039 5475 1190 5547 Unde
1218 5475 1510 5547 Apostolus
1542 5491 1763 5547 gemens
1793 5478 1887 5541 ait,

309 5545 500 5600 Infelix
533 5560 633 5615 ego
657 5546 840 5610 homo,
862 5546 983 5615 quis
1008 5562 1095 5601 me
1119 5546 1366 5601 liberabit
1396 5546 1463 5600 de
1490 5545 1717 5616 corpore
1742 5564 1889 5601 mor-

311 5618 382 5689 tis
412 5618 572 5687 hujus
596 5616 775 5689 (liam.
805 5616 910 5687 7.)?
938 5617 1069 5689 Tota
1094 5618 1177 5689 die
1202 5620 1529 5672 contristatus
1551 5620 1889 5689 ingrediebar.

310 5688 526 5743 Amissa
559 5688 738 5742 la'titia
766 5688 1057 5755 spirituali,
1101 5688 1219 5743 haec
1268 5691 1334 5744 tri
1368 5690 1480 5744 titia
1512 5688 1799 5757 generatur
1822 5705 1890 5745 es

312 5759 689 5815 recordatione
714 5759 939 5813 sabbati.
963 5758 1265 5814 Electurum
1291 5770 1518 5821 tuentes.
1551 5762 1675 5815 dum
1700 5773 1892 5816 cuncta

310 5830 619 5886 transitoria
649 5829 793 5884 nulla
825 5844 945 5883 esse
974 5830 1336 5897 conspiciunt,
1373 5830 1437 5883 ad
1479 5846 1599 5899 quae
1628 5834 1735 5886 sint
1762 5845 1892 5886 con-

309 5902 461 5970 dine,
483 5903 771 5972 exquirunt
799 5918 812 5957 :
837 5915 1065 5971 cumque
1095 5901 1197 5958 illis
1216 5901 1345 5957 nilo!
1365 5915 1515 5957 extra
1544 5901 1712 5959 Deum
1742 5904 1892 5963 sulti-

1987 589 2221 643 cmlestia
2256 592 2371 655 cogi
2397 598 2508 649 ant,
2540 600 2684 641 tanto
2711 589 2874 655 magis
2895 604 3185 642 :rrumttnm
3203 603 3378 653 suam,
3400 604 3562 658 quant

1989 660 2262 781 lolgtl‘nnt,
2328 659 2633 728 deplorant.
2697 659 2848 715 Unde
2908 660 3084 714 adhuc
3136 659 3239 714 iste
3297 660 3565 728 paenitens

1989 743 2049 781 su
2092 740 2204 781 ttt:

1986 732 2204 785 subdit:

2060 796 2110 852 8.
2158 800 2416 866 Quoniam
2443 797 2601 853 lumbi
2626 800 2725 853 moi
2752 801 2948 869 impleti
2985 810 3105 855 sunt
3146 800 3488 866 illusionibtts,
3518 811 3567 855 et

1990 884 2092 921 non
2123 882 2195 924 est
2224 875 2418 925 sanitas
2438 872 2491 923 in
2514 887 2666 923 carne
2684 887 2814 924 meo.
2840 870 3072 925 'l'ti'titia
3099 873 3253 926 nobis
3274 870 3364 934 sit,
3391 872 3567 926 donec

1986 949 2044 993 et
2070 941 2247 993 anima
2286 955 2466 996 nostra
2512 950 2737 996 exoatur
2764 941 3122 1007 illusionibus,
3155 952 3210 997 et
3233 958 3429 1010 Corpus
3468 956 3567 995 no-

1974 1019 2161 1063 .strum
2195 1012 2444 1065 induatur
2479 1011 2727 1066 sanitate.
2774 1012 2865 1065 llla
2905 1024 2988 1066 est
3026 1027 3152 1067 vera
3192 1016 3414 1077 sanitas,
3443 1026 3566 1081 qua:

1991 1088 2077 1133 est
2106 1083 2442 1152 innnortalis.
2488 1082 2610 1135 Ideo
2650 1083 2829 1151 posuit
2873 1082 3104 1146 lumbos,
3143 1085 3269 1152 quia
3292 1084 3341 1136 in
3374 1084 3570 1137 lumbis

1987 1150 2339 1223 estcarnalis
2384 1150 2663 1218 voluptas,
2688 1153 2829 1206 unde
2864 1154 3138 1208 tllusiones
3164 1150 3558 1223 procreantur.

1991 1218 2099 1294 Sed
2128 1222 2248 1290 quis
2279 1230 2833 1294 potestgenumerare,
2881 1231 3014 1294 quot
3052 1233 3109 1278 et
3151 1218 3344 1294 quibus
3392 1224 3565 1278 modis

1990 1291 2169 1344 anima
2201 1291 2406 1360 repleta
2436 1292 2503 1344 sit
2535 1292 2904 1347 illosionibus?
2949 1298 2990 1348 A
3032 1291 3181 1348 facie
3206 1295 3416 1349 illarum
3448 1296 3569 1349 illu-

1992 1360 2208 1415 sionnm
2260 1362 2545 1433 aliquando
2588 1363 2679 1415 vix
2710 1378 2865 1418 crare
2906 1365 3125 1431 permitt
3149 1377 3253 1419 tur.
3301 1372 3455 1433 btepe
3501 1366 3567 1420 ir-

1992 1444 2154 1503 ruunt
2182 1432 2706 1503 cogitationes,quas
2731 1450 2833 1486 non
2865 1434 3155 1499 quaerimus
3179 1452 3193 1489 :
3219 1444 3274 1490 et
3314 1437 3565 1491 volumus

1992 1516 2056 1554 ex
2094 1502 2195 1557 bac
2240 1505 2292 1556 in
2337 1506 2473 1557 hanc
2514 1504 2614 1568 ire,
2648 1512 2703 1557 et
2729 1504 2798 1557 ab
2824 1504 2912 1558 illa
2945 1503 2998 1557 in
3030 1505 3174 1559 illam
3215 1508 3484 1561 transire:
3515 1516 3573 1561 et

1993 1573 2282 1645 aliquando
2305 1574 2385 1628 vis
2412 1572 2589 1629 redire
2619 1573 2684 1628 ad
2710 1574 2783 1640 id,
2819 1575 2959 1645 quod
2990 1577 3285 1645 cogitabas,
3310 1585 3365 1630 et
3388 1577 3571 1633 dimit-

1996 1650 2111 1698 tere
2130 1644 2272 1713 quod
2302 1645 2529 1715 cogitas,
2561 1658 2660 1699 nec
2690 1644 2966 1713 prrevales,
2998 1653 3054 1700 et
3068 1644 3224 1701 aliud
3250 1648 3344 1701 tibi
3378 1662 3569 1702 occur-

1995 1715 2086 1768 rit.
2115 1715 2207 1769 Vis
2228 1716 2519 1782 recm'dari,
2544 1716 2685 1783 quod
2708 1715 2905 1770 oblitus
2927 1731 3069 1783 eras,
3092 1726 3148 1771 et
3175 1731 3278 1771 non
3307 1718 3401 1772 tibi
3424 1719 3573 1773 venit

1995 1784 2047 1839 in
2089 1794 2348 1850 mentem,
2380 1795 2434 1840 et
2465 1788 2608 1841 venit
2638 1787 2817 1855 potius
2846 1786 3013 1852 aliud,
3060 1787 3202 1857 quod
3245 1788 3486 1852 nolebas,
3516 1799 3574 1844 et

1993 1865 2284 1910 occurrunt
2310 1870 2407 1925 pro
2436 1871 2502 1911 eo
2532 1857 2958 1923 innumerabilia,
2988 1872 3109 1927 qua:
3130 1872 3237 1911 non
3259 1859 3570 1926 qua'rebano

1996 1932 2101 1979 tur.
2154 1927 2266 1981 Hoc
2313 1928 2441 1990 disi,
2474 1935 2555 1997 fut
2598 1928 2859 1993 invenias,
2908 1929 3033 1996 quid
3064 1930 3133 1983 sit
3164 1929 3418 1997 plangere
3448 1929 3570 1983 illn-

1992 1998 2174 2053 siones
2206 1998 2421 2051 animm.
2456 1996 2676 2066 Accepit
2701 2012 2911 2067 prauam
2950 1996 3247 2061 illusiones,
3273 1996 3455 2055 a‘inisit
3484 2015 3571 2054 ve-

1990 2066 2229 2143 ritatem.
2261 2068 2410 2143 _Sicut
2432 2072 2574 2121 enim
2601 2066 2755 2138 pretia
2783 2079 2866 2124 est
2893 2071 3085 2124 anima:
3110 2070 3306 2135 illusio,
3334 2070 3413 2125 sic
3442 2087 3574 2143 pra:-

1993 2142 2159 2193 tniom
2191 2140 2382 2192 anima:
2407 2145 2602 2193 veritas
2628 2150 2732 2193 est.

2063 2209 2120 2264 9.
2153 2211 2520 2286 Afﬂictussum
2543 2223 2587 2286 et
2619 2210 2923 2286 humiliatus
2940 2226 3054 2266 sum
3075 2212 3276 2286 nimis:
3306 2214 3572 2286 rugiebam

1987 2295 2023 2355 ᾳ
2050 2286 2240 2355 gemitu
2278 2281 2447 2334 cordis
2488 2281 2604 2355 mei.
2640 2282 2717 2335 Es
2742 2281 3034 2355 afflictione
3072 2281 3392 2355 bumiliatio,
3422 2295 3478 2341 et
3504 2298 3573 2341 ex

1995 2350 2299 2424 humilitate
2349 2350 2593 2421 procedit
2633 2352 2885 2421 gemitus.
2926 2353 3006 2407 Ad
3049 2355 3150 2409 hoc
3197 2350 3452 2424 ptenis'et
3476 2357 3572 2410 lla-

1993 2422 2153 2493 gellis
2204 2434 2453 2490 peccator
2494 2423 2767 2492 allligitur,
2816 2433 2931 2478 uta
2962 2422 3212 2493 superbia
3258 2442 3352 2479 sua
3397 2431 3572 2482 omni-

1996 2492 2159 2546 modo
2183 2493 2505 2567 bumilietur
2534 2510 2548 2547 :
2579 2504 2842 2567 quatenus
2871 2494 2961 2563 qui
2991 2492 3140 2567 laetus
3164 2506 3222 2551 et
3248 2497 3423 2552 elatus
3452 2513 3573 2567 per-

1994 2565 2219 2630 petravit
2247 2576 2544 2633 pet'Clllllll,
2574 2564 2807 2619 afflictus
2838 2574 2893 2618 et
2922 2565 3231 2622 liutniliatus
3280 2564 3467 2623 redeat
3502 2568 3571 2623 ad

1996 2633 2312 2708 lamentum.
2340 2634 2491 2708 Quod
2521 2636 2616 2708 ait,
2641 2633 2927 2708 [tugiebam
2955 2653 2987 2689 a
3007 2637 3229 2705 gemitu:
3253 2641 3461 2708 signum
3492 2652 3574 2693 est

1996 2704 2457 2778 vehementissimi
2483 2705 2703 2772 doloris,
2734 2704 2948 2775 quando
2976 2704 3138 2762 homo
3167 2722 3277 2778 prce
3302 2704 3573 2765 aiisietate

1996 2777 2183 2852 cordis
2226 2776 2413 2852 in_suo
2441 2778 2663 2852 gemitu,
2690 2779 2957 2852 quendam
2988 2776 3243 2852 ferum'et
3273 2782 3573 2852 intelligibi-

1996 2846 2329 2919 lemetnittit
2379 2849 2633 2919 rugitnm.
2687 2846 2755 2902 Et
2802 2849 3093 2905 notandum
3139 2852 3279 2919 quod
3325 2846 3572 2915 non'ait,

1999 2917 2157 2987 175
2187 2919 2229 2972 A
2258 2916 2459 2987 gemitu
2485 2917 2699 2973 carnis:
2730 2921 2847 2982 sed,
2875 2922 2916 2975 A
2956 2916 3171 2987 gemitu
3192 2921 3386 2977 cordis.
3419 2920 3571 2978 Multi

1998 3005 2140 3041 enim
2171 3002 2317 3055 sunt,
2347 2988 2439 3058 qui
2474 3002 2569 3057 pro
2599 2989 2778 3058 aliquo
2817 2989 3045 3055 damno,
3097 2991 3183 3045 vel
3228 2990 3571 3049 incommodo

1994 3061 2275 3128 temporali
2320 3060 2668 3131 Vehementer
2695 3069 2933 3130 genuint.
2965 3065 3033 3115 At
3059 3076 3186 3116 vero
3219 3077 3410 3118 servus
3453 3064 3568 3131 Dei,

1993 3127 2120 3204 quia
2169 3135 2306 3204 rogit
2336 3144 2403 3185 ex
2446 3127 2816 3204 recordatione
2863 3132 3092 3195 sabbati,
3125 3132 3212 3204 ubi
3243 3147 3324 3186 cst
3346 3127 3570 3204 regnum

1997 3200 2110 3266 Dei,
2126 3202 2270 3274 quod
2288 3216 2413 3256 caro
2436 3210 2489 3274 et
2516 3203 2732 3274 sanguis
2753 3218 2857 3274 non
2882 3204 3167 3270 possidebit
3184 3202 3259 3273 (ι.
3277 3200 3570 3274 (ἐστ.’15.)ί

1914 3277 1963 3341 c
1995 3270 2380 3343 convenienter
2425 3270 2574 3340 dicit,
2628 3271 2908 3343 liugiebam
2935 3290 2967 3327 a
2994 3270 3201 3343 gemitu
3228 3275 3399 3329 cordis
3445 3270 3564 3331 mei.

1997 3342 2149 3410 Quod
2176 3343 2455 3398 evidenter
2481 3341 2805 3407 ostenditur,
2834 3358 2956 3398 com
2987 3341 3316 3398 subint'ertor
3341 3363 3355 3398 :

2068 3412 2153 3467 l0.
2213 3411 2429 3468 Domine
2470 3423 2588 3466 ante
2616 3423 2663 3466 te
2686 3428 2835 3487 omne
2860 3414 3166 3487 desiderium
3194 3430 3382 3480 meum,
3409 3424 3571 3487 elige-

1992 3486 2149 3542 mitns
2194 3500 2336 3539 meus
2359 3502 2391 3539 a
2416 3493 2463 3539 te
2496 3499 2599 3537 non
2628 3497 2701 3537 est
2738 3485 3086 3539 absconditus.
3138 3486 3220 3539 S.t
3245 3485 3569 3541 desiderium

1995 3566 2144 3611 tuum
2180 3556 2247 3610 ad
2301 3567 2353 3611 te
2397 3556 2567 3617 illum,
2614 3564 2673 3610 et
2713 3554 2870 3610 l'ater
2908 3555 3034 3626 quid
3078 3555 3223 3612 videt
3248 3558 3301 3612 in
3330 3558 3565 3624 occulto,

1991 3628 2186 3684 reddet
2233 3628 2325 3681 tibi
2374 3626 2587 3699 (Matth.
2612 3625 3011 3699 6.)_.U,A_tte_nde
3046 3635 3249 3699 autem,
3289 3629 3430 3699 quod
3468 3628 3565 3695 ait,

1992 3700 2125 3753 Ante
2172 3711 2238 3767 te,
2284 3713 2347 3753 ac
2386 3696 2443 3753 si
2473 3699 2652 3752 dicat:
2684 3696 2824 3769 Nihil
2864 3696 3135 3769 desidero,
3174 3698 3274 3753 nisi
3304 3696 3446 3769 quod
3475 3699 3569 3755 tibi

1993 3771 2223 3842 placeat.
2255 3771 2387 3825 Nam
2421 3784 2642 3839 pravum
2684 3767 3011 3842 desiderium
3055 3784 3163 3842 non
3210 3767 3335 3842 ante
3377 3771 3566 3837 Deum,

1991 3840 2087 3898 Sed
2121 3852 2309 3897 contra
2342 3842 2506 3894 Drom
2533 3850 2634 3895 est.
2665 3840 2721 3895 Si
2748 3850 2926 3895 autem
2959 3842 3098 3898 inest
3120 3840 3444 3896 desiderium
3476 3844 3571 3895 bo-

1991 3928 2152 3978 num,
2201 3912 2343 3968 inest
2368 3920 2423 3966 et
2449 3913 2683 3980 gemitus
2709 3928 2721 3963 :
2751 3913 2841 3982 qui
2869 3912 2968 3966 etsi
3002 3912 3069 3967 ad
3104 3926 3263 3967 aures
3290 3913 3569 3967 hominum

1993 4000 2100 4037 non
2124 3999 2337 4053 semper
2361 3983 2625 4052 pervenit,
2650 3983 2718 4053 ab
2746 3981 2969 4037 auribus
2998 3981 3093 4053 Dei
3122 3997 3391 4051 nunquam
3416 3998 3570 4053 rece-

1991 4051 2285 4109 ditzlmnc
2335 4063 2513 4107 autem
2562 4051 2873 4109 interiorem
2920 4052 3176 4123 gemitum
3205 4051 3568 4122 commendat,

1991 4138 2109 4180 eum
2135 4124 2435 4193 subjungit:

2067 4194 2155 4251 11.
2181 4192 2280 4250 (Jor
2299 4211 2467 4249 nteant
2496 4192 2849 4248 conturbatum
2868 4202 2962 4248 est.
2997 4193 3204 4260 Quare?
3224 4193 3344 4262 quia
3373 4192 3571 4250 Dereli-

1991 4266 2103 4336 qttit
2133 4282 2212 4320 me
2239 4268 2403 4321 virtus
2431 4280 2564 4319 mea.
2599 4263 2730 4336 Vide
2752 4265 3285 4336 icet_immortalitas,
3316 4265 3572 4334 impossi-

1992 4334 2191 4402 bilitas,
2215 4337 2539 4402 innocentia,
2564 4334 2790 4402 justitia.
2829 4334 2897 4388 Et
2926 4336 3096 4388 lumen
3128 4334 3390 4389 oculorum
3436 4352 3572 4389 meo-

1993 4425 2131 4475 rum,
2183 4410 2233 4462 id
2276 4418 2376 4473 est,
2432 4405 2652 4461 rationis
2683 4407 2884 4461 lumen.
2930 4405 2996 4461 Et
3038 4406 3230 4471 ipsum,
3261 4408 3402 4475 quod
3442 4406 3573 4463 mihi

1991 4479 2235 4536 naturale
2263 4487 2398 4541 erat,
2431 4493 2532 4531 non
2554 4487 2626 4530 est
2654 4492 2871 4531 mecum.
2922 4477 3017 4533 Vel
3058 4477 3238 4531 lumen
3268 4478 3572 4543 oculorum,

1994 4551 2111 4620 ipse
2142 4550 2285 4604 Deus
2312 4559 2415 4603 est.
2452 4548 2565 4603 Hoc
2593 4548 2772 4620 lumen
2826 4562 2933 4602 non
2972 4558 3077 4615 est,
3126 4562 3249 4620 cum
3290 4548 3429 4619 ipso,
3466 4557 3574 4620 sed

1996 4618 2248 4690 tanquam
2291 4622 2626 4675 cernentium
2658 4618 2709 4673 in
2740 4633 2856 4688 spe.
2889 4621 2995 4674 Sed
3026 4618 3259 4690 nondum
3306 4627 3390 4674 est
3434 4619 3573 4690 illud

1919 4677 1973 4737 D
1999 4677 2277 4770 laureace
2305 4706 2410 4759 quo
2439 4691 2659 4770 dicitur,
2690 4677 2978 4770 Ostendam
3010 4689 3085 4768 illi
3106 4692 3370 4770 meipsﬂum
3400 4687 3573 4759 (Psot.

1997 4762 2134 4829 9b.).
2161 4756 2428 4817 Habemus
2455 4760 2662 4830 aliquid
2688 4758 2923 4825 luminis,
2954 4756 3077 4830 quia
3120 4756 3229 4814 liiit'
3258 4759 3354 4815 Dei
3390 4756 3574 4816 sumus

1999 4832 2181 4903 (Joan.
2210 4831 2310 4903 l.),
2335 4844 2388 4887 et
2417 4834 2597 4902 otique
2628 4832 2730 4886 boe
2760 4833 2811 4885 in
2836 4832 2940 4887 fide
2962 4832 3255 4886 retinemus
3282 4848 3295 4885 :
3321 4833 3417 4889 sed
3441 4847 3575 4887 non-

1999 4908 2125 4959 dum
2156 4916 2239 4974 est
2269 4904 2400 4958 illud
2428 4904 2629 4974 lumen,
2660 4908 2799 4974 quod
2830 4903 3146 4974 videbimus,
3171 4903 3405 4958 nondum
3428 4904 3574 4960 enim

1998 4972 2263 5043 apparuit,
2282 4978 2408 5044 quid
2430 4973 2632 5028 erimus
2657 4971 2704 5043 (l
2720 5011 2736 5027 .
2761 4971 2923 5028 Joau.
2945 4971 3048 5044 5.).
3071 4973 3283 5028 Scimus
3302 4976 3425 5044 quia
3452 4989 3576 5030 cum

2000 5047 2331 5114 apparuerit,
2378 5044 2585 5101 similes
2609 5045 2659 5100 ei
2687 5049 2911 5112 erimus,
2960 5060 3085 5100 cum
3122 5045 3425 5100 videbimus
3451 5060 3575 5101 eum

1998 5117 2156 5172 sicuti
2184 5128 2285 5172 est.
2317 5116 2450 5171 Nam
2482 5116 2639 5170 modo
2668 5116 2844 5172 lumen
2872 5116 3013 5180 tidei,
3045 5127 3099 5171 et
3125 5117 3303 5170 lumen
3327 5115 3443 5182 spei
3471 5126 3574 5172 est.

1996 5188 2243 5256 Quamlio
2284 5189 2426 5243 enim
2472 5202 2659 5242 sumus
2706 5187 2759 5242 in
2806 5202 3052 5258 corpore,
3101 5188 3504 5258 peregrinantur
3545 5198 3574 5241 a

1999 5255 2223 5315 Domino
2249 5258 2327 5330 (2.
2358 5260 2476 5313 Cor.
2520 5258 2624 5330 5.).
2672 5258 2773 5314 Per
2819 5255 2978 5315 fidem
3024 5255 3167 5313 enim
3217 5255 3575 5330 artibulamus,

1998 5347 2102 5385 non
2147 5325 2543 5401 per'speciem.
2582 5325 2655 5383 Et
2697 5331 2954 5400 quandiu,
2995 5331 3137 5399 quod
3167 5325 3574 5401 nongvidcmus,

1996 5398 2278 5469 speramus
2305 5398 2332 5455 ι’
2353 5417 2448 5470 per
2478 5398 2787 5469 patientiam
2833 5398 3208 5470 exspectamus
3244 5398 3427 5470 (Rom.
3471 5400 3572 5464 8.).

1996 5468 2140 5527 lnter
2170 5474 2266 5530 bas
2307 5468 2679 5528 tribulationes
2722 5474 2831 5541 jam
2880 5468 2945 5546 ad
2990 5468 3574 5546 consolationemmo-

1995 5557 2183 5607 suam,
2215 5546 2497 5601 audiamus
2525 5539 2734 5611 capitis
2761 5542 2930 5595 nostri
2978 5552 3159 5611 voces.
3204 5539 3323 5593 .lam
3361 5539 3573 5607 incipiat

1997 5616 2273 5671 lucescere
2310 5626 2471 5684 caput
2501 5610 2741 5667 nostrum
2766 5610 3149 5684 inpassione:
3177 5610 3255 5664 ait
3280 5622 3443 5677 ergo,

2070 5685 2158 5739 12.
2192 5686 2355 5740 Amici
2378 5682 2519 5749 'iuei,
2548 5693 2594 5736 et
2627 5682 2848 5750 proaimi
2892 5682 3008 5748 mei,
3061 5683 3329 5734 adversum
3379 5697 3459 5734 me
3486 5696 3582 5750 ap-

1998 5761 2467 5828 propinquaverunt
2494 5764 2541 5807 et
2569 5763 2836 5828 steterunt.
2868 5752 3052 5828 Quasi“
3073 5752 3218 5807 dicat
3243 5768 3257 5805 :
3286 5751 3424 5817 Quid
3452 5766 3585 5809 cun-

1996 5821 2278 5896 quereris?
2310 5825 2440 5881 Vide
2467 5838 2552 5896 me
2570 5821 2849 5896 afﬂictum,
2874 5824 3216 5888 cruciﬁxum,
3248 5832 3466 5896 peccata
3494 5834 3585 5879 tua

1998 5893 2327 5971 portantem,
2358 5893 2544 5953 inundi
2573 5894 2817 5953 miserias
2840 5899 3119 5963 terentem,
3145 5907 3200 5953 et
3221 5895 3583 5955 auferentem.
