4128 6360
347 407 445 462 789

1334 409 1395 463 ιιι
1440 407 1752 464 PSALMOS
1792 392 1979 463 Lxxv
2021 405 2577 465 COMMENTARIUS.

3478 404 3578 461 πο

338 518 615 589 custodire
645 520 759 575 vias
790 521 988 576 illicitae
1020 517 1367 589 loquutionis.
1392 520 1524 589 Nam
1554 520 1640 588 qui
1667 520 1723 589 in
1746 519 1909 589 verbo
1943 522 1986 575 Α
2016 527 2184 571 tertre
2213 534 2314 572 non
2342 525 2499 575 valet.
2537 519 2645 573 Nec
2690 521 2809 574 ideo
2841 520 3037 573 dicitur
3065 518 3275 573 dierum
3306 532 3567 572 numerus

342 606 448 642 non
481 588 722 654 aliendit,
756 592 847 645 ille
892 586 1161 660 perfectus
1188 599 1270 660 est
1298 588 1379 644 vir
1403 586 1604 656 (Iacob.
1639 586 1738 656 5.).
1783 588 1913 660 llinc

336 660 594 714 Salomon
632 661 705 712 ait
733 678 743 712 :
770 662 866 726 Qui
896 657 1144 714 custodit
1181 659 1417 726 linguam
1445 673 1595 711 suam
1618 698 1632 719 ,
1675 657 1909 726 cu~todit

337 728 573 784 animam
616 743 766 783 suam
798 725 995 797 ’(Prov.
1025 728 1167 797 ΞΜ.
1218 725 1369 790 Dixi,
1410 728 1647 791 inquam,
1689 736 1742 778 et
1788 725 1913 797 feci.

339 797 471 852 Nam
512 798 789 865 sequitur:
820 796 977 852 Ροεηὶ
1022 801 1101 853 ori
1127 796 1255 851 meo
1303 797 1605 851 custodiam.
1636 796 1865 861 Quando

343 865 832 938 Cumconsisteret
859 870 1050 938 aliquis
1096 870 1232 938 pius,
1261 876 1330 938 et
1362 866 1658 938 religiosius,
1689 875 1742 917 et
1783 880 1911 938 san:

342 936 513 991 ctus?
533 937 703 989 Absit.
737 936 800 990 Hi
828 939 904 991 sic
936 933 1156 991 audiunt
1188 937 1271 1005 (ex
1298 933 1636 1006 Augustino),
1675 945 1726 986 ut
1773 934 1909 1006 quod

345 1008 600 1075 probant,
626 1007 838 1060 lamleut
864 1026 875 1060 :
895 1008 1036 1075 quod
1058 1017 1233 1060 autem
1252 1004 1568 1072 improbant,
1586 1004 1729 1056 inter
1750 1004 1912 1055 multa

338 1078 475 1131 forte
503 1091 621 1143 quae
655 1077 883 1140 laudant,
912 1079 1119 1130 veniam
1150 1091 1253 1128 non
1284 1076 1509 1129 laudatis
1533 1076 1667 1143 dant
1688 1114 1702 1135 ,
1737 1078 1912 1135 potius

336 1161 498 1213 quam
524 1140 846 1199 calumniam
900 1155 1100 1214 parent.
1137 1145 1356 1211 Quando
1385 1141 1553 1211 ergo?
1582 1140 1709 1214 Cum
1745 1142 1912 1195 consi-

337 1224 488 1269 steret
517 1224 749 1281 peccator
777 1213 1038 1269 aduersum
1071 1231 1167 1267 me.
1198 1216 1317 1269 Stat
1344 1214 1487 1268 enim
1519 1213 1730 1279 pr0pria
1779 1226 1912 1279 qua-

336 1286 459 1336 dam
487 1286 671 1343 notitia
697 1294 943 1353 peccator
967 1287 1250 1353 superbus,
1279 1285 1556 1351 quisquam
1586 1282 1790 1335 invidus
1818 1296 1913 1353 au-

337 1354 419 1406 dit
449 1352 755 1422 loquentem
789 1352 1197 1418 transilientem,
1230 1362 1409 1420 captat
1434 1354 1593 1405 verba
1619 1394 1634 1416 ,
1667 1352 1915 1422 prOpnnit

338 1420 584 1490 laqueos.
615 1424 837 1480 Dil‘licile
858 1434 961 1489 est,
997 1439 1053 1477 ut
1077 1438 1180 1477 non
1212 1422 1443 1477 inveniat
1477 1422 1674 1488 aliquid
1708 1437 1810 1473 non
1840 1420 1911 1475 ita

337 1494 563 1558 dictum,
590 1503 646 1547 ut
664 1494 771 1547 dici
799 1494 1068 1548 debuisset
1092 1511 1105 1546 :
1134 1507 1232 1547 nec
1253 1490 1520 1545 audiendo
1546 1491 1792 1557 ignoscit,
1817 1491 1911 1543 sed

339 1564 701 1618 calumniatur
731 1564 1035 1619 invidendo.
1067 1564 1287 1617 Talibus
1315 1561 1529 1630 quidem
1558 1561 1725 1628 magis
1752 1560 1913 1613 silen-

338 1634 464 1686 dutn
492 1642 574 1687 est
596 1675 612 1700 ,
657 1649 814 1699 quam
845 1634 1043 1702 aliquid
1073 1633 1377 1687 dicendum.
1411 1631 1542 1684 Nam
1589 1630 1717 1696 quid
1766 1632 1912 1702 dicas

339 1704 591 1767 turbidis,
619 1699 979 1768 caltunniosis,
1012 1702 1291 1771 litigiosis?
1330 1702 1461 1754 llinc
1492 1701 1745 1771 Dominus
1775 1699 1905 1753 dict

340 1775 392 1825 in
428 1774 749 1841 Evangelia,
784 1776 955 1829 Nolite
984 1774 1112 1829 dare
1158 1781 1395 1841 sanctum
1426 1770 1647 1841 canibus
1674 1808 1688 1830 ,
1738 1784 1909 1836 neque

339 1837 658 1911 margaritas
685 1837 935 1914 spargere
954 1853 1079 1901 ante
1097 1857 1285 1914 porcos
1306 1839 1522 1914 (Matth.
1553 1837 1652 1907 7.).
1670 1841 1910 1914 Qualiter

342 1910 523 1982 autem
552 1915 631 1967 ori
679 1910 776 1967 suo
814 1910 1107 1968 custodiam
1139 1913 1331 1982 posuit,
1366 1911 1602 1964 insinuat
1636 1924 1759 1965 cum
1788 1910 1912 1964 sub-

344 1981 515 2051 iungit
540 2001 553 2037 :

343 1996 791 2118 Iugﬁutlbmutui,
824 2062 870 2107 et
913 2052 1211 2111 humiliatus
1242 2067 1375 2118 sum,
1423 2058 1472 2103 et
1513 2049 1632 2102 silui
1670 2066 1701 2101 a
1748 2049 1912 2104 bonis.

347 2123 512 2181 ﬂecte
539 2138 659 2176 cum
688 2123 945 2186 dixisset,
980 2122 1249 2189 Obmutui,
1280 2123 1520 2181 protinus
1547 2118 1782 2188 adjungit
1803 2161 1816 2181 ,
1850 2120 1915 2173 Et

346 2194 646 2246 humiliatus
670 2209 784 2246 sum
810 2210 829 2247 :
851 2204 907 2248 ut
937 2193 1290 2260 intelligamus
1311 2196 1480 2244 virum
1503 2189 1699 2258 jusmtn
1727 2192 1916 2243 obmu-

344 2263 530 2327 tuisse,
559 2278 665 2316 non
694 2278 755 2317 ex
790 2270 861 2316 ira
888 2263 1003 2318 sive
1026 2263 1419 2332 indignatione:
1445 2262 1538 2314 sed
1568 2261 1907 2314 solummodo

343 2348 410 2386 cx
445 2334 761 2386 humilitate.
812 2333 969 2388 Silnit
1009 2331 1184 2387 autem
1217 2347 1245 2387 a
1278 2331 1450 2393 bonis,
1501 2340 1557 2384 ut
1596 2344 1700 2383 non
1744 2332 1917 2386 deliu-

342 2412 532 2471 queret
560 2403 612 2455 in
642 2404 812 2457 malis.
852 2403 917 2459 Et
946 2420 1010 2459 ex
1041 2403 1162 2465 hoc,
1196 2403 1382 2467 inquit,
1417 2401 1565 2471 dolor
1595 2416 1733 2453 incus
1762 2416 1913 2454 reno-

344 2468 493 2526 uatus
522 2481 616 2527 est.
644 2475 686 2525 A
718 2474 902 2529 dolore
930 2473 1122 2543 quippe
1160 2474 1389 2541 quodam
1422 2468 1531 2541 (Ea:
1559 2471 1733 2538 cod.),
1758 2484 1915 2538 quem

353 2544 487 2596 mihi
534 2544 847 2599 inﬂexerant
897 2545 1309 2599 calumniatores
1354 2552 1405 2596 et
1459 2543 1913 2609 reprehensores,

354 2623 606 2682 tanquam
633 2614 996 2681 requieveratn
1021 2614 1073 2667 in
1099 2613 1333 2675 silentio,
1356 2619 1410 2665 et
1434 2620 1733 2682 uessaverat
1762 2614 1916 2667 dolor

354 2681 480 2748 ille,
503 2684 589 2750 qui
629 2684 797 2738 lactus
829 2687 998 2738 fuerat
1036 2699 1064 2735 a
1095 2681 1559 2739 calumniantibus.
1607 2681 1917 2735 ltenovatus

350 2763 436 2808 est
461 2763 638 2827 autem
666 2754 819 2827 dolor
846 2770 1016 2820 meus,
1039 2752 1155 2827 quia
1179 2753 1323 2827 cmpi
1343 2752 1459 2820 plus
1487 2751 1666 2827 dolere
1689 2753 1917 2806 tacuisse

352 2839 476 2890 quin
521 2824 702 2878 dicere
731 2820 1209 2893 deberetn,>quam
1239 2824 1510 2877 uolueram
1552 2820 1753 2875 dixisse
1798 2837 1917 2891 quae

349 2895 536 2948 dicere
566 2910 669 2947 non
697 2894 969 2948 deberem.
1008 2903 1069 2947 ut
1096 2896 1215 2947 ideo
1244 2909 1256 2945 :

424 2962 479 3016 4.
521 2962 786 3019 Concaluit
809 2981 895 3017 cor
918 2981 1079 3022 meum
1102 2965 1235 3016 intra
1262 2978 1358 3016 nte.
1381 2959 1554 3028 Coepit
1572 2975 1692 3015 esse
1722 2961 1918 3029 inquie-

350 3042 465 3099 tum
493 3047 586 3088 cor
624 3048 799 3093 meum
827 3052 837 3086 :
865 3036 1102 3089 videbam
1128 3033 1448 3095 insensatos,
1478 3043 1525 3085 et
1556 3032 1913 3087 tabescebam.

351 3104 471 3157 Non
513 3106 829 3173 arguebam,
871 3117 923 3159 et
971 3120 1057 3159 me
1094 3104 1172 3158 sic
1222 3112 1482 3173 tacentem
1509 3104 1680 3173 zelus
1728 3105 1917 3158 domus

353 3184 458 3228 tu.e
507 3171 816 3233 comedebat
870 3173 1040 3244 (Psal.
1090 3175 1177 3231 68.
1232 3172 1387 3243 Joatt.
1445 3171 1546 3241 2.).
1595 3173 1681 3244 Et
1708 3187 1776 3227 ne
1821 3189 1916 3241 pu-

2016 589 2155 654 quod
2190 589 2258 640 ita
2288 592 2355 644 sit
2385 594 2434 642 itt
2467 606 2526 644 re
2555 608 2565 643 :
2592 592 2685 645 sed
2715 593 2834 658 quia
2866 606 2963 641 nos
2988 590 3147 659 longa
3174 591 3343 653 Spatia
3373 597 3567 652 tempo-

2017 671 2132 708 rum
2153 659 2493 727 designamus
2516 660 2816 727 pluralitate
2838 661 3045 713 dierum
3063 675 3157 726 pro
3175 669 3354 710 nostra
3374 660 3579 724 capaci.-

2014 735 2145 786 tatc.
2179 727 2443 783 inlinitutn
2487 732 2799 784 aeternitatis
2841 732 3100 797 spatium,
3136 743 3415 780 numerum
3464 729 3579 780 die-

2020 810 2133 867 rum
2159 798 2247 863 qni
2272 809 2369 857 cst.
2397 798 2689 867 improprie
2710 801 2879 853 voluit
2903 798 3195 866 appellare.
3220 797 3380 850 Recte
3400 807 3575 848 autent

2016 863 2277 937 illa_pri_n_s
2306 867 2445 923 scire
2487 863 2708 936 appetit,
2742 880 2799 922 ut
2823 863 3154 937 postmodum
3200 869 3334 922 sciat
3361 867 3483 935 quid
3506 867 3577 937 ei

2015 933 2174 1007 desit.
2208 934 2321 988 Non
2347 938 2488 990 enim
2519 933 2670 1007 plene
2694 933 2834 993 scire
2861 953 3140 1002 possumus
3170 954 3287 1006 qua:
3309 933 3460 990 nobis
3485 936 3578 990 de-

2015 1005 2120 1076 sint
2150 1002 2203 1076 in
2250 1002 2652 1076 temporalibus,
2688 1007 2785 1062 nisi
2836 1010 2981 1076 prius
3010 1002 3205 1062 aeterna
3240 1007 3375 1062 bona
3402 1046 3416 1068 .
3455 1022 3575 1074 qua!

2016 1074 2315 1146 amisimus,
2352 1075 2576 1146 Domino
2608 1074 2894 1141 revelante,
2926 1092 3332 1146 COgnoseamns.
3376 1077 3576 1129 Idcirco

2020 1142 2237 1209 reprobi
2263 1144 2384 1208 quid
2431 1144 2508 1197 eis
2536 1146 2692 1211 desit,
2722 1142 3123 1214 deprehendere
3173 1164 3277 1200 non
3319 1157 3574 1214 possunt,

2016 1214 2137 1285 quia
2173 1214 2398 1265 terrenis
2430 1216 2587 1268 rebus
2616 1230 2680 1269 ex
2723 1231 2904 1272 amore
2931 1218 3299 1271 succumbant.
3339 1217 3577 1285 Cumque

2018 1282 2088 1360 ad
2120 1285 2517 1360 perennitatem
2535 1286 2698 1339 corda
2747 1302 2852 1339 non
2899 1288 3196 1360 sublevant,
3221 1287 3435 1340 exilium
3481 1282 3575 1354 pa-

2020 1351 2203 1431 trium,
2237 1351 2480 1431 tenebras
2505 1354 2698 1431 lucem,
2728 1370 2939 1431 cursum
2983 1358 3331 1431 stabilitatem
3352 1351 3572 1431 putant:

2016 1422 2140 1487 quia
2169 1422 2256 1489 qui
2282 1422 2484 1491 majora
2518 1424 2790 1489 nesciunt,
2821 1427 3060 1494 judicare
3098 1432 3163 1480 de
3209 1422 3438 1479 minimis
3469 1442 3573 1479 nou

1996 1536 1997 1539 η
2021 1502 2265 1564 possunt.
2300 1496 2412 1564 Quo
2440 1505 2625 1547 contra
2656 1510 2844 1548 servus
2868 1496 2959 1551 Dei
2989 1510 3108 1549 cum
3136 1497 3200 1549 ad
3229 1512 3452 1564 superna
3480 1509 3573 1549 eor

2016 1562 2236 1634 elevat,
2285 1562 2547 1634 delectum
2596 1566 3000 1634 temporalitatis
3045 1582 3109 1620 ex
3152 1562 3576 1619 consideratione

2020 1631 2368 1694 tercnnitatis
2400 1633 2591 1703 uti-lius
2621 1631 2825 1702 pensat.
2854 1636 3002 1691 Unde
3029 1648 3291 1703 tamquam
3320 1645 3443 1689 noto
3472 1635 3575 1688 line

2016 1712 2135 1762 suo,
2160 1709 2215 1752 et
2241 1717 2461 1756 numero
2487 1702 2691 1761 dierum
2719 1710 2807 1775 qu’
2837 1714 2939 1772 est,
2972 1702 3197 1760 attendit
3226 1707 3292 1760 ad
3316 1707 3430 1759 haec
3457 1719 3575 1774 quae

2020 1779 2314 1836 transeunt,
2344 1784 2391 1825 et
2423 1774 2493 1825 ait
2519 1789 2535 1826 :

2087 1839 2140 1894 6.
2184 1838 2315 1894 Ecce
2357 1844 2719 1915 memorabiles
2751 1846 2963 1915 posuisti
3001 1847 3110 1900 dies
3156 1861 3314 1898 meos.
3352 1846 3404 1898 Id
3452 1854 3573 1908 est,

2016 1922 2121 1961 non
2150 1920 2398 1971 mternos,
2427 1913 2859 1984 sed_defectii'os.
2884 1916 3119 1984 Quisque
3141 1918 3281 1969 enim
3311 1916 3411 1970 sub
3433 1925 3575 1967 certa

2015 1994 2262 2034 mensura
2305 1983 2450 2035 vivit.
2502 1982 2571 2037 Et
2612 1986 2891 2039 substantia
2950 1982 3060 2040 mea
3098 2002 3116 2037 :
3146 2002 3249 2039 non
3301 1985 3576 2040 renovatio
3615 2045 3617 2047 1

2012 2064 2173 2123 quam
2206 2052 2328 2105 fecit
2360 2052 2620 2119 Christus,
2651 2056 2743 2109 sed
2784 2057 3012 2110 essentia
3059 2058 3373 2123 corporalis,
3414 2070 3573 2122 quam

2012 2122 2273 2199 traximus
2289 2138 2351 2175 ex
2380 2124 2545 2199 Adam
2573 2141 2586 2177 :
2610 2136 2863 2199 tamquam
2887 2124 3102 2199 nihilum
3121 2122 3237 2199 ante
3259 2138 3325 2179 te.
3349 2124 3577 2199 Quidam

2010 2189 2260 2263 videntur
2281 2195 2453 2261 magni
2482 2205 2604 2248 ante
2631 2210 2709 2260 se,
2726 2189 2808 2251 'de
2830 2198 3019 2259 quibus
3042 2192 3295 2263 scriptum
3334 2189 3415 2248 est
3440 2211 3450 2246 :
3484 2194 3572 2246 Vat

2014 2261 2106 2329 qui
2161 2264 2426 2330 sapientes
2467 2266 2597 2319 estis
2640 2268 2691 2319 in
2732 2267 2899 2320 oculis
2939 2271 3127 2321 vestris
3154 2261 3313 2329 Περὶ.
3344 2264 3579 2333 3.):scd

2014 2340 2139 2387 ante
2173 2335 2332 2385 Deum
2375 2333 2502 2385 nihil
2542 2346 2685 2402 sunt,
2712 2346 2846 2391 teste
2891 2339 3164 2403 Apostolo,
3211 2337 3297 2404 qui
3334 2336 3406 2388 ait
3436 2351 3447 2384 :
3474 2335 3574 2399 Qtti

2017 2410 2164 2481 putat
2188 2404 2468 2481 se_:tliquid
2499 2420 2651 2481 esse,
2678 2421 2798 2481 cum
2827 2408 2955 2461 nihil
2999 2408 3088 2473 sit,
3131 2408 3241 2473 ipse
3281 2421 3340 2459 sc
3368 2405 3577 2481 seducit

2013 2469 2210 2541 (Galat.
2245 2473 2343 2539 5.).
2364 2469 2475 2544 Nec
2497 2474 2597 2530 iste
2621 2469 2684 2528 ex
2717 2477 2816 2529 huc
2845 2469 3192 2544 magnus'esl,
3222 2492 3341 2528 nam
3368 2473 3572 2529 inﬂatio

2014 2548 2070 2615 et
2097 2549 2271 2594 tumor
2293 2543 2528 2615 imitatur
2558 2543 2995 2615 magnitudinem.
3038 2548 3130 2601 sed
3163 2562 3266 2599 non
3300 2545 3458 2599 habet
3483 2559 3569 2597 sa-

2018 2610 2256 2667 nitatem.
2289 2613 2376 2665 Sic
2419 2617 2618 2681 primus
2648 2610 2810 2671 Ῑ-οιιιο
2855 2619 3078 2670 traditus
3107 2618 3225 2680 fuit,
3254 2626 3312 2669 ut
3342 2630 3435 2683 per
3473 2628 3572 2666 au-

2012 2690 2227 2749 gmenta
2255 2694 2547 2755 temporum
2565 2685 2709 2739 tendi
2727 2696 2900 2754 posset
2921 2687 3032 2755 t'jlts
3054 2689 3198 2741 vitat
3218 2686 3571 2755 tntumtnodo,

2014 2765 2121 2831 non
2153 2753 2346 2831 exolvi.
2373 2752 2479 2806 Sed
2519 2752 2865 2831 qttiasponte
2903 2752 2967 2810 ad
3001 2760 3206 2824 culpam
3248 2758 3442 2831 decidit
3466 2752 3576 2831 quo

2018 2826 2192 2888 attigit
2224 2826 2465 2887 vetitum,
2499 2826 2713 2891 pertu'it
2735 2829 3038 2882 decursum.
3069 2831 3189 2881 Ideo
3213 2842 3351 2881 nunc
3374 2828 3474 2881 iste
3498 2826 3577 2876 vir

2016 2893 2369 2970 san-ctusdies
2408 2908 2532 2947 suos
2574 2897 2918 2970 transitorios
2952 2898 3230 2965 conspicit,
3261 2907 3316 2950 et
3354 2910 3415 2950 se
3441 2892 3576 2970 nihil

2019 2963 2119 3041 nisi
2151 2963 2437 3041 .puly'erem
2479 2968 2771 3041 Cognoscit.
2808 2967 2956 3022 Unde
2993 2963 3152 3041 tf-tm
3197 2974 3451 3041 sequutus
3490 2964 3579 3041 atl-

2013 3030 2186 3099 juttxit
2210 3048 2226 3086 :
2260 3030 2611 3086 Verumtamen
2640 3037 2868 3090 universa
2898 3040 3108 3099 vanitas,
3137 3030 3299 3090 orunis
3325 3035 3476 3088 homo
3498 3033 3575 3086 υἱο

2012 3116 2153 3161 petis.
2183 3100 2299 3155 .latn
2342 3102 2564 3160 transilii
2592 3108 2830 3158 mortalia
2857 3110 3057 3161 omnia.
3090 3105 3314 3160 Ascendi
3339 3106 3404 3159 ad
3429 3105 3576 3158 dele-

2017 3172 2305 3251 ctationem
2328 3172 2459 3253 legis
2477 3174 2587 3252 llei.
2617 3176 2915 3230 Desidet-avi
2941 3179 3095 3253 linem
3123 3175 3229 3245 (Ea:
3252 3175 3575 3253 dugustino),

356 3248 787 3315 taremus_hunc
832 3242 1063 3299 calorem
1106 3258 1227 3298 esse
1270 3242 1510 3315 parvum,
1543 3242 1793 3315 continuo
1820 3244 1913 3298 ad-
1939 3250 1983 3311 ε
2017 3242 2166 3309 cujus
2190 3259 2293 3315 non
2319 3254 2398 3296 est
2430 3242 2570 3310 linis,
2593 3254 2644 3298 et
2672 3262 2945 3299 numerum
2971 3242 3178 3301 dierum
3205 3248 3294 3315 qui
3316 3254 3418 3310 est,
3443 3254 3498 3298 et
3524 3245 3578 3298 in

354 3315 531 3385 junxit
556 3331 570 3367 :
596 3313 661 3368 Et
689 3316 743 3371 in
770 3315 1093 3375 meditatione
1122 3313 1547 3385 mea_exardcscet
1577 3313 1730 3383 ignis.
1764 3313 1818 3366 ιιι
1844 3329 1910 3385 eo

356 3383 503 3454 Quod
540 3400 643 3439 non
686 3396 797 3441 ait:
826 3385 1066 3447 Exarsit,
1098 3384 1191 3438 sed
1224 3383 1531 3441 Esardcscct
1554 3398 1574 3438 .'
1595 3387 1824 3439 ostendit
1850 3384 1915 3438 il-

354 3453 465 3509 lum
491 3454 667 3524 ignem
694 3469 937 3510 crescere
966 3456 1131 3524 magis
1155 3469 1217 3508 ac
1246 3454 1411 3523 magis
1431 3468 1494 3508 ex
1528 3453 1910 3524 taciturnitate.

356 3528 438 3580 Ac
464 3526 508 3580 si
555 3525 1058 3595 diceret:Quandiu
1103 3525 1290 3589 silebo,
1320 3526 1736 3595 tantoAamplius
1782 3523 1915 3593 ignis

354 3595 693 3652 exardescet.
728 3591 936 3651 Positus
964 3596 1071 3666 (Ea:
1094 3594 1235 3664 eod.)
1266 3598 1317 3648 in
1348 3599 1442 3647 hac
1470 3591 1821 3666 ﬂuctuatione
1837 3598 1917 3648 di-

355 3667 514 3719 cendi
558 3675 611 3719 et
650 3666 888 3732 tacendi,
938 3664 1075 3723 inter
1116 3680 1211 3720 eos
1255 3666 1345 3733 qui
1388 3664 1700 3723 calumniari
1748 3667 1916 3734 parati

322 3764 325 3767 -
357 3744 503 3807 sunt,
536 3744 591 3789 et
617 3750 708 3791 eos
745 3738 833 3807 qui
859 3736 1105 3791 aﬂectaitt
1132 3737 1351 3797 instrui,
1379 3736 1679 3803 periclitans
1709 3752 1775 3790 ue
1798 3751 1918 3805 pro—

319 3834 323 3838 »
356 3804 508 3876 jiciat
546 3804 854 3876 margaritas
884 3808 1058 3877 porcis
1080 3846 1095 3872 ,
1142 3806 1448 3875 periclitans
1484 3820 1557 3877 ne
1597 3821 1701 3877 non
1732 3804 1918 3875 erOget

320 3898 321 3901 η
359 3875 563 3930 cibaria
592 3875 903 3933 conservis}
930 3884 981 3937 in
1034 3877 1133 3934 hoc
1162 3888 1292 3930 testu
1331 3875 1572 3945 ιιιιιιεεὶνιι
1598 3876 1761 3929 alimn
1808 3891 1918 3933 tne-

358 3946 548 4000 liorem
577 3948 773 4011 locum,
804 3959 860 4003 et
889 3952 1162 4015 suspirans
1190 3950 1241 4001 in
1288 3948 1448 4001 linem
1491 3948 1793 4015 quemdam,
1829 3951 1915 4002 ubi

328 4060 332 4064 Α
358 4018 468 4070 ista
506 4032 609 4088 non
639 4023 741 4073 erit
770 4033 1044 4088 passurus,
1072 4020 1178 4072 ait:

430 4087 487 4161 5_.
528 4087 753 4142 Locutus
772 4086 890 4143 sunt
914 4091 967 4141 in
991 4090 1165 4161 lingua
1192 4086 1446 4161 mea.S_ed
1472 4098 1566 4161 cur
1605 4086 1654 4161 ei
1686 4086 1920 4161 loquitur

360 4157 415 4231 in
447 4158 628 4231 lingua
654 4173 770 4225 sua,
795 4162 879 4215 cui
902 4168 1024 4212 nota
1057 4157 1139 4212 est
1161 4158 1414 4231 cogitatio
1439 4158 1568 4231 sua?
1599 4159 1703 4231 βω
1730 4158 1920 4231 fortas-

359 4230 436 4282 sis
464 4226 588 4282 ideo
618 4230 670 4287 in
703 4232 880 4298 lingua
924 4231 1177 4297 loquitur,
1208 4226 1264 4281 tit
1294 4226 1726 4298 ejushlocutione
1770 4229 1921 4280 audi-

354 4308 538 4353 torum
581 4301 685 4357 vita
730 4296 1037 4355 instruatur.
1086 4300 1175 4352 Ait
1213 4312 1379 4366 ergo:
1408 4296 1602 4349 Natant
1640 4297 1722 4363 {ac
1758 4297 1917 4362 mihi,

363 4368 599 4433 Domine,
635 4373 783 4436 ﬁnem
827 4386 1009 4425 meum.
1041 4370 1172 4435 Quia
1200 4368 1308 4437 jatn
1354 4368 1466 4421 vias
1490 4366 1682 4434 quibus
1709 4368 1859 4434 gradi
1885 4394 1918 4413 τ-

359 4440 537 4504 batur,
572 4452 790 4494 noverat
810 4450 864 4495 et
887 4442 1123 4503 easdem,
1157 4453 1222 4492 ne
1249 4438 1561 4502 ollcmlerct,
1592 4448 1747 4505 prout
1773 4450 1921 4505 pote—

314 4548 317 4549 ν
359 4520 465 4575 rat,
495 4511 862 4585 costodiebat:
895 4511 1050 4585 179
1083 4510 1201 4585 Vult
1228 4512 1385 4563 etiam
1424 4510 1589 4585 linem
1634 4523 1787 4561 suum
1815 4524 1921 4577 quo

360 4585 584 4634 tendere
610 4581 821 4648 debeat,
854 4578 1121 4635 scifeine
1148 4580 1193 4635 si
1215 4587 1394 4632 currat
1424 4578 1474 4630 in
1512 4578 1796 4642 incertum,
1828 4594 1918 4631 va-

360 4652 468 4706 leat
497 4653 771 4706 aberrare.
799 4652 980 4705 Finem
1004 4653 1107 4704 viae
1133 4661 1327 4705 nostra:
1349 4649 1505 4702 nobis
1526 4650 1753 4700 ostendit
1778 4654 1918 4715 Apo-

363 4724 559 4786 stolus,
595 4723 680 4775 tibi
725 4723 838 4776 ait:
866 4722 1008 4774 Finis
1056 4722 1186 4790 legis
1227 4721 1492 4784 (.hristus,
1544 4722 1620 4790 ad
1656 4719 1918 4790 justitiam

316 4828 317 4835 η
359 4792 508 4845 omni
538 4793 771 4846 credenti
799 4793 974 4862 (Rom.
1028 4786 1163 4859 16f).
1187 4790 1428 4862 Christus
1473 4796 1553 4841 est
1576 4786 1713 4862 linis
1752 4794 1919 4845 nostri

316 4886 319 4889 π
361 4862 565 4930 operis,
599 4873 653 4917 et
674 4859 878 4915 merces
904 4863 1120 4915 laboris.
1154 4861 1231 4914 Ad
1262 4860 1432 4931 ipsmn
1466 4859 1750 4924 tendimus,
1786 4863 1919 4913 ultra

292 4993 306 5003 ,
362 4933 539 5001 ipsum
571 4947 679 4986 non
699 4943 783 4985 est
812 4947 916 5000 quo
943 4935 1163 4987 tendere
1190 4933 1479 5003 valeamus.
1511 4933 1630 5003 Ipse
1669 4939 1751 4981 est
1778 4944 1921 4987 enim

362 4999 633 5057 summum
681 4999 899 5069 bonum,
932 5017 1135 5054 summa
1170 4999 1456 5055 beatitudo.
1490 4999 1739 5067 Quisquis
1785 5003 1923 5054 hunc

364 5077 526 5126 linem
557 5081 745 5135 nescit,
772 5072 838 5125 ad
870 5076 1038 5139 ipsum
1068 5085 1168 5125 nco
1199 5070 1384 5125 tendit.
1408 5072 1575 5121 ttiaut
1606 5072 1652 5121 si
1678 5081 1819 5123 recte
1841 5070 1920 5127 vi—

367 5160 492 5197 vere
525 5144 785 5210 videatur,
815 5144 877 5205 in
909 5158 1105 5193 vanum
1149 5143 1334 5199 currit.
1379 5142 1485 5195 t\ec
1509 5150 1712 5210 certum
1763 5144 1919 5194 linem

364 5208 872 5275 tantummodu,‘sed
898 5227 1076 5266 veram
1096 5227 1306 5279 quoque
1331 5214 1487 5263 vitam
1511 5208 1647 5265 scire
1671 5220 1920 5277 postntat,

361 5298 483 5337 cum
508 5285 783 5353 subjuugit
808 5299 820 5333 :
848 5283 909 5335 Et
937 5297 1200 5353 numerant
1221 5282 1417 5334 dierum
1445 5295 1666 5353 meorum
1697 5281 1807 5344 quis
1827 5291 1928 5353 cst,

364 5364 550 5407 notum
603 5349 683 5408 lac
712 5349 869 5406 inibi.
901 5352 1110 5423 Quare?
1140 5350 1210 5423 Ut
1236 5353 1396 5404 sciam
1436 5349 1559 5419 quid
1602 5350 1728 5403 desit
1774 5350 1918 5408 milii.

369 5427 456 5477 lstt
482 5425 603 5479 dies
630 5440 735 5478 non
761 5435 906 5477 sunt.
932 5422 1074 5476 Ante
1101 5422 1296 5478 abeunt
1326 5435 1461 5489 pene
1486 5434 1642 5487 quam
1671 5422 1881 5475 veniant
1904 5438 1918 5472 :

364 5505 419 5549 et
443 5510 565 5550 cum
594 5494 853 5558 venerint,
897 5501 1038 5549 stare
1066 5508 1171 5547 non
1206 5499 1446 5563 possunt.
1466 5490 1679 5563 Urgent
1722 5504 1801 5555 se,
1833 5505 1919 5549 se-

364 5578 601 5632 quuntur
631 5580 709 5628 se,
740 5572 795 5618 et
822 5578 928 5616 non
955 5577 1013 5617 se
1041 5561 1242 5617 tenent.
1276 5563 1415 5615 Nihil
1446 5561 1523 5615 de.
1541 5562 1812 5629 pratterito
1836 5577 1919 5615 re-

365 5648 627 5700 vocatur,
675 5634 814 5703 quod
858 5636 1088 5687 laturum
1133 5635 1478 5688 transiturum
1538 5640 1914 5703 exspectatur:

366 5708 602 5761 nonduin
632 5702 878 5768 habetur,
902 5703 1025 5756 dum
1054 5717 1157 5756 non
1181 5703 1321 5757 venit
1348 5719 1362 5755 :
1400 5716 1503 5756 non
1534 5710 1761 5764 tenetur,
1791 5702 1919 5756 dum

364 5777 593 5829 venerit.
628 5777 885 5828 Numerus
910 5786 1037 5840 ergo
1061 5772 1267 5825 dierum
1298 5776 1384 5840 qui
1410 5780 1513 5835 est,
1547 5773 1656 5838 ipsa
1687 5782 1771 5825 est
1807 5770 1922 5824 inli-

365 5847 503 5902 nitas
534 5844 866 5908 aeternitatis,
897 5855 1015 5910 quae
1046 5857 1227 5896 verum
1263 5857 1383 5896 esse
1414 5843 1572 5896 habet
1596 5856 1609 5893 :
1636 5843 1758 5909 quia
1789 5854 1923 5909 pra:-

2019 3328 2085 3366 eo
2108 3314 2246 3379 quod
2275 3323 2440 3384 restat
2467 3315 2545 3368 sic
2573 3317 2736 3368 inhio.
2770 3317 3138 3371 Ve-umtamen
3164 3314 3412 3384 quamdiu
3442 3324 3576 3368 tem-

2019 3384 2272 3457 poraliter
2305 3383 2443 3447 vivo,
2474 3384 2719 3457 quamdiu
2757 3388 2911 3457 180
2938 3388 3153 3441 tentatio
3176 3383 3260 3440 est
3280 3386 3383 3437 vita
3409 3384 3577 3437 homi-

2022 3454 2104 3508 nis
2128 3468 2292 3526 super
2318 3464 2512 3508 terram
2549 3455 2687 3526 (Job.
2718 3454 2839 3526 7T):
2851 3454 3101 3526 quamdiu
3134 3457 3360 3509 humana
3390 3465 3583 3509 natura

2018 3531 2075 3581 et
2099 3524 2389 3579 secundum
2419 3524 2611 3593 corpus
2655 3538 2709 3580 et
2754 3524 3043 3581 secundum
3088 3528 3317 3582 auimun
3343 3567 3356 3586 ,
3391 3526 3491 3577 sub
3518 3537 3581 3577 se

2022 3592 2180 3648 habet
2220 3596 2448 3650 deiicere
2474 3611 2487 3647 :
2516 3592 2763 3651 Unitversa
2807 3600 3001 3650 vanitas
3029 3607 3099 3650 est
3131 3598 3288 3650 omnis
3328 3596 3474 3649 homo
3503 3596 3579 3648 vi~

2019 3677 2157 3719 cens.
2194 3664 2442 3721 Universa
2474 3666 2614 3723 enim
2646 3684 2762 3734 qua:
2794 3672 2844 3721 in
2886 3669 3098 3721 nomine
3122 3677 3261 3731 sunt,
3296 3676 3400 3719 tam
3445 3664 3579 3719 inte~

2020 3739 2130 3789 rius
2157 3750 2317 3805 quam
2355 3741 2608 3800 exterius,
2636 3737 3040 3794 diminutionem
3067 3738 3284 3802 habent,
3311 3742 3424 3791 sive
3464 3752 3577 3789 tnu-

2021 3805 2351 3859 tabilitatetn.
2394 3808 2616 3876 Utnnia,
2672 3810 2883 3876 inquam
2910 3847 2927 3873 ,
2976 3812 3133 3863 homo
3172 3816 3227 3863 et
3272 3823 3489 3861 manens
3527 3818 3585 3863 et
3664 3850 3667 3857 .

2022 3878 2348 3939 transiliens,
2373 3887 2425 3930 et
2445 3875 2558 3945 ipse
2577 3882 2736 3933 etiam
2766 3880 3015 3944 ldithum,
3043 3880 3291 3947 quamdiu
3314 3878 3400 3931 hic
3429 3878 3580 3947 vivit,

2012 3950 2285 4000 universa:
2314 3950 2551 4012 suhjacet
2580 3950 2818 4003 vanitati.
2855 3951 3004 4004 Unde
3042 3946 3291 4005 Salomon
3325 3948 3434 4001 ait:
3463 3946 3583 3999 Vidi

2020 4026 2209 4069 cuncta
2237 4031 2354 4085 qua:
2403 4016 2536 4073 ﬁunt
2577 4022 2675 4072 sub
2700 4021 2833 4084 sole,
2862 4029 2917 4072 et
2942 4036 3069 4075 ecce
3111 4021 3352 4073 universa
3378 4016 3580 4072 vanitas

2024 4085 2195 4156 (Eccl.
2231 4089 2328 4155 1.).
2375 4089 2521 4141 Lude
2549 4100 2601 4141 et
2631 4089 2913 4143 subditur:

2093 4160 2141 4207 Ἰ.
2196 4154 2543 4227 Verumtamen
2571 4158 2621 4209 in
2650 4159 2871 4227 imagine
2900 4158 3168 4225 pertransit
3210 4156 3358 4209 homo
3376 4195 3390 4217 ,
3414 4154 3504 4209 sed
3533 4166 3580 4209 et

2022 4227 2213 4294 {rustra
2236 4226 2579 4279 conturbatur.
2607 4226 2932 4297 Quamquam
2958 4236 3129 4293 portet
3144 4228 3433 4297 imaginem
3463 4226 3581 4288 Dei,

2024 4293 2196 4352 tamen
2221 4312 2322 4348 non
2346 4296 2514 4350 solum
2543 4293 2749 4361 transit,
2774 4296 2869 4353 sed
2892 4296 3200 4365 pertransit.
3225 4293 3388 4362 Cujus
3411 4304 3580 4349 trausv

2022 4368 2120 4429 ire,
2151 4376 2230 4419 est
2269 4366 2492 4434 singulis
2533 4367 2816 4419 momentis
2857 4369 2921 4419 ad
2965 4369 3121 4420 linetn
3160 4367 3397 4419 tendere.
3443 4365 3575 4419 Pero

2023 4438 2247 4491 transire
2278 4451 2402 4489 vero
2434 4440 2587 4489 vitam
2616 4438 2888 4490 moriendo
2923 4439 3094 4492 linire.
3124 4435 3232 4491 Nec
3257 4438 3426 4488 solum
3460 4437 3575 4489 hinc

2059 4508 2240 4570 atitur,
2275 4508 2367 4559 sed
2409 4516 2466 4559 et
2504 4506 2688 4560 usibus
2724 4509 2950 4559 terrenis
2975 4506 3169 4560 frustra
3208 4504 3575 4560 conturbatur.

2059 4520 2240 4570 antur,
2275 4520 2367 4559 seu
2409 4520 2466 4559 et
2504 4520 2688 4560 usmus
2724 4520 2950 4559 terrenis
2975 4520 3169 4560 trustra
3208 4520 3575 4560 conturbatur.

2023 4520 2174 4633 itinde
2195 4586 2249 4629 et
2269 4575 2513 4633 subditur
2538 4595 2549 4629 :
2575 4576 2934 4647 Tbesaurizat,
2963 4590 3006 4628 et
3034 4580 3233 4647 ignorat
3263 4576 3344 4631 cui
3369 4593 3578 4647 congra-

2022 4648 2267 4721 gabitca.
2302 4648 2422 4700 Haec
2445 4659 2525 4721 est
2545 4646 2735 4721 adhuc
2770 4649 2935 4721 magis
2956 4646 3191 4721 lugenda
3210 4648 3429 4721 vanitas,
3453 4646 3577 4721 quia

2022 4716 2143 4771 cum
2169 4719 2378 4770 homoa
2418 4717 2500 4771 sui
2534 4716 2841 4771 Conditoris
2876 4733 3056 4770 arnore
3084 4718 3300 4781 crcidit,
3338 4719 3577 4783 protinus

2024 4801 2205 4841 amore
2243 4800 2295 4841 et
2328 4789 2502 4840 studio
2544 4785 2905 4841 mundialibus
2950 4788 3178 4851 inhaesit,
3207 4790 3490 4851 intantum,
3523 4800 3580 4841 ut

2023 4857 2240 4913 exilium
2264 4872 2415 4910 suum
2446 4858 2615 4911 libens
2637 4858 2902 4925 perierat:
2930 4857 3125 4911 invitus
3149 4857 3379 4921 recedat,
3411 4872 3578 4914 caeca-

2023 4941 2127 4996 que
2170 4928 2454 4995 cupiditate
2478 4928 2729 5000 orbatus,
2770 4927 3051 5000 thesauros
3081 4927 3293 5000 colligat
3323 4943 3336 4978 :
3361 4928 3454 5000 sed
3488 4926 3579 5000 icui

2024 4995 2306 5065 congregat
2347 4997 2533 5051 nescit.
2564 4995 2711 5053 Unde
2756 4998 2965 5053 cuidam
3001 4995 3578 5063 dictum‘esHStultc,

2025 5068 2126 5123 hac
2155 5079 2310 5121 nocte
2350 5069 2581 5137 animam
2616 5078 2757 5120 tuam
2798 5072 2982 5122 tollent
3006 5085 3033 5123 a
3058 5077 3128 5123 te.
3159 5072 3291 5136 Qua:
3315 5083 3578 5137 praepara-

2024 5143 2123 5204 sti,
2156 5137 2307 5205 cujns
2330 5148 2485 5190 erunt
2524 5136 2676 5205 (Luc.
2705 5137 2857 5208 12.)?
2884 5141 3091 5195 llabere
3132 5155 3209 5193 vus
3229 5136 3379 5208 quod
3415 5140 3577 5201 Deus,

2024 5220 2077 5264 et.
2116 5225 2223 5262 non
2261 5211 2519 5276 perdere?
2560 5210 2845 5263 Ostendam
2872 5210 2963 5264 tibi
3006 5221 3174 5263 ttttuzn
3202 5216 3394 5261 locum.
3438 5210 3575 5258 Audi

2024 5280 2303 5333 Dominum
2329 5295 2379 5331 tn
2417 5279 3140 5346 Evangeliot’l'besaurizate
3181 5281 3331 5330 Vobis
3367 5276 3576 5328 thesau-

2023 5365 2112 5404 ros
2138 5350 2190 5402 in
2217 5348 2483 5416 caelo,‘ubi
2514 5350 2679 5412 iures,
2710 5362 2813 5401 non
2840 5350 3105 5411 furantur,
3136 5360 3234 5400 nec
3256 5360 3455 5412 :erugo,
3482 5353 3577 5399 aut

2024 5420 2162 5475 tinea
2204 5420 2489 5472 demolitur
2530 5417 2743 5489 (Mﬂth.
2773 5420 2873 5487 6.).
2907 5418 3015 5473 Sed
3046 5432 3196 5489 ergo,
3226 5419 3417 5483 inquis,
3455 5430 3578 5480 quu-

2024 5490 2366 5557 modo_pono
2409 5505 2459 5541 tu
2501 5486 2676 5543 cietd'?
2718 5486 2858 5541 Pone
2899 5490 2949 5539 in
3003 5486 3247 5540 mambus
3286 5498 3575 5553 pauperum

2021 5548 2348 5629 (Luc.1't.)r:
2373 5560 2447 5611 da.
2476 5558 2853 5627 indigentibus.
2884 5558 3057 5623 Audi,
3098 5567 3153 5613 et
3185 5558 3268 5610 lac
3286 5548 3433 5624 quod
3475 5557 3575 5608 iste

2024 5630 2326 5686 transiliens
2347 5629 2492 5681 addit
2514 5643 2529 5679 :

2094 5706 2146 5754 8.
2189 5698 2253 5751 Et
2270 5714 2420 5760 nunc,
2449 5711 2562 5766 qua
2588 5705 2660 5749 est
2690 5697 2991 5764 exspectatio
3012 5697 3161 5750 mea?
3184 5692 3367 5748 Nonne
3396 5694 3574 5766 Domi-

2027 5775 2157 5823 nus;l
2190 5771 2254 5822 Et
2280 5771 2399 5838 quia
2421 5765 2611 5819 cuncta
2645 5767 2729 5818 hic
2759 5777 3052 5838 transeunt,
3078 5777 3131 5819 et
3162 5767 3288 5817 nihil
3320 5765 3573 5819 retinetur

2027 5835 2373 5905 certunqaut
2401 5850 2855 5900 securumnunc,
2882 5835 2934 5891 id
2971 5846 3076 5903 est,
3104 5839 3155 5891 iu
3194 5839 3295 5893 hac
3326 5837 3556 5893 vanitate
