4128 6360
596 324 700 381 -799

1652 319 1734 373 ιιι
1749 316 1903 372 FINO
1943 309 2391 367 PRESBYTERO
2430 309 2810 368 ASCRIPTUS
3762 307 3847 364 800

599 452 649 489 in
674 439 858 488 unitate
886 435 1181 498 integritatis
1205 434 1495 495 consistere,
1522 446 1614 498 nec
1632 431 1937 498 μιμητῇ-ει)
1977 430 2183 498 invicem
2212 430 2259 483 Α
2290 434 2591 491 cantamus,
2615 426 2740 495 quia
2762 424 3013 480 videlicet
3032 424 3097 498 de
3121 423 3391 498 u-iuniplto
3411 426 3737 498 exultamus.
3760 426 3852 484 Nec

532 548 535 551 ,
600 506 825 561 tanquam
850 490 1284 573 cot‘lju'gimtiilltlid,
1304 490 1491 573 μείλιιρ
1508 496 1687 573 dictum
1713 503 1807 553 est,
1836 493 1988 573 Erunt

534 589 539 594 τ
599 552 748 627 αιτιὶθ
772 576 863 611 una
887 552 1081 627 (Getica.
1106 561 1151 607 2.
1180 552 1348 614 Matth.
1379 552 1492 627 19.).
1514 558 1565 627 Si
1590 571 1709 619 ergo
1731 552 2041 627 agnoscimus
2063 552 2184 627 diros

602 626 649 673 lu
687 636 835 675 carne
874 615 988 683 una,
1014 632 1326 683 agnoscamus
1363 615 1485 673 duos
1524 624 1573 669 in
1609 615 1727 671 vuce
1768 615 1879 669 una.
1920 615 2184 664 Audiamus

604 698 729 748 ergo
750 689 877 751 quod
901 689 1094 738 dicitur.

1125 798 1480 863 PSALMUS
1524 798 1660 859 XL.

673 919 729 972 2.
772 920 959 974 Beatus
985 923 1072 991 qui
1098 918 1335 991 intelligit
1356 934 1526 991 super
1554 931 1768 987 egenum
1813 922 1857 967 et
1884 929 2181 982 pauperem.

602 987 659 1045 Id
692 1001 794 1053 est,
830 987 1313 1058 superCIiristum.
1346 990 1519 1058 Super
1545 1003 1771 1055 egenum
1801 994 1855 1058 et
1895 999 2183 1058 pauperem

603 1056 927 1127 intelligere,
964 1068 1047 1114 est
1093 1074 1256 1127 super
1298 1056 1681 1114 humanitatem
1724 1066 1775 1109 et
1816 1056 2184 1127 inﬁrmitatem

602 1126 803 1202 Christi
834 1130 978 1183 aliud
1022 1126 1183 1202 altius
1211 1136 1475 1202 cogitare.
1508 1129 1623 1202 iloc
1666 1127 1848 1195 utique
1891 1126 2187 1202 intelligen-

603 1200 730 1253 dum
762 1207 864 1262 est,
895 1199 1035 1268 quod
1069 1196 1327 1254 Dominus
1357 1210 1413 1255 et
1440 1200 1728 1253 Redemtor
1750 1206 1952 1261 noster,
1985 1210 2103 1247 cuin
2133 1196 2186 1249 in

604 1271 774 1326 forma
827 1270 921 1327 Dei
970 1281 1136 1333 eSset,
1191 1272 1542 1337 semetipsum
1590 1268 1900 1330 csinanivit,
1932 1269 2185 1337 iformam

604 1343 742 1409 servi
774 1339 1065 1409 accipiens,
1100 1342 1151 1393 iu
1180 1336 1582 1395 similitudinem
1617 1338 1890 1409 hominum
1912 1336 2110 1409 tactus,
2132 1347 2188 1409 et

603 1408 788 1485 habitu
845 1406 1098 1467 inventus
1142 1420 1200 1465 ut
1223 1413 1400 1485 homo
1429 1410 1694 1485 (Ptiilipp.
1726 1407 1828 1475 2.).
1863 1406 2018 1461 Dives
2048 1408 2186 1485 apud

602 1478 840 1547 l‘atrem,
872 1496 1071 1550 pauper
1098 1481 1236 1548 apud
1268 1496 1386 1535 nos.
1420 1482 1525 1536 Sed
1554 1494 1728 1531 tamen
1762 1486 2046 1550 paupertas
2067 1478 2187 1541 ejus

603 1550 807 1604 divitiae
838 1546 1035 1605 nostra:
1063 1546 1189 1605 sunt
1218 1553 1523 1619 :quomoilo
1559 1550 1839 1603 inﬁrmitas
1859 1546 1975 1615 ejus
2004 1556 2186 1619 nostra

604 1620 863 1676 fortitudo
893 1632 977 1677 est
1005 1639 1017 1675 :
1048 1618 1317 1689 quomodo
1344 1624 1565 1675 stultum
1595 1619 1714 1689 ejus
1745 1628 1922 1672 nostra
1967 1618 2186 1685 sapien-

606 1691 676 1755 tia
699 1700 783 1744 est
809 1709 822 1745 :
844 1693 1110 1756 quomodo
1136 1692 1433 1746 mei-taltas
1460 1695 1574 1760 ejus
1605 1702 1785 1743 nostra
1811 1689 2187 1743 immortalitas

606 1770 709 1832 est.
748 1762 1049 1830 Intelligere
1084 1762 1243 1816 eiiani
1276 1776 1518 1832 Oportet,
1554 1764 1676 1827 qu‘a
1711 1770 1992 1832 paupertas
2019 1760 2187 1832 etin-

605 1811 1340 1891 ιῖὶὲίιίὶἇῖἑέὸέῐέἷδῆιὶῖάιὸέίὲ
1357 1811 1675 1901 ίέέῦἱιίριὶίηῐ
1691 1811 1843 1883 iitiui's
1874 1811 2070 1883 tribuit
2087 1811 2185 1883 liu-
2216 1811 2261 1867 Β

608 1901 869 1971 utilitatis,
906 1904 1173 1971 patientia:
1196 1944 1208 1965 ,
1236 1905 1584 1966 obedientize,
1621 1901 2063 1963 mansuetudinis,
2094 1916 2184 1954 ca—

609 1970 804 2030 ritatis.
842 1970 964 2027 Hrcc
1002 1975 1297 2042 intelligere
1333 1984 1387 2027 et
1424 1975 1682 2042 cogitare,
1713 1972 1937 2025 credere
1975 1980 2029 2025 et
2060 1971 2183 2024 imi-

608 2044 738 2109 tari,
767 2058 888 2098 vera
913 2044 1185 2098 beatitudo
1206 2055 1309 2099 est.
1337 2043 1400 2098 Et
1425 2046 1575 2113 quasi
1607 2043 1725 2111 quis
1748 2052 2032 2110 quaereret,
2055 2042 2186 2113 Quis

608 2113 812 2167 fructus
839 2117 941 2168 erit
983 2114 1139 2182 hujus
1179 2110 1519 2169 intellectus”!
1560 2110 1801 2182 sequitur
1831 2122 1884 2165 et
1923 2115 2093 2166 dicit:
2121 2110 2186 2165 In

608 2183 693 2235 die
724 2186 861 2236 mala
903 2186 1132 2238 liberabit
1164 2201 1276 2238 eum
1314 2184 1583 2241 Dominus.
1616 2185 1669 2238 id
1698 2192 1819 2245 est,
1848 2184 1900 2236 iii
1932 2184 2019 2237 die
2046 2184 2187 2249 judi-

606 2251 673 2307 cii
693 2294 707 2317 ,
734 2256 949 2323 quando
974 2256 1224 2325 puniendi
1253 2267 1377 2311 sunt
1403 2257 1525 2310 mali
1550 2298 1564 2319 ,
1593 2254 1840 2309 liberabit
1860 2269 1980 2307 eum
2016 2253 2186 2307 Domi-

608 2339 706 2395 nus
736 2327 803 2379 ab
829 2324 983 2380 omni
1017 2328 1180 2390 malo,
1210 2330 1279 2380 ab
1308 2328 1453 2381 omni
1488 2341 1662 2395 poena,
1693 2328 1759 2377 ab
1790 2324 1935 2378 omni
1970 2326 2187 2380 tribula-

606 2394 752 2449 tione
783 2406 837 2450 et
866 2400 1110 2465 angustia
1153 2397 1310 2465 hujus
1337 2394 1513 2452 saicuii
1536 2437 1551 2460 ,
1583 2410 1743 2465 atque
1772 2410 1802 2448 a
1843 2406 2104 2461 petestate
2134 2406 2189 2449 et

607 2469 891 2521 tormentis
932 2468 1165 2531 diaboli,
1206 2477 1258 2521 et
1302 2467 1493 2523 inferni
1520 2484 1534 2519 :
1560 2477 1610 2521 et
1658 2466 1941 2522 transl'eiet
1981 2481 2103 2519 eum
2134 2467 2188 2519 in

607 2532 906 2605 libertatem
938 2538 1125 2605 gloria:
1176 2538 1403 2591 ﬁliorum
1439 2538 1530 2591 Dei
1565 2536 1740 2605 (Rom.
1775 2536 1876 2602 8).
1913 2536 2105 2590 Nirrat
2135 2545 2189 2589 et

609 2604 1024 2679 aliabeneﬁi-ia,
1056 2625 1174 2676 qua:
1208 2607 1460 2663 Dominus
1487 2604 1707 2679 largitur
1736 2607 1895 2662 beato
1928 2609 2061 2673 viro,
2097 2610 2188 2676 qui

610 2673 877 2741 intelligit,
903 2673 1136 2733 subdens
1162 2696 1175 2730 :

680 2746 733 2799 5.
778 2746 1026 2803 Dominus
1055 2760 1309 2802 conservet
1335 2766 1474 2815 eum,
1503 2759 1550 2803 et
1582 2749 1793 2817 vitiiﬁcet
1823 2765 1967 2813 eum,
1997 2758 2045 2801 et
2074 2748 2193 2802 bea-

611 2826 717 2873 tum
739 2817 893 2885 faciat
918 2835 1032 2873 eum
1075 2821 1128 2873 in
1152 2831 1307 2885 terra,
1341 2832 1384 2875 et
1410 2838 1510 2875 non
1541 2822 1709 2874 tradat
1739 2836 1854 2873 eum
1884 2820 1937 2872 in
1966 2821 2189 2873 animum

610 2886 929 2941 inimicorum
959 2891 1089 2959 ejus.
1127 2893 1247 2944 llaec
1276 2894 1447 2946 orati'i
1496 2893 1779 2959 promissio
1821 2900 1922 2944 est.
1955 2893 2192 2945 Conser-

611 2968 697 3010 vat
728 2960 870 3012 enim
897 2959 1153 3013 Dominus
1183 2961 1321 3015 hunc
1352 2964 1760 3032 intelligentem.
1788 2960 1930 3016 Intra
1957 2962 2189 3028 pericula

609 3037 665 3081 et
716 3034 1031 3085 teutationes
1065 3032 1223 3099 hujus
1267 3034 1550 3087 laburiOsa:
1579 3035 1698 3087 vita:
1746 3048 1850 3087 non
1897 3034 2025 3086 sinit
2064 3047 2188 3087 eum

609 3099 807 3174 perire.
840 3101 955 3174 Non
988 3106 1244 3170 permittit
1274 3105 1467 3158 tentari
1514 3119 1699 3174 supra,
1734 3118 1893 3173 quam
1927 3105 2065 3157 terre
2100 3118 2193 3173 po-

2288 498 2667 568 auiitnitiainus
2707 504 2930 568 mortes,
2980 495 3075 549 sed
3124 496 3563 568 natalicia:quia
3612 502 3851 568 martyrio

2288 564 2536 636 {mliciter
2580 566 2790 629 renati,
2817 574 3098 636 creperum
3147 567 3301 619 beate
3346 564 3535 622 vivere
3580 569 3633 621 in
3680 564 3850 636 gloria.

2291 633 2508 688 Dicatur
2533 651 2661 703 ergo
2694 648 2859 701 recte,
2894 634 2959 687 Et
2989 652 3091 689 non
3119 636 3286 689 tradet
3320 652 3437 690 eum
3457 637 3511 690 in
3540 633 3762 691 animisni
3782 641 3855 693 iiii-

2290 708 2540 776 micorum
2565 708 2697 776 ejus.
2720 705 2973 773 Sequitur
2993 706 3136 759 aliud
3161 720 3411 774 magnum
3434 708 3660 763 donum.

2360 773 2688 846 LADominus
2710 793 2856 846 opem
2885 778 3011 844 {erat
3040 776 3117 829 illi
3138 773 3287 845 super
3312 778 3498 831 tectum
3520 779 3720 833 doloris
3739 781 3853 842 eius.

2290 841 2403 917 ΡειδΔ
2419 844 2612 898 lectum
2644 841 2869 910 doloris,
2886 841 3218 915 intelligitur
3247 862 3375 901 caro
3405 858 3613 911 nostra,
3642 865 3761 917 quae
3783 851 3859 902 do-

2286 913 2366 986 let
2393 914 2623 971 inﬁrma.
2663 917 2944 982 Quomodo
2984 913 3176 986 aliquis
3210 918 3356 986 jar-et
3397 928 3452 973 et
3492 913 3777 983 requiescit
3813 923 3859 973 in

2292 982 2432 1037 lecto
2470 1001 2590 1047 suo,
2616 987 2688 1040 ita
2713 988 2923 1041 animus
2961 982 3225 1041 inﬁt-'inus'
3239 987 3384 1056 jacet
3411 998 3468 1043 et
3497 982 3788 1056 requiescit
3816 990 3858 1044 in

2290 1067 2599 1127 carnesua.
2650 1058 2704 1110 In
2736 1057 3043 1113 carnalibus
3071 1058 3216 1111 enim
3259 1059 3563 1113 delectatur
3592 1059 3891 1127 voluptati-‘

2295 1123 2414 1198 bus.
2450 1124 2687 1198 llttniana
2720 1129 2917 1196 quippe
2946 1138 3131 1181 natura
3162 1143 3229 1182 eo
3268 1128 3384 1196 ipso
3412 1129 3558 1198 quod
3589 1123 3767 1183 creaia
3794 1142 3863 1184 est

2298 1193 2352 1247 in
2385 1195 2714 1260 inﬁrmitate,
2741 1193 2958 1265 semper
2988 1198 3151 1253 habet
3187 1193 3445 1261 deiicere,
3471 1210 3640 1265 atque
3686 1200 3863 1252 indesi-

2292 1276 2483 1318 nenter
2522 1267 2587 1320 ad
2620 1268 2887 1321 deteriora
2918 1267 3152 1339 labitur;
3188 1270 3285 1322 nisi
3317 1284 3422 1337 ope
3450 1269 3658 1322 divina:
3688 1271 3860 1339 gratia:

2290 1344 2674 1408 sustentantur.
2703 1339 2954 1393 Portabat
2983 1349 3036 1392 te
3064 1337 3173 1407 (Ea:
3196 1339 3507 1408 Augustino)
3536 1337 3735 1406 lectus,
3766 1356 3859 1394 non

2294 1407 2553 1479 portabas
2597 1410 2807 1463 lectum.
2845 1409 3175 1479 Piiralyticus
3214 1411 3356 1464 intus
3400 1407 3560 1465 eras:
3598 1410 3762 1464 Adest
3790 1414 3864 1477 qiii

2293 1476 2437 1529 dicat
2466 1478 2590 1548 lilii,
2624 1479 2773 1532 Tolle
2804 1476 3079 1548 gtaliatum
3115 1494 3284 1547 tuum,
3317 1491 3372 1533 et
3414 1481 3548 1534 vade
3580 1482 3634 1535 in
3662 1476 3864 1535 domum

2294 1552 2438 1599 tuam
2483 1547 2661 1621 (Jouu.
2698 1547 2904 1617 5.).7Et
2940 1549 3092 1621 quasi
3138 1562 3500 1620 quaereretur,
3534 1552 3719 1618 Quare
3754 1567 3865 1621 ergo

2292 1631 2411 1689 cum
2444 1632 2599 1689 opem
2634 1619 2768 1673 ferat
2798 1622 2953 1674 nobis
2986 1619 3165 1684 Deus,
3201 1631 3346 1676 tanta
3389 1621 3529 1675 mala
3566 1621 3799 1689 patimur
3815 1619 3868 1674 in

2296 1686 2396 1760 hac
2428 1688 2555 1751 vi'a,
2593 1698 2770 1744 tantos
2803 1690 3036 1755 labores,
3074 1702 3272 1744 tantam
3302 1686 3735 1760 inquietudinem
3768 1707 3868 1745 car-

2292 1758 2375 1811 nis
2404 1760 2969 1832 etAseculi‘iconvertit
3003 1777 3064 1814 se
3089 1762 3154 1813 ad
3188 1758 3468 1815 Dominum
3499 1778 3513 1814 :
3543 1774 3599 1816 et
3629 1771 3868 1832 tanquam

2290 1828 2572 1882 consilium
2606 1831 2758 1884 nobis
2788 1832 3065 1885 medicina:
3092 1846 3389 1899 exponens,
3424 1832 3682 1899 adjunxit
3706 1848 3721 1886 :
3742 1828 3865 1887 Uni-

2289 1913 2486 1952 versum
2515 1910 2731 1953 stratura
2770 1904 2879 1971 ejus
2916 1903 3129 1955 τρι-δαδιὶ
3166 1906 3219 1955 in
3266 1903 3567 1970 inﬁrmitate
3607 1904 3740 1969 ejus.
3786 1904 3869 1957 Per

2288 1978 2513 2041 stratum
2543 1986 2738 2039 corpus
2764 1988 2883 2025 cum
2914 1984 3094 2027 mente
3130 1972 3243 2026 vult
3276 1972 3523 2041 intelligi.
3558 1972 3870 2028 Universum

2290 2040 2419 2093 dicit
2446 2044 2741 2095 secundum
2770 2057 2959 2097 omnes
2981 2056 3196 2109 sensus,
3224 2053 3280 2097 ut
3305 2040 3606 2097 secundum
3635 2059 3869 2110 carnem,

2288 2118 2342 2182 et
2364 2114 2654 2182 secundum
2702 2124 2960 2176 mentem,
2996 2125 3103 2167 tam
3136 2116 3387 2179 interius,
3432 2128 3596 2182 quam
3642 2115 3871 2170 exterius

2292 2177 2561 2250 intelligas
2608 2182 2878 2238 hominem
2910 2183 3260 2238 inﬁrmatunt.
3294 2177 3490 2239 Lectus
3519 2188 3703 2238 carnis
3734 2186 3871 2238 inﬁr-

2297 2262 2478 2305 matur
2501 2267 2594 2319 per
2622 2254 2841 2319 famem,
2867 2269 2961 2323 per
2980 2256 3150 2321 sitim,
3176 2270 3268 2321 per
3293 2256 3487 2325 frigus,
3510 2270 3607 2323 per
3625 2258 3871 2318 calorem,
3926 2280 3929 2283 λ

2293 2336 2388 2389 per
2412 2324 2735 2398 passionem,
2761 2340 2855 2393 per
2869 2328 3135 2391 dolorem,
3157 2342 3250 2395 per
3270 2324 3701 2398 corruptionem,
3730 2326 3870 2398 192

2291 2407 2388 2459 per
2415 2395 2812 2460 mortalitatem,
2845 2408 2899 2450 et
2936 2397 3229 2451 innumeris
3254 2396 3375 2450 aliis
3400 2396 3599 2450 modis.
3633 2395 3865 2451 Stratoni

2291 2464 2489 2535 mentis
2529 2464 2829 2519 iutirmatur
2874 2482 2967 2534 per
3007 2468 3393 2535 ignorantiam,
3431 2481 3528 2535 per
3558 2467 3872 2534 stultitiam,

2301 2548 2397 2601 per
2431 2533 2831 2601 bebetiidinem,
2866 2533 2959 2604 per
2982 2533 3227 2592 tit—norem
3252 2578 3267 2602 ,
3298 2552 3390 2605 per
3420 2533 3754 2605 superbiam,
3789 2554 3873 2606 per

2292 2616 2485 2677 vanam
2514 2606 2741 2673 gloriam
2763 2643 2777 2669 ,
2823 2622 2917 2676 per
2947 2608 3200 2662 invidiam
3223 2649 3238 2671 ,
3272 2623 3369 2677 per
3395 2608 3529 2661 iram
3552 2648 3569 2673 ,
3615 2617 3673 2663 et
3710 2608 3873 2662 modis

2293 2674 2415 2747 aliis
2448 2679 2654 2747 multis.
2687 2674 3015 2732 llaec'autem
3049 2674 3333 2733 inﬁrmitas
3362 2692 3518 2747 pretia
3548 2688 3632 2732 est
3656 2680 3872 2746 peccati.

2293 2746 2424 2809 Quia
2462 2746 2623 2801 homo
2652 2749 2821 2801 noluit
2863 2750 3017 2803 tortis
3050 2764 3173 2804 esse
3219 2752 3273 2802 in
3305 2746 3441 2813 Deo,
3473 2750 3691 2803 inﬁrma
3722 2750 3874 2803 estin

2294 2818 2495 2883 seipse.
2524 2818 2658 2889 Quia
2686 2832 2848 2873 carne
2877 2828 2929 2872 et
2959 2821 3150 2889 spiritu
3178 2820 3478 2875 delectatus
3508 2828 3615 2887 est,
3643 2834 3805 2873 carne
3826 2830 3876 2873 et

2294 2888 2485 2954 spiritu
2519 2888 2733 2955 punitus
2757 2899 2860 2944 est.
2895 2888 3111 2944 Dicatur
3140 2906 3289 2959 ergo,
3323 2888 3631 2945 Universum
3669 2900 3876 2943 stratum

2295 2960 2652 3034 ejuspersasti
2676 2961 2728 3012 in
2764 2960 3061 3034 inﬁrmitate
3092 2966 3224 3034 ejus.
3272 2963 3563 3034 Propterea
3606 2961 3785 3034 adhuc
3827 2962 3876 3015 iu

2300 3036 2401 3082 hac
2432 3028 2746 3085 inﬁrmitate
2777 3028 3293 3099 relitiquitur,'etiain
3322 3033 3366 3085 si
3398 3033 3665 3101 originale
3695 3046 3877 3100 pecca-

2300 3107 2408 3152 tum
2437 3138 2451 3164 ,
2486 3110 2704 3169 prepter
2733 3102 2876 3171 quod
2915 3105 3129 3170 punitus
3158 3114 3268 3167 est,
3300 3105 3643 3156 remittatur:
3674 3116 3743 3157 ne
3788 3106 3878 3157 ite-

610 3178 711 3228 tcst
742 3172 816 3239 (l.
851 3172 1136 3246 (.‘or.fttl.).
1169 3174 1430 3246 Quicquid
1460 3172 1604 3245 agat,
1638 3172 1845 3244 quoéun
1868 3189 1953 3242 ιιι.)
1982 3190 2040 3229 se
2070 3188 2187 3227 ver-
2216 3183 2262 3246 ο
2296 3184 2416 3246 rum
2446 3176 2634 3246 possit
2655 3176 2935 3246 superbire
2957 3212 2972 3239 ,
2998 3183 3052 3227 et
3081 3174 3292 3243 culpam
3324 3189 3484 3242 quam
3516 3172 3641 3227 fecit
3669 3215 3685 3241 ,
3716 3175 3879 3246 valeat

611 3251 707 3301 tat,
737 3255 951 3309 semper
974 3245 1024 3296 in
1048 3244 1289 3298 custoitia
1320 3244 1412 3301 Dei
1444 3244 1547 3301 est.
1587 3248 1825 3301 Vivdicat
1852 3260 1974 3301 eum
1998 3246 2189 3312 spiritu

607 3324 705 3384 8'1"
736 3316 907 3384 magis
932 3329 993 3384 ac
1035 3318 1204 3384 magis
1243 3317 1536 3371 secundum
1571 3318 1879 3372 interiorem
1917 3317 2189 3369 hominem

612 3380 845 3455 {Ephesi
879 3382 994 3453 5.),
1035 3395 1091 3437 ut
1128 3380 1373 3453 quotidie
1410 3388 1608 3455 justius
1642 3396 1695 3441 ct
1726 3386 1909 3455 purius
1952 3386 2095 3439 vivat
2134 3386 2189 3440 in

610 3454 742 3527 Deo.
775 3454 841 3527 Et
871 3454 1135 3508 beatilicat
1164 3456 1316 3527 191
1348 3474 1467 3512 eum
1496 3476 1599 3512 ιιυιι
1630 3454 1801 3513 solum
1828 3460 1881 3511 in
1904 3457 2058 3527 trtnlo.
2093 3458 2189 3511 sed

608 3524 773 3600 etiam
805 3524 886 3600 in_
910 3534 1070 3589 terra,
1101 3524 1405 3600 spurio—ales
1434 3532 1655 3584 virtutes
1700 3529 1994 3600 largiendo.
2033 3526 2190 3600 Juxta

608 3594 765 3669 quod
782 3593 1036 3669 scriptum
1070 3593 1152 3669 est
1176 3615 1190 3651 :
1217 3599 1385 3663 Beati,
1412 3604 1501 3669 qui
1530 3609 1749 3668 sperant
1779 3593 1828 3657 in
1863 3612 1936 3668 te,
1970 3599 2191 3653 Domine

610 3664 785 3739 {Pisa}.
818 3665 961 3733 38.),
994 3676 1049 3720 et
1088 3668 1224 3722 beati
1272 3676 1359 3738 qui
1390 3664 1621 3739 diligunt
1665 3687 1859 3725 nomen
1914 3664 2079 3722 tuum.
2126 3669 2192 3722 Et

611 3734 1047 3807 healigtvawietes
1078 3734 1460 3801 SpiritufBeati
1491 3734 1673 3807 inites,
1707 3742 1846 3795 beati
1889 3740 2192 3794 misericor-

608 3808 726 3869 des,
763 3805 901 3859 beati
958 3822 1052 3869 i-ac
1076 3810 1195 3875 ﬁci,
1230 3812 1369 3864 beati
1421 3816 1621 3867 mundo
1661 3805 1830 3866 corde
1862 3852 1875 3875 ,
1905 3822 1957 3865 et
1997 3820 2191 3863 cit-tera

610 3875 827 3948 (illailla.
860 3878 961 3947 5.).
994 3878 1263 3941 Piotnitttt
1309 3882 1465 3936 nobis
1510 3885 1765 3939 Dominus
1807 3880 2190 3937 beatitudinem

613 3949 665 4023 in
698 3950 871 4003 futura
904 3952 1008 4023 vita
1034 3966 1049 4003 ε
1074 3956 1167 4004 sed
1196 3952 1241 4005 si
1268 3954 1555 4023 diligenter
1581 3954 1930 4015 attendimus,
1954 3951 2113 4006 etiam
2140 3954 2191 4005 in

613 4022 714 4075 hac
740 4031 879 4077 terra
907 4022 1027 4093 jain
1051 4030 1253 4089 partem
1302 4022 1508 4092 pra-inii
1542 4027 1899 4093 possidemus.
1934 4024 2064 4076 Pars
2093 4023 2194 4074 uti-

611 4104 717 4158 que
764 4104 969 4159 magna:
1003 4090 1275 4164 fclicitatis
1303 4090 1419 4161 est,
1454 4090 1695 4150 sec—olom
1728 4095 1967 4164 potuisse
2008 4093 2191 4161 deSpi-

613 4176 758 4236 cere,
787 4168 841 4215 et
870 4162 1221 4236 omnipatetiti
1253 4164 1365 4221 Deo
1394 4168 1600 4221 servire
1644 4162 1880 4236 ccepisse
1904 4205 1919 4227 ,
1952 4167 2195 4220 evasisse

609 4231 855 4287 vitiorum
900 4233 1321 4291 infelicissimum
1349 4236 1679 4290 dominatum
1703 4231 1973 4298 {liberum
2016 4249 2135 4289 esse
2163 4251 2192 4289 a

609 4304 804 4357 misera
836 4310 1097 4378 servitme
1125 4306 1326 4361 diaboli
1353 4316 1406 4361 et
1438 4308 1639 4376 peccati
1675 4306 1855 4378 (Joan.
1885 4306 2002 4375 8.),
2033 4320 2194 4358 vana-

609 4388 726 4427 runi
754 4388 930 4429 rerum
980 4377 1361 4445 cupiditatzbus
1392 4394 1496 4432 non
1526 4377 1856 4443 excruciari,
1901 4378 2193 4430 sceleribus

608 4458 717 4498 non
765 4447 1089 4511 immisceri,
1138 4450 1458 4503 innocenter
1503 4450 1682 4503 vivere
1709 4488 1724 4511 ,
1758 4448 1927 4505 beata:
1959 4446 2191 4501 castitati

609 4529 828 4589 epeiam
854 4517 1005 4581 dare,
1037 4520 1289 4588 gloriosa:
1311 4521 1641 4589 paupertatis
1670 4519 2042 4574 sufﬁcientiam
2069 4533 2192 4587 pos-

607 4587 825 4646 sidere:
852 4590 981 4642 n.ltil
1010 4587 1161 4645 extra
1202 4587 1368 4643 Deum
1399 4587 1664 4659 quaerere,
1699 4590 1753 4643 iit
1801 4592 1967 4658 ipsius
2006 4604 2191 4644 amore

607 4669 662 4714 et
710 4660 1165 4729 coulettiplatione
1208 4663 1445 4715 suaviter
1485 4662 1841 4727 requiescere.
1896 4660 2191 4718 Penseinus

606 4740 866 4799 quantum
900 4731 1054 4789 nobis
1087 4731 1345 4792 Dominus
1376 4732 1460 4799 pia
1493 4734 1767 4786 vocatione
1791 4732 2097 4794 contulerit,
2123 4731 2190 4786 de

606 4804 819 4868 quantis
852 4801 1126 4857 fraudibus
1148 4842 1162 4866 ,
1196 4803 1494 4867 adulteriis,
1528 4804 1751 4869 rapinis,
1787 4802 2030 4871 perjuriis
2057 4841 2073 4866 ,
2104 4818 2191 4855 sa-

608 4872 870 4941 crilegiis,
904 4875 1287 4941 intiiiundiciis,
1326 4873 1465 4925 vitiis
1494 4884 1550 4926 et
1576 4888 1808 4940 pcccaiis-
1839 4872 2185 4928 liberavetit:

608 4954 661 4996 ct
693 4954 818 5023 tunc
856 4960 1283 5023 cogttoscetttus_,
1312 4958 1475 5023 quam
1510 4959 1691 5023 verum
1735 4944 1829 5009 sit,
1864 4945 2004 5023 quod
2037 4944 2189 4999 audi-

607 5028 726 5088 tuus
754 5015 806 5068 iii
839 5018 1044 5088 psalmo
1065 5055 1081 5080 ,
1114 5015 1257 5088 quod
1290 5015 1485 5088 dicitur
1507 5030 1522 5070 :
1546 5025 1599 5069 ct
1631 5017 1843 5069 beatum
1875 5019 2030 5070 faciat
2059 5032 2180 5088 eoin

608 5084 662 5144 in
695 5093 855 5140 terra.
890 5086 1044 5144 Hunc
1090 5084 1267 5139 autem
1300 5086 1683 5156 iiitclligentein
1710 5127 1725 5151 ,
1752 5087 1852 5141 etsi
1882 5088 2043 5141 tradit
2082 5086 2185 5139 ali-

604 5159 820 5225 quando
852 5157 990 5212 Dcus
1020 5158 1070 5215 in
1100 5172 1289 5214 manus
1329 5156 1668 5211 inimicorum
1696 5158 1832 5228 ejus,
1869 5165 1925 5212 ut
1956 5157 2190 5210 habeant

607 5237 928 5297 potestate
958 5228 1236 5282 occidendi
1286 5242 1517 5297 corpus,
1550 5244 1820 5298 nunquam
1862 5229 2021 5281 tradit
2062 5243 2186 5282 eum

606 5300 662 5350 in
693 5300 900 5353 animas
932 5298 1149 5369 (Matth.-
1189 5298 1294 5368 l0.)
1316 5340 1329 5363 ,
1362 5301 1415 5353 id
1455 5309 1558 5363 est,
1590 5302 1639 5351 in
1670 5300 1972 5351 voluntates
1997 5299 2189 5369 inuni-

603 5383 790 5423 corum
818 5388 830 5423 :
858 5379 917 5423 ut
942 5367 989 5423 si
1007 5370 1155 5423 ilicet
1207 5367 1411 5438 possint
1458 5386 1580 5423 cum
1629 5373 1804 5424 facere
1852 5370 1963 5421 suis
1995 5367 2190 5438 iniquis

606 5441 967 5495 voluntatibus
992 5440 1237 5495 obedire.
1274 5441 1424 5496 Unde
1451 5442 1619 5493 sancti
1651 5440 1910 5509 Martyres
1942 5438 2101 5493 etiam
2132 5440 2186 5494 in

603 5513 715 5569 suis
749 5510 1086 5579 passioiiihus
1119 5514 1350 5567 victores
1379 5515 1691 5573 ett-iterum,
1737 5512 1864 5579 quia
1908 5518 1964 5563 et
2004 5510 2048 5562 si
2097 5526 2190 5577 po-

604 5592 821 5639 tuerunt
846 5585 1202 5651 corporaliter
1232 5584 1442 5646 occidi,
1474 5595 1742 5651 nunquam
1787 5589 1965 5634 tamen
2007 5582 2189 5637 animo

604 5662 891 5719 potuerunt
922 5650 1119 5723 frangi.
1145 5651 1226 5707 llli
1256 5670 1384 5707 vero
1408 5652 1499 5720 qui
1522 5650 1854 5713 occiderunt,
1887 5652 2007 5704 victi
2033 5662 2187 5723 sunt:

602 5725 884 5791 quiaquod
914 5722 1455 5789 volueruntiiuplerc,
1483 5723 2023 5788 inininiepotueruttt.
2058 5722 2192 5777 Hinc

602 5806 707 5862 cst,
738 5796 879 5864 quod
902 5796 968 5850 in
996 5795 1263 5850 mortibus
1296 5797 1581 5860 Martyrum
1623 5808 1726 5845 nou
1762 5793 2061 5863 ploranitts,
2095 5793 2190 5850 scd

2294 3242 2557 3295 oblivisci.
2592 3244 2758 3296 Malus
2800 3258 2989 3298 servus
3026 3254 3109 3298 est
3134 3261 3147 3297 :
3176 3242 3401 3313 semper
3447 3253 3665 3310 oportet
3715 3243 3879 3297 teneri

2294 3314 2396 3385 sub
2440 3314 2669 3381 ﬁagello.
2700 3315 2805 3369 Sed
2831 3315 2943 3383 jam
2976 3313 3273 3385 ﬂagellatus
3301 3317 3541 3385 postulat
3567 3316 3873 3368 misericorv

2294 3382 2458 3445 diam,
2488 3386 2718 3451 postulat
2746 3382 3071 3450 sanitatem,
3102 3386 3169 3439 de
3195 3382 3447 3455 superbia
3480 3384 3549 3438 ad
3598 3385 3871 3439 humilita-

2297 3462 2401 3525 teiti
2435 3456 2592 3525 redit.
2623 3456 2924 3510 Couﬁtetur
2955 3466 3231 3525 peccatum
3262 3471 3441 3521 suum,
3470 3456 3666 3509 dicetis
3693 3473 3705 3507 :

2366 3522 2419 3578 5.
2467 3524 2574 3593 Ego
2623 3530 2767 3591 dixi,
2816 3522 2971 3590 Deus,
3024 3529 3261 3582 miserere
3300 3528 3443 3579 mei:
3476 3543 3607 3581 sana
3655 3529 3879 3580 animum

2296 3611 2479 3658 meum,
2507 3598 2626 3664 quia
2656 3600 2854 3663 peccavi
2894 3598 3006 3654 tibi.
3051 3600 3161 3667 Ego
3203 3600 3312 3653 dixi
3334 3637 3350 3663 ,
3381 3597 3573 3667 inquit.
3605 3596 3723 3651 Non
3755 3600 3876 3651 sbs-

2293 3668 2451 3722 condi
2493 3680 2709 3733 peccata
2749 3684 2897 3733 mea,
2956 3684 3062 3723 non
3107 3672 3245 3723 tacui
3283 3667 3681 3724 confessionem
3711 3687 3725 3722 :
3750 3671 3881 3722 sicut

2294 3738 2509 3808 quidam
2550 3740 2753 3808 iacuit,
2799 3749 2853 3793 et
2896 3739 3017 3794 ideo
3061 3743 3351 3795 inveterata
3399 3749 3525 3793 sunt
3594 3753 3717 3793 ossa
3767 3740 3880 3808 ejus

2295 3807 2471 3880 (Psat.
2501 3806 2589 3861 51.
2596 3816 2641 3875 ).
2670 3811 2932 3875 Quoniam
2964 3810 3057 3879 qui
3089 3814 3285 3865 malum
3312 3849 3328 3877 ,
3361 3811 3503 3880 quod
3535 3811 3706 3879 gessit
3735 3850 3749 3871 ,
3780 3806 3882 3864 non

2296 3878 2487 3951 aperit,
2522 3892 2613 3951 eas
2640 3883 2801 3934 etiam
2844 3878 3087 3945 virtutes,
3120 3897 3256 3949 quas
3286 3878 3466 3947 habet,
3500 3878 3700 3951 perdit.
3737 3880 3883 3935 Vera:

2297 3948 2611 4002 humilitatis
2640 3950 2894 4005 iudiciuin
2918 3961 3023 4017 est,
3047 3948 3259 4021 culpam
3283 3967 3433 4006 suam
3460 3948 3872 4021 recognoscere.

2295 4028 2456 4091 atque
2483 4022 2726 4075 eamdem
2749 4036 2881 4077 voce
2905 4024 3260 4077 confessionis
3286 4021 3516 4091 aperire.
3542 4022 3670 4076 Ideo
3695 4022 3855 4091 prisci

2299 4093 2378 4159 pit
2404 4090 2663 4145 Dominus
2694 4103 2900 4158 noster,
2932 4102 2989 4147 ut
3031 4103 3244 4162 peccata
3275 4090 3459 4147 nostra
3506 4090 3880 4148 sacerdotibus

2294 4164 2649 4234 confiteantur
2688 4162 2839 4234 (Luc.
2880 4163 2992 4233 15.)
3021 4182 3033 4216 :
3061 4173 3119 4218 ut
3158 4164 3409 4219 videlicet
3441 4164 3755 4218 conﬁtendo
3785 4164 3881 4216 ltu-

2296 4232 2593 4298 milieinur,
2628 4232 2823 4303 et‘per
2856 4232 3173 4288 humilitatis
3219 4235 3471 4288 meritum
3521 4234 3880 4303 percipi-amns

2296 4316 2668 4359 remissmiiein
2718 4318 3081 4373 peccatorum.
3147 4305 3406 4374 Superhis
3465 4318 3613 4359 enim
3683 4308 3881 4357 resistit

2298 4375 2460 4437 Deus,
2486 4378 2580 4430 sed
2607 4376 2893 4447 humilibus
2925 4376 3016 4429 dat
3041 4380 3266 4447 gratiam
3297 4377 3507 4447 (Iacob.
3534 4374 3638 4445 4.).
3668 4377 3881 4447 Magnus

2295 4454 2379 4499 est
2405 4446 2762 4501 confessionis
2791 4447 3019 4501 fructus.
3064 4446 3205 4500 Dicit
3250 4445 3468 4514 quidam
3523 4448 3791 4514 pmuitcns
3828 4445 3880 4500 in

2296 4517 2401 4573 alio
2434 4518 2660 4585 psalmo,
2695 4518 2841 4585 Dixi,
2870 4518 3168 4571 conﬁtebor
3193 4534 3207 4571 :
3233 4530 3289 4571 et
3313 4527 3365 4570 tu
3394 4518 3650 4571 remisisti
3684 4516 3875 4584 impie-

2302 4595 2461 4641 tatem
2485 4589 2688 4656 peccati
2712 4590 2815 4643 niei
2844 4586 3015 4659 (Psal.
3043 4587 3179 4657 15.).
3206 4589 3434 4659 Attende
3448 4602 3607 4657 quam
3633 4587 3787 4641 velox
3804 4597 3881 4641 est

2301 4659 2669 4714 misericordia
2696 4659 2789 4713 Det
2818 4659 3021 4712 homini
3056 4661 3351 4713 conlitenti.
3388 4658 3639 4713 Nondum
3663 4659 3880 4713 conﬁte-

2300 4739 2406 4793 tur,
2427 4730 2520 4782 sed
2535 4731 2887 4784 deiberatuin
2904 4730 3063 4785 habet
3088 4733 3137 4781 iii
3152 4731 3313 4784 corde
3331 4744 3429 4784 suo
3456 4739 3513 4783 ut
3542 4730 3875 4792 conﬁteatur,

2297 4802 2418 4856 ideo
2441 4814 2472 4854 a
2501 4810 2717 4869 peccato
2742 4802 3045 4854 mandatur.
3075 4802 3184 4854 lloc
3207 4800 3491 4870 signiﬁcat,
3529 4803 3671 4869 quod
3706 4800 3877 4853 Domi—

2300 4888 2400 4926 ttus
2422 4872 2649 4941 li-prosis
2664 4872 2905 4941 praecipit
2931 4871 3114 4926 dicens
3140 4889 3153 4924 :
3182 4871 3274 4935 Ite,
3305 4872 3573 4925 OStendite
3602 4886 3695 4925 vos
3714 4884 3880 4925 Sacer-

2295 4941 2532 4998 dotibus.
2560 4944 2624 4997 Ει
2651 4959 2772 4997 cum
2803 4944 2946 4997 iient
2974 4943 3027 4996 iii
3060 4944 3163 5009 via,
3197 4943 3368 4997 sanati
3399 4954 3523 4997 sunt
3555 4944 3600 5012 (Ι
3625 4957 3711 4997 uc.
3748 4941 3877 5010 17.).

2298 5015 2624 5069 i’ubhcanus
2652 5015 2776 5083 quid
2801 5016 2899 5069 ait?
2922 5016 3060 5067 Deus
3086 5012 3347 5083 propitius
3377 5022 3499 5083 esto
3522 5015 3654 5065 ntihi
3688 5027 3875 5081 pecca-

2298 5086 2421 5140 tori.
2455 5082 2740 5139 Descendit
2779 5082 3101 5155 justiﬁcatus
3133 5085 3284 5156 (Luc.
3327 5082 3464 5154 18.).
3497 5085 3542 5137 υ
3570 5085 3725 5138 beata
3751 5097 3875 5156 coa-

2298 5156 2495 5211 iessio!
2525 5157 2711 5224 quanti
2752 5152 2850 5227 per
2909 5167 2960 5210 te
2997 5152 3345 5219 inundantur,
3375 5152 3657 5227 sanantur,
3692 5152 3881 5227 justiﬁ-

2296 5228 2521 5281 e-ntur?
2548 5228 2710 5294 igitur
2738 5225 3103 5297 unusquisque
3133 5237 3375 5297 nostrum
3412 5225 3555 5280 dicat
3584 5226 3876 5288 humiliter,

2295 5300 2441 5352 dicat
2463 5296 2935 5367 lachryinabditer,
2960 5299 3104 5352 dicat
3123 5312 3189 5352 ex
3207 5296 3422 5361 aﬁectu,
3442 5296 3588 5350 dicat
3606 5312 3674 5353 es
3696 5300 3876 5351 corde:

2297 5368 2408 5438 Ego
2438 5368 2547 5421 dixi
2572 5411 2588 5434 ,
2625 5368 2781 5434 Deus,
2828 5373 3062 5423 miserere
3088 5370 3185 5438 mei
3207 5382 3225 5421 .'
3246 5383 3372 5420 sana
3400 5369 3627 5420 animum
3677 5384 3837 5422 meum
3860 5406 3875 5430 ,

2296 5437 2417 5509 quia
2446 5441 2646 5507 peccavi
2676 5440 2784 5493 tibi.
2815 5440 2951 5509 Quid
2984 5447 3089 5506 est,
3129 5437 3343 5492 Peccavi
3388 5438 3516 5509 tibi?
3548 5440 3761 5507 peccavi
3792 5454 3880 5492 co-

2298 5507 2410 5564 rnu
2444 5521 2514 5574 te,
2550 5516 2634 5564 vel
2667 5507 2853 5564 contra
2890 5523 2960 5566 le.
3005 5511 3143 5577 Quid
3174 5520 3259 5564 est
3305 5507 3520 5578 peccavi
3556 5512 3689 5564 tibi!
3718 5510 3878 5565 ratio-

2297 5596 2419 5636 nein
2454 5582 2548 5635 tibi
2585 5582 2889 5636 iedditurus
2930 5597 3027 5650 pro
3052 5591 3293 5650 peccato.
3324 5580 3475 5635 Talia
3506 5580 3693 5636 dicunt
3722 5581 3879 5635 amici

2297 5653 2630 5722 conﬁtendo.
2654 5656 2944 5707 Audiamus
2967 5654 3093 5722 quid
3119 5655 3371 5706 dixerunt
3396 5653 3597 5706 inimici
3626 5650 3877 5707 errando.

2370 5727 2424 5775 ϋ.
2467 5719 2672 5777 Inimici
2702 5726 2799 5779 mei
2821 5719 3057 5779 dixerunt
3080 5722 3217 5777 mala
3246 5724 3392 5777 mihi.
3425 5726 3548 5778 llznc
3573 5724 3733 5777 verba
3763 5736 3879 5793 pro-

2306 5797 2417 5865 prie
2452 5796 2714 5863 pertinent
2757 5796 2820 5852 ad
2863 5803 3037 5867 cqiut.
3067 5795 3143 5851 Ac
3174 5797 3217 5853 si
3250 5795 3412 5864 dicat,
3446 5796 3557 5865 Ego
3591 5794 3745 5863 veni,
3776 5806 3875 5849 meo
