4128 6360
325 375 421 429 801

322 574 427 612 non
454 562 812 629 attendentes,
863 572 915 616 et
940 581 1023 616 me
1056 564 1323 617 hominem
1355 572 1559 618 tantum
1589 578 1692 617 non
1728 565 1896 618 Deum

321 646 439 684 esse
470 633 752 685 credentes
777 672 792 695 ,
822 631 1069 687 dixerunt
1100 635 1211 688 haec
1250 636 1387 688 mala
1421 635 1548 687 inihi
1568 673 1583 691 .
1616 634 1669 688 id
1702 646 1804 695 νει,
1836 635 1904 687 de

325 714 446 773 me:
471 702 691 764 Quando
714 704 974 766 morietur,
998 712 1045 755 et
1070 706 1246 769 peribit
1268 721 1451 758 nomen
1476 705 1618 773 ejus?
1640 702 1905 771 Optabant

321 770 488 843 enim,
525 782 590 843 ut_
606 783 924 836 moreretur,
948 784 1003 827 et
1024 790 1216 828 nomen
1241 774 1355 843 ejus
1376 770 1651 828 deleretur
1671 770 1737 827 de
1763 785 1901 828 terra

323 838 540 909 (Jerem.
570 841 706 909 1L).
736 843 970 896 Mortuus
992 854 1071 897 est
1101 838 1366 907 Christus,
1397 853 1452 898 et
1480 843 1795 898 admirabile
1834 846 1904 897 fa-

324 920 471 963 ctum
488 921 568 964 est
588 926 782 967 nomen
801 913 935 982 ejus.
950 913 1183 968 Granum
1208 916 1453 968 frumenti
1469 915 1666 969 cadens
1685 916 1735 968 in
1756 922 1899 967 terra

325 990 597 1053 mortuum
621 994 732 1045 est,
765 991 820 1037 et
851 984 974 1038 inde
1005 985 1236 1049 amplius
1277 985 1686 1051 multiplicatum
1717 983 1896 1053 (Ionii.

324 1049 463 1121 12.).
496 1050 586 1105 Sic
608 1054 768 1106 etiam
795 1067 988 1121 corpus
1022 1054 1216 1108 Christi
1249 1049 1495 1109 crescere
1528 1049 1803 1109 consuevit
1848 1056 1900 1109 in

326 1119 692 1176 tribulatione.
742 1119 997 1177 Dicebant
1035 1125 1229 1179 inimici
1253 1125 1418 1178 Judaei
1441 1124 1688 1189 :Qnando
1717 1127 1903 1177 morie-

328 1192 449 1244 tur?
472 1193 698 1257 Quando
730 1195 1018 1258 poterimus
1044 1211 1164 1248 eum
1197 1196 1476 1249 occidere?
1506 1196 1571 1249 Et
1597 1197 1673 1249 sic
1708 1196 1903 1261 perbit

328 1274 524 1335 iittit‘ieii
553 1262 673 1331 ejus
693 1303 707 1323 ,
741 1263 790 1315 id
819 1272 923 1327 est,
953 1264 1090 1335 fama
1121 1266 1257 1335 ejus.
1290 1264 1441 1319 Furit
1468 1268 1627 1319 etiam
1674 1269 1900 1320 mentio-

332 1345 460 1384 nem
487 1333 556 1386 de
599 1335 853 1406 tradityre
882 1350 979 1406 suo
1007 1333 1169 1402 Juda,
1199 1336 1287 1405 qui
1318 1348 1479 1406 caput
1514 1343 1629 1390 erat
1652 1335 1898 1390 inimico-

328 1416 470 1465 rum,
496 1416 625 1472 eum
655 1403 929 1472 subjtingit
952 1422 963 1455 :

396 1470 552 1545 _7.AEt
583 1474 626 1525 si
655 1470 1027 1542 ingrediebatur
1070 1485 1125 1528 ut
1154 1475 1362 1540 vidert't,
1406 1492 1536 1529 vana
1575 1477 1898 1545 loquebatur,

332 1537 488 1613 193
520 1560 608 1596 cor
637 1537 749 1611 ejus
784 1547 1105 1616 congregavit
1136 1537 1594 1616 iniquitatemsibi.
1633 1537 1902 1615 liigi'edie;

327 1617 488 1667 batur
518 1624 786 1686 tamquam
818 1614 1188 1671 fraudulentus
1209 1614 1228 1679 ,⁷
1257 1627 1525 1686 tamquam
1564 1614 1898 1685 explorator.

329 1692 597 1751 tamquam
626 1684 942 1740 insidiator:
976 1702 1080 1739 non
1112 1698 1169 1740 ut
1197 1684 1516 1754 imitaretur,
1546 1684 1647 1742 sed,
1669 1697 1726 1743 ut
1755 1689 1903 1742 vide-

329 1764 409 1807 rei
442 1754 569 1826 quid
613 1765 794 1826 ρομξυι
829 1757 1252 1826 reprehendere,
1288 1759 1413 1825 quid
1456 1774 1739 1822 accusare,
1773 1758 1896 1826 quid

326 1821 669 1878 calumniari.
699 1825 803 1879 Cor
834 1821 950 1891 ejus
992 1828 1251 1881 tractabat
1282 1821 1349 1881 de
1379 1839 1550 1882 morte
1579 1821 1808 1894 Christi,
1843 1842 1895 1884 et

328 1895 407 1949 sic
454 1895 816 1965 congregabat
857 1898 1187 1963 iniquitatem
1219 1900 1338 1952 sibi.
1379 1900 1559 1953 Melius
1603 1916 1742 1953 enin
1783 1912 1900 1954 erat

329 1965 402 2028 ei,
433 1966 477 2020 sl
505 1979 658 2019 natus
687 1980 788 2018 non
823 1968 1007 2021 fuisset
1039 1969 1197 2021 homo
1229 1970 1314 2021 ille
1346 1968 1557 2039 (Manli.
1583 1970 1721 2039 ‘23.).
1748 1972 1900 2036 Quod

334 2050 550 2105 passum
568 2048 647 2111 est
668 2048 846 2104 caput,
878 2038 1148 2106 patiuntur
1167 2049 1219 2093 et
1241 2038 1499 2094 membra.
1517 2038 1903 2111 Signie(inquli)

339 2108 608 2175 persecuti
654 2117 812 2174 sunt,
861 2120 915 2162 et
962 2124 1055 2163 vos
1106 2121 1492 2178 persequentur
1537 2108 1713 2175 (Joaii.
1764 2108 1900 2172 15.).

332 2178 626 2249 Apostolus
648 2179 796 2249 dicit,
815 2179 1040 2249 Propter
1060 2182 1495 2235 subiutroductos
1510 2182 1669 2236 falsos
1685 2181 1899 2247 fratres,

332 2248 422 2318 qui
478 2248 1237 2318 subintroieruntexplorare
1292 2253 1594 2306 lil.ertaieni
1662 2267 1901 2308 tiOSirutll

335 2317 535 2391 (Gulat.
570 2318 675 2389 2.).
720 2319 781 2373 lli
811 2330 934 2374 sunt
976 2317 1306 2391 liypocritie,
1346 2324 1688 2377 siuiulatoies
1735 2327 1898 2388 mali,

334 2389 690 2459 adjniigcntes
712 2404 770 2443 se
794 2391 910 2443 ficta
933 2389 1175 2457 caritate,
1197 2402 1473 2459 captantes
1490 2410 1675 2448 omnes
1701 2404 1898 2462 motus,

330 2463 509 2514 omnia
544 2461 703 2533 verba
733 2473 1038 2515 sanctorum
1064 2501 1080 2527 ,
1104 2462 1164 2533 in
1192 2464 1440 2519 omnibus
1480 2466 1697 2533 laqueos
1728 2461 1901 2533 inqui?

332 2541 538 2586 rentes.
572 2530 728 2586 Tales
760 2533 907 2585 inulti
939 2532 1280 2585 inveniuntur
1303 2536 1438 2587 intra
1462 2530 1772 2590 societatem
1799 2530 1904 2589 ira-

331 2608 509 2667 trum,
556 2605 645 2669 qui
676 2602 967 2668 spiritualii
996 2602 1169 2657 studia
1198 2601 1558 2672 relinquentes
1584 2644 1598 2669 ,
1634 2616 1905 2673 torpentes

332 2673 465 2733 otio,
501 2682 757 2740 appetunt
788 2673 1027 2745 quotidie
1065 2676 1249 2727 audire
1276 2684 1329 2728 et
1363 2676 1543 2730 Videre
1565 2689 1616 2729 ei
1643 2678 1781 2745 loqui
1817 2695 1906 2730 va-

330 2745 553 2796 nitatem
586 2760 598 2795 :
631 2751 796 2796 totum
820 2744 963 2796 diem
993 2746 1297 2811 expendunt
1328 2748 1378 2799 iii
1414 2746 1624 2809 fabulis,
1650 2744 1908 2802 incurio-

331 2813 518 2887 sitatc,
543 2815 595 2866 in
622 2813 1072 2887 stiiltiiia._Praris
1096 2816 1254 2867 etiam
1280 2815 1725 2887 concupiscentiis
1747 2826 1907 2887 atque

332 2882 534 2937 illicitis
575 2882 984 2950 cogitationibus
1033 2887 1270 2955 animum
1320 2882 1701 2955 subjugaiiies,
1745 2882 1908 2944 corde

331 2965 661 3023 coogregant
688 2955 1019 3023 iniquitatem
1051 2953 1150 3009 sibi
1176 2996 1191 3019 ,
1225 2957 1363 3011 idest
1386 2999 1399 3021 ,
1422 2953 1503 3011 ad
1528 2958 1907 3014 detrimentum

331 3038 513 3077 suum.
558 3024 672 3079 Sibi
703 3036 1178 3093 congregaverunt,
1215 3041 1318 3080 n0n
1345 3029 1500 3092 mihi,
1527 3031 1795 3095 quomodo
1816 3030 1909 3083 Ju-

331 3094 430 3168 das
453 3096 574 3168 sibi,
596 3110 709 3168 non,
712 3095 954 3168 Christo.
982 3095 1343 3165 Egrediebatur
1363 3094 1524 3167 foras,
1547 3093 1593 3151 et
1609 3093 1908 3168 lbquebatur

331 3167 387 3240 in
410 3166 659 3240 idipsum.
686 3166 1171 3240 Egrediebattirgad
1198 3166 1414 3223 JmLoOs
1441 3169 1652 3238 (Matth.
1675 3166 1822 3240 ‘46.),
1856 3183 1908 3227 et

1326 379 1388 435 IN
1434 378 1744 438 PSALMOS
1786 376 1976 434 LXXV
2017 372 2585 432 COJlltlEATARllJS.

324 488 498 543 dialor
531 489 621 545 Dei
650 499 706 546 et
731 492 1002 546 hominum
1037 493 1111 561 (l.
1144 492 1278 547 Tim.
1302 493 1404 558 2.).
1433 495 1537 549 Sed
1570 494 1773 547 inimici
1800 494 1899 547 hoc
1929 494 1978 553 Α
2010 500 2113 544 tein
2146 492 2339 544 dicitur
2378 492 2653 561 :Susutro
2681 501 2728 543 et
2765 488 3014 561 bilinguis
3049 487 3401 561 maledigtns:

3466 352 3572 409 802

2009 561 2206 615 multos
2249 564 2390 615 enim
2431 560 2659 615 turbavit
2698 574 2881 630 paceni
2924 560 3179 613 habentes
3212 557 3398 630 (Eri-ti.
3435 557 3569 625 98.)

2077 632 2131 685 9.
2187 630 2410 683 Verbum
2456 627 3112 700 iniquum'constituerunt
3163 627 3431 700 adi'ersum
3492 648 3593 688 me.

2005 699 2407 754 Constituernnt
2437 696 2579 755 enim
2599 738 2614 762 .
2641 710 2697 753 iit
2723 700 2982 755 adversus
3009 698 3189 752 Jesnni
3224 696 3412 754 falsum
3444 700 3591 756 dice-

2006 781 2152 825 retur
2184 773 2541 825 testimnnium
2562 771 2711 841 (an.
2736 771 2877 839 ἢθη).
2899 769 3140 841 ίγετιηιω
3159 768 3583 841 ρξίδιηξιιῖιιυυω

2007 841 2123 905 fuit,
2176 843 2390 909 quando
2437 839 2705 905 dixerunt,
2756 840 3129 910 Crnciligatur.
3182 839 3278 904 Et,
3331 839 3472 895 Reus
3500 854 3585 900 est

2004 912 2191 964 mortis
2222 910 2436 977 (Manli.
2468 910 2557 965 26.
2590 922 2637 965 et
2665 912 2804 977 27.).
2849 909 2974 980 Ipsi
2999 912 3068 975 de
3104 924 3189 963 me
3212 909 3285 963 ita
3316 909 3583 967 fecerunt.

2004 981 2131 1053 Sed,
2164 980 2428 1053 Numquid
2468 984 2554 1051 qui
2584 983 2771 1035 dormit
2816 998 2917 1035 non
2955 981 3165 1051 adjiciat
3211 989 3267 1032 ut
3314 985 3591 1053 resurgat?

2008 1051 2101 1104 Ille
2131 1053 2221 1119 qui
2256 1061 2362 1104 tam
2391 1051 2549 1106 facile
2580 1062 2751 1119 potest
2800 1066 3081 1120 resurgere
3118 1065 3149 1103 a
3181 1061 3384 1114 morte,
3424 1051 3583 1119 quam

2004 1120 2160 1175 facile
2209 1129 2385 1188 potest
2421 1122 2692 1177 dormiens
2731 1124 2951 1177 exeitari
3002 1138 3031 1175 a
3065 1135 3256 1175 somno
3278 1161 3292 1184 ,
3325 1127 3583 1190 numquid

2004 1206 2108 1245 non
2141 1190 2359 1257 adjiciet
2387 1193 2544 1244 morti
2577 1208 2687 1245 sue
2728 1206 2782 1245 ui
2832 1192 3107 1259 resurgat?
3152 1192 3418 1261 Numquid
3470 1211 3576 1251 non

2004 1270 2247 1329 resurget
2271 1262 2377 1324 ille,
2412 1262 2500 1331 qui
2528 1263 2620 1319 ait,
2658 1263 2977 1317 Polestatein
3008 1265 3177 1316 habeo
3207 1265 3433 1327 ponendi
3460 1267 3579 1321 anis

2005 1347 2146 1384 inani
2174 1346 2369 1397 meam,
2400 1345 2455 1404 et
2483 1334 2673 1404 iterum
2702 1334 2943 1386 sumendi
2974 1350 3092 1387 eain
3120 1331 3296 1399 (Joan.
3331 1335 3485 1404 10.)?
3520 1338 3588 1393 Et

2012 1403 2175 1474 édam
2202 1402 2456 1455 dormivit
2477 1403 2583 1466 (Ea.
2599 1404 2937 1474 Augustino),
2959 1407 3172 1472 quando
3192 1404 3261 1458 de
3278 1402 3442 1459 latere
3465 1409 3585 1473 eius

2009 1472 2119 1547 Eva
2150 1474 2384 1547 formata
2425 1483 2507 1547 est
2547 1472 2700 1544 (Gen.
2732 1474 2838 1547 ἓξ).
2874 1474 3039 1547 Adam
3073 1475 3125 1547 in
3158 1475 3321 1547 ﬁgura
3350 1472 3584 1547 Christi,

2007 1542 2115 1596 Eva
2147 1546 2197 1595 in
2242 1543 2408 1611 ﬁgura
2441 1542 2714 1599 Ecclesia'.
2764 1544 2896 1598 Dum
2928 1542 3218 1599 dormisset
3255 1546 3500 1601 Christus
3530 1542 3583 1605 iii

2006 1627 2190 1681 cruce,
2221 1615 2287 1669 de
2312 1615 2475 1668 latere
2501 1614 2616 1682 ejus
2654 1624 2985 1668 sacramenta
3028 1615 3186 1669 Ercle
3218 1614 3282 1668 i.e
3314 1617 3583 1675 ﬂuxerunt

2008 1682 2188 1751 (Joaii.
2222 1684 2352 1753 t9.).
2391 1686 2456 1737 Et
2482 1687 2623 1739 unde
2648 1684 2935 1740 dormivit?
2962 1684 3042 1739 Ex
3072 1686 3162 1740 illo
3188 1687 3278 1754 qui
3314 1689 3585 1751 ingressus

2007 1762 2092 1808 est
2120 1764 2175 1808 iit
2200 1757 2426 1809 videret.
3510 1792 3527 1805 .

2078 1825 2164 1879 10.
2200 1824 2396 1879 Etenim
2420 1826 2573 1879 liomo
2595 1828 2731 1901 paris
2754 1842 2899 1892 mere,
2921 1827 2972 1879 in
2996 1843 3095 1895 quo
3121 1829 3337 1898 speravi,
3361 1831 3451 1901 qui
3469 1832 3589 1888 ede.

2009 1894 2090 1948 bat
2122 1913 2276 1969 panes
2308 1914 2465 1969 meos,
2509 1894 2852 1966 marini/irati“
2900 1894 3053 1966 super
3093 1894 3174 1952 me
3206 1894 3587 1969 supplantatio-

2008 1982 2141 2018 nem.
2170 1967 2286 2022 Non
2317 1967 2414 2021 ftiit
2444 1971 2637 2021 mirum
2658 2009 2672 2030 ,
2698 1970 2740 2021 si
2775 1968 2972 2022 inimim
3006 1969 3109 2039 mei
3140 1967 3445 2039 cogitabant
3483 1975 3581 2028 ad-

2006 2051 2243 2110 versum
2270 2054 2356 2110 me
2406 2040 2545 2092 mala
2586 2040 2714 2092 tiiilii
2747 2055 2761 2093 :
2795 2039 2919 2106 quia
2964 2046 3020 2093 et
3062 2038 3383 2106 homo’pacis
3422 2060 3583 2110 mete,

2008 2106 2180 2181 idest,
2220 2108 2384 2181 .ludas
2408 2151 2422 2173 ,
2456 2124 2577 2181 cum
2616 2124 2723 2181 qu.)
2767 2124 2951 2177 pacein
2994 2110 3291 2176 habebam,
3319 2122 3374 2166 et
3402 2114 3492 2181 qui
3522 2106 3582 2168 se

2009 2178 2287 2245 p.iciticiim
2332 2180 2655 2232 simulabat:
2691 2180 2742 2233 in
2790 2193 2895 2245 quo
2943 2181 3190 2245 speravi,
3218 2178 3475 2249 quantum
3516 2186 3583 2238 ad

2007 2250 2416 2304 :estimationem
2442 2252 2736 2303 hominum.
2759 2250 3175 2309 l’utabantenitn
3198 2253 3337 2321 quod
3367 2254 3415 2309 ei
3446 2258 3584 2308 llllll-

2008 2326 2119 2392 tum
2150 2320 2447 2383 crederem,
2474 2322 2610 2392 etin
2640 2336 2705 2374 eo
2734 2322 2956 2392 multum
2985 2322 3331 2385 cauliderem,
3361 2326 3445 2392 qui
3462 2326 3582 2380 ede-

2007 2389 2089 2440 bat
2111 2405 2274 2461 panes
2300 2407 2457 2454 nieos,
2491 2390 2763 2454 idest,cui
2794 2406 2893 2457 ego
2924 2393 3204 2445 intinctuin
3236 2389 3424 2460 panem
3456 2408 3584 2461 por-

2009 2459 2123 2512 rexi
2140 2463 2258 2534 ggvel
2280 2475 2445 2528 panes
2474 2476 2621 2515 meos
2647 2462 2951 2534 Spirituales
2968 2461 3180 2534 edebat,
3198 2464 3320 2531 quia
3345 2459 3585 2534 quotidie

2009 2529 2443 2605 praedicationem
2476 2546 2648 2585 meam
2680 2532 2948 2605 audiebat.
2977 2529 3234 2605 Maiorem
3275 2529 3586 2605 supplanta-

2008 2603 2205 2655 tioaein
2230 2602 2914 2675 Siipermeinagnilicavit,
2934 2618 3093 2675 quam
3120 2604 3207 2656 alii
3236 2620 3250 2657 :
3274 2602 3397 2675 quia
3423 2612 3582 2662 etiam

2008 2676 2194 2746 os_cu'o
2240 2672 2476 2746 tradidit.
2511 2670 2684 2727 Nolite
2711 2676 3009 2746 aestimare,
3045 2670 3361 2746 fratresfut
3390 2679 3463 2732 illi
3491 2678 3583 2746 qui

2009 2741 2074 2793 ad
2103 2744 2572 2798 conversationem
2601 2744 2853 2807 veniunt,
2885 2752 2939 2796 et
2969 2744 3203 2797 habitum
3235 2758 3435 2802 sanciat
3463 2741 3587 2803 reli-

2009 2810 2184 2878 gionis
2214 2825 2488 2867 assumunt
2507 2854 2521 2876 ,
2548 2828 2737 2869 omnes
2766 2812 2873 2867 sint
2898 2815 3070 2868 sancti
3092 2854 3106 2878 ,
3141 2830 3329 2872 omnes
3358 2820 3470 2873 sint
3500 2836 3587 2875 re-

2012 2879 2204 2950 ligiosi.
2242 2884 2307 2937 Et
2351 2883 2516 2939 ludas
2569 2884 2711 2937 inter
2756 2886 3041 2953 Apostolus
3088 2886 3375 2952 Apostolus
3418 2900 3582 2947 erat:

2011 2955 2325 3024 sperabatur
2352 2957 2490 3024 quod
2542 2965 2759 3008 sanctus
2805 2964 3064 3009 essetzet
3108 2955 3225 3024 ipse
3270 2958 3356 3012 fur
3392 2970 3507 3014 erat
3534 2973 3589 3017 et

2012 3021 2149 3076 latro
2172 3022 2350 3097 (Joan.
2368 3021 2641 3097 ‘12.).Sed
2664 3026 3085 3097 quomodoenin
3113 3021 3361 3083 Christus
3389 3033 3588 3095 patien-

2013 3101 2100 3171 ter_
2122 3095 2394 3171 sustinuit,
2418 3095 2489 3171 ita
2516 3096 2561 3151 si
2593 3110 2688 3151 nes
2710 3096 2917 3163 aliquos
2939 3096 3195 3171 habemus
3217 3098 3486 3157 simulato:
3501 3119 3582 3171 es,

2013 3163 2101 3236 qui
2133 3166 2352 3220 sedeant
2376 3169 2440 3219 ad
2465 3182 2703 3220 mensam
2736 3174 2993 3229 nostram,
3023 3166 3116 3236 qui
3145 3170 3252 3222 sint
3281 3170 3433 3226 nobis
3461 3163 3587 3228 con;

334 3236 655 3306 loquebatur
684 3237 736 3291 in
764 3237 1017 3304 idipsnm,
1049 3237 1185 3292 idest
1216 3255 1321 3292 uno
1348 3234 1605 3307 consilio,
1636 3256 1739 3295 una
1771 3234 1903 3297 coti-
1934 3235 1977 3296 C
2006 3234 2175 3303 iuncti
2201 3255 2213 3290 :
2239 3240 2292 3290 in
2314 3238 2499 3290 Osculo
2524 3238 2669 3306 patris
2694 3234 3343 3307 ωιιυίιηῑιιιίιείθιειηριο
3369 3241 3584 3299 nummi

332 3309 652 3373 Spiratione.
676 3307 753 3363 De
776 3308 969 3361 talibus
997 3309 1127 3363 dicit
1150 3312 1437 3375 Apostolus
1465 3327 1481 3365 :
1509 3312 1552 3366 Α
1581 3313 1736 3366 nobis
1761 3313 1908 3368 exie-

332 3385 481 3441 runt,
507 3377 602 3451 sed
630 3392 736 3451 non
762 3388 917 3433 erant
937 3394 1002 3434 ex
1030 3380 1185 3433 nobis
1211 3381 1258 3451 (l
1276 3420 1288 3433 .
1311 3380 1472 3438 Joaii.
1494 3381 1598 3449 2.).
1621 3383 1744 3437 Sive
1769 3387 1910 3439 intus

331 3451 465 3523 sint,
498 3448 611 3523 sive
638 3446 789 3513 foris,
819 3464 1033 3517 semper
1056 3453 1157 3504 hoc
1184 3446 1494 3521 loquuntur,
1519 3446 1659 3520 quod
1683 3465 1911 3523 pertinet

332 3521 400 3572 ad
431 3518 744 3594 vanitatem,
769 3529 821 3574 et
850 3535 1063 3594 semper
1092 3518 1421 3593 congregant
1447 3518 1549 3577 sibi
1576 3518 1908 3594 iniquiatein

337 3598 397 3643 et
444 3590 863 3663 damnatiOnem.
899 3590 1049 3645 Multi
1081 3590 1370 3647 suiit’ini'us
1397 3608 1621 3663 corpore
1645 3590 1743 3661 {et
1783 3599 1909 3652 loris

331 3660 539 3736 corde:
568 3659 729 3736 sicut,
753 3662 822 3716 de
859 3664 1176 3736 quibusdam
1232 3659 1509 3736 lsi-uelitis
1532 3659 1743 3731 dicitur,
1785 3669 1907 3736 quia

332 3732 501 3806 corde
532 3732 745 3806 reversi
766 3740 890 3786 sunt
919 3734 969 3806 in
995 3732 1283 3803 IEgyptnm
1308 3734 1507 3806 (Exod.
1538 3738 1668 3805 ια).
1695 3740 1758 3791 Et
1778 3732 1905 3793 alibi

331 3801 703 3877 dicit_qi_iiilam
738 3804 789 3877 in
819 3805 1021 3877 psalmo
1049 3801 1154 3859 {Et
1184 3820 1277 3860 cor
1306 3801 1483 3861 meum
1516 3801 1801 3877 dereliquit
1826 3824 1909 3864 me

333 3870 511 3949 (Prol:
531 3872 668 3943 59.).
697 3870 945 3949 Quisquis
969 3884 1145 3949 mente
1171 3887 1389 3949 Vagatur
1408 3888 1461 3931 et
1492 3878 1667 3931 inania
1690 3870 1906 3949 cegitai,

332 3944 452 4009 ipse
481 3941 943 4013 foras-egreditur.
975 3946 1030 4001 Si
1058 3941 1321 4001 auteiti'id
1348 3949 1491 4014 quod
1526 3951 1708 4003 inutile
1736 3941 1789 4005 ei.
1820 3941 1903 4006 va:

333 4029 462 4089 iiuin
510 4025 594 4069 est
620 4030 763 4089 ,Acor
808 4025 1046 4070 uestium
1073 4018 1462 4073 delectabiliter
1490 4023 1797 4089 meditatur,
1834 4023 1909 4075 id-

331 4083 509 4158 ipsum
537 4094 593 4138 et
622 4087 794 4154 lingua
826 4097 1005 4140 nostra
1034 4090 1258 4141 libenter
1281 4090 1402 4158 loqu
1431 4100 1533 4142 tnr.
1566 4092 1653 4143 Vis
1682 4083 1820 4147 seire
1842 4094 1909 4148 de

330 4157 524 4222 fratre,
555 4159 711 4224 quale
752 4170 847 4210 cor
876 4158 1034 4212 habet
1056 4159 1079 4211 'i
1101 4160 1330 4213 Attende
1356 4157 1515 4214 unde
1555 4161 1805 4217 libentius
1834 4165 1910 4216 lo-

329 4236 551 4302 quatur.
585 4227 680 4302 (Ex,
732 4228 1055 4302 abundantia
1119 4232 1502 4302 enim_cordis
1554 4249 1615 4285 os
1671 4232 1911 4302 loquitur

333 4295 555 4364 (Matth.
578 4296 711 4364 ιλ).
740 4298 803 4351 Ει
821 4300 992 4352 bonus
1017 4298 1177 4353 homo
1198 4305 1263 4354 de
1289 4299 1429 4355 bono
1460 4302 1710 4355 thesauro
1732 4295 1910 4359 cordis

329 4369 415 4421 sui
444 4368 649 4436 profert
672 4368 1087 4434 bona,etuialiis
1104 4370 1263 4424 homo
1282 4371 1349 4425 de
1366 4374 1505 4427 malo
1530 4376 1911 4430 tliesaurocor-

329 4439 415 4513 dis
440 4440 523 4513 sui
562 4441 766 4507 profert
798 4441 932 4493 mala
962 4440 1175 4511 (Ibid)
1209 4442 1587 4498 Custodiainus
1614 4484 1629 4509 ,
1675 4446 1866 4500 fiatres
1891 4486 1908 4513 ,

298 4568 301 4569 ν
330 4510 620 4585 introitum
646 4518 912 4585 nosti-um,
938 4510 1249 4585 maneamus
1275 4514 1450 4577 intus,
1473 4528 1524 4567 ei
1557 4529 1802 4585 magnam
1843 4510 1909 4570 ei

331 4578 451 4633 istis
474 4581 652 4635 verbis
682 4581 1022 4634 attendamus
1047 4582 1450 4637 aediﬁcationem
1482 4578 1739 4639 nostra'm.
1760 4586 1910 4640 Prius

328 4651 488 4724 dixit,
516 4649 927 4719 lngrediebatur,
949 4666 1048 4706 nec
1069 4652 1224 4718 dixit,
1252 4662 1309 4707 ut
1330 4667 1532 4724 ageret,
1556 4656 1647 4710 sed
1677 4657 1907 4712 videret:

300 4722 438 4794 ,jain
487 4731 706 4776 notatur
751 4724 1288 4794 vagatiogocnlorum
1318 4722 1386 4780 et'
1407 4729 1686 4780 curiositas
1712 4766 1728 4789 ,
1765 4729 1906 4794 quod

328 4791 517 4846 vitium
547 4795 896 4848 vehementer
916 4792 1051 4848 solet
1073 4810 1268 4850 nocere
1286 4811 1581 4851 converSis.
1604 4799 1736 4852 Audi
1765 4791 1908 4853 aliud

330 4864 519 4918 vitium
551 4881 564 4917 :
611 4862 756 4939 Vana
803 4866 1122 4939 loquebatur.
1155 4867 1316 4939 _Audi
1357 4868 1571 4922 tertium
1608 4884 1620 4921 :
1654 4867 1755 4921 Cor
1801 4869 1909 4939 ejus

328 4937 650 5009 congrrgarit
675 4934 989 5009 iniquitatem
1012 4937 1126 5009 sibi.
1154 4935 1426 4991 Pervorse:
1448 4938 1797 5009 cogitationes
1818 4934 1910 4996 se-

328 5015 522 5074 parant
547 5022 577 5059 a
610 5007 717 5061 Deo
749 5005 904 5075 (Sup.
941 5006 1039 5076 1.).
1075 5007 1197 5060 llaec
1225 5009 1321 5062 tria
1352 5005 1679 5063 studia'sunt
1708 5014 1910 5066 otioso-

328 5092 449 5147 rum
482 5077 535 5129 in
567 5076 803 5131 claustro
826 5095 841 5133 :
878 5079 1084 5146 vagatio
1105 5079 1405 5145 oculorum,
1429 5081 1766 5147 superfluitas
1792 5096 1909 5136 ver-

328 5146 555 5217 borum,
605 5150 932 5216 perversitas
985 5148 1395 5217 cogitatizuium.
1458 5146 1582 5205 llaec
1639 5153 1737 5204 tria
1782 5152 1907 5205 vitia

328 5216 550 5284 ejiciunt
603 5220 820 5273 fratrem
870 5219 939 5273 de
985 5216 1245 5275 claustro.
1278 5222 1360 5273 Ad
1408 5220 1509 5276 hoc
1546 5231 1723 5275 autent
1767 5220 1910 5276 loras

328 5289 561 5344 libenter
581 5291 872 5357 egreditur,
895 5300 954 5362 ut
971 5291 1255 5345 vanitatem
1279 5307 1436 5360 quam
1460 5292 1511 5345 in
1534 5293 1697 5346 corde
1711 5304 1908 5362 gestat,

326 5370 480 5432 extra
524 5361 774 5415 licentius
820 5359 1001 5432 videat
1046 5371 1101 5416 et
1141 5359 1408 5431 loquatur.
1444 5359 1909 5432 Egressus—ludas

328 5430 583 5503 loquutus
632 5442 716 5487 est
764 5432 831 5485 ad
878 5430 1094 5487 Judaios
1140 5430 1295 5502 (ινα.
1325 5432 1461 5501 '22.).
1491 5430 1598 5488 Sed
1645 5434 1771 5503 quid
1803 5435 1914 5488 illi?

326 5502 613 5556 Adversum
642 5519 720 5555 me
747 5504 1081 5556 susurrabant
1120 5520 1292 5559 omnes
1328 5505 1520 5558 inimici
1563 5502 1708 5560 mei:
1733 5507 1911 5559 adver-

326 5588 441 5625 sum
472 5589 551 5627 me
575 5574 865 5645 rogitabant
887 5576 1022 5627 mala
1038 5575 1184 5630 milii.
1205 5578 1333 5641 Qua:
1357 5575 1579 5630 adversa
1610 5576 1737 5630 mihi
1761 5585 1914 5631 erant

328 5654 382 5697 et
416 5646 638 5716 nociva,
671 5645 894 5699 secretis
921 5646 1162 5716 consiliis
1192 5658 1246 5702 et
1277 5645 1690 5716 cogitationibus
1719 5648 1910 5716 eani-
1939 5684 1947 5692 ρ

329 5717 540 5769 rebaut.
566 5714 856 5770 Timebant
888 5715 1065 5779 enim,
1104 5732 1171 5771 ne
1213 5714 1641 5773 forte—tumultus
1680 5714 1826 5774 ﬁeret
1860 5718 1912 5773 in

330 5788 528 5852 popqu
546 5785 762 5855 (Manli.
784 5784 922 5854 26.).
945 5786 1231 5858 Sciendum
1260 5801 1436 5843 autem
1456 5796 1560 5851 est,
1590 5790 1712 5858 quia
1733 5804 1914 5844 susur-

329 5870 451 5912 rare
475 5871 727 5927 magnum
744 5864 1019 5927 peccatum
1030 5866 1131 5916 est.
1150 5857 1389 5930 tlineper
1405 5857 1690 5929 quemdam
1713 5859 1916 5929 sapien-

2014 3308 2181 3383 nostri
2214 3306 2472 3383 tolerandi
2505 3304 2630 3383 sunt
2661 3324 2676 3361 :
2707 3306 2828 3374 quia
2861 3304 2948 3383 qui
2970 3306 3177 3383 malum
3212 3304 3317 3363 non
3357 3312 3582 3383 tolerat,

2012 3376 2129 3444 ipse
2163 3392 2255 3445 per
2288 3377 2671 3445 impatientiam
2700 3378 3172 3450 suaiiigsibirtestis
3200 3389 3317 3445 est,
3340 3383 3461 3450 quia
3493 3376 3586 3437 bni-

2013 3462 2112 3500 niis
2144 3463 2247 3502 non
2290 3462 2393 3503 eSt.
2435 3450 2589 3515 Quod
2629 3452 2672 3504 si
2704 3447 2896 3516 aliquis
2923 3449 3044 3502 talis
3076 3453 3341 3517 patienter
3359 3447 3396 3505 ἰι
3428 3455 3585 3511 nobis

2014 3520 2307 3592 toleratur:
2339 3519 2413 3574 illi
2461 3521 2685 3592 quidem,
2734 3519 3111 3574 detrimentum
3164 3535 3412 3592 magnum
3467 3538 3583 3592 est,

2013 3588 2167 3642 nobis
2192 3600 2373 3663 autem
2399 3588 2613 3659 propter
2644 3591 2891 3663 virtutem
2929 3591 3196 3657 patientia:
3222 3588 3411 3663 magna
3443 3588 3585 3652 mer;

2011 3674 2100 3735 ces
2131 3675 2157 3713 a
2179 3660 2417 3735 Dom-no
2456 3663 2725 3716 reddetur.
2765 3660 2915 3735 Scire
2945 3669 3125 3716 autem
3171 3660 3432 3719 debemus
3460 3670 3586 3735 quia

2011 3734 2149 3785 situt
2178 3732 2439 3787 ltudabile
2466 3736 2616 3788 valde
2632 3740 2808 3799 est,et
2835 3732 2900 3785 ad
2924 3746 3167 3803 magnam
3198 3732 3583 3803 perfectionem

2013 3803 2237 3870 pertinet
2258 3803 2453 3857 bonum
2476 3819 2594 3859 esse
2616 3805 2754 3860 inter
2784 3806 2986 3857 malos:
3012 3806 3081 3857 ita
3100 3809 3402 3862 econtrario
3430 3810 3586 3866 valde

2014 3873 2329 3946 detestabile
2354 3886 2458 3942 est,
2484 3885 2537 3930 et
2558 3877 2623 3929 ad
2655 3890 2900 3946 magnam
2926 3876 3329 3942 perversitatem
3356 3880 3587 3945 pertinet

2014 3945 2209 3998 malum
2254 3960 2374 3999 esse
2420 3949 2558 4001 inter
2599 3949 2787 4001 bonos.
2818 3947 2861 3999 υ
2898 3960 3057 4013 quam
3098 3947 3389 4014 gloriosum
3421 3959 3587 4007 estet

2011 4015 2335 4079 acceptabile
2373 4016 2517 4082 Deo,
2566 4017 2611 4071 si
2662 4019 2797 4071 intra
2829 4018 3025 4070 multos
3046 4018 3308 4086 superbos
3339 4034 3472 4072 unus
3501 4032 3585 4077 est

2014 4086 2250 4150 humilis,
2286 4090 2422 4139 intra
2455 4091 2649 4141 inultos
2681 4086 2964 4142 iracundos
2986 4102 3120 4140 unus
3143 4097 3223 4141 est
3250 4088 3415 4153 mitis,
3442 4091 3581 4147 intra

2013 4157 2208 4209 multos
2233 4157 2543 4211 luxuriosos
2573 4173 2708 4211 unus
2738 4167 2819 4210 est
2845 4167 3056 4221 castus,
3089 4159 3222 4210 intra
3257 4160 3456 4211 inultos
3494 4160 3582 4215 in-

2013 4226 2287 4297 ordinatos
2318 4242 2454 4297 unus
2483 4238 2564 4280 est
2594 4228 2906 4297 religiosus!
2933 4227 3006 4280 lta
3035 4227 3192 4279 nimis
3218 4237 3369 4296 turpe
3396 4239 3499 4297 est,
3527 4243 3583 4289 et

2014 4296 2359 4351 vehementer
2390 4296 2499 4351 Deo
2527 4296 2793 4364 diSplieei,
2818 4312 2936 4350 cum
2966 4298 3105 4351 intra
3128 4298 3323 4351 multos
3351 4300 3582 4358 humiles

2014 4381 2154 4421 unus
2182 4378 2265 4422 eSl
2294 4368 2557 4435 superbus
2576 4410 2589 4431 ,
2612 4370 2748 4421 intra
2782 4369 2975 4420 inultos
3004 4376 3179 4421 castos
3208 4383 3345 4423 unus
3374 4379 3457 4424 est
3481 4373 3583 4427 im-

2013 4439 2426 4510 rnuiidus,intra
2454 4440 2647 4510 inultos
2671 4446 2980 4492 mansuetos
2998 4451 3134 4491 unus
3160 4447 3242 4493 est
3269 4438 3581 4510 iracundus,

2014 4507 2152 4563 intra
2182 4509 2378 4563 multos
2408 4508 2691 4579 religiosos
2722 4524 2860 4563 unus
2889 4517 2970 4563 est
2994 4523 3297 4576 pervorsus.
3326 4507 3584 4569 'l‘oleran;

1942 4610 1986 4669 υ
2017 4580 2118 4634 dus
2156 4587 2266 4669 es},
2297 4579 2707 4669 quianDomiiiiis
2736 4583 2988 4649 praecepit
3017 4596 3030 4632 :
3064 4580 3159 4635 sed
3182 4582 3303 4669 ipse
3330 4581 3462 4669 ira-in
3490 4583 3584 4642 Dei

2016 4649 2386 4723 nouell'ugiet.
2416 4649 2480 4703 Et
2502 4654 2638 4705 sicut
2667 4651 2839 4705 bonus
2887 4666 2981 4723 pro
3019 4666 3155 4723 sua
3182 4650 3431 4706 laudabili
3467 4671 3587 4723 pcr-

2012 4721 2243 4793 fectione
2290 4736 2548 4793 nia,orem
2595 4736 2755 4790 quam
2790 4722 2973 4775 caeleri
3016 4722 3262 4777 homines
3298 4721 3517 4793 recipiet
3553 4742 3585 4783 a

2016 4792 2242 4846 Domino
2288 4792 2833 4849 retributionem:ita
2879 4803 2932 4846 et
2977 4805 3100 4847 cum
3144 4792 3279 4847 Juda
3330 4792 3587 4852 traditore

2015 4864 2272 4929 majorem
2307 4874 2616 4931 recepturus
2647 4872 2732 4918 est
2772 4863 3192 4918 damnationem.
3238 4864 3590 4934 Maginlicmit

2012 4936 2171 5007 enini
2208 4948 2369 5003 super
2399 4936 2669 4988 Christum
2716 4934 2869 5005 195
2901 4936 3417 5007 supplantationem,
3462 4942 3587 5007 quia

2016 5005 2252 5059 membra
2318 5007 2431 5071 ejus
2479 5020 2508 5056 a
2565 5008 2703 5058 bono
2748 5022 3022 5075 proposuo
3075 5006 3278 5061 studuit
3336 5005 3589 5076 perverso

2014 5077 2264 5143 exemplo
2314 5091 2413 5130 suo
2458 5078 2825 5145 supplantare.
2858 5078 3103 5132 Christus
3151 5087 3327 5132 tamen
3382 5095 3485 5133 non
3530 5098 3589 5135 se

2014 5150 2175 5201 modo
2196 5147 2561 5215 vindicat,sed
2588 5149 2856 5216 patienter
2881 5151 3073 5202 tolerat
3097 5158 3153 5203 et
3168 5158 3305 5202 orat.
3329 5149 3382 5202 In
3412 5150 3589 5203 futuro

2016 5230 2190 5272 tamen
2219 5221 2353 5271 mala
2384 5236 2502 5287 quae
2528 5218 2742 5286 faciunt,
2768 5221 2867 5273 nisi
2889 5223 3047 5274 modo
3070 5220 3410 5288 resipueiint,
3436 5222 3590 5274 iiiais

2013 5302 2092 5344 εει
2128 5289 2454 5343 redditurus.
2482 5291 2545 5344 Et
2570 5290 2688 5344 ideo
2718 5289 2846 5345 dicit
2873 5306 2886 5342 :

2090 5361 2175 5414 ll.
2211 5360 2286 5414 Tu
2313 5373 2499 5425 autem,
2532 5360 2781 5428 Domine,
2814 5362 3050 5414 miserere
3083 5360 3210 5423 mei,
3254 5367 3301 5411 et
3346 5363 3589 5413 resarcita

2017 5446 2131 5494 me,
2161 5442 2205 5485 et
2236 5432 2508 5485 retribuam
2550 5434 2640 5486 eis.
2685 5432 2751 5487 Ut
2796 5435 2895 5485 hoc
2933 5433 3004 5485 sit
3041 5428 3315 5494 misereri,
3348 5436 3404 5481 ut
3442 5445 3529 5483 me
3557 5446 3587 5485 a

2020 5512 2193 5557 morte
2238 5504 2527 5558 resuscites
2553 5520 2567 5556 :
2597 5511 2645 5555 et
2677 5502 2955 5555 retribuam
2984 5503 3056 5553 eis
3083 5500 3133 5552 in
3160 5499 3357 5552 futuro.
3389 5498 3589 5554 Omnes

2017 5583 2143 5628 ante
2184 5575 2413 5629 tribunal
2443 5574 2640 5627 Christi
2670 5576 2986 5635 astabimus,
3018 5571 3273 5622 rationein
3307 5566 3589 5639 reddituri,

2019 5653 2075 5700 et
2105 5647 2369 5713 recepturi
2415 5643 2710 5713 secundum
2749 5647 2891 5709 quod
2944 5640 3311 5713 unusquisque
3339 5643 3504 5713 gessit
3536 5648 3586 5696 in

2019 5709 2246 5784 corpore
2268 5757 2282 5780 ,
2327 5730 2354 5769 s
2377 5728 2439 5768 ve
2489 5712 2691 5784 bonum
2713 5713 2830 5767 sive
2861 5712 3057 5765 malum
3087 5712 3163 5777 (Δ.
3189 5709 3312 5763 Cor.
3336 5712 3439 5778 5.).
3468 5715 3591 5767 Scio

2022 5782 2203 5841 autem
2232 5788 2355 5854 quia
2383 5782 2722 5854 resuscitabit
2753 5798 2857 5837 me.
2898 5787 2961 5840 ιιι
2990 5785 3136 5854 ponit
3173 5796 3414 5837 caussam
3455 5784 3590 5841 unde

2024 5858 2177 5927 sciat,
2210 5852 2329 5912 cum
2355 5852 2628 5923 subiungit
2652 5867 2668 5907 :
