4098 6356
318 374 421 432 813

1340 379 1408 437 ΙΝ
1446 376 1761 437 ρειωιοε
1798 374 1989 433 LXXV
2028 373 2587 432 COMMENTARIUS.

3466 375 3566 430 8H

383 492 443 568 5_.
473 492 624 568 inter
646 494 763 553 haec
787 494 1074 566 alloquitur
1104 497 1336 553 animam
1367 513 1541 562 suam,
1572 500 1879 566 consolans,
1912 495 1963 555 Α
2017 495 2112 568 __‘5.
2146 493 2333 568 Manus
2365 493 2558 568 tua,__id
2587 500 2690 568 est,
2719 491 2888 568 virtus
2915 499 2970 547 et
2996 493 3228 568 potentia
3260 502 3367 559 tua.
3392 507 3564 568 gentes

313 573 368 639 et
392 564 523 620 dicit
546 566 760 639 :Quare
790 564 949 622 tristis
969 585 1038 630 es,
1065 569 1236 622 anima
1257 586 1367 624 mea
1385 570 1407 623 ?
1426 578 1472 621 et
1501 587 1660 639 quare
1679 564 1890 625 contur-

312 638 404 708 bas
427 639 542 693 me?
561 638 666 695 Sed
696 639 816 708 quis
834 648 938 703 est,
963 641 1051 701 qui
1079 639 1314 707 loquitur
1342 640 1406 694 ad
1431 642 1704 695 animam?
1729 641 1890 697 Intel-

314 707 531 778 llgimus
560 707 760 765 habere
788 724 884 765 nos
908 709 1129 779 aliquid,
1157 710 1243 763 ubi
1273 710 1448 775 imago
1473 709 1565 765 Dei
1590 720 1672 765 est
1702 729 1713 763 ε
1739 728 1890 769 men-

312 786 422 850 tem
448 780 657 835 scilicet
684 789 851 848 atque.
877 781 1159 835 rationem.
1189 779 1307 848 Ipsa
1349 788 1467 842 est,
1511 796 1630 850 qum
1672 783 1885 839 invocat

313 849 485 905 lucem
516 860 570 904 et
599 853 875 906 veritatem
901 851 1013 905 Dei.
1049 850 1160 916 Ipsa
1190 859 1289 914 est,
1322 864 1422 918 qui
1456 849 1711 920 injustum
1736 855 1881 920 capi-

310 934 432 975 mus
464 931 517 975 et
542 920 768 991 justum,
801 936 901 989 qua
929 920 1280 974 discernimus
1309 935 1492 991 verum
1520 938 1547 973 a
1582 921 1736 976 falso.
1770 924 1885 990 lpsa

310 990 913 1054 vocatur'inlellectus,
960 1006 1065 1059 quo
1110 998 1297 1044 carent
1342 990 1545 1045 bestiae.
1579 992 1887 1050 Intellectus

307 1075 442 1130 ergo
489 1070 678 1115 noster
728 1061 1016 1129 alloquitur
1063 1062 1292 1115 animam
1332 1072 1603 1130 nostrain,
1645 1063 1887 1130 superior

312 1129 438 1197 pars
464 1131 655 1184 animm
684 1130 1011 1186 inferiorem.
1056 1130 1159 1185 Ista
1203 1132 1255 1185 in
1289 1129 1723 1188 tribulationibus
1746 1149 1889 1189 mar-

306 1200 428 1255 cida
455 1212 566 1265 est,
594 1200 733 1257 fessa
766 1202 817 1254 in
850 1201 1222 1264 languoribus.
1266 1203 1318 1255 in
1351 1203 1728 1256 tentationibus
1756 1218 1884 1258 eon-

311 1279 506 1342 traeta,
539 1285 683 1342 a'gra
711 1272 763 1325 in
792 1270 1081 1342 laboribus.
1117 1272 1284 1342 Erigit
1309 1286 1426 1325 eam
1457 1288 1608 1327 mens
1631 1274 1881 1342 desuper,

307 1340 533 1409 capiens
557 1340 854 1396 veritatem.
883 1341 1047 1396 Audit
1080 1340 1232 1396 illam“
1252 1356 1435 1395 vocem
1472 1344 1564 1396 Dei
1596 1340 1886 1398 intern'am.

308 1411 476 1465 Audit
504 1412 817 1465 rationabile
846 1427 1059 1466 carmen
1093 1413 1430 1465 intrinsecus.
1463 1411 1538 1465 Ita
1563 1414 1706 1468 enim
1728 1414 1886 1467 desu-

310 1492 407 1550 per
435 1482 488 1534 itt
518 1482 730 1535 silentio
748 1490 902 1536 sonat
920 1482 1194 1548 quiddam,
1220 1498 1323 1536 non
1347 1481 1582 1543 auribus.
1610 1483 1702 1538 sed
1735 1500 1885 1538 tuen-

309 1552 480 1608 tibus:
498 1563 551 1605 ιιι
582 1552 884 1621 quicunque
906 1552 1035 1606 illud
1060 1554 1211 1606 audit
1232 1553 1421 1617 melos,
1448 1553 1603 1607 twdio
1624 1553 1887 1609 alliciatur

306 1635 375 1676 ex
402 1622 627 1691 strepitu
650 1624 935 1692 corporali,
959 1632 1015 1677 et
1039 1632 1146 1676 tota
1173 1624 1280 1676 vita
1310 1624 1410 1675 ista
1432 1626 1658 1677 humana
1690 1626 1887 1680 tumul-

309 1700 400 1747 tus
428 1694 480 1748 ei
512 1693 725 1760 quidam
754 1693 857 1758 sit,
880 1693 1180 1760 impediens
1200 1692 1437 1763 auditum
1480 1694 1670 1748 interni
1701 1695 1883 1763 cujus-

308 1763 436 1816 dam
464 1764 580 1817 soni
614 1763 836 1818 nimium
878 1764 1212 1819 delectabilis
1238 1775 1290 1817 et
1319 1762 1622 1819 ineffabilis.
1668 1766 1736 1820 Et
1761 1762 1880 1820 eum

311 1834 387 1887 ita
416 1834 697 1903 contingit,
730 1845 784 1888 et
813 1849 876 1888 es
904 1834 1081 1903 aliqua
1116 1833 1515 1904 perturbatione
1545 1834 1651 1888 vim
1686 1838 1882 1904 patitur

311 1906 476 1957 homo
496 1945 515 1970 ,
546 1904 822 1973 alloquens
848 1905 1081 1959 animam
1110 1919 1261 1959 suam
1300 1903 1429 1958 dicit
1459 1921 1473 1957 :
1508 1903 1692 1971 Quare
1726 1909 1885 1962 tristis

308 1987 404 2039 es,
442 1976 619 2027 anima
659 1976 811 2028 inea?
836 1973 1090 2041 Quaedam
1137 1984 1295 2029 sonat
1342 1988 1577 2042 praesens
1606 1977 1889 2044 allocutio,

310 2044 518 2117 reliqua
545 2053 732 2117 purgat
753 2044 926 2117 fidelis
946 2044 1233 2099 Confessio.
1254 2044 1404 2098 Unde
1420 2053 1473 2098 et
1491 2046 1669 2100 subdit
1690 2064 1705 2100 :
1724 2050 1891 2117 Spera

309 2114 369 2167 in
396 2114 523 2189 Deo.
557 2116 787 2189 Expecta
812 2115 1096 2189 Dominum
1126 2125 1578 2189 rentuneratorem
1603 2155 1619 2183 ,
1645 2114 1889 2189 quia'jam

308 2186 591 2255 confessus
611 2229 626 2252 ,
679 2185 852 2239 adhuc
894 2186 1171 2255 conﬁtebor
1200 2186 1299 2241 illi.
1347 2185 1501 2239 Modo
1528 2185 1795 2243 eonliteor
1813 2190 1871 2243 af
1876 2221 1891 2231 -

310 2254 490 2310 ﬂictus
520 2273 532 2309 :
568 2256 802 2310 futurum
832 2267 933 2321 est,
961 2254 1017 2310 ut
1037 2256 1213 2310 adltuc
1239 2260 1499 2312 conlitear
1529 2272 1816 2314 renovatus
1838 2270 1893 2314 et

262 2366 267 2369 ν
311 2324 641 2382 ltetilieatus.
674 2326 742 2382 Et
769 2331 881 2381 haec
907 2339 1009 2389 est,
1032 2335 1088 2383 et
1117 2327 1219 2380 erit
1250 2341 1365 2381 mea
1397 2328 1669 2381 confessio
1682 2355 1704 2393 ,-
1727 2330 1889 2385 Salu-

304 2402 419 2449 tare
464 2397 633 2452 vultus
681 2397 776 2471 nisi
800 2437 815 2461 ,
855 2407 913 2471 et
952 2396 1092 2471 Qeus
1136 2413 1294 2451 meus.
1333 2399 1396 2451 Et
1423 2397 1537 2451 haec
1564 2407 1664 2464 est,
1699 2415 1888 2471 magna

305 2479 499 2537 caussa
528 2468 801 2536 sperandi,
830 2469 950 2537 quia
979 2467 1228 2523 Salvator
1253 2482 1403 2521 meus
1432 2476 1518 2522 est
1549 2470 1723 2525 vultus
1755 2467 1883 2536 niei,

303 2534 359 2590 id
387 2545 504 2603 est,
537 2534 739 2593 habens
784 2534 985 2593 vultum
1044 2553 1253 2602 meum,
1308 2538 1532 2592 formam
1583 2556 1789 2606 meam,
1834 2534 1888 2597 et

308 2621 407 2669 pro
455 2623 542 2663 me
586 2620 670 2663 est
718 2608 879 2663 homo
929 2609 1096 2663 lactus
1134 2606 1393 2679 (Philipp.
1422 2609 1537 2680 2.),
1568 2620 1623 2665 et
1652 2613 1768 2679 ijse
1807 2621 1889 2667 est

304 2674 448 2729 Deus
474 2693 645 2729 meus.

352 2692 448 2732 eus
474 2693 645 2734 ωευε.

589 2773 751 2844 208
799 2770 1092 2827 TlTUl.US
1132 2770 1375 2825 PSALMI
1415 2772 1593 2826 XLlll.

366 2865 413 2913 1.
457 2860 704 2926 Itt‘ﬁnem
747 2861 862 2925 ﬁliis
909 2861 1063 2912 Chore
1105 2861 1174 2926 ad_
1210 2861 1520 2913 intellectum.
1549 2864 1765 2913 Psalmus
1790 2868 1885 2915 iste

301 2924 589 2995 proponitur
615 2925 724 2995 liliis
747 2924 921 2995 Cliore,
947 2927 990 2995 id
1028 2932 1125 2995 est,
1150 2924 1258 2973 [iliis
1281 2929 1520 2995 passionis
1546 2936 1596 2975 et
1615 2931 1793 2988 crucis,
1818 2930 1883 2977 ad

304 2986 597 3049 intellectura
622 2987 897 3035 habendum
920 2987 1176 3049 subaudis:
1200 2995 1253 3034 ut
1278 2988 1556 3048 intelligant
1581 3002 1668 3049 per
1694 2986 1883 3048 tenipo-

303 3048 426 3098 ralia
450 3050 574 3097 bona
598 3048 707 3096 data
731 3051 927 3111 antiquo
951 3046 1144 3109 populo,
1185 3046 1463 3108 signilieata'
1485 3046 1597 3098 esse
1621 3046 1884 3111 spiritualia

304 3112 449 3171 bona,
470 3122 589 3173 (ιιιεεΔ
611 3113 706 3169 jam
744 3110 917 3173 dantur
939 3112 1236 3173 _t‘.liristiano
1276 3112 1472 3171 pepulo,
1510 3120 1563 3160 et
1588 3110 1776 3173 plenius
1799 3114 1885 3162 da-

302 3170 749 3235 buntur'iuluturo.
777 3170 910 3235 Fotis
931 3171 1087 3220 Chore
1110 3172 1236 3230 dico,
1275 3170 1474 3220 directis
1516 3174 1562 3220 in
1602 3172 1765 3231 linem,
1795 3188 1883 3235 per

300 3232 769 3295 liuncintellectum.
813 3233 1019 3281 Materia
1064 3240 1175 3280 sunt
1208 3241 1462 3295 martyres,
1510 3238 1590 3294 qui
1638 3232 1879 3284 etiam'lo-

336 3301 539 3344 uuntur.
566 3294 621 3342 ln
645 3300 796 3356 prima
822 3303 958 3355 parte
985 3296 1113 3355 ponit
1135 3296 1323 3343 distinet
1335 3298 1495 3343 iouetn
1531 3296 1879 3346 beneﬁcmrutn

336 3309 539 3344 uuntur.
566 3309 621 3342 tn
645 3309 796 3356 prima
822 3309 958 3355 parte
985 3309 1113 3355 ponii
1135 3309 1495 3343 uisunettouetn
1531 3309 1879 3346 ncneucmrutn

298 3309 414 3414 ῗλιί,
441 3368 552 3419 qua:
577 3357 687 3419 facit
708 3355 846 3405 Deus
885 3357 996 3404 huic
1037 3358 1228 3416 populo,
1272 3364 1320 3419 ei
1342 3358 1452 3413 tum
1480 3357 1591 3405 fpc"
1619 3360 1767 3417 Mori
1798 3372 1880 3419 ρο,

301 3419 420 3480 pulo
443 3417 746 3482 {ostendens
772 3419 874 3466 haec
896 3430 1007 3466 esse
1033 3424 1234 3477 interno,
1261 3417 1338 3465 illa
1376 3432 1493 3467 vero
1514 3419 1665 3466 fuisse
1692 3417 1883 3482 tempo-

302 3483 441 3530 ralia.
470 3480 525 3529 ln
547 3482 758 3528 secunda
774 3487 921 3542 parte
968 3482 1099 3540 ponit
1137 3481 1279 3539 mala,
1320 3494 1430 3542 quae
1452 3488 1695 3529 sustinent
1724 3484 1768 3528 in
1796 3480 1885 3531 hac

301 3546 423 3605 \ita,
446 3543 669 3605 quamvis
694 3543 741 3605 in
768 3541 927 3591 futuro
949 3542 1047 3605 sint
1068 3541 1279 3590 habituri
1306 3541 1452 3605 multa
1479 3544 1615 3590 bona.
1642 3546 1775 3599 Quod
1798 3558 1884 3590 au—

302 3603 416 3653 tem'
443 3604 565 3664 justi
614 3604 661 3650 in
704 3603 794 3653 hac
830 3606 927 3653 vita
960 3604 1203 3664 patiuntur
1229 3604 1347 3650 mala
1375 3605 1655 3662 temporalia
1683 3613 1882 3655 :conlra

302 3665 397 3716 hoc
424 3663 521 3727 est2
543 3666 693 3727 quod,
716 3665 903 3725 priores
949 3664 1114 3725 populi
1150 3663 1482 3713 liberabantur
1507 3681 1531 3712 a
1556 3668 1885 3727 corporalibus

303 3728 479 3789 ptrnis.
506 3725 729 3776 ln‘tertia
755 3733 892 3788 parte
915 3734 1025 3789 orat
1058 3727 1259 3774 liberari
1289 3740 1313 3773 a
1355 3727 1496 3776 malis
1537 3725 1678 3788 bnjtis
1706 3732 1812 3776 vita:
1836 3729 1885 3776 in

302 3787 530 3849 tempore
572 3787 965 3838 resurrectionis.
1012 3787 1221 3836 intentio
1265 3793 1339 3836 επὶ
1364 3801 1449 3835 nos
1475 3787 1683 3839 invitare
1708 3792 1764 3837 ad
1802 3804 1885 3850 pa-

303 3851 545 3909 tientiam,
590 3861 653 3897 ne
691 3852 1036 3912 contristentur
1079 3862 1164 3910 pro
1206 3852 1553 3912 tenipora'ilius
1577 3853 1750 3912 plenis.
1782 3852 1883 3900 \ox

304 3918 588 3973 martyrum,
635 3911 1018 3975 ostendentium,
1061 3923 1172 3971 quae
1209 3911 1331 3959 bona
1375 3915 1488 3961 l'ccit
1518 3911 1886 3975 Deus‘antiquis

304 3977 544 4035 patribus,
568 3984 678 4021 cum
701 3973 842 4021 dicit:

788 4055 1141 4116 PSALMUS
1184 4057 1404 4116 XLlll.

375 4157 433 4215 2.
469 4158 608 4214 Deus
635 4158 844 4214 auribus
873 4160 1057 4210 nostris
1078 4160 1385 4212 audivimus.
1412 4158 1709 4214 Notandum
1735 4162 1887 4216 nobis

305 4243 412 4298 est,
436 4234 578 4299 quod
620 4246 724 4285 non
771 4240 972 4284 tantum
1002 4229 1163 4292 dicit,
1194 4230 1479 4282 audivimus
1501 4246 1519 4282 :
1551 4233 1643 4301 sed
1672 4232 1882 4301 jungit,

306 4302 523 4355 auribus
564 4303 773 4354 nostris.
799 4302 1103 4353 Consonant
1152 4301 1311 4354 verba
1353 4299 1678 4368 prophetiae,
1710 4299 1887 4356 verbis

306 4388 428 4443 qua:
476 4373 731 4443 Dominus
774 4371 908 4443 dicit
939 4372 989 4423 in
1026 4369 1315 4443 [Evangelia
1342 4388 1360 4443 _:
1394 4370 1493 4443 Qui
1524 4372 1682 4425 habet
1727 4386 1887 4425 auris

305 4438 562 4498 audiendi
588 4484 604 4508 ,
630 4442 812 4496 audiat
843 4439 994 4511 (Luc.
1024 4438 1128 4509 8.).
1160 4440 1307 4494 Multi
1340 4440 1535 4494 habent
1578 4457 1736 4496 aures
1766 4457 1887 4496 car—

306 4515 422 4578 nis,
474 4529 581 4568 non
628 4512 838 4576 cordis,
866 4512 988 4580 quia
1033 4512 1275 4564 exterius
1305 4512 1558 4574 audiunt,
1604 4514 1745 4565 intus
1776 4529 1882 4566 non

305 4584 594 4652 recipiunt.
630 4582 918 4650 PrOpterea
946 4581 1159 4647 dicitur,
1186 4584 1392 4635 auribus
1420 4584 1638 4646 nostris,
1671 4593 1729 4636 ut
1762 4598 1879 4652 qua!

624 4628 1050 4723 audiamuscum
1083 4628 1377 4707 inientione
1406 4662 1459 4706 et
1491 4628 1835 4723 intelligenda
1861 4696 1875 4720 ,
1908 4628 1961 4686 D

305 4740 426 4793 quae
453 4739 613 4780 aures
636 4731 760 4779 sunt
783 4722 977 4777 cordis.
1010 4724 1074 4775 Et
1107 4732 1161 4776 ut
1192 4726 1307 4777 luce
1335 4724 1516 4777 auditu
1550 4722 1704 4791 digna
1730 4740 1879 4778 eom-

306 4796 625 4850 mendaret:
656 4809 760 4847 non
792 4794 1036 4861 quilibet,
1064 4793 1254 4862 inquit,
1284 4794 1546 4858 homines,
1571 4794 1664 4848 sed
1696 4793 1879 4849 Patres

303 4867 498 4930 nostri,
529 4863 848 4919 Patriarcltae
871 4872 926 4917 et
954 4867 1228 4932 prophetae
1267 4866 1692 4917 annuntiuverunt
1736 4869 1879 4918 nobis

303 4950 399 5004 per
425 4937 731 5004 Scripturas
759 4950 884 4988 Sil-IS
905 4972 919 4996 ,
953 4951 1080 5001 opus
1117 4935 1251 5003 quod
1280 4947 1514 5005 aperatus
1542 4952 1595 4988 es
1622 4937 1675 4988 in
1704 4937 1878 4990 diebus

304 5023 505 5062 eorum.
549 5006 827 5072 Quomodo
876 5005 1113 5059 liberasti
1158 5020 1249 5058 eos
1286 5010 1353 5059 de
1397 5006 1663 5075 (Egypto,
1696 5013 1753 5058 et
1782 5021 1876 5075 per

304 5091 453 5131 mare
481 5078 719 5131 Rubrum
749 5075 1000 5139 eduxistt,
1036 5076 1316 5128 custodisti
1348 5076 1400 5129 in
1432 5086 1643 5129 deserto
1677 5076 1874 5143 (Exod.

308 5150 447 5216 15.),
476 5160 530 5201 et
570 5158 764 5201 caetera
797 5148 942 5199 talia.
972 5145 1502 5216 Eliannuntiaverunt
1546 5148 1697 5198 etiam
1737 5148 1879 5199 nobis

302 5232 462 5286 Opus,
491 5217 629 5287 quod
669 5229 906 5287 operatus
932 5233 1005 5270 es.
1040 5215 1104 5269 In
1134 5216 1308 5270 diebus
1338 5217 1603 5284 antiquis:
1628 5220 1768 5286 quod
1801 5218 1879 5271 fe-

303 5290 423 5343 cisti
455 5286 511 5342 in
535 5286 764 5342 exordio
792 5287 859 5342 de
886 5287 1156 5342 creatione
1205 5288 1319 5341 επιειὶ
1371 5296 1424 5341 ει
1472 5297 1629 5341 terra:
1650 5327 1663 5349 ,
1691 5290 1759 5341 de
1791 5288 1878 5342 his

300 5373 425 5427 qua:
465 5359 805 5426 contigerunt
850 5368 975 5413 ante
1017 5356 1295 5412 diluvium.
1330 5358 1394 5412 Et
1434 5357 1534 5412 hoc
1581 5368 1664 5412 est
1711 5372 1874 5425 Opus,

302 5428 729 5552 Euidegegigirin
759 5428 949 5484 diebus
974 5443 1191 5495 eorum,
1239 5430 1379 5497 quod
1419 5432 1874 5484 annuntiaverunt

349 5508 495 5555 atres
525 5500 715 5554 nostri.

375 5646 403 5707 ξι
444 5636 549 5707 Pro
578 5635 807 5707 adjuvat,
829 5633 1018 5707 legitur
1044 5634 1336 5707 inivulgato
1357 5635 1648 5706 Augustino
1677 5637 1799 5706 agit.

374 5705 403 5745 δ
443 5706 631 5763 Nullus
658 5706 875 5771 dubito,
905 5704 1030 5773 quin
1071 5706 1145 5758 sit
1177 5704 1542 5776 reponendum
1569 5704 1875 5774 kenodoxia,

1993 565 2315 634 disperdidit,
2348 563 2594 619 videlicet
2639 562 3033 627 Amorrhteum,
3061 562 3565 630 .lebttsreum,'Plte-

1994 650 2250 701 remum,
2297 644 2346 689 et
2390 635 2635 704 plantasti
2673 649 2794 704 eos,
2828 634 3049 704 scilicet
3101 646 3279 703 patres
3326 649 3563 695 nostros.

1994 704 2198 777 Dictum
2237 717 2318 762 est
2365 701 2398 758 a'
2449 706 2613 761 simili
2662 701 2871 777 arboris
2902 701 3188 777 plantam},
3220 721 3337 777 qua:
3366 708 3433 762 ad
3467 708 3568 764 ltoe

1992 775 2277 842 plant-itur,
2315 784 2374 830 ut
2401 777 2670 831 radicetur
2693 783 2747 831 et
2774 773 3077 831 fruetilicet.
3114 773 3425 831 Hoc'modo
3455 780 3563 833 dis-

1992 845 2220 917 perdidit
2252 861 2344 917 ens
2374 862 2563 900 manus
2593 855 2677 900 tua
2696 888 2711 909 ,
2740 844 2859 912 quia
2890 847 3036 917 prius
3090 847 3314 913 a’ﬂixisti
3349 863 3445 903 eos
3474 866 3567 917 per

1992 916 2162 986 multa
2183 916 2346 982 bella,
2372 927 2417 970 et
2441 918 2517 970 sic
2546 917 2785 986 expulisti
2811 930 2916 977 eos,
2939 916 3007 971 de
3031 926 3168 970 terra
3195 933 3313 983 sua,
3348 932 3402 971 ut
3433 916 3567 973 istos

1992 985 2361 1040 introduceres
2392 996 2447 1041 et
2474 985 2769 1053 planiares.
2797 1000 3092 1054 eorumque
3113 1002 3334 1054 regnum
3359 997 3445 1042 tua
3466 994 3567 1044 mi-

1990 1056 2281 1109 sericordia
2331 1055 2703 1128 conﬁrmares.
2733 1056 2837 1111 Sed
2871 1055 3009 1128 forte
3058 1058 3131 1112 illi
3178 1058 3311 1123 adeo
3339 1058 3437 1113 ista
3470 1077 3567 1128 po<

1992 1133 2230 1190 luerunt,
2263 1127 2384 1193 quia
2417 1127 2579 1181 foites
2605 1137 2777 1187 erant,
2807 1127 2927 1192 quia
2959 1128 3304 1195 praedatores,
3334 1131 3454 1193 quia
3473 1127 3566 1184 in-

1990 1195 2153 1263 yicti,
2198 1196 2321 1263 quia
2374 1198 2675 1250 exercitati.
2707 1196 2823 1250 Non
2868 1196 2968 1249 hoc
3019 1196 3171 1251 nobis
3202 1200 3566 1254 indicaverunt

1990 1261 2176 1338 Patres
2204 1261 2392 1338 nostri.
2418 1267 2530 1319 Non
2559 1266 2844 1338 hoc_lt_a_bet
2866 1266 3162 1338 Scriptura.
3188 1268 3292 1323 Sed
3318 1272 3440 1338 quid
3472 1271 3565 1325 ιω.

1989 1332 2100 1397 bet,
2129 1335 2225 1387 nisi
2243 1336 2381 1404 quod
2405 1336 2682 1404 sequitur?
2702 1335 2822 1389 Non
2844 1336 2976 1389 enim
2997 1338 3049 1389 in
3075 1339 3248 1404 gladio
3273 1332 3388 1402 sub,
3413 1340 3463 1394 id
3485 1352 3565 1395 est

1987 1416 2255 1477 armatura
2286 1421 2405 1467 sua,
2426 1407 2757 1472 possederunt
2781 1418 2990 1471 terram,
3006 1419 3054 1459 et
3076 1407 3356 1472 brachium,
3381 1411 3431 1463 id
3458 1421 3561 1477 est,

1989 1476 2169 1538 robur,
2195 1491 2368 1528 eorum
2407 1493 2509 1529 non
2546 1477 2758 1530 saluauit
2789 1491 2874 1532 eos
2896 1515 2912 1540 ,
2942 1477 3007 1530 ab
3038 1478 3291 1531 inimicis.
3322 1481 3377 1533 Si
3418 1483 3560 1537 enim

1990 1546 2187 1616 211*
2210 1545 2419 1619 seipsos
2451 1563 2555 1600 non
2606 1556 2892 1613 potuerunt
2918 1547 3125 1619 salt-are
3154 1549 3222 1600 ab
3253 1549 3357 1603 illis
3385 1555 3559 1619 genti-

1990 1619 2123 1668 bus:
2151 1617 2494 1669 multominus
2545 1627 2755 1671 constat
2801 1626 2857 1672 ut
2887 1618 3098 1684 propria
3131 1619 3324 1674 virtute
3362 1617 3560 1677 terram

1990 1685 2202 1760 illorum
2253 1688 2575 1760 potuissent“
2600 1687 2894 1760 possidere.
2952 1687 3251 1760 Braeliium,
3298 1691 3556 1760 inquam,

1988 1770 2094 1810 non
2124 1757 2349 1811 salvavit
2376 1772 2471 1811 eos
2499 1775 2510 1809 :
2538 1757 2644 1811 Sed
2675 1758 2884 1812 dextera
2914 1766 3021 1817 tua,
3056 1759 3105 1810 id
3138 1768 3240 1822 est,
3274 1757 3418 1813 favor
3446 1760 3560 1819 era-

1992 1826 2077 1880 tite
2110 1837 2232 1887 tum,
2258 1828 2380 1896 quia
2409 1842 2553 1896 saepe
2578 1844 2672 1898 eos
2698 1831 2890 1898 quibus
2916 1828 3173 1891 favemus,
3197 1833 3261 1882 ad
3287 1832 3563 1888 desteram
3648 1886 3656 1893 _

1996 1910 2229 1951 nostram
2254 1898 2578 1952 collocamus
2603 1917 2615 1953 :
2644 1897 2724 1952 Et
2750 1899 3012 1951 brachium
3052 1910 3213 1963 tuum,
3247 1901 3295 1953 id
3325 1915 3425 1964 εει,
3461 1902 3564 1956 for.

1994 1968 2167 2020 titudo
2209 1969 2482 2035 tua:quia
2533 1970 2584 2021 in
2635 1968 2869 2022 brachiis
2919 1968 3079 2022 liabet
3112 1970 3270 2023 hoino
3302 1972 3562 2027 fet-titudi-

1994 2053 2114 2091 nem
2139 2055 2153 2090 :
2181 2036 2246 2090 Et
2274 2039 2582 2091 illuminatio
2608 2040 2774 2091 vultus
2796 2040 2890 2103 tui,
2918 2037 2967 2090 id
2990 2048 3091 2099 est,
3127 2042 3357 2106 prudens
3386 2044 3564 2097 cousi-

1995 2109 2158 2174 liutn,
2191 2111 2305 2163 sive
2354 2108 2632 2172 miracula,
2676 2125 2798 2178 qua:
2850 2118 3002 2164 erant
3049 2109 3127 2163 eis
3173 2111 3563 2167 demonstratio

1993 2178 2170 2233 vultus
2199 2180 2294 2244 tui,
2327 2178 2376 2249 id
2406 2188 2522 2244 est,
2553 2182 2738 2247 gratia:
2766 2190 2816 2232 et
2849 2180 3236 2235 benevolentia:
3268 2193 3387 2236 tum.
3420 2184 3558 2249 Quid

1990 2250 2230 2317 estquod
2267 2248 2460 2319 talibus
2502 2249 2668 2316 signis
2691 2250 2887 2305 affuisti
2918 2249 2969 2303 iit
2997 2250 3092 2315 eis,
3123 2262 3177 2305 ιιι
3211 2248 3558 2319 pra-seusin-

1992 2318 2344 2392 telligereris?
2368 2318 2629 2392 Numquid
2651 2322 2793 2374 enim
2830 2320 3044 2390 quando
3074 2318 3226 2376 nobis
3252 2323 3430 2392 aliquo
3461 2328 3562 2379 mi-

1992 2392 2171 2442 raculo
2203 2389 2338 2442 Deus
2370 2392 2542 2454 adest,
2570 2390 2754 2444 faciem
2784 2389 2949 2458 lpSltlS
2975 2393 3144 2444 oculis
3189 2389 3382 2446 nostris
3406 2395 3556 2449 vide-

1992 2460 2143 2513 mus?
2173 2460 2276 2513 Sed
2301 2460 2492 2513 ellectu
2517 2460 2757 2514 miraculi
2785 2478 2934 2514 suam
2966 2464 3302 2525 prtesentiatn
3328 2465 3560 2519 insinuat

1992 2529 2317 2600 hominibus.
2342 2530 2577 2596 Denique
2598 2531 2685 2597 qui
2710 2531 2970 2585 mirantur
2986 2531 3051 2584 ad
3077 2532 3376 2600 bujusmodi
3400 2536 3558 2599 facta,

1989 2599 2170 2654 dicunt
2197 2617 2211 2653 :
2237 2601 2474 2654 Vidimus
2517 2601 2680 2653 Deum
2717 2613 3055 2668 praesentem.
3093 2599 3214 2656 lla:c
3241 2613 3417 2657 autent
3442 2606 3561 2658 ideo

1991 2672 2157 2745 fecisti
2187 2672 2282 2745 eis,
2322 2672 2575 2745 Quoniam
2619 2673 2970 2745 co-mplacuisti
2996 2671 3048 2724 in
3076 2673 3167 2727 eis.
3214 2674 3323 2728 lloe
3351 2687 3425 2727 est
3452 2676 3559 2745 (Ea:

1988 2740 2315 2810 Augustino),
2346 2744 2423 2796 sic
2469 2757 2589 2795 eum
2638 2740 2739 2813 eis
2763 2742 2997 2810 gesosti,
3027 2756 3077 2794 ut
3112 2748 3346 2807 placetes
3377 2746 3427 2798 itt
3460 2740 3559 2813 eis,

1990 2822 2043 2863 ut
2073 2814 2311 2885 quisquis
2339 2828 2434 2885 eos
2468 2811 2775 2885 (attenderet
2823 2829 2891 2880 qu
2933 2813 3089 2865 modo
3119 2829 3238 2867 eum
3269 2815 3345 2869 eis
3376 2811 3563 2885 agere;

1989 2894 2091 2947 tur,
2118 2882 2316 2935 diceret
2343 2900 2353 2932 :
2380 2882 2513 2946 Quia
2547 2897 2670 2934 vere
2714 2883 2852 2937 Deus
2879 2893 2960 2937 est
2988 2898 3109 2937 cum
3158 2885 3283 2953 illis,
3316 2896 3369 2941 et
3420 2882 3559 2942 Deus

1988 2967 2078 3003 eos
2107 2960 2129 2986 ο
2154 2953 2387 3020 adjuvat.

2058 3042 2109 3116 lt.
2143 3044 2243 3116 Sed
2280 3045 2397 3116 quia
2429 3043 2547 3116 lucc
2576 3044 2637 3116 in
2668 3044 2832 3111 figura
2869 3044 3244 3112 contingebant
3266 3045 3371 3099 illis
3395 3046 3557 3116 (sicut

1986 3113 2113 3167 dicit
2134 3114 2462 3180 Apostolus),
2484 3115 2675 3181 scripta
2707 3126 2830 3167 suttt
2855 3128 3029 3168 autem
3062 3116 3125 3167 ad
3153 3113 3555 3172 aediﬁcationem

1995 3196 2226 3237 nostrain
2270 3184 2345 3254 (ι.
2393 3183 2509 3236 Cor.
2544 3186 2653 3253 to.)
2686 3202 2697 3236 :
2730 3187 2887 3238 etiam
2924 3186 3101 3238 titulus
3133 3186 3196 3238 ad
3228 3187 3556 3241 intelleetum

1912 3256 1957 3317 C
1992 3264 2072 3306 est
2105 3257 2325 3321 positus.
2378 3255 2486 3307 lloc
2514 3270 2647 3322 Opus
2692 3256 2920 3307 Domiui-
2943 3256 3081 3323 quod
3129 3257 3195 3309 de
3226 3258 3558 3323 dispersione

1987 3328 2221 3394 gentium
2280 3326 2580 3378 audivimus
2633 3326 2767 3377 facta
2819 3325 3181 3389 temporaliter
3220 3326 3272 3379 in
3317 3329 3556 3392 patribus

1990 3397 2239 3463 antiquis,
2267 3397 2423 3448 etiam
2461 3412 2597 3448 nunc
2624 3396 2863 3448 videmus
2892 3396 3171 3462 adimpleri
3205 3398 3557 3465 spiritualiter

1989 3466 2039 3518 in
2081 3466 2445 3531 Spirilualibus
2494 3466 2637 3518 viris.
2672 3466 2880 3536 ullarum
2934 3468 3171 3536 gentium
3227 3470 3553 3521 mentionem

1990 3538 2197 3603 Moyses
2230 3537 2372 3597 facit,
2406 3536 2491 3589 ubi
2522 3536 2596 3589 ait
2621 3555 2632 3589 :
2657 3534 2788 3588 Cum
2828 3534 3176 3590 introduxerit
3205 3546 3255 3591 te
3301 3538 3557 3592 Dominus

1990 3606 2128 3677 Deus
2158 3615 2278 3659 tuus
2308 3608 2361 3659 iit
2396 3616 2587 3659 terram
2633 3622 2791 3675 quam
2834 3622 3176 3675 possessurus
3216 3608 3551 3677 ingredieris,

1987 3686 2041 3729 et
2086 3676 2348 3730 deleverit
2391 3689 2575 3745 gentes
2624 3678 2815 3729 multas
2864 3692 3041 3730 coram
3094 3686 3144 3730 te
3193 3676 3468 3731 llethieutn
3499 3696 3557 3734 et.

1988 3747 2348 3813 Gergesa'um,
2367 3749 2732 3802 Antorrhaaunt
2753 3756 2803 3800 et
2819 3748 3199 3811 Chananazum,
3220 3749 3554 3803 Pherezmunt

1987 3826 2041 3870 et
2072 3817 2320 3870 llevaaum
2349 3827 2404 3872 et
2432 3817 2732 3872 Jebusaeum
2758 3832 2773 3870 :
2800 3826 2984 3886 gentes
3009 3829 3211 3884 septem
3245 3821 3411 3872 tnttlto
3441 3837 3557 3873 ina-

1983 3888 2131 3956 jores
2170 3903 2394 3941 numero
2435 3903 2590 3955 quam
2621 3898 2675 3942 tu
2706 3903 2795 3951 es,
2827 3897 2880 3941 et
2911 3889 3237 3942 robustiores
3286 3901 3366 3941 te:
3395 3891 3558 3942 tradi-

1987 3960 2232 4026 deritque
2259 3974 2351 4012 eas
2384 3960 2638 4011 Dominus
2685 3960 2775 4012 tibi
2802 3974 2816 4013 :
2842 3963 3108 4025 percutias
3153 3973 3243 4011 eas
3283 3974 3448 4027 usque
3486 3962 3552 4012 ad
3632 3984 3637 3987 <

1988 4029 2403 4098 internecionem
2426 4028 2601 4097 (Deut.
2625 4028 2722 4098 7.).
2746 4030 2956 4092 Septem
2982 4029 3095 4081 ista:
3113 4035 3319 4095 gentes,
3346 4040 3552 4097 septem

1988 4108 2112 4150 sunt
2138 4097 2428 4163 Spiritualit
2465 4100 2610 4161 vitia,
2638 4114 2756 4167 qua:
2788 4113 2881 4165 per
2901 4101 3123 4164 graium
3158 4097 3245 4149 Dei
3274 4102 3553 4166 unusquis-

1988 4183 2091 4236 que
2119 4169 2413 4229 soiritualis
2442 4169 2595 4221 miles
2626 4183 2987 4232 esseperans,
3016 4169 3375 4221 exterminare
3409 4171 3554 4232 petii-

1991 4246 2072 4290 tus
2107 4238 2444 4290 admonetur.
2484 4238 2633 4302 Quod
2676 4252 2801 4291 vero
2831 4237 3047 4304 majoris
3079 4237 3282 4289 numeri
3325 4252 3443 4291 esse
3470 4239 3556 4292 di-

1988 4319 2200 4373 cuntur,
2232 4307 2345 4359 hrc
2375 4316 2457 4359 est
2489 4307 2619 4360 ratio
2647 4323 2661 4359 :
2687 4309 2808 4374 quia
2853 4309 2998 4374 plura
3045 4317 3167 4359 sunt
3218 4307 3361 4367 vitia,
3393 4324 3554 4376 quam

1991 4377 2233 4431 virtutes.
2287 4378 2351 4429 Et
2382 4378 2500 4430 ideo
2530 4378 2579 4430 in
2610 4378 2849 4445 catalogo
2892 4378 3103 4445 quidem
3151 4376 3557 4431 dinutnerantur

1988 4459 2190 4515 septem
2240 4448 2502 4513 nationes,
2532 4448 2581 4499 iit
2616 4451 3010 4514 expugnatione
3056 4461 3180 4500 vero
3228 4461 3410 4500 earum
3441 4448 3557 4502 sine

1990 4518 2198 4571 numi-ri
2243 4519 2565 4584 ascriptintte
2613 4530 2900 4585 ponuntur.
2954 4518 3024 4570 Ita
3075 4518 3215 4571 enim
3245 4518 3459 4581 dicitur,
3491 4520 3557 4573 Et

1989 4588 2247 4642 deleverit
2273 4598 2457 4655 gentes
2480 4589 2671 4641 multas
2693 4603 2872 4641 coram
2898 4597 2947 4642 te
2970 4587 3180 4657 (Ibid.).
3207 4587 3557 4643 Numerosior

1984 4669 2066 4711 est
2095 4660 2236 4711 enim
2265 4674 2422 4726 quam
2454 4659 2610 4713 Israel
2641 4659 2931 4711 carnalium
2967 4660 3270 4726 passionum
3304 4661 3553 4727 populus,

1985 4730 2070 4795 qui
2103 4731 2170 4783 de
2200 4730 2299 4782 hoc
2321 4731 2623 4794 septenario
2654 4727 2833 4783 fomite
2864 4731 3111 4783 v.tiorum
3139 4743 3202 4782 ac
3228 4731 3407 4783 radice
3434 4745 3559 4797 pro-

1982 4800 2144 4854 cedit.
2191 4800 2261 4852 De
2293 4799 2675 4868 Gastritnargia
2717 4815 2944 4868 namque
2976 4811 3268 4853 nascuntur
3296 4814 3560 4855 commes-

1982 4871 2216 4923 sationes
2247 4880 2298 4923 et
2334 4870 2624 4923 ebrietates
2653 4887 2664 4922 :
2692 4868 2761 4923 de
2811 4869 3161 4923 fornicatione
3203 4871 3551 4940 turpiloquia,

1981 4941 2278 5012 scurrilitas
2307 4940 2530 5001 ludicra,
2553 4941 2948 5012 atqueistultilo
2971 4945 3097 5012 iuta.
3123 4942 3197 4996 De
3226 4942 3555 5012 Plttlargyria

1985 5010 2343 5074 mendacium,
2378 5013 2677 5078 lraudatio,
2711 5011 2871 5077 furta,
2921 5011 3173 5081 perjuria,
3208 5015 3377 5082 turpis
3416 5010 3558 5066 lucri

1983 5091 2271 5149 appetitus,
2323 5083 2451 5133 falsa
2500 5082 2828 5149 testimonia,
2879 5084 3167 5149 violentiaa,
3196 5084 3559 5137 inhumanitas

1982 5162 2140 5218 atque
2180 5160 2467 5219 rapacdas.
2519 5153 2592 5206 De
2623 5154 2698 5206 ira
2732 5154 3040 5217 homicidia,
3072 5156 3277 5207 clamor
3325 5165 3377 5206 et
3424 5154 3561 5205 indi-

1981 5222 2181 5289 gnatio.
2210 5222 2286 5275 De
2310 5223 2523 5276 tristitia
2550 5238 2759 5288 rancor,
2782 5225 3212 5292 pusillanimitas,
3237 5223 3557 5283 amaritudo.

1982 5295 2307 5360 desperatio.
2342 5293 2414 5346 De
2437 5293 2623 5348 acedia
2654 5295 2927 5359 ociositas,
2960 5296 3336 5355 SOIltllolenlla,
3364 5293 3561 5357 impor-

1983 5365 2199 5427 tunitas,
2233 5363 2568 5433 inquietudo,
2601 5367 2990 5434 praevaricatio,
3019 5362 3335 5434 instabilitas
3368 5362 3562 5434 tuentis

1987 5442 2040 5485 et
2067 5430 2325 5501 corporis,
2354 5430 2648 5489 verbositas
2669 5447 2721 5489 et
2744 5432 3038 5487 curiositas.
3077 5432 3149 5485 De
3170 5430 3196 5468 δ
3228 5431 3561 5485 xenodocbia

1988 5505 2378 5570 contentiones,
2414 5508 2667 5566 haereses,
2699 5504 2945 5571 iactantia
2975 5517 3036 5554 ac
3067 5504 3375 5569 praesumtio
3403 5502 3562 5554 nevi-

1983 5637 2184 5714 Griecis
2212 5642 2401 5714 litteris
2433 5640 2700 5714 κενοδοξίᾳ,
2727 5638 2866 5708 quod
2892 5648 2989 5701 est,
3013 5638 3159 5714 inani
3185 5638 3372 5706 gloria.
3404 5639 3555 5714 vero-

1985 5710 2158 5766 simile
2185 5721 2268 5766 est
2288 5712 2473 5777 etiam,
2509 5707 2895 5777 hanc'quoque
2923 5708 3053 5761 satis
3092 5707 3305 5780 longam
3354 5712 3555 5780 perito-

361 5867 384 5888 '
406 5867 490 5919 Sic
511 5868 667 5919 habet
690 5866 843 5919 editio
859 5865 1178 5932 Vallarsiana,
1216 5873 1406 5924 omissis
1422 5873 1647 5924 foliorum
1669 5874 1890 5925 numeris
1922 5871 2033 5937 209,
2060 5873 2172 5936 210,
2199 5873 2385 5935 absque
2408 5870 2506 5920 ulla
2525 5876 2692 5922 textus
2711 5872 3103 5924 intermissione.
3129 5873 3258 5926 EDl'l'.
