  <div class='ocr_page' id='page_1' title='image "/cluster/home/n/w/nwhite01/storage/ocr_20150623/21/hvd.32044015471360/413.png"; bbox 0 0 4098 6356; ppageno 0'>
   <div class='ocr_carea' id='block_1_1' title="bbox 582 391 696 453">
    <p class='ocr_par' dir='ltr' id='par_1_1' title="bbox 582 391 696 453">
     <span class='ocr_line' id='line_1_1' title="bbox 582 391 696 453; baseline -0.035 0"><span class='ocrx_word' id='word_1_1' title='bbox 582 391 696 453; x_wconf 61' lang='grc' dir='ltr'>⁷8ἷ5</span> 
     </span>
    </p>
   </div>
   <div class='ocr_carea' id='block_1_2' title="bbox 1681 395 2830 456">
    <p class='ocr_par' dir='ltr' id='par_1_2' title="bbox 1681 395 2830 456">
     <span class='ocr_line' id='line_1_2' title="bbox 1681 395 2830 456; baseline 0.005 -6"><span class='ocrx_word' id='word_1_2' title='bbox 1681 395 1934 452; x_wconf 77' lang='lat' dir='ltr'>RUFINO</span> <span class='ocrx_word' id='word_1_3' title='bbox 1977 395 2420 451; x_wconf 76' lang='lat' dir='ltr'>PRESBYTERO</span> <span class='ocrx_word' id='word_1_4' title='bbox 2460 397 2830 456; x_wconf 75' lang='lat' dir='ltr'>ASCRIPTUS</span> 
     </span>
    </p>
   </div>
   <div class='ocr_carea' id='block_1_3' title="bbox 3729 401 3823 455">
    <p class='ocr_par' dir='ltr' id='par_1_3' title="bbox 3729 401 3823 455">
     <span class='ocr_line' id='line_1_3' title="bbox 3729 401 3823 455; baseline -0.011 0"><span class='ocrx_word' id='word_1_5' title='bbox 3729 401 3823 455; x_wconf 83' lang='lat' dir='ltr'>8l6</span> 
     </span>
    </p>
   </div>
   <div class='ocr_carea' id='block_1_4' title="bbox 587 490 3823 581">
    <p class='ocr_par' dir='ltr' id='par_1_4' title="bbox 587 490 3823 581">
     <span class='ocr_line' id='line_1_4' title="bbox 587 490 3823 581; baseline 0.001 -18"><span class='ocrx_word' id='word_1_6' title='bbox 587 518 776 581; x_wconf 85' lang='lat' dir='ltr'>tantm.</span> <span class='ocrx_word' id='word_1_7' title='bbox 804 509 879 563; x_wconf 88' lang='lat' dir='ltr'>De</span> <span class='ocrx_word' id='word_1_8' title='bbox 901 490 1147 577; x_wconf 79' lang='lat' dir='ltr'>superbia</span> <span class='ocrx_word' id='word_1_9' title='bbox 1176 514 1493 581; x_wconf 70' lang='lat' dir='ltr'>contemnis,</span> <span class='ocrx_word' id='word_1_10' title='bbox 1518 505 2148 581; x_wconf 57' lang='lat' dir='ltr'>invidia,iuobedientiti,</span> <span class='ocrx_word' id='word_1_11' title='bbox 2181 510 2223 565; x_wconf 82' lang='lat' dir='ltr'><strong>A</strong></span> <span class='ocrx_word' id='word_1_12' title='bbox 2258 508 2307 581; x_wconf 84' lang='lat' dir='ltr'>in</span> <span class='ocrx_word' id='word_1_13' title='bbox 2340 522 2465 561; x_wconf 90' lang='lat' dir='ltr'>arcu</span> <span class='ocrx_word' id='word_1_14' title='bbox 2493 508 2939 581; x_wconf 47' lang='lat' dir='ltr'>suoSperatLqui</span> <span class='ocrx_word' id='word_1_15' title='bbox 2965 510 3016 564; x_wconf 92' lang='lat' dir='ltr'>in</span> <span class='ocrx_word' id='word_1_16' title='bbox 3048 524 3206 564; x_wconf 87' lang='lat' dir='ltr'>sensu</span> <span class='ocrx_word' id='word_1_17' title='bbox 3237 508 3484 580; x_wconf 86' lang='lat' dir='ltr'>confidit,</span> <span class='ocrx_word' id='word_1_18' title='bbox 3514 518 3570 566; x_wconf 90' lang='lat' dir='ltr'>et</span> <span class='ocrx_word' id='word_1_19' title='bbox 3600 512 3823 581; x_wconf 85' lang='lat' dir='ltr'>pruden-</span> 
     </span>
    </p>
   </div>
   <div class='ocr_carea' id='block_1_5' title="bbox 585 576 2144 647">
    <p class='ocr_par' dir='ltr' id='par_1_5' title="bbox 585 576 2144 647">
     <span class='ocr_line' id='line_1_5' title="bbox 585 576 2144 647; baseline -0.002 -14"><span class='ocrx_word' id='word_1_20' title='bbox 585 580 940 647; x_wconf 80' lang='lat' dir='ltr'>blasphemia,</span> <span class='ocrx_word' id='word_1_21' title='bbox 969 576 1335 639; x_wconf 87' lang='lat' dir='ltr'>inurmuratio,</span> <span class='ocrx_word' id='word_1_22' title='bbox 1368 577 1650 647; x_wconf 74' lang='lat' dir='ltr'>detractio,</span> <span class='ocrx_word' id='word_1_23' title='bbox 1678 576 1892 647; x_wconf 87' lang='lat' dir='ltr'>aliaque</span> <span class='ocrx_word' id='word_1_24' title='bbox 1921 578 2144 643; x_wconf 83' lang='lat' dir='ltr'>plurima</span> 
     </span>
    </p>
   </div>
   <div class='ocr_carea' id='block_1_6' title="bbox 510 646 2143 718">
    <p class='ocr_par' dir='ltr' id='par_1_6' title="bbox 510 646 2143 718">
     <span class='ocr_line' id='line_1_6' title="bbox 510 646 2143 718; baseline -0.003 -14"><span class='ocrx_word' id='word_1_25' title='bbox 510 664 513 713; x_wconf 60' lang='lat' dir='ltr'><strong>g</strong></span> <span class='ocrx_word' id='word_1_26' title='bbox 584 646 802 706; x_wconf 78' lang='lat' dir='ltr'>similia.</span> <span class='ocrx_word' id='word_1_27' title='bbox 840 651 967 718; x_wconf 77' lang='lat' dir='ltr'>Qua:</span> <span class='ocrx_word' id='word_1_28' title='bbox 1010 664 1129 703; x_wconf 90' lang='lat' dir='ltr'>cum</span> <span class='ocrx_word' id='word_1_29' title='bbox 1157 650 1262 718; x_wconf 85' lang='lat' dir='ltr'>sint</span> <span class='ocrx_word' id='word_1_30' title='bbox 1294 649 1461 701; x_wconf 91' lang='lat' dir='ltr'>multo</span> <span class='ocrx_word' id='word_1_31' title='bbox 1499 646 1716 715; x_wconf 76' lang='lat' dir='ltr'>majoris</span> <span class='ocrx_word' id='word_1_32' title='bbox 1747 647 1951 700; x_wconf 90' lang='lat' dir='ltr'>numeri</span> <span class='ocrx_word' id='word_1_33' title='bbox 1985 650 2143 718; x_wconf 69' lang='lat'>212</span> 
     </span>
    </p>
   </div>
   <div class='ocr_carea' id='block_1_7' title="bbox 588 717 2148 789">
    <p class='ocr_par' dir='ltr' id='par_1_7' title="bbox 588 717 2148 789">
     <span class='ocr_line' id='line_1_7' title="bbox 588 717 2148 789; baseline -0.004 -14"><span class='ocrx_word' id='word_1_34' title='bbox 588 717 1020 789; x_wconf 65' lang='lat' dir='ltr'>quaut&#39;virtutes,</span> <span class='ocrx_word' id='word_1_35' title='bbox 1053 717 1270 773; x_wconf 76' lang='lat' dir='ltr'>devictis</span> <span class='ocrx_word' id='word_1_36' title='bbox 1298 728 1472 772; x_wconf 88' lang='lat' dir='ltr'>tamen</span> <span class='ocrx_word' id='word_1_37' title='bbox 1501 718 1605 771; x_wconf 80' lang='lat' dir='ltr'>illis</span> <span class='ocrx_word' id='word_1_38' title='bbox 1644 726 1847 789; x_wconf 83' lang='lat' dir='ltr'>septem</span> <span class='ocrx_word' id='word_1_39' title='bbox 1882 717 2148 786; x_wconf 67' lang='lat' dir='ltr'>principal</span> 
     </span>
    </p>
   </div>
   <div class='ocr_carea' id='block_1_8' title="bbox 591 786 2149 871">
    <p class='ocr_par' dir='ltr' id='par_1_8' title="bbox 591 786 2149 871">
     <span class='ocr_line' id='line_1_8' title="bbox 591 786 2149 871; baseline -0.003 -26"><span class='ocrx_word' id='word_1_40' title='bbox 591 786 728 871; x_wconf 82' lang='lat' dir='ltr'>libus</span> <span class='ocrx_word' id='word_1_41' title='bbox 753 792 913 855; x_wconf 89' lang='lat' dir='ltr'>vitiis,</span> <span class='ocrx_word' id='word_1_42' title='bbox 939 805 1005 845; x_wconf 80' lang='lat' dir='ltr'>es</span> <span class='ocrx_word' id='word_1_43' title='bbox 1026 803 1248 871; x_wconf 90' lang='lat' dir='ltr'>quorum</span> <span class='ocrx_word' id='word_1_44' title='bbox 1281 796 1466 844; x_wconf 89' lang='lat' dir='ltr'>natura</span> <span class='ocrx_word' id='word_1_45' title='bbox 1495 790 1591 840; x_wconf 89' lang='lat' dir='ltr'>ista</span> <span class='ocrx_word' id='word_1_46' title='bbox 1622 786 1934 871; x_wconf 76' lang='lat' dir='ltr'>procedunt,</span> <span class='ocrx_word' id='word_1_47' title='bbox 1964 804 2149 840; x_wconf 82' lang='lat' dir='ltr'>omnes</span> 
     </span>
    </p>
   </div>
   <div class='ocr_carea' id='block_1_9' title="bbox 591 858 2145 927">
    <p class='ocr_par' dir='ltr' id='par_1_9' title="bbox 591 858 2145 927">
     <span class='ocr_line' id='line_1_9' title="bbox 591 858 2145 927; baseline -0.002 -14"><span class='ocrx_word' id='word_1_48' title='bbox 591 864 829 925; x_wconf 89' lang='lat' dir='ltr'>protinus</span> <span class='ocrx_word' id='word_1_49' title='bbox 864 858 1272 927; x_wconf 83' lang='lat' dir='ltr'>conquiescunt,</span> <span class='ocrx_word' id='word_1_50' title='bbox 1302 874 1365 913; x_wconf 91' lang='lat' dir='ltr'>ac</span> <span class='ocrx_word' id='word_1_51' title='bbox 1394 868 1647 927; x_wconf 88' lang='lat' dir='ltr'>perpetua</span> <span class='ocrx_word' id='word_1_52' title='bbox 1679 858 1877 923; x_wconf 89' lang='lat' dir='ltr'>pariter</span> <span class='ocrx_word' id='word_1_53' title='bbox 1908 859 2145 911; x_wconf 87' lang='lat' dir='ltr'>interne-</span> 
     </span>
    </p>
   </div>
   <div class='ocr_carea' id='block_1_10' title="bbox 584 929 2146 996">
    <p class='ocr_par' dir='ltr' id='par_1_10' title="bbox 584 929 2146 996">
     <span class='ocr_line' id='line_1_10' title="bbox 584 929 2146 996; baseline -0.004 -11"><span class='ocrx_word' id='word_1_54' title='bbox 584 932 741 985; x_wconf 86' lang='lat' dir='ltr'>cione</span> <span class='ocrx_word' id='word_1_55' title='bbox 770 932 1029 986; x_wconf 82' lang='lat' dir='ltr'>delentur.</span> <span class='ocrx_word' id='word_1_56' title='bbox 1058 930 1209 996; x_wconf 85' lang='lat' dir='ltr'>Quod</span> <span class='ocrx_word' id='word_1_57' title='bbox 1239 938 1415 983; x_wconf 90' lang='lat' dir='ltr'>autem</span> <span class='ocrx_word' id='word_1_58' title='bbox 1460 930 1539 981; x_wconf 71' lang='lat' dir='ltr'>lia:</span> <span class='ocrx_word' id='word_1_59' title='bbox 1570 936 1745 995; x_wconf 89' lang='lat' dir='ltr'>pestes</span> <span class='ocrx_word' id='word_1_60' title='bbox 1780 929 1940 980; x_wconf 90' lang='lat' dir='ltr'>etiam</span> <span class='ocrx_word' id='word_1_61' title='bbox 1986 929 2146 980; x_wconf 86' lang='lat' dir='ltr'>robu-</span> 
     </span>
    </p>
   </div>
   <div class='ocr_carea' id='block_1_11' title="bbox 587 996 2150 1066">
    <p class='ocr_par' dir='ltr' id='par_1_11' title="bbox 587 996 2150 1066">
     <span class='ocr_line' id='line_1_11' title="bbox 587 996 2150 1066; baseline -0.003 -11"><span class='ocrx_word' id='word_1_62' title='bbox 587 1004 779 1056; x_wconf 88' lang='lat' dir='ltr'>stiores</span> <span class='ocrx_word' id='word_1_63' title='bbox 823 1002 951 1062; x_wconf 84' lang='lat' dir='ltr'>sint,</span> <span class='ocrx_word' id='word_1_64' title='bbox 986 998 1268 1053; x_wconf 81' lang='lat' dir='ltr'>manifeste</span> <span class='ocrx_word' id='word_1_65' title='bbox 1317 1009 1516 1053; x_wconf 66' lang='lat' dir='ltr'>naturae</span> <span class='ocrx_word' id='word_1_66' title='bbox 1549 998 1714 1066; x_wconf 84' lang='lat' dir='ltr'>ipsius</span> <span class='ocrx_word' id='word_1_67' title='bbox 1755 996 2150 1066; x_wconf 82' lang='lat' dir='ltr'>impugnatione</span> 
     </span>
    </p>
   </div>
   <div class='ocr_carea' id='block_1_12' title="bbox 585 1068 2149 1125">
    <p class='ocr_par' dir='ltr' id='par_1_12' title="bbox 585 1068 2149 1125">
     <span class='ocr_line' id='line_1_12' title="bbox 585 1068 2149 1125; baseline -0.001 -1"><span class='ocrx_word' id='word_1_68' title='bbox 585 1071 863 1124; x_wconf 75' lang='lat' dir='ltr'>sentimus.</span> <span class='ocrx_word' id='word_1_69' title='bbox 907 1069 1120 1125; x_wconf 84' lang='lat' dir='ltr'>Fortius</span> <span class='ocrx_word' id='word_1_70' title='bbox 1168 1070 1309 1123; x_wconf 86' lang='lat' dir='ltr'>enim</span> <span class='ocrx_word' id='word_1_71' title='bbox 1355 1071 1544 1123; x_wconf 79' lang='lat' dir='ltr'>militat</span> <span class='ocrx_word' id='word_1_72' title='bbox 1588 1068 1639 1121; x_wconf 90' lang='lat' dir='ltr'>in</span> <span class='ocrx_word' id='word_1_73' title='bbox 1671 1068 1925 1120; x_wconf 83' lang='lat' dir='ltr'>membris</span> <span class='ocrx_word' id='word_1_74' title='bbox 1957 1069 2149 1122; x_wconf 81' lang='lat' dir='ltr'>nostris</span> 
     </span>
    </p>
   </div>
   <div class='ocr_carea' id='block_1_13' title="bbox 587 1138 2148 1211">
    <p class='ocr_par' dir='ltr' id='par_1_13' title="bbox 587 1138 2148 1211">
     <span class='ocr_line' id='line_1_13' title="bbox 587 1138 2148 1211; baseline -0.002 -18"><span class='ocrx_word' id='word_1_75' title='bbox 587 1142 761 1211; x_wconf 79' lang='lat' dir='ltr'>(Rom.</span> <span class='ocrx_word' id='word_1_76' title='bbox 794 1141 880 1211; x_wconf 89' lang='lat'>7.)</span> <span class='ocrx_word' id='word_1_77' title='bbox 928 1140 1213 1195; x_wconf 84' lang='lat' dir='ltr'>oblectatio</span> <span class='ocrx_word' id='word_1_78' title='bbox 1260 1140 1551 1211; x_wconf 74' lang='lat' dir='ltr'>carnalium</span> <span class='ocrx_word' id='word_1_79' title='bbox 1604 1138 1946 1203; x_wconf 84' lang='lat' dir='ltr'>passionum,</span> <span class='ocrx_word' id='word_1_80' title='bbox 1992 1153 2148 1205; x_wconf 69' lang='lat' dir='ltr'>quam</span> 
     </span>
    </p>
   </div>
   <div class='ocr_carea' id='block_1_14' title="bbox 584 1209 2148 1278">
    <p class='ocr_par' dir='ltr' id='par_1_14' title="bbox 584 1209 2148 1278">
     <span class='ocr_line' id='line_1_14' title="bbox 584 1209 2148 1278; baseline -0.004 -13"><span class='ocrx_word' id='word_1_81' title='bbox 584 1209 753 1265; x_wconf 78' lang='lat' dir='ltr'>studia</span> <span class='ocrx_word' id='word_1_82' title='bbox 802 1209 1223 1278; x_wconf 78' lang='lat' dir='ltr'>virtutum,qu:e</span> <span class='ocrx_word' id='word_1_83' title='bbox 1272 1226 1377 1264; x_wconf 92' lang='lat' dir='ltr'>non</span> <span class='ocrx_word' id='word_1_84' title='bbox 1428 1209 1527 1263; x_wconf 89' lang='lat' dir='ltr'>nisi</span> <span class='ocrx_word' id='word_1_85' title='bbox 1573 1222 1777 1261; x_wconf 88' lang='lat' dir='ltr'>summa</span> <span class='ocrx_word' id='word_1_86' title='bbox 1825 1212 2148 1261; x_wconf 74' lang='lat' dir='ltr'>contritmne</span> 
     </span>
    </p>
   </div>
   <div class='ocr_carea' id='block_1_15' title="bbox 583 1278 2147 1351">
    <p class='ocr_par' dir='ltr' id='par_1_15' title="bbox 583 1278 2147 1351">
     <span class='ocr_line' id='line_1_15' title="bbox 583 1278 2147 1351; baseline -0.003 -18"><span class='ocrx_word' id='word_1_87' title='bbox 583 1282 761 1334; x_wconf 83' lang='lat' dir='ltr'>t&#39;urdis</span> <span class='ocrx_word' id='word_1_88' title='bbox 802 1291 856 1336; x_wconf 84' lang='lat' dir='ltr'>et</span> <span class='ocrx_word' id='word_1_89' title='bbox 886 1281 1127 1351; x_wconf 87' lang='lat' dir='ltr'>corporis</span> <span class='ocrx_word' id='word_1_90' title='bbox 1156 1282 1520 1351; x_wconf 88' lang='lat' dir='ltr'>acquiruutur.</span> <span class='ocrx_word' id='word_1_91' title='bbox 1570 1278 1721 1351; x_wconf 81' lang='lat' dir='ltr'>Quod</span> <span class='ocrx_word' id='word_1_92' title='bbox 1757 1292 1895 1351; x_wconf 76' lang='lat' dir='ltr'>vero</span> <span class='ocrx_word' id='word_1_93' title='bbox 1932 1278 2147 1351; x_wconf 84' lang='lat' dir='ltr'>istarum</span> 
     </span>
    </p>
   </div>
   <div class='ocr_carea' id='block_1_16' title="bbox 584 1348 2150 1420">
    <p class='ocr_par' dir='ltr' id='par_1_16' title="bbox 584 1348 2150 1420">
     <span class='ocr_line' id='line_1_16' title="bbox 584 1348 2150 1420; baseline -0.003 -16"><span class='ocrx_word' id='word_1_94' title='bbox 584 1348 999 1416; x_wconf 82' lang='lat' dir='ltr'>perniciosarum</span> <span class='ocrx_word' id='word_1_95' title='bbox 1030 1351 1267 1420; x_wconf 82' lang='lat' dir='ltr'>gentium</span> <span class='ocrx_word' id='word_1_96' title='bbox 1294 1350 1539 1419; x_wconf 83' lang='lat' dir='ltr'>regiones</span> <span class='ocrx_word' id='word_1_97' title='bbox 1569 1348 1855 1420; x_wconf 85' lang='lat' dir='ltr'>salubriter</span> <span class='ocrx_word' id='word_1_98' title='bbox 1876 1348 2150 1420; x_wconf 82' lang='lat' dir='ltr'>possidere</span> 
     </span>
    </p>
   </div>
   <div class='ocr_carea' id='block_1_17' title="bbox 586 1418 2148 1491">
    <p class='ocr_par' dir='ltr' id='par_1_17' title="bbox 586 1418 2148 1491">
     <span class='ocr_line' id='line_1_17' title="bbox 586 1418 2148 1491; baseline -0.002 -20"><span class='ocrx_word' id='word_1_99' title='bbox 586 1423 945 1490; x_wconf 73' lang='lat' dir='ltr'>praecipimur,</span> <span class='ocrx_word' id='word_1_100' title='bbox 976 1418 1051 1475; x_wconf 75' lang='lat' dir='ltr'>ita</span> <span class='ocrx_word' id='word_1_101' title='bbox 1078 1418 1410 1491; x_wconf 78' lang='lat' dir='ltr'>intelligitur.</span> <span class='ocrx_word' id='word_1_102' title='bbox 1447 1421 1613 1491; x_wconf 82' lang='lat' dir='ltr'>liabet</span> <span class='ocrx_word' id='word_1_103' title='bbox 1642 1419 1783 1472; x_wconf 88' lang='lat' dir='ltr'>enim</span> <span class='ocrx_word' id='word_1_104' title='bbox 1813 1418 2148 1491; x_wconf 47' lang='lat' dir='ltr'>unumquodf</span> 
     </span>
    </p>
   </div>
   <div class='ocr_carea' id='block_1_18' title="bbox 580 1487 2148 1561">
    <p class='ocr_par' dir='ltr' id='par_1_18' title="bbox 580 1487 2148 1561">
     <span class='ocr_line' id='line_1_18' title="bbox 580 1487 2148 1561; baseline -0.003 -16"><span class='ocrx_word' id='word_1_105' title='bbox 580 1508 685 1561; x_wconf 87' lang='lat' dir='ltr'>que</span> <span class='ocrx_word' id='word_1_106' title='bbox 709 1487 891 1545; x_wconf 77' lang='lat' dir='ltr'>vitium</span> <span class='ocrx_word' id='word_1_107' title='bbox 924 1487 971 1545; x_wconf 76' lang='lat' dir='ltr'>in</span> <span class='ocrx_word' id='word_1_108' title='bbox 1001 1492 1162 1545; x_wconf 90' lang='lat' dir='ltr'>corde</span> <span class='ocrx_word' id='word_1_109' title='bbox 1181 1487 1377 1561; x_wconf 73' lang='lat' dir='ltr'>nostro</span> <span class='ocrx_word' id='word_1_110' title='bbox 1410 1490 1675 1557; x_wconf 80' lang='lat' dir='ltr'>propriam</span> <span class='ocrx_word' id='word_1_111' title='bbox 1705 1488 1985 1541; x_wconf 88' lang='lat' dir='ltr'>stationem</span> <span class='ocrx_word' id='word_1_112' title='bbox 2014 1487 2148 1561; x_wconf 41' lang='lat' dir='ltr'>ased</span> 
     </span>
    </p>
   </div>
   <div class='ocr_carea' id='block_1_19' title="bbox 580 1556 2149 1630">
    <p class='ocr_par' dir='ltr' id='par_1_19' title="bbox 580 1556 2149 1630">
     <span class='ocr_line' id='line_1_19' title="bbox 580 1556 2149 1630; baseline -0.003 -16"><span class='ocrx_word' id='word_1_113' title='bbox 580 1556 699 1615; x_wconf 75' lang='lat' dir='ltr'>cum</span> <span class='ocrx_word' id='word_1_114' title='bbox 732 1563 911 1616; x_wconf 86' lang='lat' dir='ltr'>lsraeli</span> <span class='ocrx_word' id='word_1_115' title='bbox 939 1562 1152 1630; x_wconf 84' lang='lat' dir='ltr'>populo,</span> <span class='ocrx_word' id='word_1_116' title='bbox 1179 1560 1229 1613; x_wconf 90' lang='lat' dir='ltr'>id</span> <span class='ocrx_word' id='word_1_117' title='bbox 1259 1568 1359 1621; x_wconf 88' lang='lat' dir='ltr'>est,</span> <span class='ocrx_word' id='word_1_118' title='bbox 1392 1556 1675 1614; x_wconf 71' lang='lat' dir='ltr'>virtutibus</span> <span class='ocrx_word' id='word_1_119' title='bbox 1700 1566 1887 1611; x_wconf 78' lang='lat' dir='ltr'>contra</span> <span class='ocrx_word' id='word_1_120' title='bbox 1910 1572 1968 1611; x_wconf 88' lang='lat' dir='ltr'>se</span> <span class='ocrx_word' id='word_1_121' title='bbox 1996 1556 2149 1630; x_wconf 77' lang='lat' dir='ltr'>dimi-</span> 
     </span>
    </p>
   </div>
   <div class='ocr_carea' id='block_1_20' title="bbox 582 1628 2147 1699">
    <p class='ocr_par' dir='ltr' id='par_1_20' title="bbox 582 1628 2147 1699">
     <span class='ocr_line' id='line_1_20' title="bbox 582 1628 2147 1699; baseline -0.002 -15"><span class='ocrx_word' id='word_1_122' title='bbox 582 1634 825 1687; x_wconf 72' lang='lat' dir='ltr'>cantibus</span> <span class='ocrx_word' id='word_1_123' title='bbox 868 1628 1063 1685; x_wconf 56' lang='lat' dir='ltr'>liiiirint</span> <span class='ocrx_word' id='word_1_124' title='bbox 1094 1631 1218 1683; x_wconf 90' lang='lat' dir='ltr'>vitia</span> <span class='ocrx_word' id='word_1_125' title='bbox 1242 1639 1509 1699; x_wconf 85' lang='lat' dir='ltr'>superata,</span> <span class='ocrx_word' id='word_1_126' title='bbox 1544 1630 1715 1699; x_wconf 72' lang='lat' dir='ltr'>locum</span> <span class='ocrx_word' id='word_1_127' title='bbox 1768 1641 1925 1699; x_wconf 79' lang='lat' dir='ltr'>quem</span> <span class='ocrx_word' id='word_1_128' title='bbox 1964 1628 2062 1681; x_wconf 88' lang='lat' dir='ltr'>sibi</span> <span class='ocrx_word' id='word_1_129' title='bbox 2096 1628 2147 1681; x_wconf 93' lang='lat' dir='ltr'>in</span> 
     </span>
    </p>
   </div>
   <div class='ocr_carea' id='block_1_21' title="bbox 581 1696 2151 1767">
    <p class='ocr_par' dir='ltr' id='par_1_21' title="bbox 581 1696 2151 1767">
     <span class='ocr_line' id='line_1_21' title="bbox 581 1696 2151 1767; baseline -0.004 -12"><span class='ocrx_word' id='word_1_130' title='bbox 581 1706 745 1757; x_wconf 82' lang='lat' dir='ltr'>corde</span> <span class='ocrx_word' id='word_1_131' title='bbox 793 1717 975 1756; x_wconf 81' lang='lat' dir='ltr'>noSIro</span> <span class='ocrx_word' id='word_1_132' title='bbox 1004 1696 1451 1767; x_wconf 65' lang='lat' dir='ltr'>concupiscentiae</span> <span class='ocrx_word' id='word_1_133' title='bbox 1484 1700 1562 1753; x_wconf 87' lang='lat' dir='ltr'>vel</span> <span class='ocrx_word' id='word_1_134' title='bbox 1592 1696 1959 1751; x_wconf 86' lang='lat' dir='ltr'>fornicationis</span> <span class='ocrx_word' id='word_1_135' title='bbox 1989 1698 2151 1766; x_wconf 89' lang='lat' dir='ltr'>spiri-</span> 
     </span>
    </p>
   </div>
   <div class='ocr_carea' id='block_1_22' title="bbox 582 1767 2150 1839">
    <p class='ocr_par' dir='ltr' id='par_1_22' title="bbox 582 1767 2150 1839">
     <span class='ocr_line' id='line_1_22' title="bbox 582 1767 2150 1839; baseline -0.001 -15"><span class='ocrx_word' id='word_1_136' title='bbox 582 1785 666 1825; x_wconf 88' lang='lat' dir='ltr'>tus</span> <span class='ocrx_word' id='word_1_137' title='bbox 691 1774 899 1827; x_wconf 82' lang='lat' dir='ltr'>retiueli</span> <span class='ocrx_word' id='word_1_138' title='bbox 918 1782 974 1829; x_wconf 48' lang='lat' dir='ltr'>tt.</span> <span class='ocrx_word' id='word_1_139' title='bbox 992 1772 1243 1839; x_wconf 82' lang='lat' dir='ltr'>deinceps</span> <span class='ocrx_word' id='word_1_140' title='bbox 1264 1772 1481 1824; x_wconf 88' lang='lat' dir='ltr'>castitas</span> <span class='ocrx_word' id='word_1_141' title='bbox 1504 1767 1973 1839; x_wconf 78' lang='lat' dir='ltr'>obtinebit.Quem</span> <span class='ocrx_word' id='word_1_142' title='bbox 1999 1768 2150 1822; x_wconf 89' lang='lat' dir='ltr'>furor</span> 
     </span>
    </p>
   </div>
   <div class='ocr_carea' id='block_1_23' title="bbox 580 1838 2145 1911">
    <p class='ocr_par' dir='ltr' id='par_1_23' title="bbox 580 1838 2145 1911">
     <span class='ocr_line' id='line_1_23' title="bbox 580 1838 2145 1911; baseline -0.004 -14"><span class='ocrx_word' id='word_1_143' title='bbox 580 1852 837 1911; x_wconf 70' lang='lat' dir='ltr'>cmperat,</span> <span class='ocrx_word' id='word_1_144' title='bbox 861 1843 1113 1911; x_wconf 84' lang='lat' dir='ltr'>patientia</span> <span class='ocrx_word' id='word_1_145' title='bbox 1136 1838 1444 1895; x_wconf 84' lang='lat' dir='ltr'>vindicabit.</span> <span class='ocrx_word' id='word_1_146' title='bbox 1471 1844 1635 1904; x_wconf 81' lang='lat' dir='ltr'>Quem</span> <span class='ocrx_word' id='word_1_147' title='bbox 1669 1838 1904 1911; x_wconf 80' lang='lat' dir='ltr'>tristitia,</span> <span class='ocrx_word' id='word_1_148' title='bbox 1922 1850 2145 1911; x_wconf 83' lang='lat' dir='ltr'>mortem</span> 
     </span>
    </p>
   </div>
   <div class='ocr_carea' id='block_1_24' title="bbox 581 1908 2148 1981">
    <p class='ocr_par' dir='ltr' id='par_1_24' title="bbox 581 1908 2148 1981">
     <span class='ocr_line' id='line_1_24' title="bbox 581 1908 2148 1981; baseline 0.001 -20"><span class='ocrx_word' id='word_1_149' title='bbox 581 1908 875 1981; x_wconf 65' lang='lat' dir='ltr'>operando,</span> <span class='ocrx_word' id='word_1_150' title='bbox 931 1922 1316 1981; x_wconf 74' lang='lat' dir='ltr'>ot-cupaverat,</span> <span class='ocrx_word' id='word_1_151' title='bbox 1358 1912 1605 1981; x_wconf 86' lang='lat' dir='ltr'>salutaris</span> <span class='ocrx_word' id='word_1_152' title='bbox 1652 1920 1707 1981; x_wconf 89' lang='lat' dir='ltr'>et</span> <span class='ocrx_word' id='word_1_153' title='bbox 1757 1908 2148 1981; x_wconf 75' lang='lat' dir='ltr'>plenagaudio</span> 
     </span>
    </p>
   </div>
   <div class='ocr_carea' id='block_1_25' title="bbox 582 1978 2151 2051">
    <p class='ocr_par' dir='ltr' id='par_1_25' title="bbox 582 1978 2151 2051">
     <span class='ocr_line' id='line_1_25' title="bbox 582 1978 2151 2051; baseline -0.003 -15"><span class='ocrx_word' id='word_1_154' title='bbox 582 1978 760 2037; x_wconf 68' lang='lat' dir='ltr'>laetitia</span> <span class='ocrx_word' id='word_1_155' title='bbox 792 1978 1106 2051; x_wconf 64' lang='lat' dir='ltr'>possidebit.</span> <span class='ocrx_word' id='word_1_156' title='bbox 1132 1981 1299 2048; x_wconf 87' lang='lat' dir='ltr'>Quem</span> <span class='ocrx_word' id='word_1_157' title='bbox 1333 1980 1514 2033; x_wconf 74' lang='lat' dir='ltr'>acedia</span> <span class='ocrx_word' id='word_1_158' title='bbox 1550 1979 1809 2039; x_wconf 86' lang='lat' dir='ltr'>vastabat,</span> <span class='ocrx_word' id='word_1_159' title='bbox 1838 1978 2026 2051; x_wconf 67' lang='lat' dir='ltr'>incipit</span> <span class='ocrx_word' id='word_1_160' title='bbox 2056 1991 2151 2033; x_wconf 69' lang='lat' dir='ltr'>ex.</span> 
     </span>
    </p>
   </div>
   <div class='ocr_carea' id='block_1_26' title="bbox 580 2049 2150 2119">
    <p class='ocr_par' dir='ltr' id='par_1_26' title="bbox 580 2049 2150 2119">
     <span class='ocr_line' id='line_1_26' title="bbox 580 2049 2150 2119; baseline -0.001 -16"><span class='ocrx_word' id='word_1_161' title='bbox 580 2055 758 2108; x_wconf 86' lang='lat' dir='ltr'>colere</span> <span class='ocrx_word' id='word_1_162' title='bbox 790 2049 1084 2107; x_wconf 74' lang='lat' dir='ltr'>humilitas.</span> <span class='ocrx_word' id='word_1_163' title='bbox 1122 2053 1185 2105; x_wconf 87' lang='lat' dir='ltr'>Et</span> <span class='ocrx_word' id='word_1_164' title='bbox 1211 2053 1284 2105; x_wconf 87' lang='lat' dir='ltr'>ita</span> <span class='ocrx_word' id='word_1_165' title='bbox 1314 2052 1535 2119; x_wconf 84' lang='lat' dir='ltr'>singulis</span> <span class='ocrx_word' id='word_1_166' title='bbox 1586 2050 1729 2102; x_wconf 87' lang='lat' dir='ltr'>vitiis</span> <span class='ocrx_word' id='word_1_167' title='bbox 1759 2049 2016 2119; x_wconf 70' lang='lat' dir='ltr'>expuISIs,</span> <span class='ocrx_word' id='word_1_168' title='bbox 2047 2064 2150 2103; x_wconf 91' lang='lat' dir='ltr'>eo-</span> 
     </span>
    </p>
   </div>
   <div class='ocr_carea' id='block_1_27' title="bbox 581 2118 2147 2187">
    <p class='ocr_par' dir='ltr' id='par_1_27' title="bbox 581 2118 2147 2187">
     <span class='ocr_line' id='line_1_27' title="bbox 581 2118 2147 2187; baseline -0.001 -12"><span class='ocrx_word' id='word_1_169' title='bbox 581 2125 857 2187; x_wconf 81' lang='lat' dir='ltr'>ruin&#39;loc.i,</span> <span class='ocrx_word' id='word_1_170' title='bbox 889 2124 937 2177; x_wconf 87' lang='lat' dir='ltr'>id</span> <span class='ocrx_word' id='word_1_171' title='bbox 965 2132 1049 2177; x_wconf 89' lang='lat' dir='ltr'>est</span> <span class='ocrx_word' id='word_1_172' title='bbox 1077 2122 1296 2177; x_wconf 84' lang='lat' dir='ltr'>all‘ectus</span> <span class='ocrx_word' id='word_1_173' title='bbox 1316 2118 1643 2185; x_wconf 88' lang='lat' dir='ltr'>contrarios,</span> <span class='ocrx_word' id='word_1_174' title='bbox 1674 2118 2025 2187; x_wconf 83' lang='lat' dir='ltr'>possidebunt</span> <span class='ocrx_word' id='word_1_175' title='bbox 2054 2120 2147 2173; x_wconf 88' lang='lat' dir='ltr'>lilii</span> 
     </span>
    </p>
   </div>
   <div class='ocr_carea' id='block_1_28' title="bbox 580 2189 2148 2261">
    <p class='ocr_par' dir='ltr' id='par_1_28' title="bbox 580 2189 2148 2261">
     <span class='ocr_line' id='line_1_28' title="bbox 580 2189 2148 2261; baseline -0.002 -15"><span class='ocrx_word' id='word_1_176' title='bbox 580 2194 760 2261; x_wconf 75' lang='lat' dir='ltr'>Israel,</span> <span class='ocrx_word' id='word_1_177' title='bbox 808 2195 857 2247; x_wconf 91' lang='lat' dir='ltr'>id</span> <span class='ocrx_word' id='word_1_178' title='bbox 911 2204 1011 2256; x_wconf 87' lang='lat' dir='ltr'>est,</span> <span class='ocrx_word' id='word_1_179' title='bbox 1063 2194 1255 2247; x_wconf 70' lang='lat' dir='ltr'>animm</span> <span class='ocrx_word' id='word_1_180' title='bbox 1301 2191 1544 2246; x_wconf 88' lang='lat' dir='ltr'>videntes</span> <span class='ocrx_word' id='word_1_181' title='bbox 1576 2193 1781 2261; x_wconf 88' lang='lat' dir='ltr'>Deum.</span> <span class='ocrx_word' id='word_1_182' title='bbox 1831 2189 1963 2254; x_wconf 85' lang='lat' dir='ltr'>Quia</span> <span class='ocrx_word' id='word_1_183' title='bbox 2020 2204 2148 2258; x_wconf 82' lang='lat' dir='ltr'>ergo</span> 
     </span>
    </p>
   </div>
   <div class='ocr_carea' id='block_1_29' title="bbox 577 2260 2146 2333">
    <p class='ocr_par' dir='ltr' id='par_1_29' title="bbox 577 2260 2146 2333">
     <span class='ocr_line' id='line_1_29' title="bbox 577 2260 2146 2333; baseline 0 -20"><span class='ocrx_word' id='word_1_184' title='bbox 577 2260 915 2333; x_wconf 88' lang='lat' dir='ltr'>omnipotens</span> <span class='ocrx_word' id='word_1_185' title='bbox 954 2265 1090 2317; x_wconf 87' lang='lat' dir='ltr'>Deus</span> <span class='ocrx_word' id='word_1_186' title='bbox 1134 2262 1273 2332; x_wconf 87' lang='lat' dir='ltr'>quod</span> <span class='ocrx_word' id='word_1_187' title='bbox 1320 2260 1673 2330; x_wconf 86' lang='lat' dir='ltr'>corporaliter</span> <span class='ocrx_word' id='word_1_188' title='bbox 1704 2268 1956 2333; x_wconf 74' lang='lat' dir='ltr'>operatus</span> <span class='ocrx_word' id='word_1_189' title='bbox 1982 2270 2062 2333; x_wconf 84' lang='lat' dir='ltr'>est</span> <span class='ocrx_word' id='word_1_190' title='bbox 2093 2262 2146 2314; x_wconf 89' lang='lat' dir='ltr'>itt</span> 
     </span>
    </p>
   </div>
   <div class='ocr_carea' id='block_1_30' title="bbox 578 2328 2148 2403">
    <p class='ocr_par' dir='ltr' id='par_1_30' title="bbox 578 2328 2148 2403">
     <span class='ocr_line' id='line_1_30' title="bbox 578 2328 2148 2403; baseline -0.001 -18"><span class='ocrx_word' id='word_1_191' title='bbox 578 2328 807 2403; x_wconf 76' lang='lat' dir='ltr'>antiquis</span> <span class='ocrx_word' id='word_1_192' title='bbox 855 2334 1115 2401; x_wconf 86' lang='lat' dir='ltr'>patribus,</span> <span class='ocrx_word' id='word_1_193' title='bbox 1145 2328 1307 2388; x_wconf 74' lang='lat' dir='ltr'>etiam</span> <span class='ocrx_word' id='word_1_194' title='bbox 1357 2328 1497 2386; x_wconf 84' lang='lat' dir='ltr'>nunc</span> <span class='ocrx_word' id='word_1_195' title='bbox 1545 2332 1759 2403; x_wconf 80' lang='lat' dir='ltr'>operari</span> <span class='ocrx_word' id='word_1_196' title='bbox 1798 2328 2148 2403; x_wconf 81' lang='lat' dir='ltr'>spiritualiter</span> 
     </span>
    </p>
   </div>
   <div class='ocr_carea' id='block_1_31' title="bbox 578 2400 2145 2469">
    <p class='ocr_par' dir='ltr' id='par_1_31' title="bbox 578 2400 2145 2469">
     <span class='ocr_line' id='line_1_31' title="bbox 578 2400 2145 2469; baseline -0.003 -10"><span class='ocrx_word' id='word_1_197' title='bbox 578 2421 684 2459; x_wconf 91' lang='lat' dir='ltr'>non</span> <span class='ocrx_word' id='word_1_198' title='bbox 710 2400 905 2460; x_wconf 38' lang='lat' dir='ltr'>&#39;cessat</span> <span class='ocrx_word' id='word_1_199' title='bbox 944 2408 996 2460; x_wconf 87' lang='lat' dir='ltr'>iit</span> <span class='ocrx_word' id='word_1_200' title='bbox 1044 2404 1201 2459; x_wconf 89' lang='lat' dir='ltr'>nobis</span> <span class='ocrx_word' id='word_1_201' title='bbox 1227 2420 1239 2454; x_wconf 89' lang='lat'>:</span> <span class='ocrx_word' id='word_1_202' title='bbox 1268 2412 1411 2458; x_wconf 88' lang='lat' dir='ltr'>recte</span> <span class='ocrx_word' id='word_1_203' title='bbox 1449 2404 1497 2456; x_wconf 89' lang='lat' dir='ltr'>ei</span> <span class='ocrx_word' id='word_1_204' title='bbox 1546 2402 1673 2454; x_wconf 80' lang='lat' dir='ltr'>d.cit</span> <span class='ocrx_word' id='word_1_205' title='bbox 1724 2401 1962 2454; x_wconf 82' lang='lat' dir='ltr'>Ecclesia</span> <span class='ocrx_word' id='word_1_206' title='bbox 2006 2400 2145 2469; x_wconf 82' lang='lat' dir='ltr'>quod</span> 
     </span>
    </p>
   </div>
   <div class='ocr_carea' id='block_1_32' title="bbox 576 2476 850 2532">
    <p class='ocr_par' dir='ltr' id='par_1_32' title="bbox 576 2476 850 2532">
     <span class='ocr_line' id='line_1_32' title="bbox 576 2476 850 2532; baseline -0.018 0"><span class='ocrx_word' id='word_1_207' title='bbox 576 2476 818 2532; x_wconf 88' lang='lat' dir='ltr'>subditur</span> <span class='ocrx_word' id='word_1_208' title='bbox 838 2493 850 2527; x_wconf 91' lang='lat'>:</span> 
     </span>
    </p>
   </div>
   <div class='ocr_carea' id='block_1_33' title="bbox 647 2540 2148 2613">
    <p class='ocr_par' dir='ltr' id='par_1_33' title="bbox 647 2540 2148 2613">
     <span class='ocr_line' id='line_1_33' title="bbox 647 2540 2148 2613; baseline -0.003 -13"><span class='ocrx_word' id='word_1_209' title='bbox 647 2546 700 2600; x_wconf 84' lang='lat'>5.</span> <span class='ocrx_word' id='word_1_210' title='bbox 734 2546 812 2599; x_wconf 82' lang='lat' dir='ltr'>Tu</span> <span class='ocrx_word' id='word_1_211' title='bbox 850 2562 902 2599; x_wconf 91' lang='lat' dir='ltr'>es</span> <span class='ocrx_word' id='word_1_212' title='bbox 928 2545 1037 2613; x_wconf 86' lang='lat' dir='ltr'>ipse</span> <span class='ocrx_word' id='word_1_213' title='bbox 1065 2561 1155 2599; x_wconf 70' lang='lat' dir='ltr'>rex</span> <span class='ocrx_word' id='word_1_214' title='bbox 1189 2559 1326 2596; x_wconf 85' lang='lat' dir='ltr'>meus</span> <span class='ocrx_word' id='word_1_215' title='bbox 1366 2552 1412 2595; x_wconf 88' lang='lat' dir='ltr'>et</span> <span class='ocrx_word' id='word_1_216' title='bbox 1457 2542 1596 2613; x_wconf 82' lang='lat' dir='ltr'>Deus</span> <span class='ocrx_word' id='word_1_217' title='bbox 1637 2557 1796 2594; x_wconf 89' lang='lat' dir='ltr'>nteus.</span> <span class='ocrx_word' id='word_1_218' title='bbox 1827 2540 1905 2594; x_wconf 88' lang='lat' dir='ltr'>Tu</span> <span class='ocrx_word' id='word_1_219' title='bbox 1937 2556 1994 2595; x_wconf 91' lang='lat' dir='ltr'>es</span> <span class='ocrx_word' id='word_1_220' title='bbox 2036 2542 2148 2610; x_wconf 90' lang='lat' dir='ltr'>ipse</span> 
     </span>
    </p>
   </div>
   <div class='ocr_carea' id='block_1_34' title="bbox 579 2612 2143 2687">
    <p class='ocr_par' dir='ltr' id='par_1_34' title="bbox 579 2612 2143 2687">
     <span class='ocr_line' id='line_1_34' title="bbox 579 2612 2143 2687; baseline -0.004 -16"><span class='ocrx_word' id='word_1_221' title='bbox 579 2616 687 2683; x_wconf 80' lang='lat' dir='ltr'>(Ea:</span> <span class='ocrx_word' id='word_1_222' title='bbox 713 2616 1019 2687; x_wconf 83' lang='lat' dir='ltr'>Augustino)</span> <span class='ocrx_word' id='word_1_223' title='bbox 1044 2630 1148 2669; x_wconf 92' lang='lat' dir='ltr'>non</span> <span class='ocrx_word' id='word_1_224' title='bbox 1192 2622 1445 2667; x_wconf 87' lang='lat' dir='ltr'>mutatus.</span> <span class='ocrx_word' id='word_1_225' title='bbox 1477 2612 1738 2687; x_wconf 70' lang='lat' dir='ltr'>Tempora</span> <span class='ocrx_word' id='word_1_226' title='bbox 1771 2621 1969 2687; x_wconf 77' lang='lat' dir='ltr'>mutata</span> <span class='ocrx_word' id='word_1_227' title='bbox 1999 2623 2143 2687; x_wconf 85' lang='lat' dir='ltr'>sunt,</span> 
     </span>
    </p>
   </div>
   <div class='ocr_carea' id='block_1_35' title="bbox 577 2682 2145 2754">
    <p class='ocr_par' dir='ltr' id='par_1_35' title="bbox 577 2682 2145 2754">
     <span class='ocr_line' id='line_1_35' title="bbox 577 2682 2145 2754; baseline -0.004 -12"><span class='ocrx_word' id='word_1_228' title='bbox 577 2682 814 2742; x_wconf 60' lang='lat' dir='ltr'>Creator&#39;</span> <span class='ocrx_word' id='word_1_229' title='bbox 832 2682 1130 2754; x_wconf 88' lang='lat' dir='ltr'>temporum</span> <span class='ocrx_word' id='word_1_230' title='bbox 1178 2699 1283 2738; x_wconf 91' lang='lat' dir='ltr'>non</span> <span class='ocrx_word' id='word_1_231' title='bbox 1331 2691 1586 2736; x_wconf 90' lang='lat' dir='ltr'>mutatur.</span> <span class='ocrx_word' id='word_1_232' title='bbox 1638 2683 1717 2735; x_wconf 88' lang='lat' dir='ltr'>Tu</span> <span class='ocrx_word' id='word_1_233' title='bbox 1763 2698 1847 2736; x_wconf 91' lang='lat' dir='ltr'>me</span> <span class='ocrx_word' id='word_1_234' title='bbox 1878 2682 2021 2736; x_wconf 89' lang='lat' dir='ltr'>soles</span> <span class='ocrx_word' id='word_1_235' title='bbox 2050 2684 2145 2754; x_wconf 86' lang='lat' dir='ltr'>du-</span> 
     </span>
    </p>
   </div>
   <div class='ocr_carea' id='block_1_36' title="bbox 578 2753 2145 2820">
    <p class='ocr_par' dir='ltr' id='par_1_36' title="bbox 578 2753 2145 2820">
     <span class='ocr_line' id='line_1_36' title="bbox 578 2753 2145 2820; baseline -0.005 -8"><span class='ocrx_word' id='word_1_236' title='bbox 578 2772 721 2820; x_wconf 89' lang='lat' dir='ltr'>cere,</span> <span class='ocrx_word' id='word_1_237' title='bbox 754 2764 811 2810; x_wconf 90' lang='lat' dir='ltr'>ut</span> <span class='ocrx_word' id='word_1_238' title='bbox 840 2753 957 2809; x_wconf 72' lang='lat' dir='ltr'>Res</span> <span class='ocrx_word' id='word_1_239' title='bbox 980 2772 993 2809; x_wconf 89' lang='lat'><strong>:</strong></span> <span class='ocrx_word' id='word_1_240' title='bbox 1020 2765 1074 2809; x_wconf 94' lang='lat' dir='ltr'>tu</span> <span class='ocrx_word' id='word_1_241' title='bbox 1104 2755 1234 2810; x_wconf 87' lang='lat' dir='ltr'>milii</span> <span class='ocrx_word' id='word_1_242' title='bbox 1264 2754 1406 2807; x_wconf 91' lang='lat' dir='ltr'>soles</span> <span class='ocrx_word' id='word_1_243' title='bbox 1435 2754 1719 2807; x_wconf 88' lang='lat' dir='ltr'>subvenire</span> <span class='ocrx_word' id='word_1_244' title='bbox 1750 2761 1805 2806; x_wconf 91' lang='lat' dir='ltr'>ut</span> <span class='ocrx_word' id='word_1_245' title='bbox 1838 2754 1992 2806; x_wconf 91' lang='lat' dir='ltr'>Deus.</span> <span class='ocrx_word' id='word_1_246' title='bbox 2045 2753 2145 2817; x_wconf 84' lang='lat' dir='ltr'>Qui</span> 
     </span>
    </p>
   </div>
   <div class='ocr_carea' id='block_1_37' title="bbox 580 2823 2143 2891">
    <p class='ocr_par' dir='ltr' id='par_1_37' title="bbox 580 2823 2143 2891">
     <span class='ocr_line' id='line_1_37' title="bbox 580 2823 2143 2891; baseline -0.003 -11"><span class='ocrx_word' id='word_1_247' title='bbox 580 2827 795 2880; x_wconf 85' lang='lat' dir='ltr'>mandas</span> <span class='ocrx_word' id='word_1_248' title='bbox 825 2829 1011 2880; x_wconf 75' lang='lat' dir='ltr'>salutes</span> <span class='ocrx_word' id='word_1_249' title='bbox 1038 2824 1220 2880; x_wconf 81' lang='lat' dir='ltr'>Jacob.</span> <span class='ocrx_word' id='word_1_250' title='bbox 1253 2823 1389 2891; x_wconf 86' lang='lat' dir='ltr'>Quid</span> <span class='ocrx_word' id='word_1_251' title='bbox 1435 2833 1537 2888; x_wconf 90' lang='lat' dir='ltr'>est,</span> <span class='ocrx_word' id='word_1_252' title='bbox 1572 2824 1671 2889; x_wconf 79' lang='lat' dir='ltr'>Qui</span> <span class='ocrx_word' id='word_1_253' title='bbox 1698 2824 1909 2875; x_wconf 81' lang='lat' dir='ltr'>mandas</span> <span class='ocrx_word' id='word_1_254' title='bbox 1932 2825 1957 2875; x_wconf 87' lang='lat'><strong><em>?</em></strong></span> <span class='ocrx_word' id='word_1_255' title='bbox 1984 2833 2143 2876; x_wconf 82' lang='lat' dir='ltr'>etiam</span> 
     </span>
    </p>
   </div>
   <div class='ocr_carea' id='block_1_38' title="bbox 579 2895 2141 2966">
    <p class='ocr_par' dir='ltr' id='par_1_38' title="bbox 579 2895 2141 2966">
     <span class='ocr_line' id='line_1_38' title="bbox 579 2895 2141 2966; baseline -0.003 -15"><span class='ocrx_word' id='word_1_256' title='bbox 579 2899 838 2966; x_wconf 40' lang='lat' dir='ltr'>siitu&#39;per</span> <span class='ocrx_word' id='word_1_257' title='bbox 868 2907 1009 2966; x_wconf 89' lang='lat' dir='ltr'>tuam</span> <span class='ocrx_word' id='word_1_258' title='bbox 1042 2910 1258 2966; x_wconf 86' lang='lat' dir='ltr'>prorsus</span> <span class='ocrx_word' id='word_1_259' title='bbox 1288 2895 1635 2948; x_wconf 88' lang='lat' dir='ltr'>substantiam</span> <span class='ocrx_word' id='word_1_260' title='bbox 1678 2902 1835 2962; x_wconf 86' lang='lat' dir='ltr'>atque</span> <span class='ocrx_word' id='word_1_261' title='bbox 1873 2905 2141 2966; x_wconf 87' lang='lat' dir='ltr'>naturam,</span> 
     </span>
    </p>
   </div>
   <div class='ocr_carea' id='block_1_39' title="bbox 578 2965 2143 3036">
    <p class='ocr_par' dir='ltr' id='par_1_39' title="bbox 578 2965 2143 3036">
     <span class='ocr_line' id='line_1_39' title="bbox 578 2965 2143 3036; baseline -0.004 -14"><span class='ocrx_word' id='word_1_262' title='bbox 578 2984 679 3034; x_wconf 82' lang='lat' dir='ltr'>qua</span> <span class='ocrx_word' id='word_1_263' title='bbox 711 2965 769 3022; x_wconf 82' lang='lat' dir='ltr'>es</span> <span class='ocrx_word' id='word_1_264' title='bbox 800 2965 1050 3036; x_wconf 86' lang='lat' dir='ltr'>quicquid</span> <span class='ocrx_word' id='word_1_265' title='bbox 1093 2980 1184 3027; x_wconf 88' lang='lat' dir='ltr'>es,</span> <span class='ocrx_word' id='word_1_266' title='bbox 1215 2966 1455 3020; x_wconf 90' lang='lat' dir='ltr'>occultus</span> <span class='ocrx_word' id='word_1_267' title='bbox 1500 2980 1558 3017; x_wconf 90' lang='lat' dir='ltr'>es</span> <span class='ocrx_word' id='word_1_268' title='bbox 1584 2981 1595 3019; x_wconf 91' lang='lat'><strong>:</strong></span> <span class='ocrx_word' id='word_1_269' title='bbox 1621 2978 1719 3036; x_wconf 69' lang='lat' dir='ltr'>nec</span> <span class='ocrx_word' id='word_1_270' title='bbox 1752 2979 1846 3033; x_wconf 91' lang='lat' dir='ltr'>per</span> <span class='ocrx_word' id='word_1_271' title='bbox 1877 2965 1973 3017; x_wconf 89' lang='lat' dir='ltr'>lioc</span> <span class='ocrx_word' id='word_1_272' title='bbox 2004 2976 2143 3033; x_wconf 84' lang='lat' dir='ltr'>quot</span> 
     </span>
    </p>
   </div>
   <div class='ocr_carea' id='block_1_40' title="bbox 580 3034 2143 3106">
    <p class='ocr_par' dir='ltr' id='par_1_40' title="bbox 580 3034 2143 3106">
     <span class='ocr_line' id='line_1_40' title="bbox 580 3034 2143 3106; baseline -0.004 -13"><span class='ocrx_word' id='word_1_273' title='bbox 580 3054 660 3102; x_wconf 88' lang='lat' dir='ltr'>es,</span> <span class='ocrx_word' id='word_1_274' title='bbox 692 3034 977 3093; x_wconf 80' lang='lat' dir='ltr'>interfuisti</span> <span class='ocrx_word' id='word_1_275' title='bbox 1018 3036 1281 3106; x_wconf 87' lang='lat' dir='ltr'>patribus,</span> <span class='ocrx_word' id='word_1_276' title='bbox 1308 3045 1364 3089; x_wconf 92' lang='lat' dir='ltr'>ut</span> <span class='ocrx_word' id='word_1_277' title='bbox 1413 3036 1546 3089; x_wconf 85' lang='lat' dir='ltr'>facie</span> <span class='ocrx_word' id='word_1_278' title='bbox 1574 3035 1638 3087; x_wconf 91' lang='lat' dir='ltr'>ad</span> <span class='ocrx_word' id='word_1_279' title='bbox 1682 3034 1872 3089; x_wconf 82' lang='lat' dir='ltr'>faciem</span> <span class='ocrx_word' id='word_1_280' title='bbox 1914 3046 1966 3088; x_wconf 85' lang='lat' dir='ltr'>te</span> <span class='ocrx_word' id='word_1_281' title='bbox 1993 3038 2143 3086; x_wconf 78' lang='lat' dir='ltr'>vide-</span> 
     </span>
    </p>
   </div>
   <div class='ocr_carea' id='block_1_41' title="bbox 582 3106 2145 3177">
    <p class='ocr_par' dir='ltr' id='par_1_41' title="bbox 582 3106 2145 3177">
     <span class='ocr_line' id='line_1_41' title="bbox 582 3106 2145 3177; baseline -0.003 -15"><span class='ocrx_word' id='word_1_282' title='bbox 582 3117 945 3165; x_wconf 78' lang='lat' dir='ltr'>rentztamen</span> <span class='ocrx_word' id='word_1_283' title='bbox 998 3122 1091 3176; x_wconf 84' lang='lat' dir='ltr'>per</span> <span class='ocrx_word' id='word_1_284' title='bbox 1136 3106 1427 3177; x_wconf 88' lang='lat' dir='ltr'>quamlibet</span> <span class='ocrx_word' id='word_1_285' title='bbox 1470 3114 1874 3177; x_wconf 12' lang='lat' dir='ltr'>ereaturamitu</span> <span class='ocrx_word' id='word_1_286' title='bbox 1926 3109 2145 3157; x_wconf 82' lang='lat' dir='ltr'>mandas</span> 
     </span>
    </p>
   </div>
   <div class='ocr_carea' id='block_1_42' title="bbox 580 3176 2140 3245">
    <p class='ocr_par' dir='ltr' id='par_1_42' title="bbox 580 3176 2140 3245">
     <span class='ocr_line' id='line_1_42' title="bbox 580 3176 2140 3245; baseline -0.003 -12"><span class='ocrx_word' id='word_1_287' title='bbox 580 3179 780 3234; x_wconf 77' lang='lat' dir='ltr'>salutes</span> <span class='ocrx_word' id='word_1_288' title='bbox 808 3179 993 3234; x_wconf 86' lang='lat' dir='ltr'>Jacob.</span> <span class='ocrx_word' id='word_1_289' title='bbox 1022 3179 1134 3233; x_wconf 81' lang='lat' dir='ltr'>Non</span> <span class='ocrx_word' id='word_1_290' title='bbox 1156 3176 1334 3231; x_wconf 81' lang='lat' dir='ltr'>solum</span> <span class='ocrx_word' id='word_1_291' title='bbox 1354 3192 1448 3245; x_wconf 91' lang='lat' dir='ltr'>per</span> <span class='ocrx_word' id='word_1_292' title='bbox 1469 3185 1519 3229; x_wconf 89' lang='lat' dir='ltr'>te</span> <span class='ocrx_word' id='word_1_293' title='bbox 1542 3177 1690 3240; x_wconf 87' lang='lat' dir='ltr'>ades,</span> <span class='ocrx_word' id='word_1_294' title='bbox 1710 3176 1802 3229; x_wconf 90' lang='lat' dir='ltr'>sed</span> <span class='ocrx_word' id='word_1_295' title='bbox 1835 3190 1927 3244; x_wconf 90' lang='lat' dir='ltr'>per</span> <span class='ocrx_word' id='word_1_296' title='bbox 1958 3192 2140 3241; x_wconf 82' lang='lat' dir='ltr'>quain-</span> 
     </span>
    </p>
   </div>
   <div class='ocr_carea' id='block_1_43' title="bbox 580 3246 2217 3329">
    <p class='ocr_par' dir='ltr' id='par_1_43' title="bbox 580 3246 2217 3329">
     <span class='ocr_line' id='line_1_43' title="bbox 580 3246 2217 3329; baseline -0.004 -25"><span class='ocrx_word' id='word_1_297' title='bbox 580 3264 806 3329; x_wconf 77' lang='lat' dir='ltr'>cumque</span> <span class='ocrx_word' id='word_1_298' title='bbox 850 3258 1147 3304; x_wconf 88' lang='lat' dir='ltr'>creaturam</span> <span class='ocrx_word' id='word_1_299' title='bbox 1180 3246 1415 3313; x_wconf 77' lang='lat' dir='ltr'>affueris,</span> <span class='ocrx_word' id='word_1_300' title='bbox 1451 3256 1505 3301; x_wconf 92' lang='lat' dir='ltr'>tu</span> <span class='ocrx_word' id='word_1_301' title='bbox 1552 3248 1881 3329; x_wconf 65' lang='lat' dir='ltr'>inaudas,tit</span> <span class='ocrx_word' id='word_1_302' title='bbox 1914 3247 2001 3297; x_wconf 85' lang='lat' dir='ltr'>tiat</span> <span class='ocrx_word' id='word_1_303' title='bbox 2031 3248 2140 3329; x_wconf 71' lang='lat' dir='ltr'>lioc</span> <span class='ocrx_word' id='word_1_304' title='bbox 2175 3269 2217 3329; x_wconf 66' lang='grc' dir='ltr'><strong>ρ</strong></span> 
     </span>
    </p>
   </div>
   <div class='ocr_carea' id='block_1_44' title="bbox 582 3316 2146 3389">
    <p class='ocr_par' dir='ltr' id='par_1_44' title="bbox 582 3316 2146 3389">
     <span class='ocr_line' id='line_1_44' title="bbox 582 3316 2146 3389; baseline -0.004 -14"><span class='ocrx_word' id='word_1_305' title='bbox 582 3334 679 3389; x_wconf 82' lang='lat' dir='ltr'>pro</span> <span class='ocrx_word' id='word_1_306' title='bbox 715 3316 884 3374; x_wconf 81' lang='lat' dir='ltr'>salute</span> <span class='ocrx_word' id='word_1_307' title='bbox 927 3334 1202 3374; x_wconf 85' lang='lat' dir='ltr'>servorum</span> <span class='ocrx_word' id='word_1_308' title='bbox 1249 3328 1483 3382; x_wconf 91' lang='lat' dir='ltr'>tuorum,</span> <span class='ocrx_word' id='word_1_309' title='bbox 1528 3316 1669 3385; x_wconf 88' lang='lat' dir='ltr'>quod</span> <span class='ocrx_word' id='word_1_310' title='bbox 1720 3317 1917 3369; x_wconf 84' lang='lat' dir='ltr'>faciunt</span> <span class='ocrx_word' id='word_1_311' title='bbox 1953 3318 2146 3384; x_wconf 87' lang='lat' dir='ltr'>quibus</span> 
     </span>
    </p>
   </div>
   <div class='ocr_carea' id='block_1_45' title="bbox 581 3389 2145 3458">
    <p class='ocr_par' dir='ltr' id='par_1_45' title="bbox 581 3389 2145 3458">
     <span class='ocr_line' id='line_1_45' title="bbox 581 3389 2145 3458; baseline -0.002 -16"><span class='ocrx_word' id='word_1_312' title='bbox 581 3390 820 3444; x_wconf 87' lang='lat' dir='ltr'>mandas.</span> <span class='ocrx_word' id='word_1_313' title='bbox 868 3389 945 3443; x_wconf 82' lang='lat' dir='ltr'>Tu</span> <span class='ocrx_word' id='word_1_314' title='bbox 985 3407 1035 3444; x_wconf 84' lang='lat' dir='ltr'>es</span> <span class='ocrx_word' id='word_1_315' title='bbox 1063 3390 1189 3458; x_wconf 85' lang='lat' dir='ltr'>ipse,</span> <span class='ocrx_word' id='word_1_316' title='bbox 1218 3389 1408 3457; x_wconf 87' lang='lat' dir='ltr'>inquit,</span> <span class='ocrx_word' id='word_1_317' title='bbox 1443 3403 1534 3457; x_wconf 90' lang='lat' dir='ltr'>per</span> <span class='ocrx_word' id='word_1_318' title='bbox 1563 3402 1721 3457; x_wconf 90' lang='lat' dir='ltr'>quem</span> <span class='ocrx_word' id='word_1_319' title='bbox 1771 3398 1948 3455; x_wconf 84' lang='lat' dir='ltr'>patres</span> <span class='ocrx_word' id='word_1_320' title='bbox 1977 3389 2145 3439; x_wconf 78' lang='lat' dir='ltr'>nostri</span> 
     </span>
    </p>
   </div>
   <div class='ocr_carea' id='block_1_46' title="bbox 581 3459 2148 3524">
    <p class='ocr_par' dir='ltr' id='par_1_46' title="bbox 581 3459 2148 3524">
     <span class='ocr_line' id='line_1_46' title="bbox 581 3459 2148 3524; baseline -0.004 -8"><span class='ocrx_word' id='word_1_321' title='bbox 581 3462 827 3516; x_wconf 83' lang='lat' dir='ltr'>inimicos</span> <span class='ocrx_word' id='word_1_322' title='bbox 872 3474 999 3514; x_wconf 90' lang='lat' dir='ltr'>suos</span> <span class='ocrx_word' id='word_1_323' title='bbox 1040 3459 1439 3519; x_wconf 79' lang='lat' dir='ltr'>destruxerunt,</span> <span class='ocrx_word' id='word_1_324' title='bbox 1484 3474 1573 3510; x_wconf 74' lang='lat' dir='ltr'>rex</span> <span class='ocrx_word' id='word_1_325' title='bbox 1615 3474 1775 3522; x_wconf 86' lang='lat' dir='ltr'>meus,</span> <span class='ocrx_word' id='word_1_326' title='bbox 1825 3472 2015 3524; x_wconf 81' lang='lat' dir='ltr'>regens</span> <span class='ocrx_word' id='word_1_327' title='bbox 2066 3473 2148 3509; x_wconf 83' lang='lat' dir='ltr'>me</span> 
     </span>
    </p>
   </div>
   <div class='ocr_carea' id='block_1_47' title="bbox 581 3529 2146 3599">
    <p class='ocr_par' dir='ltr' id='par_1_47' title="bbox 581 3529 2146 3599">
     <span class='ocr_line' id='line_1_47' title="bbox 581 3529 2146 3599; baseline -0.006 -13"><span class='ocrx_word' id='word_1_328' title='bbox 581 3531 938 3599; x_wconf 89' lang='lat' dir='ltr'>spiritualiter</span> <span class='ocrx_word' id='word_1_329' title='bbox 967 3531 1267 3599; x_wconf 84' lang='lat' dir='ltr'>secundum</span> <span class='ocrx_word' id='word_1_330' title='bbox 1305 3530 1477 3582; x_wconf 90' lang='lat' dir='ltr'>bonos</span> <span class='ocrx_word' id='word_1_331' title='bbox 1522 3543 1698 3581; x_wconf 90' lang='lat' dir='ltr'>mores</span> <span class='ocrx_word' id='word_1_332' title='bbox 1728 3535 1782 3579; x_wconf 89' lang='lat' dir='ltr'>et</span> <span class='ocrx_word' id='word_1_333' title='bbox 1812 3529 2055 3599; x_wconf 61' lang='lat' dir='ltr'>virtutes,</span> <span class='ocrx_word' id='word_1_334' title='bbox 2092 3539 2146 3579; x_wconf 85' lang='lat' dir='ltr'>ut</span> 
     </span>
    </p>
   </div>
   <div class='ocr_carea' id='block_1_48' title="bbox 581 3598 2148 3670">
    <p class='ocr_par' dir='ltr' id='par_1_48' title="bbox 581 3598 2148 3670">
     <span class='ocr_line' id='line_1_48' title="bbox 581 3598 2148 3670; baseline -0.004 -15"><span class='ocrx_word' id='word_1_335' title='bbox 581 3598 686 3670; x_wconf 87' lang='lat' dir='ltr'>iatn</span> <span class='ocrx_word' id='word_1_336' title='bbox 720 3616 825 3655; x_wconf 91' lang='lat' dir='ltr'>non</span> <span class='ocrx_word' id='word_1_337' title='bbox 855 3600 1159 3654; x_wconf 87' lang='lat' dir='ltr'>dominetur</span> <span class='ocrx_word' id='word_1_338' title='bbox 1184 3598 1307 3651; x_wconf 88' lang='lat' dir='ltr'>tttilii</span> <span class='ocrx_word' id='word_1_339' title='bbox 1339 3600 1606 3664; x_wconf 78' lang='lat' dir='ltr'>diabolus,</span> <span class='ocrx_word' id='word_1_340' title='bbox 1638 3612 1737 3651; x_wconf 89' lang='lat' dir='ltr'>nec</span> <span class='ocrx_word' id='word_1_341' title='bbox 1782 3598 1905 3670; x_wconf 88' lang='lat' dir='ltr'>vitia</span> <span class='ocrx_word' id='word_1_342' title='bbox 1934 3612 1948 3649; x_wconf 87' lang='lat'><strong>:</strong></span> <span class='ocrx_word' id='word_1_343' title='bbox 1978 3613 2148 3661; x_wconf 71' lang='lat' dir='ltr'>neque</span> 
     </span>
    </p>
   </div>
   <div class='ocr_carea' id='block_1_49' title="bbox 583 3667 2143 3740">
    <p class='ocr_par' dir='ltr' id='par_1_49' title="bbox 583 3667 2143 3740">
     <span class='ocr_line' id='line_1_49' title="bbox 583 3667 2143 3740; baseline -0.004 -16"><span class='ocrx_word' id='word_1_344' title='bbox 583 3667 768 3740; x_wconf 79' lang='lat' dir='ltr'>regnet</span> <span class='ocrx_word' id='word_1_345' title='bbox 796 3680 1068 3739; x_wconf 87' lang='lat' dir='ltr'>peccatum</span> <span class='ocrx_word' id='word_1_346' title='bbox 1097 3670 1147 3723; x_wconf 89' lang='lat' dir='ltr'>iti</span> <span class='ocrx_word' id='word_1_347' title='bbox 1174 3684 1292 3723; x_wconf 91' lang='lat' dir='ltr'>meo</span> <span class='ocrx_word' id='word_1_348' title='bbox 1336 3672 1545 3722; x_wconf 71' lang='lat' dir='ltr'>mortali</span> <span class='ocrx_word' id='word_1_349' title='bbox 1577 3682 1801 3731; x_wconf 68' lang='lat' dir='ltr'>corpore</span> <span class='ocrx_word' id='word_1_350' title='bbox 1830 3667 2006 3740; x_wconf 74' lang='lat' dir='ltr'>(ltum.</span> <span class='ocrx_word' id='word_1_351' title='bbox 2042 3670 2143 3731; x_wconf 80' lang='lat'>6.).</span> 
     </span>
    </p>
   </div>
   <div class='ocr_carea' id='block_1_50' title="bbox 585 3738 2147 3808">
    <p class='ocr_par' dir='ltr' id='par_1_50' title="bbox 585 3738 2147 3808">
     <span class='ocr_line' id='line_1_50' title="bbox 585 3738 2147 3808; baseline -0.003 -15"><span class='ocrx_word' id='word_1_352' title='bbox 585 3738 665 3793; x_wconf 68' lang='lat' dir='ltr'>Et</span> <span class='ocrx_word' id='word_1_353' title='bbox 699 3738 834 3794; x_wconf 80' lang='lat' dir='ltr'>Deus</span> <span class='ocrx_word' id='word_1_354' title='bbox 877 3757 1037 3807; x_wconf 82' lang='lat' dir='ltr'>meus,</span> <span class='ocrx_word' id='word_1_355' title='bbox 1062 3740 1180 3808; x_wconf 87' lang='lat' dir='ltr'>quia</span> <span class='ocrx_word' id='word_1_356' title='bbox 1227 3751 1276 3792; x_wconf 90' lang='lat' dir='ltr'>te</span> <span class='ocrx_word' id='word_1_357' title='bbox 1318 3742 1504 3803; x_wconf 84' lang='lat' dir='ltr'>adoro,</span> <span class='ocrx_word' id='word_1_358' title='bbox 1538 3748 1587 3791; x_wconf 85' lang='lat' dir='ltr'>te</span> <span class='ocrx_word' id='word_1_359' title='bbox 1634 3742 1771 3798; x_wconf 87' lang='lat' dir='ltr'>culo,</span> <span class='ocrx_word' id='word_1_360' title='bbox 1801 3738 1887 3804; x_wconf 86' lang='lat' dir='ltr'>qui</span> <span class='ocrx_word' id='word_1_361' title='bbox 1929 3740 2147 3808; x_wconf 78' lang='lat' dir='ltr'>mundos</span> 
     </span>
    </p>
   </div>
   <div class='ocr_carea' id='block_1_51' title="bbox 583 3807 2147 3878">
    <p class='ocr_par' dir='ltr' id='par_1_51' title="bbox 583 3807 2147 3878">
     <span class='ocr_line' id='line_1_51' title="bbox 583 3807 2147 3878; baseline -0.004 -13"><span class='ocrx_word' id='word_1_362' title='bbox 583 3814 774 3865; x_wconf 81' lang='lat' dir='ltr'>salutes</span> <span class='ocrx_word' id='word_1_363' title='bbox 800 3809 979 3875; x_wconf 76' lang='lat' dir='ltr'>Iacob,</span> <span class='ocrx_word' id='word_1_364' title='bbox 1008 3807 1191 3874; x_wconf 83' lang='lat' dir='ltr'>idest,</span> <span class='ocrx_word' id='word_1_365' title='bbox 1219 3812 1305 3878; x_wconf 90' lang='lat' dir='ltr'>qui</span> <span class='ocrx_word' id='word_1_366' title='bbox 1352 3825 1445 3878; x_wconf 91' lang='lat' dir='ltr'>per</span> <span class='ocrx_word' id='word_1_367' title='bbox 1491 3809 1743 3861; x_wconf 83' lang='lat' dir='ltr'>salutaria</span> <span class='ocrx_word' id='word_1_368' title='bbox 1783 3807 2027 3878; x_wconf 81' lang='lat' dir='ltr'>mandata</span> <span class='ocrx_word' id='word_1_369' title='bbox 2062 3817 2147 3860; x_wconf 91' lang='lat' dir='ltr'>tua</span> 
     </span>
    </p>
   </div>
   <div class='ocr_carea' id='block_1_52' title="bbox 584 3877 2148 3952">
    <p class='ocr_par' dir='ltr' id='par_1_52' title="bbox 584 3877 2148 3952">
     <span class='ocr_line' id='line_1_52' title="bbox 584 3877 2148 3952; baseline -0.004 -17"><span class='ocrx_word' id='word_1_370' title='bbox 584 3883 757 3935; x_wconf 89' lang='lat' dir='ltr'>salvas</span> <span class='ocrx_word' id='word_1_371' title='bbox 782 3897 874 3935; x_wconf 89' lang='lat' dir='ltr'>eos</span> <span class='ocrx_word' id='word_1_372' title='bbox 904 3886 990 3952; x_wconf 88' lang='lat' dir='ltr'>qui</span> <span class='ocrx_word' id='word_1_373' title='bbox 1040 3877 1305 3935; x_wconf 83' lang='lat' dir='ltr'>luctantur</span> <span class='ocrx_word' id='word_1_374' title='bbox 1332 3877 1385 3934; x_wconf 82' lang='lat' dir='ltr'>et</span> <span class='ocrx_word' id='word_1_375' title='bbox 1412 3882 1538 3932; x_wconf 88' lang='lat' dir='ltr'>vitia</span> <span class='ocrx_word' id='word_1_376' title='bbox 1573 3879 1947 3952; x_wconf 70' lang='lat' dir='ltr'>supplantant.</span> <span class='ocrx_word' id='word_1_377' title='bbox 1983 3877 2148 3930; x_wconf 85' lang='lat' dir='ltr'>Jacob</span> 
     </span>
    </p>
   </div>
   <div class='ocr_carea' id='block_1_53' title="bbox 584 3948 2147 4023">
    <p class='ocr_par' dir='ltr' id='par_1_53' title="bbox 584 3948 2147 4023">
     <span class='ocr_line' id='line_1_53' title="bbox 584 3948 2147 4023; baseline -0.003 -17"><span class='ocrx_word' id='word_1_378' title='bbox 584 3953 724 4023; x_wconf 83' lang='lat' dir='ltr'>enim</span> <span class='ocrx_word' id='word_1_379' title='bbox 753 3948 1109 4023; x_wconf 83' lang='lat' dir='ltr'>supplantator</span> <span class='ocrx_word' id='word_1_380' title='bbox 1138 3954 1536 4019; x_wconf 89' lang='lat' dir='ltr'>interpretatur.</span> <span class='ocrx_word' id='word_1_381' title='bbox 1570 3948 1671 4002; x_wconf 89' lang='lat' dir='ltr'>lsta</span> <span class='ocrx_word' id='word_1_382' title='bbox 1704 3948 1969 4016; x_wconf 67' lang='lat' dir='ltr'>prieterita</span> <span class='ocrx_word' id='word_1_383' title='bbox 1995 3962 2147 4002; x_wconf 90' lang='lat' dir='ltr'>sunt:</span> 
     </span>
    </p>
   </div>
   <div class='ocr_carea' id='block_1_54' title="bbox 584 4020 1155 4092">
    <p class='ocr_par' dir='ltr' id='par_1_54' title="bbox 584 4020 1155 4092">
     <span class='ocr_line' id='line_1_54' title="bbox 584 4020 1155 4092; baseline -0.005 -15"><span class='ocrx_word' id='word_1_384' title='bbox 584 4026 651 4077; x_wconf 89' lang='lat' dir='ltr'>de</span> <span class='ocrx_word' id='word_1_385' title='bbox 673 4020 859 4078; x_wconf 80' lang='lat' dir='ltr'>futuro</span> <span class='ocrx_word' id='word_1_386' title='bbox 876 4023 999 4092; x_wconf 92' lang='lat' dir='ltr'>quid</span> <span class='ocrx_word' id='word_1_387' title='bbox 1022 4023 1155 4077; x_wconf 80' lang='lat' dir='ltr'>erit?</span> 
     </span>
    </p>
   </div>
   <div class='ocr_carea' id='block_1_55' title="bbox 655 4089 2149 4148">
    <p class='ocr_par' dir='ltr' id='par_1_55' title="bbox 655 4089 2149 4148">
     <span class='ocr_line' id='line_1_55' title="bbox 655 4089 2149 4148; baseline -0.002 -1"><span class='ocrx_word' id='word_1_388' title='bbox 655 4093 707 4148; x_wconf 88' lang='lat'>6.</span> <span class='ocrx_word' id='word_1_389' title='bbox 737 4092 802 4147; x_wconf 89' lang='lat' dir='ltr'>In</span> <span class='ocrx_word' id='word_1_390' title='bbox 842 4089 905 4147; x_wconf 66' lang='lat' dir='ltr'>te</span> <span class='ocrx_word' id='word_1_391' title='bbox 935 4094 1163 4146; x_wconf 75' lang='lat' dir='ltr'>inimicos</span> <span class='ocrx_word' id='word_1_392' title='bbox 1202 4100 1398 4144; x_wconf 84' lang='lat' dir='ltr'>nostros</span> <span class='ocrx_word' id='word_1_393' title='bbox 1426 4090 1776 4142; x_wconf 78' lang='lat' dir='ltr'>vcntilabimus</span> <span class='ocrx_word' id='word_1_394' title='bbox 1809 4104 1985 4145; x_wconf 84' lang='lat' dir='ltr'>cornu.</span> <span class='ocrx_word' id='word_1_395' title='bbox 2018 4089 2071 4143; x_wconf 91' lang='lat' dir='ltr'>In</span> <span class='ocrx_word' id='word_1_396' title='bbox 2099 4099 2149 4144; x_wconf 92' lang='lat' dir='ltr'>te</span> 
     </span>
    </p>
   </div>
   <div class='ocr_carea' id='block_1_56' title="bbox 584 4162 2144 4231">
    <p class='ocr_par' dir='ltr' id='par_1_56' title="bbox 584 4162 2144 4231">
     <span class='ocr_line' id='line_1_56' title="bbox 584 4162 2144 4231; baseline -0.004 -13"><span class='ocrx_word' id='word_1_397' title='bbox 584 4179 750 4218; x_wconf 91' lang='lat' dir='ltr'>cornu</span> <span class='ocrx_word' id='word_1_398' title='bbox 781 4173 984 4231; x_wconf 86' lang='lat' dir='ltr'>nostro,</span> <span class='ocrx_word' id='word_1_399' title='bbox 1010 4164 1059 4216; x_wconf 95' lang='lat' dir='ltr'>id</span> <span class='ocrx_word' id='word_1_400' title='bbox 1091 4162 1520 4225; x_wconf 81' lang='lat' dir='ltr'>est,fortitudiue</span> <span class='ocrx_word' id='word_1_401' title='bbox 1541 4176 1592 4214; x_wconf 91' lang='lat' dir='ltr'>et</span> <span class='ocrx_word' id='word_1_402' title='bbox 1614 4162 1923 4215; x_wconf 79' lang='lat' dir='ltr'>defensione</span> <span class='ocrx_word' id='word_1_403' title='bbox 1943 4171 2144 4221; x_wconf 82' lang='lat' dir='ltr'>nostra,</span> 
     </span>
    </p>
   </div>
   <div class='ocr_carea' id='block_1_57' title="bbox 586 4232 2147 4300">
    <p class='ocr_par' dir='ltr' id='par_1_57' title="bbox 586 4232 2147 4300">
     <span class='ocr_line' id='line_1_57' title="bbox 586 4232 2147 4300; baseline -0.003 -13"><span class='ocrx_word' id='word_1_404' title='bbox 586 4235 955 4299; x_wconf 75' lang='lat' dir='ltr'>uentilabimus,</span> <span class='ocrx_word' id='word_1_405' title='bbox 987 4235 1036 4288; x_wconf 87' lang='lat' dir='ltr'>id</span> <span class='ocrx_word' id='word_1_406' title='bbox 1066 4241 1167 4298; x_wconf 90' lang='lat' dir='ltr'>est,</span> <span class='ocrx_word' id='word_1_407' title='bbox 1204 4232 1540 4300; x_wconf 85' lang='lat' dir='ltr'>projiciemus</span> <span class='ocrx_word' id='word_1_408' title='bbox 1565 4241 1615 4284; x_wconf 91' lang='lat' dir='ltr'>et</span> <span class='ocrx_word' id='word_1_409' title='bbox 1656 4232 2022 4297; x_wconf 70' lang='lat' dir='ltr'>dispergemits</span> <span class='ocrx_word' id='word_1_410' title='bbox 2054 4234 2147 4283; x_wconf 33' lang='lat' dir='ltr'>tni‘</span> 
     </span>
    </p>
   </div>
   <div class='ocr_carea' id='block_1_58' title="bbox 591 4302 2147 4371">
    <p class='ocr_par' dir='ltr' id='par_1_58' title="bbox 591 4302 2147 4371">
     <span class='ocr_line' id='line_1_58' title="bbox 591 4302 2147 4371; baseline -0.003 -13"><span class='ocrx_word' id='word_1_411' title='bbox 591 4310 757 4360; x_wconf 88' lang='lat' dir='ltr'>micos</span> <span class='ocrx_word' id='word_1_412' title='bbox 786 4315 1016 4369; x_wconf 91' lang='lat' dir='ltr'>nostros,</span> <span class='ocrx_word' id='word_1_413' title='bbox 1046 4315 1151 4357; x_wconf 90' lang='lat' dir='ltr'>tam</span> <span class='ocrx_word' id='word_1_414' title='bbox 1178 4305 1419 4356; x_wconf 90' lang='lat' dir='ltr'>carnales</span> <span class='ocrx_word' id='word_1_415' title='bbox 1450 4317 1605 4371; x_wconf 90' lang='lat' dir='ltr'>quam</span> <span class='ocrx_word' id='word_1_416' title='bbox 1639 4302 1940 4366; x_wconf 89' lang='lat' dir='ltr'>spirituales</span> <span class='ocrx_word' id='word_1_417' title='bbox 1967 4318 1979 4353; x_wconf 92' lang='lat'><strong>:</strong></span> <span class='ocrx_word' id='word_1_418' title='bbox 2009 4302 2147 4368; x_wconf 86' lang='lat' dir='ltr'>quod</span> 
     </span>
    </p>
   </div>
   <div class='ocr_carea' id='block_1_59' title="bbox 590 4371 2151 4446">
    <p class='ocr_par' dir='ltr' id='par_1_59' title="bbox 590 4371 2151 4446">
     <span class='ocr_line' id='line_1_59' title="bbox 590 4371 2151 4446; baseline -0.003 -18"><span class='ocrx_word' id='word_1_419' title='bbox 590 4376 679 4430; x_wconf 88' lang='lat' dir='ltr'>liet</span> <span class='ocrx_word' id='word_1_420' title='bbox 710 4377 762 4431; x_wconf 90' lang='lat' dir='ltr'>in</span> <span class='ocrx_word' id='word_1_421' title='bbox 789 4375 1013 4446; x_wconf 82' lang='lat' dir='ltr'>judicio,</span> <span class='ocrx_word' id='word_1_422' title='bbox 1048 4376 1135 4446; x_wconf 81' lang='lat' dir='ltr'>ubi</span> <span class='ocrx_word' id='word_1_423' title='bbox 1180 4374 1349 4446; x_wconf 87' lang='lat' dir='ltr'>sancti</span> <span class='ocrx_word' id='word_1_424' title='bbox 1381 4374 1597 4446; x_wconf 82' lang='lat' dir='ltr'>perfecti</span> <span class='ocrx_word' id='word_1_425' title='bbox 1628 4372 1723 4446; x_wconf 80' lang='lat' dir='ltr'>viri</span> <span class='ocrx_word' id='word_1_426' title='bbox 1746 4371 2036 4446; x_wconf 79' lang='lat' dir='ltr'>judicando</span> <span class='ocrx_word' id='word_1_427' title='bbox 2066 4388 2151 4424; x_wconf 86' lang='lat' dir='ltr'>se-</span> 
     </span>
    </p>
   </div>
   <div class='ocr_carea' id='block_1_60' title="bbox 587 4442 2149 4514">
    <p class='ocr_par' dir='ltr' id='par_1_60' title="bbox 587 4442 2149 4514">
     <span class='ocr_line' id='line_1_60' title="bbox 587 4442 2149 4514; baseline -0.003 -16"><span class='ocrx_word' id='word_1_428' title='bbox 587 4442 849 4514; x_wconf 81' lang='lat' dir='ltr'>parabuitt</span> <span class='ocrx_word' id='word_1_429' title='bbox 874 4448 1041 4500; x_wconf 88' lang='lat' dir='ltr'>malos</span> <span class='ocrx_word' id='word_1_430' title='bbox 1064 4459 1089 4495; x_wconf 90' lang='lat' dir='ltr'>a</span> <span class='ocrx_word' id='word_1_431' title='bbox 1115 4444 1292 4514; x_wconf 84' lang='lat' dir='ltr'>bonis,</span> <span class='ocrx_word' id='word_1_432' title='bbox 1321 4442 1589 4514; x_wconf 79' lang='lat' dir='ltr'>quomodo</span> <span class='ocrx_word' id='word_1_433' title='bbox 1618 4444 1810 4509; x_wconf 89' lang='lat' dir='ltr'>aliquis</span> <span class='ocrx_word' id='word_1_434' title='bbox 1840 4442 2149 4493; x_wconf 81' lang='lat' dir='ltr'>ventilaudo</span> 
     </span>
    </p>
   </div>
   <div class='ocr_carea' id='block_1_61' title="bbox 586 4512 2150 4585">
    <p class='ocr_par' dir='ltr' id='par_1_61' title="bbox 586 4512 2150 4585">
     <span class='ocr_line' id='line_1_61' title="bbox 586 4512 2150 4585; baseline -0.002 -20"><span class='ocrx_word' id='word_1_435' title='bbox 586 4512 775 4570; x_wconf 83' lang='lat' dir='ltr'>dividit</span> <span class='ocrx_word' id='word_1_436' title='bbox 806 4517 980 4585; x_wconf 80' lang='lat' dir='ltr'>paleas</span> <span class='ocrx_word' id='word_1_437' title='bbox 1005 4529 1035 4567; x_wconf 89' lang='lat' dir='ltr'>a</span> <span class='ocrx_word' id='word_1_438' title='bbox 1063 4512 1256 4585; x_wconf 69' lang='lat' dir='ltr'>granis</span> <span class='ocrx_word' id='word_1_439' title='bbox 1293 4512 1503 4579; x_wconf 80' lang='lat' dir='ltr'>(Matth.</span> <span class='ocrx_word' id='word_1_440' title='bbox 1534 4514 1693 4585; x_wconf 60' lang='grc' dir='ltr'>Διῖιτ).</span> <span class='ocrx_word' id='word_1_441' title='bbox 1748 4514 1856 4585; x_wconf 76' lang='lat' dir='ltr'>Hoc</span> <span class='ocrx_word' id='word_1_442' title='bbox 1885 4520 1968 4564; x_wconf 87' lang='lat' dir='ltr'>est</span> <span class='ocrx_word' id='word_1_443' title='bbox 2011 4514 2150 4579; x_wconf 89' lang='lat' dir='ltr'>quod</span> 
     </span>
    </p>
   </div>
   <div class='ocr_carea' id='block_1_62' title="bbox 586 4580 2125 4652">
    <p class='ocr_par' dir='ltr' id='par_1_62' title="bbox 586 4580 2125 4652">
     <span class='ocr_line' id='line_1_62' title="bbox 586 4580 2125 4652; baseline -0.004 -13"><span class='ocrx_word' id='word_1_444' title='bbox 586 4580 845 4640; x_wconf 81' lang='lat' dir='ltr'>Dominus</span> <span class='ocrx_word' id='word_1_445' title='bbox 874 4580 1150 4652; x_wconf 80' lang='lat' dir='ltr'>discipulis</span> <span class='ocrx_word' id='word_1_446' title='bbox 1180 4583 1290 4635; x_wconf 87' lang='lat' dir='ltr'>suis</span> <span class='ocrx_word' id='word_1_447' title='bbox 1314 4580 1593 4649; x_wconf 89' lang='lat' dir='ltr'>promittit,</span> <span class='ocrx_word' id='word_1_448' title='bbox 1616 4583 1820 4643; x_wconf 78' lang='lat' dir='ltr'>diei-us,</span> <span class='ocrx_word' id='word_1_449' title='bbox 1848 4582 1900 4632; x_wconf 94' lang='lat' dir='ltr'>In</span> <span class='ocrx_word' id='word_1_450' title='bbox 1931 4596 2125 4652; x_wconf 78' lang='lat' dir='ltr'>regetie</span> 
     </span>
    </p>
   </div>
   <div class='ocr_carea' id='block_1_63' title="bbox 2255 577 3809 653">
    <p class='ocr_par' dir='ltr' id='par_1_63' title="bbox 2255 577 3809 653">
     <span class='ocr_line' id='line_1_63' title="bbox 2255 577 3809 653; baseline 0.005 -24"><span class='ocrx_word' id='word_1_451' title='bbox 2255 577 2340 629; x_wconf 71' lang='lat' dir='ltr'>tiae</span> <span class='ocrx_word' id='word_1_452' title='bbox 2370 594 2481 653; x_wconf 77' lang='lat' dir='ltr'>suae</span> <span class='ocrx_word' id='word_1_453' title='bbox 2505 579 2779 653; x_wconf 58' lang='lat' dir='ltr'>innititur.</span> <span class='ocrx_word' id='word_1_454' title='bbox 2811 577 2958 635; x_wconf 84' lang='lat' dir='ltr'>Unde</span> <span class='ocrx_word' id='word_1_455' title='bbox 2979 581 3232 653; x_wconf 88' lang='lat' dir='ltr'>scriptum</span> <span class='ocrx_word' id='word_1_456' title='bbox 3255 591 3359 646; x_wconf 85' lang='lat' dir='ltr'>est,</span> <span class='ocrx_word' id='word_1_457' title='bbox 3385 577 3479 636; x_wconf 55' lang='lat' dir='ltr'>Vai&#39;</span> <span class='ocrx_word' id='word_1_458' title='bbox 3497 577 3809 653; x_wconf 41' lang='lat' dir='ltr'>qui-sapien</span> 
     </span>
    </p>
   </div>
   <div class='ocr_carea' id='block_1_64' title="bbox 2253 648 3825 723">
    <p class='ocr_par' dir='ltr' id='par_1_64' title="bbox 2253 648 3825 723">
     <span class='ocr_line' id='line_1_64' title="bbox 2253 648 3825 723; baseline 0.008 -26"><span class='ocrx_word' id='word_1_459' title='bbox 2253 655 2330 700; x_wconf 89' lang='lat' dir='ltr'>tes</span> <span class='ocrx_word' id='word_1_460' title='bbox 2370 648 2509 723; x_wconf 78' lang='lat' dir='ltr'>estis</span> <span class='ocrx_word' id='word_1_461' title='bbox 2552 649 2619 723; x_wconf 89' lang='lat' dir='ltr'>in_</span> <span class='ocrx_word' id='word_1_462' title='bbox 2645 650 2813 723; x_wconf 86' lang='lat' dir='ltr'>oculis</span> <span class='ocrx_word' id='word_1_463' title='bbox 2861 652 3071 723; x_wconf 88' lang='lat' dir='ltr'>vestris,</span> <span class='ocrx_word' id='word_1_464' title='bbox 3102 661 3153 703; x_wconf 94' lang='lat' dir='ltr'>et</span> <span class='ocrx_word' id='word_1_465' title='bbox 3197 666 3381 723; x_wconf 88' lang='lat' dir='ltr'>coram</span> <span class='ocrx_word' id='word_1_466' title='bbox 3429 648 3825 723; x_wconf 53' lang='lat' dir='ltr'>vobismet&#39;ipsis</span> 
     </span>
    </p>
   </div>
   <div class='ocr_carea' id='block_1_65' title="bbox 2253 718 3825 789">
    <p class='ocr_par' dir='ltr' id='par_1_65' title="bbox 2253 718 3825 789">
     <span class='ocr_line' id='line_1_65' title="bbox 2253 718 3825 789; baseline 0.006 -21"><span class='ocrx_word' id='word_1_467' title='bbox 2253 718 2538 783; x_wconf 88' lang='lat' dir='ltr'>prudentes</span> <span class='ocrx_word' id='word_1_468' title='bbox 2569 718 2720 787; x_wconf 86' lang='lat' dir='ltr'>(Isai.</span> <span class='ocrx_word' id='word_1_469' title='bbox 2746 722 2846 789; x_wconf 84' lang='lat'>5.).</span> <span class='ocrx_word' id='word_1_470' title='bbox 2874 722 2988 785; x_wconf 83' lang='lat' dir='ltr'>Quo</span> <span class='ocrx_word' id='word_1_471' title='bbox 3018 729 3204 774; x_wconf 91' lang='lat' dir='ltr'>contra</span> <span class='ocrx_word' id='word_1_472' title='bbox 3233 722 3489 776; x_wconf 84' lang='lat' dir='ltr'>Salomon</span> <span class='ocrx_word' id='word_1_473' title='bbox 3520 738 3621 777; x_wconf 91' lang='lat' dir='ltr'>nos</span> <span class='ocrx_word' id='word_1_474' title='bbox 3648 718 3825 777; x_wconf 83' lang='lat' dir='ltr'>admo-</span> 
     </span>
    </p>
   </div>
   <div class='ocr_carea' id='block_1_66' title="bbox 2252 789 3827 852">
    <p class='ocr_par' dir='ltr' id='par_1_66' title="bbox 2252 789 3827 852">
     <span class='ocr_line' id='line_1_66' title="bbox 2252 789 3827 852; baseline 0.007 -14"><span class='ocrx_word' id='word_1_475' title='bbox 2252 796 2361 852; x_wconf 90' lang='lat' dir='ltr'>net,</span> <span class='ocrx_word' id='word_1_476' title='bbox 2395 789 2576 842; x_wconf 82' lang='lat' dir='ltr'>dicens</span> <span class='ocrx_word' id='word_1_477' title='bbox 2603 808 2617 843; x_wconf 89' lang='lat'>:</span> <span class='ocrx_word' id='word_1_478' title='bbox 2644 790 2788 843; x_wconf 88' lang='lat' dir='ltr'>Habe</span> <span class='ocrx_word' id='word_1_479' title='bbox 2818 791 3061 843; x_wconf 86' lang='lat' dir='ltr'>fiduciam</span> <span class='ocrx_word' id='word_1_480' title='bbox 3092 791 3145 844; x_wconf 93' lang='lat' dir='ltr'>in</span> <span class='ocrx_word' id='word_1_481' title='bbox 3180 791 3402 845; x_wconf 90' lang='lat' dir='ltr'>Domino</span> <span class='ocrx_word' id='word_1_482' title='bbox 3432 805 3501 846; x_wconf 85' lang='lat' dir='ltr'>ex</span> <span class='ocrx_word' id='word_1_483' title='bbox 3530 801 3645 847; x_wconf 88' lang='lat' dir='ltr'>toto</span> <span class='ocrx_word' id='word_1_484' title='bbox 3674 796 3827 849; x_wconf 88' lang='lat' dir='ltr'>corde</span> 
     </span>
    </p>
   </div>
   <div class='ocr_carea' id='block_1_67' title="bbox 2252 859 3825 932">
    <p class='ocr_par' dir='ltr' id='par_1_67' title="bbox 2252 859 3825 932">
     <span class='ocr_line' id='line_1_67' title="bbox 2252 859 3825 932; baseline 0.005 -22"><span class='ocrx_word' id='word_1_485' title='bbox 2252 867 2362 921; x_wconf 90' lang='lat' dir='ltr'>tuo,</span> <span class='ocrx_word' id='word_1_486' title='bbox 2390 868 2443 911; x_wconf 87' lang='lat' dir='ltr'>et</span> <span class='ocrx_word' id='word_1_487' title='bbox 2485 873 2552 911; x_wconf 92' lang='lat' dir='ltr'>ne</span> <span class='ocrx_word' id='word_1_488' title='bbox 2602 859 2846 932; x_wconf 84' lang='lat' dir='ltr'>innitaris</span> <span class='ocrx_word' id='word_1_489' title='bbox 2895 861 3191 932; x_wconf 61' lang='lat' dir='ltr'>prudentiae</span> <span class='ocrx_word' id='word_1_490' title='bbox 3222 871 3326 914; x_wconf 64' lang='lat' dir='ltr'>tua:</span> <span class='ocrx_word' id='word_1_491' title='bbox 3363 860 3551 932; x_wconf 81' lang='lat' dir='ltr'>(Prov.</span> <span class='ocrx_word' id='word_1_492' title='bbox 3579 864 3685 932; x_wconf 79' lang='lat'>3.).</span> <span class='ocrx_word' id='word_1_493' title='bbox 3718 864 3825 918; x_wconf 78' lang='lat' dir='ltr'>Non</span> 
     </span>
    </p>
   </div>
   <div class='ocr_carea' id='block_1_68' title="bbox 2251 930 3827 1001">
    <p class='ocr_par' dir='ltr' id='par_1_68' title="bbox 2251 930 3827 1001">
     <span class='ocr_line' id='line_1_68' title="bbox 2251 930 3827 1001; baseline 0.005 -22"><span class='ocrx_word' id='word_1_494' title='bbox 2251 936 2430 1001; x_wconf 77' lang='lat' dir='ltr'>sperat</span> <span class='ocrx_word' id='word_1_495' title='bbox 2456 943 2583 996; x_wconf 79' lang='lat' dir='ltr'>ergo</span> <span class='ocrx_word' id='word_1_496' title='bbox 2609 930 2661 983; x_wconf 88' lang='lat' dir='ltr'>itt</span> <span class='ocrx_word' id='word_1_497' title='bbox 2694 945 2817 982; x_wconf 83' lang='lat' dir='ltr'>arru</span> <span class='ocrx_word' id='word_1_498' title='bbox 2860 946 2977 996; x_wconf 89' lang='lat' dir='ltr'>suo,</span> <span class='ocrx_word' id='word_1_499' title='bbox 3006 932 3101 1001; x_wconf 75' lang='lat' dir='ltr'>qui</span> <span class='ocrx_word' id='word_1_500' title='bbox 3133 930 3184 984; x_wconf 90' lang='lat' dir='ltr'>in</span> <span class='ocrx_word' id='word_1_501' title='bbox 3216 930 3381 986; x_wconf 14' lang='lat' dir='ltr'>sensui</span> <span class='ocrx_word' id='word_1_502' title='bbox 3412 946 3511 985; x_wconf 93' lang='lat' dir='ltr'>suo</span> <span class='ocrx_word' id='word_1_503' title='bbox 3540 941 3596 985; x_wconf 92' lang='lat' dir='ltr'>et</span> <span class='ocrx_word' id='word_1_504' title='bbox 3620 930 3673 987; x_wconf 86' lang='lat' dir='ltr'>in</span> <span class='ocrx_word' id='word_1_505' title='bbox 3710 950 3827 1001; x_wconf 56' lang='lat' dir='ltr'>pro.</span> 
     </span>
    </p>
   </div>
   <div class='ocr_carea' id='block_1_69' title="bbox 2252 997 3826 1071">
    <p class='ocr_par' dir='ltr' id='par_1_69' title="bbox 2252 997 3826 1071">
     <span class='ocr_line' id='line_1_69' title="bbox 2252 997 3826 1071; baseline 0.004 -22"><span class='ocrx_word' id='word_1_506' title='bbox 2252 997 2429 1051; x_wconf 88' lang='lat' dir='ltr'>dentia</span> <span class='ocrx_word' id='word_1_507' title='bbox 2458 1014 2549 1051; x_wconf 88' lang='lat' dir='ltr'>sua</span> <span class='ocrx_word' id='word_1_508' title='bbox 2585 1014 2687 1053; x_wconf 94' lang='lat' dir='ltr'>non</span> <span class='ocrx_word' id='word_1_509' title='bbox 2718 1001 2955 1071; x_wconf 82' lang='lat' dir='ltr'>confidit.</span> <span class='ocrx_word' id='word_1_510' title='bbox 2994 1000 3058 1053; x_wconf 88' lang='lat' dir='ltr'>Et</span> <span class='ocrx_word' id='word_1_511' title='bbox 3094 1001 3298 1071; x_wconf 84' lang='lat' dir='ltr'>gladius</span> <span class='ocrx_word' id='word_1_512' title='bbox 3332 1018 3497 1067; x_wconf 87' lang='lat' dir='ltr'>meus,</span> <span class='ocrx_word' id='word_1_513' title='bbox 3522 1001 3574 1055; x_wconf 90' lang='lat' dir='ltr'>id</span> <span class='ocrx_word' id='word_1_514' title='bbox 3606 997 3721 1071; x_wconf 57' lang='lat' dir='ltr'>est,</span> <span class='ocrx_word' id='word_1_515' title='bbox 3744 1019 3826 1056; x_wconf 86' lang='lat' dir='ltr'>ar-</span> 
     </span>
    </p>
   </div>
   <div class='ocr_carea' id='block_1_70' title="bbox 2253 1070 3827 1140">
    <p class='ocr_par' dir='ltr' id='par_1_70' title="bbox 2253 1070 3827 1140">
     <span class='ocr_line' id='line_1_70' title="bbox 2253 1070 3827 1140; baseline 0.006 -22"><span class='ocrx_word' id='word_1_516' title='bbox 2253 1077 2457 1140; x_wconf 78' lang='lat' dir='ltr'>matura</span> <span class='ocrx_word' id='word_1_517' title='bbox 2492 1084 2629 1133; x_wconf 89' lang='lat' dir='ltr'>mea,</span> <span class='ocrx_word' id='word_1_518' title='bbox 2661 1070 2913 1123; x_wconf 87' lang='lat' dir='ltr'>fortitudo</span> <span class='ocrx_word' id='word_1_519' title='bbox 2945 1070 3216 1134; x_wconf 28' lang='lat' dir='ltr'>ntea,’non</span> <span class='ocrx_word' id='word_1_520' title='bbox 3248 1072 3463 1124; x_wconf 83' lang='lat' dir='ltr'>salvabit</span> <span class='ocrx_word' id='word_1_521' title='bbox 3504 1088 3605 1125; x_wconf 87' lang='lat' dir='ltr'>me.</span> <span class='ocrx_word' id='word_1_522' title='bbox 3636 1070 3827 1140; x_wconf 88' lang='lat' dir='ltr'>Quem-</span> 
     </span>
    </p>
   </div>
   <div class='ocr_carea' id='block_1_71' title="bbox 2252 1136 3823 1209">
    <p class='ocr_par' dir='ltr' id='par_1_71' title="bbox 2252 1136 3823 1209">
     <span class='ocr_line' id='line_1_71' title="bbox 2252 1136 3823 1209; baseline 0.007 -23"><span class='ocrx_word' id='word_1_523' title='bbox 2252 1136 2535 1209; x_wconf 76' lang='lat' dir='ltr'>admodum</span> <span class='ocrx_word' id='word_1_524' title='bbox 2567 1149 2619 1191; x_wconf 75' lang='grc' dir='ltr'>ιιι</span> <span class='ocrx_word' id='word_1_525' title='bbox 2642 1150 2819 1207; x_wconf 82' lang='lat' dir='ltr'>patres</span> <span class='ocrx_word' id='word_1_526' title='bbox 2852 1140 3017 1194; x_wconf 86' lang='lat' dir='ltr'>nostri</span> <span class='ocrx_word' id='word_1_527' title='bbox 3046 1156 3149 1194; x_wconf 93' lang='lat' dir='ltr'>non</span> <span class='ocrx_word' id='word_1_528' title='bbox 3175 1149 3300 1195; x_wconf 90' lang='lat' dir='ltr'>sunt</span> <span class='ocrx_word' id='word_1_529' title='bbox 3323 1142 3375 1194; x_wconf 90' lang='lat' dir='ltr'>in</span> <span class='ocrx_word' id='word_1_530' title='bbox 3403 1141 3583 1209; x_wconf 82' lang='lat' dir='ltr'>gladio</span> <span class='ocrx_word' id='word_1_531' title='bbox 3612 1136 3823 1197; x_wconf 73' lang='lat' dir='ltr'>salvati.</span> 
     </span>
    </p>
   </div>
   <div class='ocr_carea' id='block_1_72' title="bbox 2254 1206 3825 1276">
    <p class='ocr_par' dir='ltr' id='par_1_72' title="bbox 2254 1206 3825 1276">
     <span class='ocr_line' id='line_1_72' title="bbox 2254 1206 3825 1276; baseline 0.007 -18"><span class='ocrx_word' id='word_1_532' title='bbox 2254 1206 2375 1259; x_wconf 71' lang='lat' dir='ltr'>Hinc</span> <span class='ocrx_word' id='word_1_533' title='bbox 2414 1217 2537 1259; x_wconf 84' lang='lat' dir='ltr'>Stlul.</span> <span class='ocrx_word' id='word_1_534' title='bbox 2580 1206 2707 1273; x_wconf 79' lang='lat' dir='ltr'>duo,</span> <span class='ocrx_word' id='word_1_535' title='bbox 2737 1211 2787 1260; x_wconf 90' lang='lat' dir='ltr'>in</span> <span class='ocrx_word' id='word_1_536' title='bbox 2820 1212 3010 1276; x_wconf 84' lang='lat' dir='ltr'>quibus</span> <span class='ocrx_word' id='word_1_537' title='bbox 3052 1211 3206 1266; x_wconf 87' lang='lat' dir='ltr'>valde</span> <span class='ocrx_word' id='word_1_538' title='bbox 3256 1206 3533 1265; x_wconf 81' lang='lat' dir='ltr'>confidunt</span> <span class='ocrx_word' id='word_1_539' title='bbox 3586 1214 3825 1269; x_wconf 83' lang='lat' dir='ltr'>homines</span> 
     </span>
    </p>
   </div>
   <div class='ocr_carea' id='block_1_73' title="bbox 2252 1278 3825 1348">
    <p class='ocr_par' dir='ltr' id='par_1_73' title="bbox 2252 1278 3825 1348">
     <span class='ocr_line' id='line_1_73' title="bbox 2252 1278 3825 1348; baseline 0.006 -21"><span class='ocrx_word' id='word_1_540' title='bbox 2252 1279 2431 1330; x_wconf 60' lang='lat' dir='ltr'>sa&#39;culi</span> <span class='ocrx_word' id='word_1_541' title='bbox 2459 1294 2473 1331; x_wconf 89' lang='lat'><strong>:</strong></span> <span class='ocrx_word' id='word_1_542' title='bbox 2500 1278 2552 1330; x_wconf 92' lang='lat' dir='ltr'>iu</span> <span class='ocrx_word' id='word_1_543' title='bbox 2598 1279 2885 1333; x_wconf 82' lang='lat' dir='ltr'>calliditate</span> <span class='ocrx_word' id='word_1_544' title='bbox 2932 1282 3140 1348; x_wconf 87' lang='lat' dir='ltr'>propria</span> <span class='ocrx_word' id='word_1_545' title='bbox 3168 1322 3182 1345; x_wconf 88' lang='lat'>,</span> <span class='ocrx_word' id='word_1_546' title='bbox 3209 1290 3264 1335; x_wconf 91' lang='lat' dir='ltr'>et</span> <span class='ocrx_word' id='word_1_547' title='bbox 3314 1283 3530 1336; x_wconf 91' lang='lat' dir='ltr'>virtute.</span> <span class='ocrx_word' id='word_1_548' title='bbox 3574 1281 3680 1335; x_wconf 90' lang='lat' dir='ltr'>Sed</span> <span class='ocrx_word' id='word_1_549' title='bbox 3730 1282 3825 1338; x_wconf 88' lang='lat' dir='ltr'>iste</span> 
     </span>
    </p>
   </div>
   <div class='ocr_carea' id='block_1_74' title="bbox 2252 1348 3825 1427">
    <p class='ocr_par' dir='ltr' id='par_1_74' title="bbox 2252 1348 3825 1427">
     <span class='ocr_line' id='line_1_74' title="bbox 2252 1348 3825 1427; baseline 0.006 -30"><span class='ocrx_word' id='word_1_550' title='bbox 2252 1354 2413 1427; x_wconf 77' lang='lat' dir='ltr'>totam</span> <span class='ocrx_word' id='word_1_551' title='bbox 2445 1348 2789 1401; x_wconf 67' lang='lat' dir='ltr'>salvation&#39;m</span> <span class='ocrx_word' id='word_1_552' title='bbox 2817 1366 2975 1422; x_wconf 46' lang='lat' dir='ltr'>suam.</span> <span class='ocrx_word' id='word_1_553' title='bbox 3000 1353 3048 1403; x_wconf 93' lang='lat' dir='ltr'>iu</span> <span class='ocrx_word' id='word_1_554' title='bbox 3088 1353 3193 1406; x_wconf 91' lang='lat' dir='ltr'>Deo</span> <span class='ocrx_word' id='word_1_555' title='bbox 3217 1352 3516 1418; x_wconf 86' lang='lat' dir='ltr'>constituit,</span> <span class='ocrx_word' id='word_1_556' title='bbox 3542 1366 3666 1406; x_wconf 89' lang='lat' dir='ltr'>cum</span> <span class='ocrx_word' id='word_1_557' title='bbox 3704 1355 3825 1406; x_wconf 83' lang='lat' dir='ltr'>sub-</span> 
     </span>
    </p>
   </div>
   <div class='ocr_carea' id='block_1_75' title="bbox 2247 1426 2460 1485">
    <p class='ocr_par' dir='ltr' id='par_1_75' title="bbox 2247 1426 2460 1485">
     <span class='ocr_line' id='line_1_75' title="bbox 2247 1426 2460 1485; baseline 0.014 -19"><span class='ocrx_word' id='word_1_558' title='bbox 2247 1426 2422 1485; x_wconf 65' lang='lat' dir='ltr'>pingit</span> <span class='ocrx_word' id='word_1_559' title='bbox 2448 1434 2460 1468; x_wconf 86' lang='lat'><strong>:</strong></span> 
     </span>
    </p>
   </div>
   <div class='ocr_carea' id='block_1_76' title="bbox 2322 1486 3824 1560">
    <p class='ocr_par' dir='ltr' id='par_1_76' title="bbox 2322 1486 3824 1560">
     <span class='ocr_line' id='line_1_76' title="bbox 2322 1486 3824 1560; baseline 0.006 -23"><span class='ocrx_word' id='word_1_560' title='bbox 2322 1486 2373 1539; x_wconf 84' lang='lat'>8.</span> <span class='ocrx_word' id='word_1_561' title='bbox 2419 1487 2641 1560; x_wconf 71' lang='lat' dir='ltr'>Sulcasti</span> <span class='ocrx_word' id='word_1_562' title='bbox 2671 1490 2804 1541; x_wconf 88' lang='lat' dir='ltr'>enim</span> <span class='ocrx_word' id='word_1_563' title='bbox 2834 1492 2924 1542; x_wconf 83' lang='lat' dir='ltr'>nos</span> <span class='ocrx_word' id='word_1_564' title='bbox 2957 1491 3029 1560; x_wconf 84' lang='lat' dir='ltr'>de</span> <span class='ocrx_word' id='word_1_565' title='bbox 3069 1489 3398 1560; x_wconf 75' lang='lat' dir='ltr'>aﬂlt&#39;gentibus</span> <span class='ocrx_word' id='word_1_566' title='bbox 3429 1506 3539 1544; x_wconf 90' lang='lat' dir='ltr'>nos.</span> <span class='ocrx_word' id='word_1_567' title='bbox 3581 1489 3824 1546; x_wconf 64' lang='lat' dir='ltr'>Praeteri-</span> 
     </span>
    </p>
   </div>
   <div class='ocr_carea' id='block_1_77' title="bbox 2253 1558 3820 1628">
    <p class='ocr_par' dir='ltr' id='par_1_77' title="bbox 2253 1558 3820 1628">
     <span class='ocr_line' id='line_1_77' title="bbox 2253 1558 3820 1628; baseline 0.004 -19"><span class='ocrx_word' id='word_1_568' title='bbox 2253 1564 2362 1609; x_wconf 92' lang='lat' dir='ltr'>tum</span> <span class='ocrx_word' id='word_1_569' title='bbox 2406 1558 2554 1625; x_wconf 90' lang='lat' dir='ltr'>ponit</span> <span class='ocrx_word' id='word_1_570' title='bbox 2585 1574 2679 1623; x_wconf 89' lang='lat' dir='ltr'>pro</span> <span class='ocrx_word' id='word_1_571' title='bbox 2722 1560 2917 1612; x_wconf 79' lang='lat' dir='ltr'>futuro.</span> <span class='ocrx_word' id='word_1_572' title='bbox 2952 1559 3089 1614; x_wconf 87' lang='lat' dir='ltr'>Usus</span> <span class='ocrx_word' id='word_1_573' title='bbox 3115 1558 3269 1614; x_wconf 87' lang='lat' dir='ltr'>euim</span> <span class='ocrx_word' id='word_1_574' title='bbox 3309 1562 3691 1628; x_wconf 85' lang='lat' dir='ltr'>pr0pltetarum</span> <span class='ocrx_word' id='word_1_575' title='bbox 3720 1574 3820 1627; x_wconf 90' lang='lat' dir='ltr'>est,</span> 
     </span>
    </p>
   </div>
   <div class='ocr_carea' id='block_1_78' title="bbox 2251 1628 3824 1697">
    <p class='ocr_par' dir='ltr' id='par_1_78' title="bbox 2251 1628 3824 1697">
     <span class='ocr_line' id='line_1_78' title="bbox 2251 1628 3824 1697; baseline 0.005 -18"><span class='ocrx_word' id='word_1_576' title='bbox 2251 1628 2329 1679; x_wconf 86' lang='lat' dir='ltr'>sic</span> <span class='ocrx_word' id='word_1_577' title='bbox 2352 1628 2592 1695; x_wconf 83' lang='lat' dir='ltr'>qua-dam</span> <span class='ocrx_word' id='word_1_578' title='bbox 2628 1630 2873 1696; x_wconf 76' lang='lat' dir='ltr'>priescire</span> <span class='ocrx_word' id='word_1_579' title='bbox 2896 1631 3094 1696; x_wconf 86' lang='lat' dir='ltr'>futura,</span> <span class='ocrx_word' id='word_1_580' title='bbox 3123 1640 3175 1683; x_wconf 90' lang='lat' dir='ltr'>et</span> <span class='ocrx_word' id='word_1_581' title='bbox 3197 1642 3301 1683; x_wconf 91' lang='lat' dir='ltr'>tam</span> <span class='ocrx_word' id='word_1_582' title='bbox 3335 1641 3485 1683; x_wconf 91' lang='lat' dir='ltr'>certa</span> <span class='ocrx_word' id='word_1_583' title='bbox 3513 1631 3733 1697; x_wconf 82' lang='lat' dir='ltr'>habere,</span> <span class='ocrx_word' id='word_1_584' title='bbox 3763 1649 3824 1688; x_wconf 88' lang='lat' dir='ltr'>ac</span> 
     </span>
    </p>
   </div>
   <div class='ocr_carea' id='block_1_79' title="bbox 2250 1696 3822 1765">
    <p class='ocr_par' dir='ltr' id='par_1_79' title="bbox 2250 1696 3822 1765">
     <span class='ocr_line' id='line_1_79' title="bbox 2250 1696 3822 1765; baseline 0.004 -16"><span class='ocrx_word' id='word_1_585' title='bbox 2250 1698 2295 1749; x_wconf 91' lang='lat' dir='ltr'>si</span> <span class='ocrx_word' id='word_1_586' title='bbox 2320 1696 2430 1765; x_wconf 87' lang='lat' dir='ltr'>jam</span> <span class='ocrx_word' id='word_1_587' title='bbox 2460 1703 2567 1750; x_wconf 84' lang='lat' dir='ltr'>sitit</span> <span class='ocrx_word' id='word_1_588' title='bbox 2596 1702 2884 1764; x_wconf 65' lang='lat' dir='ltr'>praeterita.</span> <span class='ocrx_word' id='word_1_589' title='bbox 2925 1704 2998 1753; x_wconf 85' lang='lat' dir='ltr'>Ac</span> <span class='ocrx_word' id='word_1_590' title='bbox 3028 1700 3074 1753; x_wconf 91' lang='lat' dir='ltr'>si</span> <span class='ocrx_word' id='word_1_591' title='bbox 3098 1700 3301 1755; x_wconf 88' lang='lat' dir='ltr'>diceret</span> <span class='ocrx_word' id='word_1_592' title='bbox 3330 1717 3342 1751; x_wconf 91' lang='lat'><strong>:</strong></span> <span class='ocrx_word' id='word_1_593' title='bbox 3369 1700 3617 1755; x_wconf 88' lang='lat' dir='ltr'>Salvabis</span> <span class='ocrx_word' id='word_1_594' title='bbox 3646 1696 3741 1755; x_wconf 91' lang='lat' dir='ltr'>nos</span> <span class='ocrx_word' id='word_1_595' title='bbox 3773 1706 3822 1756; x_wconf 90' lang='lat' dir='ltr'>in</span> 
     </span>
    </p>
   </div>
   <div class='ocr_carea' id='block_1_80' title="bbox 2254 1766 3824 1840">
    <p class='ocr_par' dir='ltr' id='par_1_80' title="bbox 2254 1766 3824 1840">
     <span class='ocr_line' id='line_1_80' title="bbox 2254 1766 3824 1840; baseline 0.004 -21"><span class='ocrx_word' id='word_1_596' title='bbox 2254 1766 2432 1840; x_wconf 87' lang='lat' dir='ltr'>futuro</span> <span class='ocrx_word' id='word_1_597' title='bbox 2459 1768 2526 1821; x_wconf 91' lang='lat' dir='ltr'>ab</span> <span class='ocrx_word' id='word_1_598' title='bbox 2558 1769 2639 1822; x_wconf 88' lang='lat' dir='ltr'>liis</span> <span class='ocrx_word' id='word_1_599' title='bbox 2668 1770 2755 1839; x_wconf 89' lang='lat' dir='ltr'>qui</span> <span class='ocrx_word' id='word_1_600' title='bbox 2782 1771 2941 1824; x_wconf 89' lang='lat' dir='ltr'>modo</span> <span class='ocrx_word' id='word_1_601' title='bbox 2969 1780 3182 1839; x_wconf 90' lang='lat' dir='ltr'>propter</span> <span class='ocrx_word' id='word_1_602' title='bbox 3224 1780 3275 1824; x_wconf 87' lang='lat' dir='ltr'>te</span> <span class='ocrx_word' id='word_1_603' title='bbox 3318 1770 3564 1840; x_wconf 81' lang='lat' dir='ltr'>afﬂigunt</span> <span class='ocrx_word' id='word_1_604' title='bbox 3600 1786 3717 1825; x_wconf 92' lang='lat' dir='ltr'>nos.</span> <span class='ocrx_word' id='word_1_605' title='bbox 3760 1772 3824 1827; x_wconf 78' lang='lat' dir='ltr'>Et</span> 
     </span>
    </p>
   </div>
   <div class='ocr_carea' id='block_1_81' title="bbox 2254 1839 3823 1909">
    <p class='ocr_par' dir='ltr' id='par_1_81' title="bbox 2254 1839 3823 1909">
     <span class='ocr_line' id='line_1_81' title="bbox 2254 1839 3823 1909; baseline 0.003 -20"><span class='ocrx_word' id='word_1_606' title='bbox 2254 1839 2477 1892; x_wconf 87' lang='lat' dir='ltr'>odientes</span> <span class='ocrx_word' id='word_1_607' title='bbox 2528 1854 2620 1891; x_wconf 91' lang='lat' dir='ltr'>nos</span> <span class='ocrx_word' id='word_1_608' title='bbox 2658 1840 2955 1909; x_wconf 81' lang='lat' dir='ltr'>confudisti,</span> <span class='ocrx_word' id='word_1_609' title='bbox 2987 1842 3034 1894; x_wconf 89' lang='lat' dir='ltr'>id</span> <span class='ocrx_word' id='word_1_610' title='bbox 3066 1850 3149 1894; x_wconf 90' lang='lat' dir='ltr'>est</span> <span class='ocrx_word' id='word_1_611' title='bbox 3189 1839 3598 1907; x_wconf 81' lang='lat' dir='ltr'>perseverantes</span> <span class='ocrx_word' id='word_1_612' title='bbox 3627 1844 3679 1895; x_wconf 89' lang='lat' dir='ltr'>iii</span> <span class='ocrx_word' id='word_1_613' title='bbox 3705 1844 3823 1896; x_wconf 86' lang='lat' dir='ltr'>odio</span> 
     </span>
    </p>
   </div>
   <div class='ocr_carea' id='block_1_82' title="bbox 2184 1884 3822 1975">
    <p class='ocr_par' dir='ltr' id='par_1_82' title="bbox 2184 1884 3822 1975">
     <span class='ocr_line' id='line_1_82' title="bbox 2184 1884 3822 1975; baseline 0.005 -16"><span class='ocrx_word' id='word_1_614' title='bbox 2184 1884 2227 1942; x_wconf 72' lang='grc' dir='ltr'><strong>Β</strong></span> <span class='ocrx_word' id='word_1_615' title='bbox 2257 1916 2440 1961; x_wconf 91' lang='lat' dir='ltr'>nostro</span> <span class='ocrx_word' id='word_1_616' title='bbox 2473 1884 2786 1970; x_wconf 44' lang='lat' dir='ltr'>confundesf,</span> <span class='ocrx_word' id='word_1_617' title='bbox 2818 1920 2870 1963; x_wconf 87' lang='lat' dir='ltr'>et</span> <span class='ocrx_word' id='word_1_618' title='bbox 2915 1884 3230 1965; x_wconf 52' lang='lat' dir='ltr'>e’rubesecr&#39;e</span> <span class='ocrx_word' id='word_1_619' title='bbox 3272 1911 3457 1975; x_wconf 80' lang='lat' dir='ltr'>facies,</span> <span class='ocrx_word' id='word_1_620' title='bbox 3490 1914 3822 1967; x_wconf 84' lang='lat' dir='ltr'>ostendendo</span> 
     </span>
    </p>
   </div>
   <div class='ocr_carea' id='block_1_83' title="bbox 2250 1978 3820 2049">
    <p class='ocr_par' dir='ltr' id='par_1_83' title="bbox 2250 1978 3820 2049">
     <span class='ocr_line' id='line_1_83' title="bbox 2250 1978 3820 2049; baseline 0.004 -19"><span class='ocrx_word' id='word_1_621' title='bbox 2250 1978 2327 2031; x_wconf 85' lang='lat' dir='ltr'>eis</span> <span class='ocrx_word' id='word_1_622' title='bbox 2350 1979 2481 2031; x_wconf 90' lang='lat' dir='ltr'>mala</span> <span class='ocrx_word' id='word_1_623' title='bbox 2514 1994 2633 2047; x_wconf 77' lang='lat' dir='ltr'>qua:</span> <span class='ocrx_word' id='word_1_624' title='bbox 2669 1983 2925 2043; x_wconf 88' lang='lat' dir='ltr'>fecerunt,</span> <span class='ocrx_word' id='word_1_625' title='bbox 2958 1982 3150 2034; x_wconf 89' lang='lat' dir='ltr'>damna</span> <span class='ocrx_word' id='word_1_626' title='bbox 3186 1986 3444 2035; x_wconf 89' lang='lat' dir='ltr'>bonorum</span> <span class='ocrx_word' id='word_1_627' title='bbox 3482 1997 3604 2049; x_wconf 67' lang='lat' dir='ltr'>quae</span> <span class='ocrx_word' id='word_1_628' title='bbox 3636 1984 3820 2037; x_wconf 78' lang='lat' dir='ltr'>amise-</span> 
     </span>
    </p>
   </div>
   <div class='ocr_carea' id='block_1_84' title="bbox 2249 2051 3816 2120">
    <p class='ocr_par' dir='ltr' id='par_1_84' title="bbox 2249 2051 3816 2120">
     <span class='ocr_line' id='line_1_84' title="bbox 2249 2051 3816 2120; baseline 0.006 -21"><span class='ocrx_word' id='word_1_629' title='bbox 2249 2059 2395 2120; x_wconf 80' lang='lat' dir='ltr'>runt,</span> <span class='ocrx_word' id='word_1_630' title='bbox 2425 2064 2606 2115; x_wconf 66' lang='lat' dir='ltr'>pinnas</span> <span class='ocrx_word' id='word_1_631' title='bbox 2631 2063 2857 2104; x_wconf 72' lang='lat' dir='ltr'>internas</span> <span class='ocrx_word' id='word_1_632' title='bbox 2893 2053 3083 2120; x_wconf 90' lang='lat' dir='ltr'>quibus</span> <span class='ocrx_word' id='word_1_633' title='bbox 3115 2051 3367 2120; x_wconf 90' lang='lat' dir='ltr'>puniendi</span> <span class='ocrx_word' id='word_1_634' title='bbox 3397 2063 3544 2104; x_wconf 88' lang='lat' dir='ltr'>sunt.</span> <span class='ocrx_word' id='word_1_635' title='bbox 3588 2052 3631 2105; x_wconf 90' lang='grc' dir='ltr'><strong>Ο</strong></span> <span class='ocrx_word' id='word_1_636' title='bbox 3664 2070 3816 2120; x_wconf 84' lang='lat' dir='ltr'>quain</span> 
     </span>
    </p>
   </div>
   <div class='ocr_carea' id='block_1_85' title="bbox 2252 2118 3819 2187">
    <p class='ocr_par' dir='ltr' id='par_1_85' title="bbox 2252 2118 3819 2187">
     <span class='ocr_line' id='line_1_85' title="bbox 2252 2118 3819 2187; baseline 0.005 -18"><span class='ocrx_word' id='word_1_637' title='bbox 2252 2118 2381 2183; x_wconf 82' lang='lat' dir='ltr'>fera,</span> <span class='ocrx_word' id='word_1_638' title='bbox 2410 2134 2567 2187; x_wconf 90' lang='lat' dir='ltr'>quam</span> <span class='ocrx_word' id='word_1_639' title='bbox 2606 2122 2739 2174; x_wconf 87' lang='lat' dir='ltr'>dttra</span> <span class='ocrx_word' id='word_1_640' title='bbox 2787 2118 3026 2175; x_wconf 83' lang='lat' dir='ltr'>confusio</span> <span class='ocrx_word' id='word_1_641' title='bbox 3068 2118 3173 2176; x_wconf 58' lang='lat' dir='ltr'>etut</span> <span class='ocrx_word' id='word_1_642' title='bbox 3209 2122 3286 2175; x_wconf 86' lang='lat' dir='ltr'>eis</span> <span class='ocrx_word' id='word_1_643' title='bbox 3333 2123 3525 2187; x_wconf 81' lang='lat' dir='ltr'>quibus</span> <span class='ocrx_word' id='word_1_644' title='bbox 3569 2118 3819 2178; x_wconf 83' lang='lat' dir='ltr'>dicetur:</span> 
     </span>
    </p>
   </div>
   <div class='ocr_carea' id='block_1_86' title="bbox 2247 2190 3820 2260">
    <p class='ocr_par' dir='ltr' id='par_1_86' title="bbox 2247 2190 3820 2260">
     <span class='ocr_line' id='line_1_86' title="bbox 2247 2190 3820 2260; baseline 0.005 -19"><span class='ocrx_word' id='word_1_645' title='bbox 2247 2190 2419 2260; x_wconf 66' lang='lat' dir='ltr'>Amen</span> <span class='ocrx_word' id='word_1_646' title='bbox 2461 2191 2580 2244; x_wconf 91' lang='lat' dir='ltr'>dico</span> <span class='ocrx_word' id='word_1_647' title='bbox 2618 2192 2791 2254; x_wconf 85' lang='lat' dir='ltr'>vobis,</span> <span class='ocrx_word' id='word_1_648' title='bbox 2826 2196 3006 2246; x_wconf 89' lang='lat' dir='ltr'>nescio</span> <span class='ocrx_word' id='word_1_649' title='bbox 3046 2207 3159 2246; x_wconf 90' lang='lat' dir='ltr'>vos.</span> <span class='ocrx_word' id='word_1_650' title='bbox 3198 2193 3286 2258; x_wconf 84' lang='lat' dir='ltr'>Et,</span> <span class='ocrx_word' id='word_1_651' title='bbox 3318 2193 3411 2257; x_wconf 88' lang='lat' dir='ltr'>Ite,</span> <span class='ocrx_word' id='word_1_652' title='bbox 3447 2195 3738 2260; x_wconf 76' lang='lat' dir='ltr'>maledicti,</span> <span class='ocrx_word' id='word_1_653' title='bbox 3772 2198 3820 2249; x_wconf 90' lang='lat' dir='ltr'>in</span> 
     </span>
    </p>
   </div>
   <div class='ocr_carea' id='block_1_87' title="bbox 2250 2258 3111 2345">
    <p class='ocr_par' dir='ltr' id='par_1_87' title="bbox 2250 2258 3111 2345">
     <span class='ocr_line' id='line_1_87' title="bbox 2250 2258 3111 2345; baseline 0.003 -34"><span class='ocrx_word' id='word_1_654' title='bbox 2250 2258 2703 2345; x_wconf 42' lang='lat' dir='ltr'>ign‘ettttnte&#39;rnutn</span> <span class='ocrx_word' id='word_1_655' title='bbox 2739 2260 2953 2345; x_wconf 70' lang='lat' dir='ltr'>(Matth.</span> <span class='ocrx_word' id='word_1_656' title='bbox 2972 2262 3111 2345; x_wconf 43' lang='lat' dir='ltr'>g5):</span> 
     </span>
    </p>
   </div>
   <div class='ocr_carea' id='block_1_88' title="bbox 2318 2330 3818 2397">
    <p class='ocr_par' dir='ltr' id='par_1_88' title="bbox 2318 2330 3818 2397">
     <span class='ocr_line' id='line_1_88' title="bbox 2318 2330 3818 2397; baseline 0.003 -15"><span class='ocrx_word' id='word_1_657' title='bbox 2318 2330 2369 2382; x_wconf 87' lang='grc'>9.</span> <span class='ocrx_word' id='word_1_658' title='bbox 2412 2330 2660 2384; x_wconf 74' lang='lat' dir='ltr'>Confusis</span> <span class='ocrx_word' id='word_1_659' title='bbox 2691 2330 2939 2397; x_wconf 86' lang='lat' dir='ltr'>inimicis,</span> <span class='ocrx_word' id='word_1_660' title='bbox 2972 2331 3035 2385; x_wconf 86' lang='lat' dir='ltr'>In</span> <span class='ocrx_word' id='word_1_661' title='bbox 3069 2330 3189 2385; x_wconf 43' lang='lat' dir='ltr'>&#39;Deo</span> <span class='ocrx_word' id='word_1_662' title='bbox 3232 2330 3563 2385; x_wconf 85' lang='lat' dir='ltr'>laudabimur</span> <span class='ocrx_word' id='word_1_663' title='bbox 3591 2342 3696 2385; x_wconf 89' lang='lat' dir='ltr'>tota</span> <span class='ocrx_word' id='word_1_664' title='bbox 3724 2334 3818 2387; x_wconf 85' lang='lat' dir='ltr'>die.</span> 
     </span>
    </p>
   </div>
   <div class='ocr_carea' id='block_1_89' title="bbox 2249 2398 3822 2467">
    <p class='ocr_par' dir='ltr' id='par_1_89' title="bbox 2249 2398 3822 2467">
     <span class='ocr_line' id='line_1_89' title="bbox 2249 2398 3822 2467; baseline 0.004 -15"><span class='ocrx_word' id='word_1_665' title='bbox 2249 2398 2399 2452; x_wconf 88' lang='lat' dir='ltr'>Tunc</span> <span class='ocrx_word' id='word_1_666' title='bbox 2436 2404 2538 2454; x_wconf 90' lang='lat' dir='ltr'>erit</span> <span class='ocrx_word' id='word_1_667' title='bbox 2562 2417 2697 2455; x_wconf 86' lang='lat' dir='ltr'>unus</span> <span class='ocrx_word' id='word_1_668' title='bbox 2728 2402 2866 2467; x_wconf 85' lang='lat' dir='ltr'>dies,</span> <span class='ocrx_word' id='word_1_669' title='bbox 2891 2419 2993 2455; x_wconf 87' lang='lat' dir='ltr'>una</span> <span class='ocrx_word' id='word_1_670' title='bbox 3026 2404 3319 2459; x_wconf 67' lang='lat' dir='ltr'>aeternitas.</span> <span class='ocrx_word' id='word_1_671' title='bbox 3367 2403 3519 2455; x_wconf 86' lang='lat' dir='ltr'>Tunc</span> <span class='ocrx_word' id='word_1_672' title='bbox 3565 2403 3683 2456; x_wconf 91' lang='lat' dir='ltr'>laus</span> <span class='ocrx_word' id='word_1_673' title='bbox 3726 2408 3822 2459; x_wconf 87' lang='lat' dir='ltr'>erit</span> 
     </span>
    </p>
   </div>
   <div class='ocr_carea' id='block_1_90' title="bbox 2250 2471 3816 2539">
    <p class='ocr_par' dir='ltr' id='par_1_90' title="bbox 2250 2471 3816 2539">
     <span class='ocr_line' id='line_1_90' title="bbox 2250 2471 3816 2539; baseline 0.004 -17"><span class='ocrx_word' id='word_1_674' title='bbox 2250 2472 2531 2539; x_wconf 89' lang='lat' dir='ltr'>unicuique</span> <span class='ocrx_word' id='word_1_675' title='bbox 2560 2487 2588 2523; x_wconf 90' lang='lat' dir='ltr'>a</span> <span class='ocrx_word' id='word_1_676' title='bbox 2620 2471 2746 2525; x_wconf 79' lang='lat' dir='ltr'>D.-o.</span> <span class='ocrx_word' id='word_1_677' title='bbox 2778 2473 3132 2527; x_wconf 69' lang='lat' dir='ltr'>Laudabimus</span> <span class='ocrx_word' id='word_1_678' title='bbox 3160 2484 3212 2525; x_wconf 92' lang='lat' dir='ltr'>et</span> <span class='ocrx_word' id='word_1_679' title='bbox 3244 2472 3583 2526; x_wconf 88' lang='lat' dir='ltr'>laudabimur</span> <span class='ocrx_word' id='word_1_680' title='bbox 3606 2491 3621 2527; x_wconf 89' lang='lat'><strong>:</strong></span> <span class='ocrx_word' id='word_1_681' title='bbox 3643 2490 3738 2527; x_wconf 85' lang='lat' dir='ltr'>nos</span> <span class='ocrx_word' id='word_1_682' title='bbox 3768 2476 3816 2528; x_wconf 92' lang='lat' dir='ltr'>in</span> 
     </span>
    </p>
   </div>
   <div class='ocr_carea' id='block_1_91' title="bbox 2252 2543 3819 2608">
    <p class='ocr_par' dir='ltr' id='par_1_91' title="bbox 2252 2543 3819 2608">
     <span class='ocr_line' id='line_1_91' title="bbox 2252 2543 3819 2608; baseline 0.001 -14"><span class='ocrx_word' id='word_1_683' title='bbox 2252 2548 2321 2605; x_wconf 86' lang='lat' dir='ltr'>te,</span> <span class='ocrx_word' id='word_1_684' title='bbox 2345 2549 2399 2593; x_wconf 88' lang='lat' dir='ltr'>et</span> <span class='ocrx_word' id='word_1_685' title='bbox 2428 2550 2480 2593; x_wconf 87' lang='lat' dir='ltr'>tu</span> <span class='ocrx_word' id='word_1_686' title='bbox 2510 2544 2559 2594; x_wconf 90' lang='lat' dir='ltr'>in</span> <span class='ocrx_word' id='word_1_687' title='bbox 2591 2546 2761 2596; x_wconf 83' lang='lat' dir='ltr'>nobis.</span> <span class='ocrx_word' id='word_1_688' title='bbox 2797 2543 2859 2595; x_wconf 84' lang='lat' dir='ltr'>Et</span> <span class='ocrx_word' id='word_1_689' title='bbox 2887 2548 2937 2595; x_wconf 89' lang='lat' dir='ltr'>in</span> <span class='ocrx_word' id='word_1_690' title='bbox 2967 2545 3167 2596; x_wconf 85' lang='lat' dir='ltr'>nomine</span> <span class='ocrx_word' id='word_1_691' title='bbox 3194 2554 3303 2607; x_wconf 87' lang='lat' dir='ltr'>tuo,</span> <span class='ocrx_word' id='word_1_692' title='bbox 3339 2544 3388 2596; x_wconf 90' lang='lat' dir='ltr'>id</span> <span class='ocrx_word' id='word_1_693' title='bbox 3420 2553 3522 2608; x_wconf 90' lang='lat' dir='ltr'>est,</span> <span class='ocrx_word' id='word_1_694' title='bbox 3556 2543 3621 2594; x_wconf 89' lang='lat' dir='ltr'>ad</span> <span class='ocrx_word' id='word_1_695' title='bbox 3654 2546 3819 2596; x_wconf 83' lang='lat' dir='ltr'>bono-</span> 
     </span>
    </p>
   </div>
   <div class='ocr_carea' id='block_1_92' title="bbox 2247 2611 3820 2684">
    <p class='ocr_par' dir='ltr' id='par_1_92' title="bbox 2247 2611 3820 2684">
     <span class='ocr_line' id='line_1_92' title="bbox 2247 2611 3820 2684; baseline 0.002 -19"><span class='ocrx_word' id='word_1_696' title='bbox 2247 2625 2359 2684; x_wconf 88' lang='lat' dir='ltr'>retn</span> <span class='ocrx_word' id='word_1_697' title='bbox 2392 2611 2623 2664; x_wconf 90' lang='lat' dir='ltr'>nominis</span> <span class='ocrx_word' id='word_1_698' title='bbox 2654 2613 2725 2665; x_wconf 88' lang='lat' dir='ltr'>lui</span> <span class='ocrx_word' id='word_1_699' title='bbox 2746 2656 2758 2675; x_wconf 94' lang='lat'>,</span> <span class='ocrx_word' id='word_1_700' title='bbox 2787 2614 3147 2677; x_wconf 83' lang='lat' dir='ltr'>Can/itebimur</span> <span class='ocrx_word' id='word_1_701' title='bbox 3186 2614 3271 2665; x_wconf 86' lang='lat' dir='ltr'>tibi</span> <span class='ocrx_word' id='word_1_702' title='bbox 3300 2614 3352 2684; x_wconf 82' lang='lat' dir='ltr'>in</span> <span class='ocrx_word' id='word_1_703' title='bbox 3389 2628 3489 2665; x_wconf 70' lang='grc' dir='ltr'>διεδ</span> <span class='ocrx_word' id='word_1_704' title='bbox 3512 2616 3639 2665; x_wconf 68' lang='lat' dir='ltr'>ilum</span> <span class='ocrx_word' id='word_1_705' title='bbox 3662 2630 3682 2664; x_wconf 88' lang='lat'><strong><em>:</em></strong></span> <span class='ocrx_word' id='word_1_706' title='bbox 3706 2618 3820 2684; x_wconf 87' lang='lat' dir='ltr'>quia</span> 
     </span>
    </p>
   </div>
   <div class='ocr_carea' id='block_1_93' title="bbox 2247 2682 3817 2750">
    <p class='ocr_par' dir='ltr' id='par_1_93' title="bbox 2247 2682 3817 2750">
     <span class='ocr_line' id='line_1_93' title="bbox 2247 2682 3817 2750; baseline 0.003 -17"><span class='ocrx_word' id='word_1_707' title='bbox 2247 2683 2503 2748; x_wconf 89' lang='lat' dir='ltr'>scriptum</span> <span class='ocrx_word' id='word_1_708' title='bbox 2530 2694 2648 2735; x_wconf 89' lang='lat' dir='ltr'>est:</span> <span class='ocrx_word' id='word_1_709' title='bbox 2677 2685 2820 2737; x_wconf 83' lang='lat' dir='ltr'>Beati</span> <span class='ocrx_word' id='word_1_710' title='bbox 2851 2686 2937 2750; x_wconf 87' lang='lat' dir='ltr'>qui</span> <span class='ocrx_word' id='word_1_711' title='bbox 2974 2685 3210 2737; x_wconf 77' lang='lat' dir='ltr'>liabitaut</span> <span class='ocrx_word' id='word_1_712' title='bbox 3238 2684 3286 2734; x_wconf 93' lang='lat' dir='ltr'>iu</span> <span class='ocrx_word' id='word_1_713' title='bbox 3317 2682 3349 2735; x_wconf 94' lang='lat' dir='ltr'>d</span> <span class='ocrx_word' id='word_1_714' title='bbox 3374 2699 3479 2734; x_wconf 87' lang='lat' dir='ltr'>uno</span> <span class='ocrx_word' id='word_1_715' title='bbox 3513 2695 3631 2747; x_wconf 90' lang='lat' dir='ltr'>tua,</span> <span class='ocrx_word' id='word_1_716' title='bbox 3666 2682 3817 2743; x_wconf 70' lang='lat' dir='ltr'>Deus.</span> 
     </span>
    </p>
   </div>
   <div class='ocr_carea' id='block_1_94' title="bbox 2250 2750 3820 2823">
    <p class='ocr_par' dir='ltr' id='par_1_94' title="bbox 2250 2750 3820 2823">
     <span class='ocr_line' id='line_1_94' title="bbox 2250 2750 3820 2823; baseline 0.003 -20"><span class='ocrx_word' id='word_1_717' title='bbox 2250 2750 2301 2803; x_wconf 91' lang='lat' dir='ltr'>in</span> <span class='ocrx_word' id='word_1_718' title='bbox 2333 2753 2587 2805; x_wconf 58' lang='lat' dir='ltr'>saxulum</span> <span class='ocrx_word' id='word_1_719' title='bbox 2618 2755 2797 2807; x_wconf 72' lang='lat' dir='ltr'>stne-li</span> <span class='ocrx_word' id='word_1_720' title='bbox 2830 2754 3118 2807; x_wconf 83' lang='lat' dir='ltr'>laudabunt</span> <span class='ocrx_word' id='word_1_721' title='bbox 3147 2764 3195 2807; x_wconf 92' lang='lat' dir='ltr'>te</span> <span class='ocrx_word' id='word_1_722' title='bbox 3222 2753 3389 2823; x_wconf 83' lang='lat' dir='ltr'>(Psal.</span> <span class='ocrx_word' id='word_1_723' title='bbox 3423 2754 3561 2821; x_wconf 77' lang='lat'>85.).</span> <span class='ocrx_word' id='word_1_724' title='bbox 3592 2755 3717 2808; x_wconf 68' lang='lat' dir='ltr'>Hinc</span> <span class='ocrx_word' id='word_1_725' title='bbox 3747 2761 3820 2807; x_wconf 86' lang='lat' dir='ltr'>lu-</span> 
     </span>
    </p>
   </div>
   <div class='ocr_carea' id='block_1_95' title="bbox 2251 2824 3818 2894">
    <p class='ocr_par' dir='ltr' id='par_1_95' title="bbox 2251 2824 3818 2894">
     <span class='ocr_line' id='line_1_95' title="bbox 2251 2824 3818 2894; baseline 0.004 -21"><span class='ocrx_word' id='word_1_726' title='bbox 2251 2829 2364 2894; x_wconf 78' lang='lat' dir='ltr'>tura</span> <span class='ocrx_word' id='word_1_727' title='bbox 2386 2824 2463 2876; x_wconf 89' lang='lat' dir='ltr'>sic</span> <span class='ocrx_word' id='word_1_728' title='bbox 2487 2832 2627 2876; x_wconf 90' lang='lat' dir='ltr'>certa</span> <span class='ocrx_word' id='word_1_729' title='bbox 2657 2835 2779 2877; x_wconf 89' lang='lat' dir='ltr'>sunt</span> <span class='ocrx_word' id='word_1_730' title='bbox 2804 2826 2973 2887; x_wconf 85' lang='lat' dir='ltr'>nobis,</span> <span class='ocrx_word' id='word_1_731' title='bbox 2998 2824 3264 2892; x_wconf 90' lang='lat' dir='ltr'>quomodo</span> <span class='ocrx_word' id='word_1_732' title='bbox 3286 2824 3373 2876; x_wconf 92' lang='lat' dir='ltr'>illa</span> <span class='ocrx_word' id='word_1_733' title='bbox 3407 2828 3674 2890; x_wconf 67' lang='lat' dir='ltr'>praeterita</span> <span class='ocrx_word' id='word_1_734' title='bbox 3704 2842 3818 2894; x_wconf 73' lang='lat' dir='ltr'>quae</span> 
     </span>
    </p>
   </div>
   <div class='ocr_carea' id='block_1_96' title="bbox 2248 2892 3617 2961">
    <p class='ocr_par' dir='ltr' id='par_1_96' title="bbox 2248 2892 3617 2961">
     <span class='ocr_line' id='line_1_96' title="bbox 2248 2892 3617 2961; baseline 0.003 -18"><span class='ocrx_word' id='word_1_735' title='bbox 2248 2892 2544 2961; x_wconf 86' lang='lat' dir='ltr'>audivimus</span> <span class='ocrx_word' id='word_1_736' title='bbox 2571 2907 2600 2945; x_wconf 89' lang='lat' dir='ltr'>a</span> <span class='ocrx_word' id='word_1_737' title='bbox 2628 2896 2860 2959; x_wconf 85' lang='lat' dir='ltr'>patribus</span> <span class='ocrx_word' id='word_1_738' title='bbox 2886 2896 3100 2947; x_wconf 71' lang='lat' dir='ltr'>uestris.</span> <span class='ocrx_word' id='word_1_739' title='bbox 3131 2894 3233 2947; x_wconf 87' lang='lat' dir='ltr'>Sed</span> <span class='ocrx_word' id='word_1_740' title='bbox 3270 2894 3394 2961; x_wconf 88' lang='lat' dir='ltr'>qttid</span> <span class='ocrx_word' id='word_1_741' title='bbox 3422 2896 3617 2947; x_wconf 73' lang='lat' dir='ltr'>modo?</span> 
     </span>
    </p>
   </div>
   <div class='ocr_carea' id='block_1_97' title="bbox 2321 2960 3819 3033">
    <p class='ocr_par' dir='ltr' id='par_1_97' title="bbox 2321 2960 3819 3033">
     <span class='ocr_line' id='line_1_97' title="bbox 2321 2960 3819 3033; baseline 0.002 -18"><span class='ocrx_word' id='word_1_742' title='bbox 2321 2961 2405 3015; x_wconf 77' lang='lat'>10.</span> <span class='ocrx_word' id='word_1_743' title='bbox 2450 2960 2604 3015; x_wconf 84' lang='lat' dir='ltr'>Nunc</span> <span class='ocrx_word' id='word_1_744' title='bbox 2634 2973 2799 3016; x_wconf 86' lang='lat' dir='ltr'>autem</span> <span class='ocrx_word' id='word_1_745' title='bbox 2828 2966 3079 3033; x_wconf 83' lang='lat' dir='ltr'>repulisti,</span> <span class='ocrx_word' id='word_1_746' title='bbox 3113 2965 3163 3017; x_wconf 91' lang='lat' dir='ltr'>id</span> <span class='ocrx_word' id='word_1_747' title='bbox 3193 2960 3297 3029; x_wconf 80' lang='lat' dir='ltr'>est,</span> <span class='ocrx_word' id='word_1_748' title='bbox 3338 2964 3537 3017; x_wconf 60' lang='lat' dir='ltr'>videris</span> <span class='ocrx_word' id='word_1_749' title='bbox 3568 2966 3819 3031; x_wconf 89' lang='lat' dir='ltr'>repulisse</span> 
     </span>
    </p>
   </div>
   <div class='ocr_carea' id='block_1_98' title="bbox 2252 3034 3818 3104">
    <p class='ocr_par' dir='ltr' id='par_1_98' title="bbox 2252 3034 3818 3104">
     <span class='ocr_line' id='line_1_98' title="bbox 2252 3034 3818 3104; baseline 0.003 -21"><span class='ocrx_word' id='word_1_750' title='bbox 2252 3046 2343 3098; x_wconf 90' lang='lat' dir='ltr'>per</span> <span class='ocrx_word' id='word_1_751' title='bbox 2388 3035 2520 3104; x_wconf 88' lang='lat' dir='ltr'>lioc,</span> <span class='ocrx_word' id='word_1_752' title='bbox 2552 3036 2693 3100; x_wconf 89' lang='lat' dir='ltr'>quod</span> <span class='ocrx_word' id='word_1_753' title='bbox 2730 3051 2783 3087; x_wconf 87' lang='grc' dir='ltr'>ιιι</span> <span class='ocrx_word' id='word_1_754' title='bbox 2832 3038 3072 3102; x_wconf 68' lang='lat' dir='ltr'>prtesenti</span> <span class='ocrx_word' id='word_1_755' title='bbox 3121 3052 3211 3087; x_wconf 88' lang='lat' dir='ltr'>nos</span> <span class='ocrx_word' id='word_1_756' title='bbox 3257 3034 3522 3101; x_wconf 89' lang='lat' dir='ltr'>permittis</span> <span class='ocrx_word' id='word_1_757' title='bbox 3568 3036 3730 3104; x_wconf 77' lang='lat' dir='ltr'>affligi</span> <span class='ocrx_word' id='word_1_758' title='bbox 3775 3046 3818 3088; x_wconf 81' lang='lat' dir='ltr'>et</span> 
     </span>
    </p>
   </div>
   <div class='ocr_carea' id='block_1_99' title="bbox 2249 3102 3819 3171">
    <p class='ocr_par' dir='ltr' id='par_1_99' title="bbox 2249 3102 3819 3171">
     <span class='ocr_line' id='line_1_99' title="bbox 2249 3102 3819 3171; baseline 0.004 -19"><span class='ocrx_word' id='word_1_759' title='bbox 2249 3102 2524 3171; x_wconf 80' lang='lat' dir='ltr'>confudisti</span> <span class='ocrx_word' id='word_1_760' title='bbox 2552 3120 2661 3164; x_wconf 69' lang='lat' dir='ltr'>tios,</span> <span class='ocrx_word' id='word_1_761' title='bbox 2691 3122 2791 3157; x_wconf 89' lang='lat' dir='ltr'>non</span> <span class='ocrx_word' id='word_1_762' title='bbox 2821 3107 2872 3157; x_wconf 90' lang='lat' dir='ltr'>itt</span> <span class='ocrx_word' id='word_1_763' title='bbox 2894 3106 3219 3159; x_wconf 68' lang='lat' dir='ltr'>Conscientia</span> <span class='ocrx_word' id='word_1_764' title='bbox 3248 3114 3449 3167; x_wconf 73' lang='lat' dir='ltr'>ntiSlra,</span> <span class='ocrx_word' id='word_1_765' title='bbox 3483 3105 3578 3158; x_wconf 76' lang='lat' dir='ltr'>sed</span> <span class='ocrx_word' id='word_1_766' title='bbox 3611 3107 3660 3159; x_wconf 92' lang='lat' dir='ltr'>in</span> <span class='ocrx_word' id='word_1_767' title='bbox 3690 3102 3819 3159; x_wconf 72' lang='lat' dir='ltr'>l&#39;at&#39;ie</span> 
     </span>
    </p>
   </div>
   <div class='ocr_carea' id='block_1_100' title="bbox 2253 3174 3820 3246">
    <p class='ocr_par' dir='ltr' id='par_1_100' title="bbox 2253 3174 3820 3246">
     <span class='ocr_line' id='line_1_100' title="bbox 2253 3174 3820 3246; baseline 0.003 -23"><span class='ocrx_word' id='word_1_768' title='bbox 2253 3174 2541 3246; x_wconf 87' lang='lat' dir='ltr'>liuiniuum,</span> <span class='ocrx_word' id='word_1_769' title='bbox 2573 3184 2617 3246; x_wconf 78' lang='lat' dir='ltr'>et</span> <span class='ocrx_word' id='word_1_770' title='bbox 2658 3191 2755 3227; x_wconf 87' lang='lat' dir='ltr'>non</span> <span class='ocrx_word' id='word_1_771' title='bbox 2785 3177 3059 3246; x_wconf 79' lang='lat' dir='ltr'>egredieris</span> <span class='ocrx_word' id='word_1_772' title='bbox 3090 3180 3139 3227; x_wconf 84' lang='lat' dir='ltr'>iit</span> <span class='ocrx_word' id='word_1_773' title='bbox 3166 3176 3431 3227; x_wconf 75' lang='lat' dir='ltr'>virtutibus</span> <span class='ocrx_word' id='word_1_774' title='bbox 3457 3178 3665 3229; x_wconf 84' lang='lat' dir='ltr'>nostris.</span> <span class='ocrx_word' id='word_1_775' title='bbox 3697 3175 3820 3228; x_wconf 81' lang='lat' dir='ltr'>Pro-</span> 
     </span>
    </p>
   </div>
   <div class='ocr_carea' id='block_1_101' title="bbox 2250 3243 3819 3308">
    <p class='ocr_par' dir='ltr' id='par_1_101' title="bbox 2250 3243 3819 3308">
     <span class='ocr_line' id='line_1_101' title="bbox 2250 3243 3819 3308; baseline 0.003 -13"><span class='ocrx_word' id='word_1_776' title='bbox 2250 3243 2487 3297; x_wconf 88' lang='lat' dir='ltr'>celitntts</span> <span class='ocrx_word' id='word_1_777' title='bbox 2536 3243 2603 3297; x_wconf 88' lang='lat' dir='ltr'>ad</span> <span class='ocrx_word' id='word_1_778' title='bbox 2655 3243 2895 3299; x_wconf 66' lang='lat' dir='ltr'>inimiuos</span> <span class='ocrx_word' id='word_1_779' title='bbox 2941 3260 3182 3308; x_wconf 79' lang='lat' dir='ltr'>noStrus,</span> <span class='ocrx_word' id='word_1_780' title='bbox 3228 3253 3281 3297; x_wconf 92' lang='lat' dir='ltr'>et</span> <span class='ocrx_word' id='word_1_781' title='bbox 3312 3254 3364 3299; x_wconf 92' lang='lat' dir='ltr'>tu</span> <span class='ocrx_word' id='word_1_782' title='bbox 3398 3246 3674 3299; x_wconf 88' lang='lat' dir='ltr'>nobiscum</span> <span class='ocrx_word' id='word_1_783' title='bbox 3719 3262 3819 3300; x_wconf 89' lang='lat' dir='ltr'>non</span> 
     </span>
    </p>
   </div>
   <div class='ocr_carea' id='block_1_102' title="bbox 2253 3314 3816 3383">
    <p class='ocr_par' dir='ltr' id='par_1_102' title="bbox 2253 3314 3816 3383">
     <span class='ocr_line' id='line_1_102' title="bbox 2253 3314 3816 3383; baseline 0.004 -20"><span class='ocrx_word' id='word_1_784' title='bbox 2253 3314 2528 3381; x_wconf 74' lang='lat' dir='ltr'>pro-.edis:</span> <span class='ocrx_word' id='word_1_785' title='bbox 2556 3317 2839 3383; x_wconf 74' lang='lat' dir='ltr'>prievaleut</span> <span class='ocrx_word' id='word_1_786' title='bbox 2872 3317 2966 3379; x_wconf 87' lang='lat' dir='ltr'>illi,</span> <span class='ocrx_word' id='word_1_787' title='bbox 3002 3332 3096 3370; x_wconf 88' lang='lat' dir='ltr'>nos</span> <span class='ocrx_word' id='word_1_788' title='bbox 3126 3316 3341 3369; x_wconf 88' lang='lat' dir='ltr'>invalidi</span> <span class='ocrx_word' id='word_1_789' title='bbox 3371 3329 3581 3370; x_wconf 88' lang='lat' dir='ltr'>sumus.</span> <span class='ocrx_word' id='word_1_790' title='bbox 3615 3316 3711 3371; x_wconf 85' lang='lat' dir='ltr'>Ubi</span> <span class='ocrx_word' id='word_1_791' title='bbox 3736 3329 3816 3369; x_wconf 91' lang='lat' dir='ltr'>est</span> 
     </span>
    </p>
   </div>
   <div class='ocr_carea' id='block_1_103' title="bbox 2251 3385 3818 3455">
    <p class='ocr_par' dir='ltr' id='par_1_103' title="bbox 2251 3385 3818 3455">
     <span class='ocr_line' id='line_1_103' title="bbox 2251 3385 3818 3455; baseline 0.001 -19"><span class='ocrx_word' id='word_1_792' title='bbox 2251 3385 2337 3437; x_wconf 88' lang='grc' dir='ltr'>ιΙΙ.ι</span> <span class='ocrx_word' id='word_1_793' title='bbox 2368 3387 2531 3438; x_wconf 77' lang='lat' dir='ltr'>vittus</span> <span class='ocrx_word' id='word_1_794' title='bbox 2564 3389 2685 3438; x_wconf 79' lang='lat' dir='ltr'>tua?</span> <span class='ocrx_word' id='word_1_795' title='bbox 2731 3389 2814 3439; x_wconf 90' lang='lat' dir='ltr'>tibi</span> <span class='ocrx_word' id='word_1_796' title='bbox 2864 3397 2946 3441; x_wconf 74' lang='lat' dir='ltr'>est</span> <span class='ocrx_word' id='word_1_797' title='bbox 2982 3388 3197 3440; x_wconf 83' lang='lat' dir='ltr'>dextera</span> <span class='ocrx_word' id='word_1_798' title='bbox 3227 3395 3280 3438; x_wconf 91' lang='lat' dir='ltr'>et</span> <span class='ocrx_word' id='word_1_799' title='bbox 3320 3393 3552 3455; x_wconf 89' lang='lat' dir='ltr'>potentta</span> <span class='ocrx_word' id='word_1_800' title='bbox 3584 3388 3704 3439; x_wconf 85' lang='lat' dir='ltr'>tua?</span> <span class='ocrx_word' id='word_1_801' title='bbox 3736 3386 3818 3439; x_wconf 88' lang='lat' dir='ltr'>ubi</span> 
     </span>
    </p>
   </div>
   <div class='ocr_carea' id='block_1_104' title="bbox 2252 3456 3821 3525">
    <p class='ocr_par' dir='ltr' id='par_1_104' title="bbox 2252 3456 3821 3525">
     <span class='ocr_line' id='line_1_104' title="bbox 2252 3456 3821 3525; baseline 0.002 -20"><span class='ocrx_word' id='word_1_802' title='bbox 2252 3470 2398 3507; x_wconf 88' lang='lat' dir='ltr'>mare</span> <span class='ocrx_word' id='word_1_803' title='bbox 2429 3458 2715 3508; x_wconf 85' lang='lat' dir='ltr'>siccatum?</span> <span class='ocrx_word' id='word_1_804' title='bbox 2748 3458 2833 3510; x_wconf 88' lang='lat' dir='ltr'>ubi</span> <span class='ocrx_word' id='word_1_805' title='bbox 2881 3458 3113 3525; x_wconf 67' lang='lat' dir='ltr'>A&#39;ngptii</span> <span class='ocrx_word' id='word_1_806' title='bbox 3167 3467 3549 3524; x_wconf 85' lang='lat' dir='ltr'>persequentes</span> <span class='ocrx_word' id='word_1_807' title='bbox 3576 3456 3821 3511; x_wconf 80' lang='lat' dir='ltr'>fluctibus</span> 
     </span>
    </p>
   </div>
   <div class='ocr_carea' id='block_1_105' title="bbox 2253 3525 3821 3595">
    <p class='ocr_par' dir='ltr' id='par_1_105' title="bbox 2253 3525 3821 3595">
     <span class='ocr_line' id='line_1_105' title="bbox 2253 3525 3821 3595; baseline 0.002 -19"><span class='ocrx_word' id='word_1_808' title='bbox 2253 3526 2516 3578; x_wconf 78' lang='lat' dir='ltr'>involuti?</span> <span class='ocrx_word' id='word_1_809' title='bbox 2549 3528 2634 3579; x_wconf 90' lang='lat' dir='ltr'>ubi</span> <span class='ocrx_word' id='word_1_810' title='bbox 2667 3530 2917 3579; x_wconf 74' lang='lat' dir='ltr'>Atnalecli</span> <span class='ocrx_word' id='word_1_811' title='bbox 2942 3528 3192 3580; x_wconf 76' lang='lat' dir='ltr'>re~i~tens</span> <span class='ocrx_word' id='word_1_812' title='bbox 3217 3527 3268 3578; x_wconf 92' lang='lat' dir='ltr'>in</span> <span class='ocrx_word' id='word_1_813' title='bbox 3292 3540 3467 3578; x_wconf 74' lang='lat' dir='ltr'>crucis</span> <span class='ocrx_word' id='word_1_814' title='bbox 3489 3525 3643 3595; x_wconf 87' lang='lat' dir='ltr'>signo</span> <span class='ocrx_word' id='word_1_815' title='bbox 3666 3542 3821 3595; x_wconf 61' lang='lat' dir='ltr'>supeo</span> 
     </span>
    </p>
   </div>
   <div class='ocr_carea' id='block_1_106' title="bbox 2254 3596 3610 3665">
    <p class='ocr_par' dir='ltr' id='par_1_106' title="bbox 2254 3596 3610 3665">
     <span class='ocr_line' id='line_1_106' title="bbox 2254 3596 3610 3665; baseline 0.001 -18"><span class='ocrx_word' id='word_1_816' title='bbox 2254 3597 2436 3647; x_wconf 71' lang='lat' dir='ltr'>tatu~?</span> <span class='ocrx_word' id='word_1_817' title='bbox 2471 3596 2534 3647; x_wconf 77' lang='lat' dir='ltr'>Et</span> <span class='ocrx_word' id='word_1_818' title='bbox 2570 3613 2668 3648; x_wconf 87' lang='lat' dir='ltr'>non</span> <span class='ocrx_word' id='word_1_819' title='bbox 2702 3598 3000 3665; x_wconf 81' lang='lat' dir='ltr'>ingredieris</span> <span class='ocrx_word' id='word_1_820' title='bbox 3031 3601 3080 3648; x_wconf 85' lang='lat' dir='ltr'>in</span> <span class='ocrx_word' id='word_1_821' title='bbox 3103 3596 3367 3649; x_wconf 78' lang='lat' dir='ltr'>virtutibus</span> <span class='ocrx_word' id='word_1_822' title='bbox 3400 3610 3610 3649; x_wconf 67' lang='grc' dir='ltr'>ηοω-,8.</span> 
     </span>
    </p>
   </div>
   <div class='ocr_carea' id='block_1_107' title="bbox 2329 3664 3819 3731">
    <p class='ocr_par' dir='ltr' id='par_1_107' title="bbox 2329 3664 3819 3731">
     <span class='ocr_line' id='line_1_107' title="bbox 2329 3664 3819 3731; baseline 0.001 -15"><span class='ocrx_word' id='word_1_823' title='bbox 2329 3668 2407 3718; x_wconf 86' lang='lat' dir='ltr'>ll.</span> <span class='ocrx_word' id='word_1_824' title='bbox 2451 3667 2681 3719; x_wconf 80' lang='lat' dir='ltr'>Avertisti</span> <span class='ocrx_word' id='word_1_825' title='bbox 2706 3664 2795 3719; x_wconf 81' lang='lat' dir='ltr'>nos</span> <span class='ocrx_word' id='word_1_826' title='bbox 2821 3680 3091 3720; x_wconf 84' lang='lat' dir='ltr'>retrorsum</span> <span class='ocrx_word' id='word_1_827' title='bbox 3122 3676 3230 3731; x_wconf 82' lang='lat' dir='ltr'>post</span> <span class='ocrx_word' id='word_1_828' title='bbox 3253 3667 3483 3718; x_wconf 85' lang='lat' dir='ltr'>inimicos</span> <span class='ocrx_word' id='word_1_829' title='bbox 3509 3677 3725 3720; x_wconf 87' lang='lat' dir='ltr'>nostros.</span> <span class='ocrx_word' id='word_1_830' title='bbox 3758 3664 3819 3719; x_wconf 87' lang='lat' dir='ltr'>Ut</span> 
     </span>
    </p>
   </div>
   <div class='ocr_carea' id='block_1_108' title="bbox 2251 3734 3818 3804">
    <p class='ocr_par' dir='ltr' id='par_1_108' title="bbox 2251 3734 3818 3804">
     <span class='ocr_line' id='line_1_108' title="bbox 2251 3734 3818 3804; baseline 0.001 -20"><span class='ocrx_word' id='word_1_831' title='bbox 2251 3738 2398 3803; x_wconf 85' lang='lat' dir='ltr'>quasi</span> <span class='ocrx_word' id='word_1_832' title='bbox 2428 3737 2505 3802; x_wconf 81' lang='lat' dir='ltr'>jllt</span> <span class='ocrx_word' id='word_1_833' title='bbox 2535 3748 2655 3789; x_wconf 83' lang='lat' dir='ltr'>ante</span> <span class='ocrx_word' id='word_1_834' title='bbox 2684 3738 2809 3804; x_wconf 77' lang='lat' dir='ltr'>sint,</span> <span class='ocrx_word' id='word_1_835' title='bbox 2842 3754 2936 3790; x_wconf 85' lang='lat' dir='ltr'>nos</span> <span class='ocrx_word' id='word_1_836' title='bbox 2966 3752 3138 3791; x_wconf 87' lang='lat' dir='ltr'>ietro:</span> <span class='ocrx_word' id='word_1_837' title='bbox 3171 3738 3241 3789; x_wconf 87' lang='lat' dir='ltr'>illi</span> <span class='ocrx_word' id='word_1_838' title='bbox 3276 3737 3540 3800; x_wconf 89' lang='lat' dir='ltr'>victores,</span> <span class='ocrx_word' id='word_1_839' title='bbox 3575 3750 3673 3788; x_wconf 91' lang='lat' dir='ltr'>nos</span> <span class='ocrx_word' id='word_1_840' title='bbox 3702 3734 3818 3788; x_wconf 87' lang='lat' dir='ltr'>victi</span> 
     </span>
    </p>
   </div>
   <div class='ocr_carea' id='block_1_109' title="bbox 2250 3806 3810 3874">
    <p class='ocr_par' dir='ltr' id='par_1_109' title="bbox 2250 3806 3810 3874">
     <span class='ocr_line' id='line_1_109' title="bbox 2250 3806 3810 3874; baseline -0.002 -16"><span class='ocrx_word' id='word_1_841' title='bbox 2250 3808 2581 3870; x_wconf 71' lang='lat' dir='ltr'>deputentur.</span> <span class='ocrx_word' id='word_1_842' title='bbox 2632 3806 2696 3858; x_wconf 85' lang='lat' dir='ltr'>Et</span> <span class='ocrx_word' id='word_1_843' title='bbox 2744 3827 2826 3874; x_wconf 81' lang='lat' dir='ltr'>qui</span> <span class='ocrx_word' id='word_1_844' title='bbox 2864 3812 3074 3861; x_wconf 81' lang='lat' dir='ltr'>oderunt</span> <span class='ocrx_word' id='word_1_845' title='bbox 3115 3824 3226 3868; x_wconf 81' lang='lat' dir='ltr'>nus,</span> <span class='ocrx_word' id='word_1_846' title='bbox 3249 3807 3635 3874; x_wconf 86' lang='lat' dir='ltr'>diiipiebantur</span> <span class='ocrx_word' id='word_1_847' title='bbox 3674 3806 3810 3859; x_wconf 81' lang='lat' dir='ltr'>sibi;</span> 
     </span>
    </p>
   </div>
   <div class='ocr_carea' id='block_1_110' title="bbox 2252 3876 3815 3945">
    <p class='ocr_par' dir='ltr' id='par_1_110' title="bbox 2252 3876 3815 3945">
     <span class='ocr_line' id='line_1_110' title="bbox 2252 3876 3815 3945; baseline -0.001 -18"><span class='ocrx_word' id='word_1_848' title='bbox 2252 3877 2552 3945; x_wconf 77' lang='lat' dir='ltr'>diripiebant</span> <span class='ocrx_word' id='word_1_849' title='bbox 2603 3895 2698 3929; x_wconf 72' lang='lat' dir='ltr'>nos</span> <span class='ocrx_word' id='word_1_850' title='bbox 2749 3891 3012 3944; x_wconf 60' lang='lat' dir='ltr'>tamquam</span> <span class='ocrx_word' id='word_1_851' title='bbox 3060 3882 3107 3930; x_wconf 91' lang='lat' dir='ltr'>in</span> <span class='ocrx_word' id='word_1_852' title='bbox 3140 3878 3367 3945; x_wconf 69' lang='lat' dir='ltr'>praedam</span> <span class='ocrx_word' id='word_1_853' title='bbox 3395 3876 3529 3928; x_wconf 88' lang='lat' dir='ltr'>sibi:</span> <span class='ocrx_word' id='word_1_854' title='bbox 3555 3880 3686 3928; x_wconf 88' lang='lat' dir='ltr'>alios</span> <span class='ocrx_word' id='word_1_855' title='bbox 3718 3886 3815 3928; x_wconf 87' lang='lat' dir='ltr'>tra-</span> 
     </span>
    </p>
   </div>
   <div class='ocr_carea' id='block_1_111' title="bbox 2254 3946 3816 4015">
    <p class='ocr_par' dir='ltr' id='par_1_111' title="bbox 2254 3946 3816 4015">
     <span class='ocr_line' id='line_1_111' title="bbox 2254 3946 3816 4015; baseline 0.003 -18"><span class='ocrx_word' id='word_1_856' title='bbox 2254 3947 2462 4011; x_wconf 82' lang='lat' dir='ltr'>hentes,</span> <span class='ocrx_word' id='word_1_857' title='bbox 2495 3946 2625 3999; x_wconf 88' lang='lat' dir='ltr'>alios</span> <span class='ocrx_word' id='word_1_858' title='bbox 2658 3952 3002 4015; x_wconf 68' lang='lat' dir='ltr'>tlagetlautes,</span> <span class='ocrx_word' id='word_1_859' title='bbox 3036 3950 3167 4003; x_wconf 84' lang='lat' dir='ltr'>ullus</span> <span class='ocrx_word' id='word_1_860' title='bbox 3198 3948 3248 4001; x_wconf 89' lang='lat' dir='ltr'>iti</span> <span class='ocrx_word' id='word_1_861' title='bbox 3278 3961 3496 4001; x_wconf 80' lang='lat' dir='ltr'>carcere</span> <span class='ocrx_word' id='word_1_862' title='bbox 3527 3948 3816 4010; x_wconf 82' lang='lat' dir='ltr'>mittentes,</span> 
     </span>
    </p>
   </div>
   <div class='ocr_carea' id='block_1_112' title="bbox 2253 4017 3128 4088">
    <p class='ocr_par' dir='ltr' id='par_1_112' title="bbox 2253 4017 3128 4088">
     <span class='ocr_line' id='line_1_112' title="bbox 2253 4017 3128 4088; baseline 0.003 -20"><span class='ocrx_word' id='word_1_863' title='bbox 2253 4017 2382 4088; x_wconf 80' lang='lat' dir='ltr'>alios</span> <span class='ocrx_word' id='word_1_864' title='bbox 2412 4018 2714 4070; x_wconf 76' lang='lat' dir='ltr'>ocmdentes</span> <span class='ocrx_word' id='word_1_865' title='bbox 2749 4018 2962 4088; x_wconf 75' lang='lat' dir='ltr'>(illattti.</span> <span class='ocrx_word' id='word_1_866' title='bbox 2990 4020 3128 4088; x_wconf 67' lang='lat'>24.).</span> 
     </span>
    </p>
   </div>
   <div class='ocr_carea' id='block_1_113' title="bbox 2328 4086 3821 4158">
    <p class='ocr_par' dir='ltr' id='par_1_113' title="bbox 2328 4086 3821 4158">
     <span class='ocr_line' id='line_1_113' title="bbox 2328 4086 3821 4158; baseline -0.001 -21"><span class='ocrx_word' id='word_1_867' title='bbox 2328 4086 2412 4139; x_wconf 73' lang='lat' dir='ltr'>l2.</span> <span class='ocrx_word' id='word_1_868' title='bbox 2457 4088 2651 4139; x_wconf 83' lang='lat' dir='ltr'>Dedisti</span> <span class='ocrx_word' id='word_1_869' title='bbox 2685 4086 2773 4139; x_wconf 65' lang='lat' dir='ltr'>nos</span> <span class='ocrx_word' id='word_1_870' title='bbox 2802 4100 3057 4158; x_wconf 85' lang='lat' dir='ltr'>tamquam</span> <span class='ocrx_word' id='word_1_871' title='bbox 3087 4086 3197 4141; x_wconf 75' lang='lat' dir='ltr'>oves</span> <span class='ocrx_word' id='word_1_872' title='bbox 3217 4104 3469 4148; x_wconf 80' lang='lat' dir='ltr'>escarum,</span> <span class='ocrx_word' id='word_1_873' title='bbox 3500 4097 3545 4139; x_wconf 89' lang='lat' dir='ltr'>et</span> <span class='ocrx_word' id='word_1_874' title='bbox 3577 4087 3631 4139; x_wconf 84' lang='lat' dir='ltr'>in</span> <span class='ocrx_word' id='word_1_875' title='bbox 3663 4086 3821 4156; x_wconf 80' lang='lat' dir='ltr'>genti-</span> 
     </span>
    </p>
   </div>
   <div class='ocr_carea' id='block_1_114' title="bbox 2255 4158 3821 4227">
    <p class='ocr_par' dir='ltr' id='par_1_114' title="bbox 2255 4158 3821 4227">
     <span class='ocr_line' id='line_1_114' title="bbox 2255 4158 3821 4227; baseline -0.001 -19"><span class='ocrx_word' id='word_1_876' title='bbox 2255 4160 2345 4208; x_wconf 85' lang='lat' dir='ltr'>bus</span> <span class='ocrx_word' id='word_1_877' title='bbox 2372 4158 2655 4226; x_wconf 85' lang='lat' dir='ltr'>dispersisti</span> <span class='ocrx_word' id='word_1_878' title='bbox 2682 4175 2793 4210; x_wconf 87' lang='lat' dir='ltr'>nos.</span> <span class='ocrx_word' id='word_1_879' title='bbox 2830 4167 2865 4211; x_wconf 78' lang='grc' dir='ltr'>Α</span> <span class='ocrx_word' id='word_1_880' title='bbox 2902 4160 3201 4211; x_wconf 78' lang='lat' dir='ltr'>nationibus</span> <span class='ocrx_word' id='word_1_881' title='bbox 3233 4158 3343 4227; x_wconf 63' lang='lat' dir='ltr'>(lia:</span> <span class='ocrx_word' id='word_1_882' title='bbox 3374 4160 3685 4227; x_wconf 54' lang='lat' dir='ltr'>Augustino)</span> <span class='ocrx_word' id='word_1_883' title='bbox 3715 4158 3821 4227; x_wconf 38' lang='lat' dir='ltr'>qui:</span> 
     </span>
    </p>
   </div>
   <div class='ocr_carea' id='block_1_115' title="bbox 2253 4225 3822 4297">
    <p class='ocr_par' dir='ltr' id='par_1_115' title="bbox 2253 4225 3822 4297">
     <span class='ocr_line' id='line_1_115' title="bbox 2253 4225 3822 4297; baseline 0.001 -19"><span class='ocrx_word' id='word_1_884' title='bbox 2253 4229 2372 4279; x_wconf 72' lang='lat' dir='ltr'>dum</span> <span class='ocrx_word' id='word_1_885' title='bbox 2417 4225 2481 4280; x_wconf 71' lang='lat' dir='ltr'>es</span> <span class='ocrx_word' id='word_1_886' title='bbox 2529 4233 2678 4281; x_wconf 81' lang='lat' dir='ltr'>nobis</span> <span class='ocrx_word' id='word_1_887' title='bbox 2723 4230 3020 4281; x_wconf 86' lang='lat' dir='ltr'>tnandueati</span> <span class='ocrx_word' id='word_1_888' title='bbox 3068 4240 3207 4281; x_wconf 90' lang='lat' dir='ltr'>sunt.</span> <span class='ocrx_word' id='word_1_889' title='bbox 3242 4225 3301 4282; x_wconf 85' lang='lat' dir='ltr'>lli</span> <span class='ocrx_word' id='word_1_890' title='bbox 3345 4225 3713 4297; x_wconf 76' lang='lat' dir='ltr'>signiﬁcantur</span> <span class='ocrx_word' id='word_1_891' title='bbox 3740 4225 3822 4294; x_wconf 87' lang='lat' dir='ltr'>qui</span> 
     </span>
    </p>
   </div>
   <div class='ocr_carea' id='block_1_116' title="bbox 2255 4296 3823 4369">
    <p class='ocr_par' dir='ltr' id='par_1_116' title="bbox 2255 4296 3823 4369">
     <span class='ocr_line' id='line_1_116' title="bbox 2255 4296 3823 4369; baseline -0.003 -18"><span class='ocrx_word' id='word_1_892' title='bbox 2255 4296 2420 4369; x_wconf 63' lang='grc'>214</span> <span class='ocrx_word' id='word_1_893' title='bbox 2450 4300 2525 4369; x_wconf 86' lang='lat' dir='ltr'>sic</span> <span class='ocrx_word' id='word_1_894' title='bbox 2559 4302 2693 4365; x_wconf 81' lang='lat' dir='ltr'>passi</span> <span class='ocrx_word' id='word_1_895' title='bbox 2726 4312 2869 4363; x_wconf 86' lang='lat' dir='ltr'>sunt,</span> <span class='ocrx_word' id='word_1_896' title='bbox 2898 4312 2951 4351; x_wconf 89' lang='lat' dir='ltr'>ut</span> <span class='ocrx_word' id='word_1_897' title='bbox 2983 4302 3031 4351; x_wconf 91' lang='lat' dir='ltr'>iti</span> <span class='ocrx_word' id='word_1_898' title='bbox 3063 4314 3251 4368; x_wconf 90' lang='lat' dir='ltr'>corpus</span> <span class='ocrx_word' id='word_1_899' title='bbox 3282 4296 3677 4352; x_wconf 87' lang='lat' dir='ltr'>reverterentur</span> <span class='ocrx_word' id='word_1_900' title='bbox 3702 4311 3823 4366; x_wconf 84' lang='lat' dir='ltr'>gen-</span> 
     </span>
    </p>
   </div>
   <div class='ocr_carea' id='block_1_117' title="bbox 2257 4368 3821 4438">
    <p class='ocr_par' dir='ltr' id='par_1_117' title="bbox 2257 4368 3821 4438">
     <span class='ocr_line' id='line_1_117' title="bbox 2257 4368 3821 4438; baseline -0.001 -18"><span class='ocrx_word' id='word_1_901' title='bbox 2257 4368 2446 4422; x_wconf 87' lang='lat' dir='ltr'>tilium.</span> <span class='ocrx_word' id='word_1_902' title='bbox 2489 4368 2695 4437; x_wconf 76' lang='lat' dir='ltr'>Plangit</span> <span class='ocrx_word' id='word_1_903' title='bbox 2733 4388 2825 4423; x_wconf 88' lang='lat' dir='ltr'>eos</span> <span class='ocrx_word' id='word_1_904' title='bbox 2861 4372 3094 4422; x_wconf 79' lang='lat' dir='ltr'>Ecclesia</span> <span class='ocrx_word' id='word_1_905' title='bbox 3118 4410 3131 4432; x_wconf 94' lang='lat'>,</span> <span class='ocrx_word' id='word_1_906' title='bbox 3165 4381 3435 4438; x_wconf 88' lang='lat' dir='ltr'>tamquam</span> <span class='ocrx_word' id='word_1_907' title='bbox 3465 4370 3702 4421; x_wconf 86' lang='lat' dir='ltr'>membra</span> <span class='ocrx_word' id='word_1_908' title='bbox 3731 4371 3821 4419; x_wconf 87' lang='lat' dir='ltr'>de-</span> 
     </span>
    </p>
   </div>
   <div class='ocr_carea' id='block_1_118' title="bbox 2257 4438 3825 4508">
    <p class='ocr_par' dir='ltr' id='par_1_118' title="bbox 2257 4438 3825 4508">
     <span class='ocr_line' id='line_1_118' title="bbox 2257 4438 3825 4508; baseline -0.001 -19"><span class='ocrx_word' id='word_1_909' title='bbox 2257 4450 2462 4491; x_wconf 90' lang='lat' dir='ltr'>vorata.</span> <span class='ocrx_word' id='word_1_910' title='bbox 2499 4440 2591 4491; x_wconf 82' lang='lat' dir='ltr'>Vel</span> <span class='ocrx_word' id='word_1_911' title='bbox 2621 4457 2669 4490; x_wconf 94' lang='lat' dir='ltr'>tu</span> <span class='ocrx_word' id='word_1_912' title='bbox 2700 4444 2942 4507; x_wconf 72' lang='lat' dir='ltr'>gentibus</span> <span class='ocrx_word' id='word_1_913' title='bbox 2972 4441 3192 4508; x_wconf 78' lang='lat' dir='ltr'>diSpei-si</span> <span class='ocrx_word' id='word_1_914' title='bbox 3224 4456 3369 4503; x_wconf 78' lang='lat' dir='ltr'>stitit,</span> <span class='ocrx_word' id='word_1_915' title='bbox 3402 4440 3614 4508; x_wconf 89' lang='lat' dir='ltr'>quando</span> <span class='ocrx_word' id='word_1_916' title='bbox 3644 4438 3825 4508; x_wconf 79' lang='lat' dir='ltr'>Petrus</span> 
     </span>
    </p>
   </div>
   <div class='ocr_carea' id='block_1_119' title="bbox 2258 4507 3826 4577">
    <p class='ocr_par' dir='ltr' id='par_1_119' title="bbox 2258 4507 3826 4577">
     <span class='ocr_line' id='line_1_119' title="bbox 2258 4507 3826 4577; baseline -0.002 -16"><span class='ocrx_word' id='word_1_917' title='bbox 2258 4508 2438 4561; x_wconf 72' lang='lat' dir='ltr'>Roma:</span> <span class='ocrx_word' id='word_1_918' title='bbox 2478 4512 2820 4577; x_wconf 70' lang='lat' dir='ltr'>crueiligitur,</span> <span class='ocrx_word' id='word_1_919' title='bbox 2855 4507 3085 4564; x_wconf 81' lang='lat' dir='ltr'>’lliomas</span> <span class='ocrx_word' id='word_1_920' title='bbox 3113 4510 3163 4561; x_wconf 92' lang='lat' dir='ltr'>in</span> <span class='ocrx_word' id='word_1_921' title='bbox 3198 4510 3346 4562; x_wconf 88' lang='lat' dir='ltr'>India</span> <span class='ocrx_word' id='word_1_922' title='bbox 3381 4507 3626 4573; x_wconf 88' lang='lat' dir='ltr'>ntoritur,</span> <span class='ocrx_word' id='word_1_923' title='bbox 3654 4507 3826 4577; x_wconf 74' lang='lat' dir='ltr'>et_iu-</span> 
     </span>
    </p>
   </div>
   <div class='ocr_carea' id='block_1_120' title="bbox 2260 4574 3828 4649">
    <p class='ocr_par' dir='ltr' id='par_1_120' title="bbox 2260 4574 3828 4649">
     <span class='ocr_line' id='line_1_120' title="bbox 2260 4574 3828 4649; baseline -0.001 -20"><span class='ocrx_word' id='word_1_924' title='bbox 2260 4580 2464 4631; x_wconf 92' lang='lat' dir='ltr'>numeri</span> <span class='ocrx_word' id='word_1_925' title='bbox 2496 4574 2756 4649; x_wconf 74' lang='lat' dir='ltr'>martyres</span> <span class='ocrx_word' id='word_1_926' title='bbox 2788 4574 2877 4646; x_wconf 85' lang='lat' dir='ltr'>per</span> <span class='ocrx_word' id='word_1_927' title='bbox 2909 4583 3182 4634; x_wconf 83' lang='lat' dir='ltr'>innumera</span> <span class='ocrx_word' id='word_1_928' title='bbox 3209 4582 3321 4649; x_wconf 82' lang='lat' dir='ltr'>loca</span> <span class='ocrx_word' id='word_1_929' title='bbox 3347 4574 3828 4649; x_wconf 10' lang='lat' dir='ltr'>occiduntur.iDis~</span> 
     </span>
    </p>
   </div>
   <div class='ocr_carea' id='block_1_121' title="bbox 588 4644 3827 4718">
    <p class='ocr_par' dir='ltr' id='par_1_121' title="bbox 588 4644 3827 4718">
     <span class='ocr_line' id='line_1_121' title="bbox 588 4644 3827 4718; baseline -0.004 -9"><span class='ocrx_word' id='word_1_930' title='bbox 588 4659 793 4711; x_wconf 86' lang='lat' dir='ltr'>ratione</span> <span class='ocrx_word' id='word_1_931' title='bbox 820 4672 937 4710; x_wconf 90' lang='lat' dir='ltr'>cum</span> <span class='ocrx_word' id='word_1_932' title='bbox 956 4644 1155 4709; x_wconf 64' lang='lat' dir='ltr'>sederit</span> <span class='ocrx_word' id='word_1_933' title='bbox 1182 4644 1348 4704; x_wconf 80' lang='lat' dir='ltr'>Filius</span> <span class='ocrx_word' id='word_1_934' title='bbox 1372 4652 1599 4704; x_wconf 83' lang='lat' dir='ltr'>hominis</span> <span class='ocrx_word' id='word_1_935' title='bbox 1625 4652 1675 4702; x_wconf 93' lang='lat' dir='ltr'>in</span> <span class='ocrx_word' id='word_1_936' title='bbox 1701 4653 1827 4703; x_wconf 90' lang='lat' dir='ltr'>sede</span> <span class='ocrx_word' id='word_1_937' title='bbox 1856 4644 2075 4716; x_wconf 74' lang='lat' dir='ltr'>tnajesta</span> <span class='ocrx_word' id='word_1_938' title='bbox 2088 4654 2151 4702; x_wconf 89' lang='lat' dir='ltr'>tis</span> <span class='ocrx_word' id='word_1_939' title='bbox 2188 4644 2231 4702; x_wconf 89' lang='lat' dir='ltr'>D</span> <span class='ocrx_word' id='word_1_940' title='bbox 2262 4650 2559 4716; x_wconf 85' lang='lat' dir='ltr'>persionem</span> <span class='ocrx_word' id='word_1_941' title='bbox 2582 4644 2739 4702; x_wconf 81' lang='lat' dir='ltr'>etiam</span> <span class='ocrx_word' id='word_1_942' title='bbox 2767 4644 2974 4704; x_wconf 87' lang='lat' dir='ltr'>illorum</span> <span class='ocrx_word' id='word_1_943' title='bbox 3002 4650 3249 4703; x_wconf 90' lang='lat' dir='ltr'>Dominus</span> <span class='ocrx_word' id='word_1_944' title='bbox 3272 4648 3433 4703; x_wconf 75' lang='lat' dir='ltr'>.lesus</span> <span class='ocrx_word' id='word_1_945' title='bbox 3456 4648 3827 4718; x_wconf 84' lang='lat' dir='ltr'>pronuntiabat</span> 
     </span>
    </p>
   </div>
   <div class='ocr_carea' id='block_1_122' title="bbox 588 4720 2148 4794">
    <p class='ocr_par' dir='ltr' id='par_1_122' title="bbox 588 4720 2148 4794">
     <span class='ocr_line' id='line_1_122' title="bbox 588 4720 2148 4794; baseline -0.006 -15"><span class='ocrx_word' id='word_1_946' title='bbox 588 4741 729 4794; x_wconf 65' lang='lat' dir='ltr'>suta,</span> <span class='ocrx_word' id='word_1_947' title='bbox 760 4726 1013 4781; x_wconf 87' lang='lat' dir='ltr'>sedebitis</span> <span class='ocrx_word' id='word_1_948' title='bbox 1058 4734 1112 4776; x_wconf 90' lang='lat' dir='ltr'>et</span> <span class='ocrx_word' id='word_1_949' title='bbox 1160 4738 1251 4794; x_wconf 61' lang='lat' dir='ltr'>vos</span> <span class='ocrx_word' id='word_1_950' title='bbox 1296 4720 1594 4794; x_wconf 69' lang='lat' dir='ltr'>iudicantes</span> <span class='ocrx_word' id='word_1_951' title='bbox 1644 4720 2148 4794; x_wconf 54' lang='lat' dir='ltr'>duodecimuribus</span> 
     </span>
    </p>
   </div>
   <div class='ocr_carea' id='block_1_123' title="bbox 589 4789 2150 4861">
    <p class='ocr_par' dir='ltr' id='par_1_123' title="bbox 589 4789 2150 4861">
     <span class='ocr_line' id='line_1_123' title="bbox 589 4789 2150 4861; baseline -0.004 -12"><span class='ocrx_word' id='word_1_952' title='bbox 589 4789 747 4850; x_wconf 82' lang='lat' dir='ltr'>Israel</span> <span class='ocrx_word' id='word_1_953' title='bbox 781 4796 989 4861; x_wconf 74' lang='lat' dir='ltr'>(Matth.</span> <span class='ocrx_word' id='word_1_954' title='bbox 1016 4794 1150 4859; x_wconf 73' lang='lat'>19.).</span> <span class='ocrx_word' id='word_1_955' title='bbox 1176 4792 1323 4844; x_wconf 79' lang='lat' dir='ltr'>&#39;l‘unc</span> <span class='ocrx_word' id='word_1_956' title='bbox 1351 4791 1653 4857; x_wconf 89' lang='lat' dir='ltr'>implebitur</span> <span class='ocrx_word' id='word_1_957' title='bbox 1680 4792 1816 4856; x_wconf 88' lang='lat' dir='ltr'>quod</span> <span class='ocrx_word' id='word_1_958' title='bbox 1841 4789 1998 4841; x_wconf 87' lang='lat' dir='ltr'>modo</span> <span class='ocrx_word' id='word_1_959' title='bbox 2024 4793 2150 4844; x_wconf 86' lang='lat' dir='ltr'>sub-</span> 
     </span>
    </p>
   </div>
   <div class='ocr_carea' id='block_1_124' title="bbox 588 4863 2152 4930">
    <p class='ocr_par' dir='ltr' id='par_1_124' title="bbox 588 4863 2152 4930">
     <span class='ocr_line' id='line_1_124' title="bbox 588 4863 2152 4930; baseline -0.003 -14"><span class='ocrx_word' id='word_1_960' title='bbox 588 4867 731 4918; x_wconf 88' lang='lat' dir='ltr'>ditur</span> <span class='ocrx_word' id='word_1_961' title='bbox 758 4885 769 4917; x_wconf 94' lang='lat'><strong>:</strong></span> <span class='ocrx_word' id='word_1_962' title='bbox 798 4865 861 4918; x_wconf 78' lang='lat' dir='ltr'>Et</span> <span class='ocrx_word' id='word_1_963' title='bbox 898 4866 947 4917; x_wconf 89' lang='lat' dir='ltr'>in</span> <span class='ocrx_word' id='word_1_964' title='bbox 970 4864 1171 4915; x_wconf 83' lang='lat' dir='ltr'>nomine</span> <span class='ocrx_word' id='word_1_965' title='bbox 1194 4870 1281 4912; x_wconf 88' lang='lat' dir='ltr'>tuo</span> <span class='ocrx_word' id='word_1_966' title='bbox 1302 4876 1595 4930; x_wconf 85' lang='lat' dir='ltr'>spernemus</span> <span class='ocrx_word' id='word_1_967' title='bbox 1627 4864 1940 4929; x_wconf 80' lang='lat' dir='ltr'>insurgentes</span> <span class='ocrx_word' id='word_1_968' title='bbox 1969 4863 2021 4912; x_wconf 84' lang='lat' dir='ltr'>in</span> <span class='ocrx_word' id='word_1_969' title='bbox 2061 4877 2152 4912; x_wconf 88' lang='lat' dir='ltr'>nu-</span> 
     </span>
    </p>
   </div>
   <div class='ocr_carea' id='block_1_125' title="bbox 592 4931 2152 5009">
    <p class='ocr_par' dir='ltr' id='par_1_125' title="bbox 592 4931 2152 5009">
     <span class='ocr_line' id='line_1_125' title="bbox 592 4931 2152 5009; baseline -0.002 -24"><span class='ocrx_word' id='word_1_970' title='bbox 592 4936 686 4987; x_wconf 84' lang='lat' dir='ltr'>bis.</span> <span class='ocrx_word' id='word_1_971' title='bbox 717 4937 879 4987; x_wconf 74' lang='grc' dir='ltr'>Μυιιιι</span> <span class='ocrx_word' id='word_1_972' title='bbox 899 4941 1176 5009; x_wconf 74' lang='lat' dir='ltr'>spernunt,</span> <span class='ocrx_word' id='word_1_973' title='bbox 1210 4932 1366 5009; x_wconf 71' lang='lat'>213</span> <span class='ocrx_word' id='word_1_974' title='bbox 1394 4931 1515 5009; x_wconf 76' lang='lat' dir='ltr'>quia</span> <span class='ocrx_word' id='word_1_975' title='bbox 1548 4940 1693 5009; x_wconf 79' lang='lat' dir='ltr'>tuum</span> <span class='ocrx_word' id='word_1_976' title='bbox 1739 4944 1937 5009; x_wconf 70' lang='lat' dir='ltr'>nomen</span> <span class='ocrx_word' id='word_1_977' title='bbox 1984 4942 2152 5009; x_wconf 58' lang='lat' dir='ltr'>tecta.</span> 
     </span>
    </p>
   </div>
   <div class='ocr_carea' id='block_1_126' title="bbox 594 4999 2155 5071">
    <p class='ocr_par' dir='ltr' id='par_1_126' title="bbox 594 4999 2155 5071">
     <span class='ocr_line' id='line_1_126' title="bbox 594 4999 2155 5071; baseline -0.001 -16"><span class='ocrx_word' id='word_1_978' title='bbox 594 5019 821 5067; x_wconf 87' lang='lat' dir='ltr'>mantus,</span> <span class='ocrx_word' id='word_1_979' title='bbox 841 4999 961 5071; x_wconf 86' lang='lat' dir='ltr'>quia</span> <span class='ocrx_word' id='word_1_980' title='bbox 990 5002 1079 5054; x_wconf 89' lang='lat' dir='ltr'>tibi</span> <span class='ocrx_word' id='word_1_981' title='bbox 1101 4999 1380 5053; x_wconf 54' lang='lat' dir='ltr'>vinuiciain</span> <span class='ocrx_word' id='word_1_982' title='bbox 1404 4999 2155 5071; x_wconf 73' lang='lat' dir='ltr'>relinquimus,quiabtttnites</span> 
     </span>
    </p>
   </div>
   <div class='ocr_carea' id='block_1_127' title="bbox 592 5068 2155 5140">
    <p class='ocr_par' dir='ltr' id='par_1_127' title="bbox 592 5068 2155 5140">
     <span class='ocr_line' id='line_1_127' title="bbox 592 5068 2155 5140; baseline -0.003 -14"><span class='ocrx_word' id='word_1_983' title='bbox 592 5084 645 5126; x_wconf 92' lang='lat' dir='ltr'>et</span> <span class='ocrx_word' id='word_1_984' title='bbox 679 5068 936 5140; x_wconf 43' lang='lat' dir='ltr'>pauper—es</span> <span class='ocrx_word' id='word_1_985' title='bbox 965 5082 1177 5139; x_wconf 82' lang='lat' dir='ltr'>propter</span> <span class='ocrx_word' id='word_1_986' title='bbox 1202 5086 1392 5124; x_wconf 87' lang='lat' dir='ltr'>nomen</span> <span class='ocrx_word' id='word_1_987' title='bbox 1422 5082 1771 5140; x_wconf 75' lang='lat' dir='ltr'>tuunisumus</span> <span class='ocrx_word' id='word_1_988' title='bbox 1796 5086 1809 5140; x_wconf 63' lang='grc' dir='ltr'><strong><em>ς</em></strong></span> <span class='ocrx_word' id='word_1_989' title='bbox 1833 5068 1926 5121; x_wconf 90' lang='lat' dir='ltr'>sed</span> <span class='ocrx_word' id='word_1_990' title='bbox 1958 5070 2010 5121; x_wconf 90' lang='lat' dir='ltr'>in</span> <span class='ocrx_word' id='word_1_991' title='bbox 2041 5072 2155 5137; x_wconf 86' lang='lat' dir='ltr'>ipso</span> 
     </span>
    </p>
   </div>
   <div class='ocr_carea' id='block_1_128' title="bbox 596 5138 2154 5207">
    <p class='ocr_par' dir='ltr' id='par_1_128' title="bbox 596 5138 2154 5207">
     <span class='ocr_line' id='line_1_128' title="bbox 596 5138 2154 5207; baseline -0.002 -11"><span class='ocrx_word' id='word_1_992' title='bbox 596 5138 808 5196; x_wconf 86' lang='lat' dir='ltr'>nomine</span> <span class='ocrx_word' id='word_1_993' title='bbox 846 5143 927 5194; x_wconf 85' lang='lat' dir='ltr'>cui</span> <span class='ocrx_word' id='word_1_994' title='bbox 966 5138 1298 5193; x_wconf 73' lang='lat' dir='ltr'>credidimus</span> <span class='ocrx_word' id='word_1_995' title='bbox 1322 5177 1341 5206; x_wconf 95' lang='lat'>,</span> <span class='ocrx_word' id='word_1_996' title='bbox 1369 5154 1461 5192; x_wconf 82' lang='lat' dir='ltr'>eos</span> <span class='ocrx_word' id='word_1_997' title='bbox 1491 5138 1579 5207; x_wconf 91' lang='lat' dir='ltr'>qui</span> <span class='ocrx_word' id='word_1_998' title='bbox 1610 5138 1765 5191; x_wconf 92' lang='lat' dir='ltr'>modo</span> <span class='ocrx_word' id='word_1_999' title='bbox 1796 5139 2075 5203; x_wconf 79' lang='lat' dir='ltr'>insurgunt</span> <span class='ocrx_word' id='word_1_1000' title='bbox 2102 5142 2154 5193; x_wconf 90' lang='lat' dir='ltr'>in</span> 
     </span>
    </p>
   </div>
   <div class='ocr_carea' id='block_1_129' title="bbox 596 5209 2160 5280">
    <p class='ocr_par' dir='ltr' id='par_1_129' title="bbox 596 5209 2160 5280">
     <span class='ocr_line' id='line_1_129' title="bbox 596 5209 2160 5280; baseline -0.002 -15"><span class='ocrx_word' id='word_1_1001' title='bbox 596 5215 751 5265; x_wconf 92' lang='lat' dir='ltr'>nobis</span> <span class='ocrx_word' id='word_1_1002' title='bbox 779 5213 843 5265; x_wconf 90' lang='lat' dir='ltr'>ad</span> <span class='ocrx_word' id='word_1_1003' title='bbox 876 5210 1323 5280; x_wconf 88' lang='lat' dir='ltr'>persequendum,</span> <span class='ocrx_word' id='word_1_1004' title='bbox 1354 5211 1405 5263; x_wconf 89' lang='lat' dir='ltr'>itt</span> <span class='ocrx_word' id='word_1_1005' title='bbox 1455 5209 1635 5262; x_wconf 84' lang='lat' dir='ltr'>l&#39;uturo</span> <span class='ocrx_word' id='word_1_1006' title='bbox 1668 5219 1932 5280; x_wconf 84' lang='lat' dir='ltr'>tamquam</span> <span class='ocrx_word' id='word_1_1007' title='bbox 1968 5211 2160 5273; x_wconf 82' lang='lat' dir='ltr'>vietus,</span> 
     </span>
    </p>
   </div>
   <div class='ocr_carea' id='block_1_130' title="bbox 598 5279 2158 5349">
    <p class='ocr_par' dir='ltr' id='par_1_130' title="bbox 598 5279 2158 5349">
     <span class='ocr_line' id='line_1_130' title="bbox 598 5279 2158 5349; baseline -0.002 -15"><span class='ocrx_word' id='word_1_1008' title='bbox 598 5284 732 5335; x_wconf 84' lang='lat' dir='ltr'>sicut</span> <span class='ocrx_word' id='word_1_1009' title='bbox 764 5279 896 5335; x_wconf 86' lang='lat' dir='ltr'>viles</span> <span class='ocrx_word' id='word_1_1010' title='bbox 920 5293 973 5335; x_wconf 90' lang='lat' dir='ltr'>et</span> <span class='ocrx_word' id='word_1_1011' title='bbox 1005 5283 1316 5349; x_wconf 82' lang='lat' dir='ltr'>reprobatos</span> <span class='ocrx_word' id='word_1_1012' title='bbox 1346 5281 1727 5347; x_wconf 86' lang='lat' dir='ltr'>despiciemus.</span> <span class='ocrx_word' id='word_1_1013' title='bbox 1761 5279 1826 5331; x_wconf 78' lang='lat' dir='ltr'>Et</span> <span class='ocrx_word' id='word_1_1014' title='bbox 1847 5280 1982 5332; x_wconf 89' lang='lat' dir='ltr'>bene</span> <span class='ocrx_word' id='word_1_1015' title='bbox 2015 5280 2158 5346; x_wconf 76' lang='lat' dir='ltr'>uico,</span> 
     </span>
    </p>
   </div>
   <div class='ocr_carea' id='block_1_131' title="bbox 596 5353 1030 5407">
    <p class='ocr_par' dir='ltr' id='par_1_131' title="bbox 596 5353 1030 5407">
     <span class='ocr_line' id='line_1_131' title="bbox 596 5353 1030 5407; baseline -0.005 -2"><span class='ocrx_word' id='word_1_1016' title='bbox 596 5353 649 5406; x_wconf 86' lang='lat' dir='ltr'>in</span> <span class='ocrx_word' id='word_1_1017' title='bbox 681 5354 894 5407; x_wconf 87' lang='lat' dir='ltr'>nomine</span> <span class='ocrx_word' id='word_1_1018' title='bbox 922 5363 1030 5404; x_wconf 91' lang='lat' dir='ltr'>tuo.</span> 
     </span>
    </p>
   </div>
   <div class='ocr_carea' id='block_1_132' title="bbox 669 5418 2161 5488">
    <p class='ocr_par' dir='ltr' id='par_1_132' title="bbox 669 5418 2161 5488">
     <span class='ocr_line' id='line_1_132' title="bbox 669 5418 2161 5488; baseline -0.003 -13"><span class='ocrx_word' id='word_1_1019' title='bbox 669 5424 720 5475; x_wconf 90' lang='lat'>7.</span> <span class='ocrx_word' id='word_1_1020' title='bbox 754 5422 872 5476; x_wconf 83' lang='lat' dir='ltr'>Non</span> <span class='ocrx_word' id='word_1_1021' title='bbox 896 5424 1030 5475; x_wconf 83' lang='lat' dir='ltr'>enim</span> <span class='ocrx_word' id='word_1_1022' title='bbox 1059 5420 1109 5472; x_wconf 87' lang='lat' dir='ltr'>in</span> <span class='ocrx_word' id='word_1_1023' title='bbox 1136 5436 1257 5472; x_wconf 88' lang='lat' dir='ltr'>arcu</span> <span class='ocrx_word' id='word_1_1024' title='bbox 1302 5436 1410 5472; x_wconf 76' lang='lat' dir='ltr'>meo</span> <span class='ocrx_word' id='word_1_1025' title='bbox 1439 5420 1649 5488; x_wconf 87' lang='lat' dir='ltr'>sperabo</span> <span class='ocrx_word' id='word_1_1026' title='bbox 1669 5457 1684 5482; x_wconf 97' lang='lat'>,</span> <span class='ocrx_word' id='word_1_1027' title='bbox 1716 5418 1765 5471; x_wconf 90' lang='lat' dir='ltr'>id</span> <span class='ocrx_word' id='word_1_1028' title='bbox 1794 5429 1894 5484; x_wconf 87' lang='lat' dir='ltr'>est,</span> <span class='ocrx_word' id='word_1_1029' title='bbox 1928 5418 1979 5471; x_wconf 91' lang='lat' dir='ltr'>in</span> <span class='ocrx_word' id='word_1_1030' title='bbox 2011 5420 2161 5473; x_wconf 75' lang='lat' dir='ltr'>calli-</span> 
     </span>
    </p>
   </div>
   <div class='ocr_carea' id='block_1_133' title="bbox 594 5489 2161 5560">
    <p class='ocr_par' dir='ltr' id='par_1_133' title="bbox 594 5489 2161 5560">
     <span class='ocr_line' id='line_1_133' title="bbox 594 5489 2161 5560; baseline -0.002 -15"><span class='ocrx_word' id='word_1_1031' title='bbox 594 5491 763 5547; x_wconf 85' lang='lat' dir='ltr'>ditate</span> <span class='ocrx_word' id='word_1_1032' title='bbox 791 5508 929 5547; x_wconf 82' lang='lat' dir='ltr'>mea.</span> <span class='ocrx_word' id='word_1_1033' title='bbox 978 5496 1146 5545; x_wconf 84' lang='lat' dir='ltr'>Arcus</span> <span class='ocrx_word' id='word_1_1034' title='bbox 1175 5507 1204 5543; x_wconf 89' lang='lat' dir='ltr'>a</span> <span class='ocrx_word' id='word_1_1035' title='bbox 1237 5494 1391 5560; x_wconf 79' lang='lat' dir='ltr'>leuge</span> <span class='ocrx_word' id='word_1_1036' title='bbox 1434 5492 1615 5543; x_wconf 78' lang='lat' dir='ltr'>ll&#39;ailll.</span> <span class='ocrx_word' id='word_1_1037' title='bbox 1671 5489 1791 5542; x_wconf 64' lang='lat' dir='ltr'>Ideo</span> <span class='ocrx_word' id='word_1_1038' title='bbox 1842 5505 1936 5557; x_wconf 92' lang='lat' dir='ltr'>per</span> <span class='ocrx_word' id='word_1_1039' title='bbox 1981 5506 2161 5543; x_wconf 73' lang='lat' dir='ltr'>areum</span> 
     </span>
    </p>
   </div>
   <div class='ocr_carea' id='block_1_134' title="bbox 600 5560 2165 5631">
    <p class='ocr_par' dir='ltr' id='par_1_134' title="bbox 600 5560 2165 5631">
     <span class='ocr_line' id='line_1_134' title="bbox 600 5560 2165 5631; baseline -0.001 -15"><span class='ocrx_word' id='word_1_1040' title='bbox 600 5564 929 5631; x_wconf 64' lang='lat' dir='ltr'>providentia</span> <span class='ocrx_word' id='word_1_1041' title='bbox 962 5561 1040 5616; x_wconf 89' lang='lat' dir='ltr'>vel</span> <span class='ocrx_word' id='word_1_1042' title='bbox 1070 5563 1346 5631; x_wconf 87' lang='lat' dir='ltr'>prudentia</span> <span class='ocrx_word' id='word_1_1043' title='bbox 1378 5562 1604 5614; x_wconf 88' lang='lat' dir='ltr'>humana</span> <span class='ocrx_word' id='word_1_1044' title='bbox 1632 5560 1958 5628; x_wconf 81' lang='lat' dir='ltr'>designatur.</span> <span class='ocrx_word' id='word_1_1045' title='bbox 2000 5562 2165 5625; x_wconf 82' lang='lat' dir='ltr'>Quasi</span> 
     </span>
    </p>
   </div>
   <div class='ocr_carea' id='block_1_135' title="bbox 599 5692 2165 5768">
    <p class='ocr_par' dir='ltr' id='par_1_135' title="bbox 599 5692 2165 5768">
     <span class='ocr_line' id='line_1_135' title="bbox 599 5692 2165 5768; baseline -0.004 -16"><span class='ocrx_word' id='word_1_1046' title='bbox 599 5713 716 5768; x_wconf 89' lang='lat' dir='ltr'>pem</span> <span class='ocrx_word' id='word_1_1047' title='bbox 755 5696 1001 5768; x_wconf 75' lang='lat' dir='ltr'>Nostrum</span> <span class='ocrx_word' id='word_1_1048' title='bbox 1029 5696 1206 5768; x_wconf 85' lang='lat' dir='ltr'>fuisse</span> <span class='ocrx_word' id='word_1_1049' title='bbox 1252 5696 1318 5768; x_wconf 87' lang='lat' dir='ltr'>ab</span> <span class='ocrx_word' id='word_1_1050' title='bbox 1362 5694 1657 5768; x_wconf 76' lang='lat' dir='ltr'>Augustino</span> <span class='ocrx_word' id='word_1_1051' title='bbox 1702 5692 2165 5768; x_wconf 81' lang='lat' dir='ltr'>mutuatum_,_s_ed</span> 
     </span>
    </p>
   </div>
   <div class='ocr_carea' id='block_1_136' title="bbox 599 5763 2155 5837">
    <p class='ocr_par' dir='ltr' id='par_1_136' title="bbox 599 5763 2155 5837">
     <span class='ocr_line' id='line_1_136' title="bbox 599 5763 2155 5837; baseline -0.005 -16"><span class='ocrx_word' id='word_1_1052' title='bbox 599 5763 810 5837; x_wconf 82' lang='lat' dir='ltr'>quando</span> <span class='ocrx_word' id='word_1_1053' title='bbox 838 5767 889 5819; x_wconf 93' lang='lat' dir='ltr'>in</span> <span class='ocrx_word' id='word_1_1054' title='bbox 914 5766 1248 5837; x_wconf 1' lang='lat' dir='ltr'>(Psalmorum</span> <span class='ocrx_word' id='word_1_1055' title='bbox 1285 5763 1742 5837; x_wconf 81' lang='lat' dir='ltr'>Enarrationibus,</span> <span class='ocrx_word' id='word_1_1056' title='bbox 1770 5778 1926 5837; x_wconf 82' lang='lat' dir='ltr'>quem</span> <span class='ocrx_word' id='word_1_1057' title='bbox 1960 5763 2058 5815; x_wconf 89' lang='lat' dir='ltr'>sibi</span> <span class='ocrx_word' id='word_1_1058' title='bbox 2094 5764 2155 5814; x_wconf 83' lang='lat' dir='ltr'>li-</span> 
     </span>
    </p>
   </div>
   <div class='ocr_carea' id='block_1_137' title="bbox 602 5832 2162 5905">
    <p class='ocr_par' dir='ltr' id='par_1_137' title="bbox 602 5832 2162 5905">
     <span class='ocr_line' id='line_1_137' title="bbox 602 5832 2162 5905; baseline -0.006 -12"><span class='ocrx_word' id='word_1_1059' title='bbox 602 5832 753 5893; x_wconf 80' lang='lat' dir='ltr'>brum</span> <span class='ocrx_word' id='word_1_1060' title='bbox 801 5836 1136 5892; x_wconf 86' lang='lat' dir='ltr'>delibandum</span> <span class='ocrx_word' id='word_1_1061' title='bbox 1179 5838 1332 5890; x_wconf 89' lang='lat' dir='ltr'>uuicc</span> <span class='ocrx_word' id='word_1_1062' title='bbox 1384 5834 1721 5905; x_wconf 76' lang='lat' dir='ltr'>proposuisse</span> <span class='ocrx_word' id='word_1_1063' title='bbox 1771 5832 2007 5894; x_wconf 84' lang='lat' dir='ltr'>videtur,</span> <span class='ocrx_word' id='word_1_1064' title='bbox 2058 5847 2162 5884; x_wconf 92' lang='lat' dir='ltr'>non</span> 
     </span>
    </p>
   </div>
   <div class='ocr_carea' id='block_1_138' title="bbox 2259 4718 3828 4789">
    <p class='ocr_par' dir='ltr' id='par_1_138' title="bbox 2259 4718 3828 4789">
     <span class='ocr_line' id='line_1_138' title="bbox 2259 4718 3828 4789; baseline -0.002 -17"><span class='ocrx_word' id='word_1_1065' title='bbox 2259 4735 2377 4772; x_wconf 86' lang='lat' dir='ltr'>cum</span> <span class='ocrx_word' id='word_1_1066' title='bbox 2409 4719 2619 4773; x_wconf 90' lang='lat' dir='ltr'>dicebat</span> <span class='ocrx_word' id='word_1_1067' title='bbox 2643 4738 2654 4773; x_wconf 89' lang='lat'><strong>:</strong></span> <span class='ocrx_word' id='word_1_1068' title='bbox 2675 4721 2729 4775; x_wconf 89' lang='lat' dir='ltr'>Si</span> <span class='ocrx_word' id='word_1_1069' title='bbox 2778 4725 3079 4789; x_wconf 89' lang='lat' dir='ltr'>persequuti</span> <span class='ocrx_word' id='word_1_1070' title='bbox 3124 4735 3215 4771; x_wconf 81' lang='lat' dir='ltr'>vos</span> <span class='ocrx_word' id='word_1_1071' title='bbox 3255 4719 3457 4774; x_wconf 85' lang='lat' dir='ltr'>fuerint</span> <span class='ocrx_word' id='word_1_1072' title='bbox 3485 4721 3538 4773; x_wconf 90' lang='lat' dir='ltr'>in</span> <span class='ocrx_word' id='word_1_1073' title='bbox 3571 4732 3730 4772; x_wconf 86' lang='lat' dir='ltr'>unam</span> <span class='ocrx_word' id='word_1_1074' title='bbox 3759 4718 3828 4771; x_wconf 85' lang='lat' dir='ltr'>ci-</span> 
     </span>
    </p>
   </div>
   <div class='ocr_carea' id='block_1_139' title="bbox 2260 4789 3365 4860">
    <p class='ocr_par' dir='ltr' id='par_1_139' title="bbox 2260 4789 3365 4860">
     <span class='ocr_line' id='line_1_139' title="bbox 2260 4789 3365 4860; baseline 0.002 -19"><span class='ocrx_word' id='word_1_1075' title='bbox 2260 4789 2505 4860; x_wconf 83' lang='lat' dir='ltr'>vitatem,</span> <span class='ocrx_word' id='word_1_1076' title='bbox 2530 4792 2687 4860; x_wconf 78' lang='lat' dir='ltr'>fugite</span> <span class='ocrx_word' id='word_1_1077' title='bbox 2718 4792 2767 4843; x_wconf 91' lang='lat' dir='ltr'>itt</span> <span class='ocrx_word' id='word_1_1078' title='bbox 2794 4792 2948 4844; x_wconf 88' lang='lat' dir='ltr'>aliain</span> <span class='ocrx_word' id='word_1_1079' title='bbox 2980 4790 3195 4859; x_wconf 78' lang='lat' dir='ltr'>(Matth.</span> <span class='ocrx_word' id='word_1_1080' title='bbox 3230 4792 3365 4854; x_wconf 85' lang='lat' dir='ltr'>l0.).</span> 
     </span>
    </p>
   </div>
   <div class='ocr_carea' id='block_1_140' title="bbox 2333 4856 3829 4932">
    <p class='ocr_par' dir='ltr' id='par_1_140' title="bbox 2333 4856 3829 4932">
     <span class='ocr_line' id='line_1_140' title="bbox 2333 4856 3829 4932; baseline -0.001 -21"><span class='ocrx_word' id='word_1_1081' title='bbox 2333 4859 2417 4912; x_wconf 80' lang='grc'><strong>15.</strong></span> <span class='ocrx_word' id='word_1_1082' title='bbox 2471 4856 2751 4914; x_wconf 76' lang='grc' dir='ltr'>γεηᾶιάἰειὶ</span> <span class='ocrx_word' id='word_1_1083' title='bbox 2802 4856 3042 4932; x_wconf 81' lang='lat' dir='ltr'>populum</span> <span class='ocrx_word' id='word_1_1084' title='bbox 3089 4871 3231 4912; x_wconf 91' lang='lat' dir='ltr'>tuum</span> <span class='ocrx_word' id='word_1_1085' title='bbox 3274 4861 3390 4913; x_wconf 79' lang='lat' dir='ltr'>sine</span> <span class='ocrx_word' id='word_1_1086' title='bbox 3442 4859 3624 4928; x_wconf 82' lang='lat' dir='ltr'>pretio.</span> <span class='ocrx_word' id='word_1_1087' title='bbox 3675 4856 3829 4932; x_wconf 85' lang='lat' dir='ltr'>Quasi</span> 
     </span>
    </p>
   </div>
   <div class='ocr_carea' id='block_1_141' title="bbox 2260 4930 3831 5001">
    <p class='ocr_par' dir='ltr' id='par_1_141' title="bbox 2260 4930 3831 5001">
     <span class='ocr_line' id='line_1_141' title="bbox 2260 4930 3831 5001; baseline -0.003 -18"><span class='ocrx_word' id='word_1_1088' title='bbox 2260 4931 2375 4983; x_wconf 91' lang='lat' dir='ltr'>sine</span> <span class='ocrx_word' id='word_1_1089' title='bbox 2408 4931 2577 5001; x_wconf 85' lang='lat' dir='ltr'>pretio</span> <span class='ocrx_word' id='word_1_1090' title='bbox 2626 4930 3197 5000; x_wconf 24' lang='lat' dir='ltr'>populus‘sanetorum</span> <span class='ocrx_word' id='word_1_1091' title='bbox 3239 4945 3536 5001; x_wconf 85' lang='lat' dir='ltr'>martyrum</span> <span class='ocrx_word' id='word_1_1092' title='bbox 3561 4930 3831 5001; x_wconf 79' lang='lat' dir='ltr'>vendeba-</span> 
     </span>
    </p>
   </div>
   <div class='ocr_carea' id='block_1_142' title="bbox 2264 4998 3831 5070">
    <p class='ocr_par' dir='ltr' id='par_1_142' title="bbox 2264 4998 3831 5070">
     <span class='ocr_line' id='line_1_142' title="bbox 2264 4998 3831 5070; baseline -0.002 -18"><span class='ocrx_word' id='word_1_1093' title='bbox 2264 5010 2387 5062; x_wconf 81' lang='lat' dir='ltr'>tur,</span> <span class='ocrx_word' id='word_1_1094' title='bbox 2408 4998 2764 5067; x_wconf 82' lang='lat' dir='ltr'>quandotam</span> <span class='ocrx_word' id='word_1_1095' title='bbox 2822 5005 3082 5070; x_wconf 84' lang='lat' dir='ltr'>pretiosus</span> <span class='ocrx_word' id='word_1_1096' title='bbox 3130 5001 3345 5068; x_wconf 81' lang='lat' dir='ltr'>sanguis</span> <span class='ocrx_word' id='word_1_1097' title='bbox 3386 4998 3734 5062; x_wconf 76' lang='lat' dir='ltr'>fundebatur,</span> <span class='ocrx_word' id='word_1_1098' title='bbox 3781 5006 3831 5049; x_wconf 90' lang='lat' dir='ltr'>ut</span> 
     </span>
    </p>
   </div>
   <div class='ocr_carea' id='block_1_143' title="bbox 2258 5070 3829 5138">
    <p class='ocr_par' dir='ltr' id='par_1_143' title="bbox 2258 5070 3829 5138">
     <span class='ocr_line' id='line_1_143' title="bbox 2258 5070 3829 5138; baseline -0.002 -17"><span class='ocrx_word' id='word_1_1099' title='bbox 2258 5075 2508 5138; x_wconf 81' lang='lat' dir='ltr'>exemplo</span> <span class='ocrx_word' id='word_1_1100' title='bbox 2536 5084 2721 5123; x_wconf 88' lang='lat' dir='ltr'>eorum</span> <span class='ocrx_word' id='word_1_1101' title='bbox 2775 5074 2951 5125; x_wconf 90' lang='lat' dir='ltr'>nullus</span> <span class='ocrx_word' id='word_1_1102' title='bbox 2980 5072 3044 5123; x_wconf 88' lang='lat' dir='ltr'>ad</span> <span class='ocrx_word' id='word_1_1103' title='bbox 3076 5070 3464 5124; x_wconf 86' lang='lat' dir='ltr'>redemtionem</span> <span class='ocrx_word' id='word_1_1104' title='bbox 3510 5079 3566 5122; x_wconf 88' lang='lat' dir='ltr'>et</span> <span class='ocrx_word' id='word_1_1105' title='bbox 3608 5072 3829 5138; x_wconf 85' lang='lat' dir='ltr'>salutem</span> 
     </span>
    </p>
   </div>
   <div class='ocr_carea' id='block_1_144' title="bbox 2263 5137 3831 5207">
    <p class='ocr_par' dir='ltr' id='par_1_144' title="bbox 2263 5137 3831 5207">
     <span class='ocr_line' id='line_1_144' title="bbox 2263 5137 3831 5207; baseline -0.002 -15"><span class='ocrx_word' id='word_1_1106' title='bbox 2263 5137 2695 5194; x_wconf 86' lang='lat' dir='ltr'>convertebatur.</span> <span class='ocrx_word' id='word_1_1107' title='bbox 2729 5143 2993 5196; x_wconf 88' lang='lat' dir='ltr'>lutantum</span> <span class='ocrx_word' id='word_1_1108' title='bbox 3016 5140 3299 5207; x_wconf 87' lang='lat' dir='ltr'>aliquando</span> <span class='ocrx_word' id='word_1_1109' title='bbox 3327 5142 3447 5195; x_wconf 90' lang='lat' dir='ltr'>siue</span> <span class='ocrx_word' id='word_1_1110' title='bbox 3470 5139 3640 5207; x_wconf 88' lang='lat' dir='ltr'>pretio</span> <span class='ocrx_word' id='word_1_1111' title='bbox 3665 5137 3831 5191; x_wconf 90' lang='lat' dir='ltr'>sancti</span> 
     </span>
    </p>
   </div>
   <div class='ocr_carea' id='block_1_145' title="bbox 2265 5208 3825 5280">
    <p class='ocr_par' dir='ltr' id='par_1_145' title="bbox 2265 5208 3825 5280">
     <span class='ocr_line' id='line_1_145' title="bbox 2265 5208 3825 5280; baseline -0.003 -20"><span class='ocrx_word' id='word_1_1112' title='bbox 2265 5219 2526 5280; x_wconf 84' lang='lat' dir='ltr'>martyres</span> <span class='ocrx_word' id='word_1_1113' title='bbox 2575 5210 2739 5264; x_wconf 80' lang='lat' dir='ltr'>habiti</span> <span class='ocrx_word' id='word_1_1114' title='bbox 2786 5220 2930 5273; x_wconf 86' lang='lat' dir='ltr'>sunt,</span> <span class='ocrx_word' id='word_1_1115' title='bbox 2961 5212 3220 5280; x_wconf 83' lang='lat' dir='ltr'>itttanttttn</span> <span class='ocrx_word' id='word_1_1116' title='bbox 3262 5211 3461 5280; x_wconf 67' lang='lat' dir='ltr'>pertint</span> <span class='ocrx_word' id='word_1_1117' title='bbox 3510 5222 3633 5261; x_wconf 84' lang='lat' dir='ltr'>esse</span> <span class='ocrx_word' id='word_1_1118' title='bbox 3664 5208 3825 5276; x_wconf 87' lang='lat' dir='ltr'>putati</span> 
     </span>
    </p>
   </div>
   <div class='ocr_carea' id='block_1_146' title="bbox 2265 5278 3827 5347">
    <p class='ocr_par' dir='ltr' id='par_1_146' title="bbox 2265 5278 3827 5347">
     <span class='ocr_line' id='line_1_146' title="bbox 2265 5278 3827 5347; baseline -0.003 -16"><span class='ocrx_word' id='word_1_1119' title='bbox 2265 5278 2417 5345; x_wconf 72' lang='lat' dir='ltr'>sunt,</span> <span class='ocrx_word' id='word_1_1120' title='bbox 2454 5290 2509 5333; x_wconf 90' lang='lat' dir='ltr'>ut</span> <span class='ocrx_word' id='word_1_1121' title='bbox 2538 5283 2624 5347; x_wconf 91' lang='lat' dir='ltr'>qui</span> <span class='ocrx_word' id='word_1_1122' title='bbox 2647 5296 2739 5334; x_wconf 88' lang='lat' dir='ltr'>eus</span> <span class='ocrx_word' id='word_1_1123' title='bbox 2768 5282 3096 5341; x_wconf 89' lang='lat' dir='ltr'>occiderunt,</span> <span class='ocrx_word' id='word_1_1124' title='bbox 3123 5279 3281 5334; x_wconf 88' lang='lat' dir='ltr'>etiam</span> <span class='ocrx_word' id='word_1_1125' title='bbox 3308 5278 3362 5332; x_wconf 93' lang='lat' dir='ltr'>in</span> <span class='ocrx_word' id='word_1_1126' title='bbox 3396 5284 3495 5332; x_wconf 83' lang='lat' dir='ltr'>hoc</span> <span class='ocrx_word' id='word_1_1127' title='bbox 3521 5280 3827 5346; x_wconf 85' lang='lat' dir='ltr'>obsequium</span> 
     </span>
    </p>
   </div>
   <div class='ocr_carea' id='block_1_147' title="bbox 2265 5347 3836 5417">
    <p class='ocr_par' dir='ltr' id='par_1_147' title="bbox 2265 5347 3836 5417">
     <span class='ocr_line' id='line_1_147' title="bbox 2265 5347 3836 5417; baseline -0.003 -16"><span class='ocrx_word' id='word_1_1128' title='bbox 2265 5363 2324 5402; x_wconf 90' lang='lat' dir='ltr'>se</span> <span class='ocrx_word' id='word_1_1129' title='bbox 2354 5362 2605 5417; x_wconf 69' lang='lat' dir='ltr'>praestare</span> <span class='ocrx_word' id='word_1_1130' title='bbox 2654 5351 2762 5405; x_wconf 70' lang='lat' dir='ltr'>Deo</span> <span class='ocrx_word' id='word_1_1131' title='bbox 2802 5352 3125 5405; x_wconf 79' lang='lat' dir='ltr'>a-Stimarent</span> <span class='ocrx_word' id='word_1_1132' title='bbox 3170 5347 3349 5416; x_wconf 79' lang='lat' dir='ltr'>(Joan.</span> <span class='ocrx_word' id='word_1_1133' title='bbox 3384 5349 3487 5415; x_wconf 83' lang='lat'>6.).</span> <span class='ocrx_word' id='word_1_1134' title='bbox 3518 5350 3685 5412; x_wconf 87' lang='lat' dir='ltr'>Quasi</span> <span class='ocrx_word' id='word_1_1135' title='bbox 3714 5360 3836 5414; x_wconf 74' lang='lat' dir='ltr'>ergo</span> 
     </span>
    </p>
   </div>
   <div class='ocr_carea' id='block_1_148' title="bbox 2266 5419 3833 5488">
    <p class='ocr_par' dir='ltr' id='par_1_148' title="bbox 2266 5419 3833 5488">
     <span class='ocr_line' id='line_1_148' title="bbox 2266 5419 3833 5488; baseline -0.003 -17"><span class='ocrx_word' id='word_1_1136' title='bbox 2266 5419 2385 5472; x_wconf 90' lang='lat' dir='ltr'>sine</span> <span class='ocrx_word' id='word_1_1137' title='bbox 2417 5422 2584 5483; x_wconf 84' lang='lat' dir='ltr'>pretio</span> <span class='ocrx_word' id='word_1_1138' title='bbox 2611 5420 2895 5485; x_wconf 86' lang='lat' dir='ltr'>dabantur,</span> <span class='ocrx_word' id='word_1_1139' title='bbox 2920 5420 3132 5488; x_wconf 87' lang='lat' dir='ltr'>quando</span> <span class='ocrx_word' id='word_1_1140' title='bbox 3158 5420 3557 5482; x_wconf 88' lang='lat' dir='ltr'>occidebantur,</span> <span class='ocrx_word' id='word_1_1141' title='bbox 3588 5426 3643 5470; x_wconf 90' lang='lat' dir='ltr'>et</span> <span class='ocrx_word' id='word_1_1142' title='bbox 3674 5432 3833 5470; x_wconf 86' lang='lat' dir='ltr'>nemi-</span> 
     </span>
    </p>
   </div>
   <div class='ocr_carea' id='block_1_149' title="bbox 2268 5489 3833 5557">
    <p class='ocr_par' dir='ltr' id='par_1_149' title="bbox 2268 5489 3833 5557">
     <span class='ocr_line' id='line_1_149' title="bbox 2268 5489 3833 5557; baseline -0.002 -17"><span class='ocrx_word' id='word_1_1143' title='bbox 2268 5503 2388 5541; x_wconf 88' lang='lat' dir='ltr'>nent</span> <span class='ocrx_word' id='word_1_1144' title='bbox 2414 5489 2771 5544; x_wconf 89' lang='lat' dir='ltr'>lucrabantur.</span> <span class='ocrx_word' id='word_1_1145' title='bbox 2807 5492 2873 5543; x_wconf 76' lang='lat' dir='ltr'>Et</span> <span class='ocrx_word' id='word_1_1146' title='bbox 2898 5494 2941 5543; x_wconf 84' lang='lat' dir='ltr'>si</span> <span class='ocrx_word' id='word_1_1147' title='bbox 2970 5490 3128 5557; x_wconf 90' lang='lat' dir='ltr'>aliqui</span> <span class='ocrx_word' id='word_1_1148' title='bbox 3154 5499 3309 5542; x_wconf 82' lang='lat' dir='ltr'>erant</span> <span class='ocrx_word' id='word_1_1149' title='bbox 3339 5492 3429 5555; x_wconf 84' lang='lat' dir='ltr'>qui</span> <span class='ocrx_word' id='word_1_1150' title='bbox 3458 5496 3833 5543; x_wconf 86' lang='lat' dir='ltr'>converteren-</span> 
     </span>
    </p>
   </div>
   <div class='ocr_carea' id='block_1_150' title="bbox 2270 5558 3834 5629">
    <p class='ocr_par' dir='ltr' id='par_1_150' title="bbox 2270 5558 3834 5629">
     <span class='ocr_line' id='line_1_150' title="bbox 2270 5558 3834 5629; baseline -0.001 -19"><span class='ocrx_word' id='word_1_1151' title='bbox 2270 5570 2372 5624; x_wconf 91' lang='lat' dir='ltr'>tur,</span> <span class='ocrx_word' id='word_1_1152' title='bbox 2398 5559 2450 5612; x_wconf 93' lang='lat' dir='ltr'>in</span> <span class='ocrx_word' id='word_1_1153' title='bbox 2478 5560 2877 5629; x_wconf 87' lang='lat' dir='ltr'>comparatione</span> <span class='ocrx_word' id='word_1_1154' title='bbox 2904 5571 3192 5629; x_wconf 88' lang='lat' dir='ltr'>martyrum</span> <span class='ocrx_word' id='word_1_1155' title='bbox 3224 5560 3380 5627; x_wconf 88' lang='lat' dir='ltr'>pauci</span> <span class='ocrx_word' id='word_1_1156' title='bbox 3427 5568 3599 5615; x_wconf 89' lang='lat' dir='ltr'>erant.</span> <span class='ocrx_word' id='word_1_1157' title='bbox 3645 5558 3713 5612; x_wconf 85' lang='lat' dir='ltr'>Et</span> <span class='ocrx_word' id='word_1_1158' title='bbox 3741 5560 3834 5610; x_wconf 84' lang='lat' dir='ltr'>hoc</span> 
     </span>
    </p>
   </div>
   <div class='ocr_carea' id='block_1_151' title="bbox 2268 5696 3811 5817">
    <p class='ocr_par' dir='ltr' id='par_1_151' title="bbox 2268 5696 3811 5817">
     <span class='ocr_line' id='line_1_151' title="bbox 2268 5696 3811 5817; baseline 0.003 -68"><span class='ocrx_word' id='word_1_1159' title='bbox 2268 5698 2531 5817; x_wconf 54' lang='lat' dir='ltr'>ggfurrit,</span> <span class='ocrx_word' id='word_1_1160' title='bbox 2562 5697 2885 5769; x_wconf 77' lang='lat' dir='ltr'>investigare</span> <span class='ocrx_word' id='word_1_1161' title='bbox 2932 5712 3047 5755; x_wconf 82' lang='lat' dir='ltr'>eam</span> <span class='ocrx_word' id='word_1_1162' title='bbox 3091 5698 3214 5754; x_wconf 88' lang='lat' dir='ltr'>alibi</span> <span class='ocrx_word' id='word_1_1163' title='bbox 3257 5696 3591 5769; x_wconf 80' lang='lat' dir='ltr'>diligentius,</span> <span class='ocrx_word' id='word_1_1164' title='bbox 3619 5712 3723 5753; x_wconf 91' lang='lat' dir='ltr'>non</span> <span class='ocrx_word' id='word_1_1165' title='bbox 3756 5709 3811 5746; x_wconf 79' lang='lat' dir='ltr'>va</span> 
     </span>
    </p>
   </div>
   <div class='ocr_carea' id='block_1_152' title="bbox 2302 5778 2373 5818">
    <p class='ocr_par' dir='ltr' id='par_1_152' title="bbox 2302 5778 2373 5818">
     <span class='ocr_line' id='line_1_152' title="bbox 2302 5778 2373 5818; baseline 0.042 -3"><span class='ocrx_word' id='word_1_1166' title='bbox 2302 5778 2373 5818; x_wconf 72' lang='grc' dir='ltr'>ιιι.</span> 
     </span>
    </p>
   </div>
  </div>
