4098 6356
310 355 412 412 817

1310 360 1376 417 ΙΝ
1419 360 1728 418 PSALMOS
1770 359 1958 417 LXXV
2003 360 2564 425 COIIMENTARIUS.

3474 371 3587 427 818

313 478 399 548 est
422 468 570 541 quod
593 467 816 548 subdit_:_
833 468 899 522 Et
930 484 1033 524 non
1060 469 1156 538 fuit
1177 472 1526 548 multitudoiu
1547 477 1900 548 commutatio-
1931 475 1978 536 Α
2010 475 2126 548 Dei,
2159 478 2526 532 mandatorum
2568 479 2683 548 ejus
2730 478 3165 545 prtet'aricaiores
3197 481 3338 537 iacti.
3371 483 3448 536 Ad
3481 483 3583 538 hoe

311 540 466 598 uibus
516 557 713 595 eorum.
768 540 1057 612 Martyrum
1113 543 1336 607 scilicet,
1386 545 1474 612 qui
1536 546 1901 601 moriebantur

314 621 542 680 propter
583 624 777 665 nomen
808 621 954 665 tuum
985 612 1345 679 ampliandum
1373 630 1387 666 :
1411 617 1489 668 vel
1521 615 1571 668 in
1603 625 1902 671 commuta-

311 682 554 756 tionibus
580 696 787 756 eorum,
819 683 1436 756 q‘taudooccidebantur
1463 694 1758 756 martyres,
1794 702 1896 742 non

309 751 414 806 iuit
445 750 730 805 multitudo
755 752 1246 820 congregationum,
1281 755 1368 818 qui
1398 755 1554 808 simul
1590 750 1698 808 Deo
1725 750 1897 811 servi-

310 833 434 876 rent
464 822 515 875 in
551 822 822 887 Eeclesiis,
853 823 906 874 in
956 823 1294 877 monasteriis
1320 867 1333 888 ,
1364 825 1414 877 in
1445 825 1672 879 diversis
1698 827 1900 881 ordini-

311 891 432 954 bus,
465 893 603 946 sicut
632 891 792 963 modo
829 893 1070 946 videmus
1101 893 1151 944 in
1190 903 1432 961 tempore
1463 897 1625 963 picis.
1654 897 1898 951 Abscon-

309 962 578 1016 debantur
607 962 748 1016 enim
780 973 999 1031 propter
1027 962 1534 1029 persecutiones,et
1559 968 1644 1018 alii
1678 968 1745 1019 ab
1775 968 1894 1022 aliis

307 1032 688 1087 dividebantur
711 1051 724 1086 :
745 1042 796 1087 ut
830 1035 1019 1087 melius
1050 1033 1345 1098 latitarent,
1380 1051 1446 1089 ne
1473 1036 1635 1090 citius
1659 1039 1704 1092 si
1732 1038 1892 1092 simul

311 1104 462 1156 multi
496 1111 698 1168 essent,
732 1103 1114 1167 invenirentur,
1138 1114 1478 1173 Capereutur.

384 1173 472 1227 14.
523 1173 745 1228 Posuisti
789 1190 877 1226 nos
916 1175 1244 1242 opprobrium
1269 1177 1446 1230 vicinis
1485 1177 1696 1230 nostris.
1726 1178 1895 1233 Tanta

311 1245 413 1298 fuit
443 1245 746 1313 persecutio
789 1253 996 1308 nostra,
1031 1245 1171 1311 quod
1213 1245 1403 1300 vicinis
1453 1248 1671 1309 nostris,
1707 1249 1756 1301 id
1787 1260 1888 1311 est,

311 1315 419 1367 illis
451 1317 539 1382 qui
565 1314 1059 1383 appropinquabant
1090 1316 1155 1369 ad
1183 1317 1341 1371 iidem
1369 1327 1423 1372 et
1464 1318 1700 1371 animum
1735 1335 1890 1373 suum

309 1385 656 1447 aﬂ‘ectabant,
690 1384 1012 1440 essemusin
1052 1388 1419 1454 opprobrium.
1454 1388 1708 1441 Videntes
1746 1391 1888 1444 enim

309 1465 540 1509 mortem
563 1466 796 1510 nostram
821 1457 888 1508 ita
914 1456 1690 1521 probrosam,r.etrahebantse
1713 1475 1740 1512 a
1766 1461 1892 1516 iide.

307 1526 376 1580 Et
421 1527 641 1600 posuisti
674 1540 809 1600 nos:
837 1525 1300 1600 Subsonnatiouem
1338 1541 1384 1583 et
1424 1531 1647 1591 derisum
1688 1530 1770 1582 liis
1807 1533 1896 1600 qui

305 1607 425 1650 sunt
446 1599 496 1649 in
528 1598 742 1668 circuitu
767 1606 959 1650 nostro.
979 1597 1078 1664 Qui
1106 1613 1201 1656 nos
1222 1601 1577 1662 eircmndant,
1603 1609 1660 1654 ut
1679 1597 1896 1668 capiant

303 1679 362 1720 et
410 1667 680 1724 occidant.
747 1669 1110 1723 Subsannatio‘
1163 1669 1218 1722 lit
1275 1686 1367 1738 per
1421 1687 1646 1738 nasum,
1696 1667 1894 1727 derisio

304 1752 405 1807 per
429 1753 510 1794 os.

381 1808 469 1863 15.
509 1807 738 1864 Posuisti
762 1825 851 1863 nos
875 1810 926 1863 in
952 1809 1339 1870 similitudinem
1374 1811 1622 1880 gentibus.
1669 1811 1783 1868 Hoc
1807 1822 1888 1868 est

314 1879 369 1950 in
399 1880 801 1934 similitudinem
833 1896 1028 1948 ponere
1051 1880 1158 1947 (Ea:
1190 1879 1521 1950 Augustino),
1544 1883 1756 1948 quando
1779 1901 1888 1939 ma-

310 1949 606 2023 ledicentes
640 1951 882 2023 homines
924 1949 1326 2023 similitudinem
1367 1951 1497 2005 dull
1543 1954 1608 2003 de
1639 1968 1703 2005 eo
1730 1970 1887 2023 quem

308 2021 647 2075 detestantur
680 2022 809 2077 :Sic
849 2021 1122 2084 moriaris,
1155 2025 1232 2076 sic
1263 2025 1516 2090 pttttiuris,
1545 2033 1599 2074 ut
1634 2021 1759 2079 ille.
1786 2026 1891 2082 llo-

307 2090 505 2164 dieque
525 2108 644 2164 non,
664 2093 858 2164 desunt
887 2095 1068 2147 hostes
1097 2095 1292 2147 Cltrisu
1324 2093 1512 2160 Judmi,
1539 2103 1723 2147 contra
1749 2111 1886 2164 quos

304 2162 520 2230 quando
549 2162 887 2217 defendimus
916 2164 1208 2224 Christum.
1233 2165 1418 2217 dicunt
1446 2165 1599 2217 nobis
1622 2182 1632 2215 :
1654 2164 1744 2220 Sic
1768 2162 1886 2222 ino-

305 2234 482 2294 riaris,
513 2233 782 2300 quomodo
813 2243 866 2287 et
899 2234 1004 2288 ille»
1049 2232 1165 2288 Non
1196 2234 1339 2288 enim
1373 2233 1512 2287 illam
1545 2243 1768 2290 mortem
1802 2237 1886 2290 in-

307 2302 577 2377 t_ulissen_t,
601 2305 645 2377 si
677 2304 918 2377 martyrii
946 2306 1192 2358 meritum
1233 2305 1533 2377 intelligere
1566 2307 1887 2372 potuissent.

305 2373 536 2447 Posuisti
561 2375 726 2447 etiam
761 2373 865 2447 nos
908 2376 1523 2447 commotionemcnpitis
1565 2378 1885 2447 in'populis.

302 2443 608 2498 Commotio
655 2445 882 2510 capitis,
926 2445 1134 2514 signum
1181 2457 1262 2499 est
1310 2443 1694 2502 iusultationis.
1731 2443 1889 2504 Unde

302 2514 427 2568 alibi
459 2516 652 2570 dicitur
678 2533 689 2568 :
715 2515 938 2583 Loquuti
970 2528 1091 2570 sunt
1124 2516 1300 2579 labiis,
1331 2525 1384 2570 et
1418 2527 1700 2570 moverunt
1730 2531 1888 2584 caput

303 2584 478 2652 (Psal.
510 2586 648 2655 21.).
681 2586 790 2640 iloc
821 2587 1061 2642 fecerunt
1091 2587 1342 2642 Domino.
1377 2586 1484 2657 lloc
1515 2589 1713 2641 sanctis
1743 2589 1884 2657 ejus,

300 2672 440 2721 quos
469 2660 735 2727 persequi,
775 2672 906 2725 quos
939 2667 1141 2722 tenere,
1163 2673 1297 2726 quos
1344 2655 1589 2723 illudere,
1624 2673 1756 2727 quos
1775 2655 1886 2715 ira?

300 2728 454 2791 dero,
481 2726 746 2796 alii-gere.
771 2728 1018 2782 occidere
1049 2738 1350 2796 potuerunt.

378 2797 468 2850 16.
515 2797 642 2850 Tota
671 2800 772 2860 die,
797 2801 844 2850 id
876 2809 978 2862 est,
1010 2801 1224 2853 assidue
1259 2798 1558 2852 verecundia
1580 2816 1690 2852 mea
1713 2811 1886 2856 tanto-

299 2884 417 2921 rum
453 2871 860 2936 opprobriorum
891 2879 1065 2923 contra
1102 2886 1180 2923 me
1204 2879 1296 2931 est,
1323 2870 1372 2922 id
1395 2881 1496 2932 est,
1517 2879 1641 2922 ante
1663 2885 1885 2938 Conspe-

300 2948 445 2999 ctum
480 2957 676 2993 meum.
707 2939 770 2993 Et
793 2940 1028 3008 confusio
1048 2941 1195 3009 [aciei
1217 2957 1337 2993 metu
1356 2941 1615 3007 coeperuit
1642 2956 1739 2998 me.
1777 2942 1887 2997 Hoc

300 3024 329 3080 a
359 3011 519 3080 simili
554 3009 770 3078 dicitur,
802 3025 928 3078 quia
981 3013 1197 3080 quando
1243 3011 1448 3064 confusi
1496 3013 1882 3078 erubescimus,

303 3078 679 3152 faciesnmtra
722 3084 914 3138 rubore
963 3078 1234 3152 sanguinis
1278 3081 1602 3150 cooperitur.
1638 3083 1767 3148 Quae
1798 3099 1886 3138 ve-

301 3151 554 3204 recundia
589 3153 732 3206 venit
763 3153 912 3215 mihi,

2009 547 2166 614 igitur
2196 551 2311 603 haec
2339 549 2531 617 scripta
2566 547 2810 616 legimus,
2837 558 2896 604 ut
2924 560 3116 618 quanta
3151 567 3246 620 pro
3274 569 3458 607 amore
3485 554 3579 609 Dei

2007 628 2272 690 martyres
2304 621 2474 674 sancti
2508 621 2864 688 pertulerunt,
2894 621 3177 689 vigilanter
3205 623 3578 690 attendamus,

2006 689 2342 762 attendentes
2373 701 2608 744 nostram
2634 691 3051 762 fragilitatemet
3080 692 3462 762 impatientiam
3487 689 3582 749 de;

2001 757 2296 879 staremus,
2323 769 2378 815 et
2403 757 2751 832 corrigamus.
2779 761 2886 818 Sed
2912 761 3104 829 adhuc,
3123 757 3250 834 quid
3277 764 3480 833 dicant,
3499 781 3582 820 au-

2041 843 2229 879 tamus.

2041 843 2229 882 tamus.

2077 898 2161 953 t9.
2191 898 2258 951 Et
2299 917 2402 954 non
2436 903 2637 957 recessit
2675 914 2809 958 retro
2839 919 2926 958 cor
2951 913 3202 976 nostrum.
3235 905 3338 962 Sed
3369 921 3582 976 semper

2001 968 2065 1044 ad
2093 984 2174 1044 ea,
2195 986 2314 1044 qum
2339 982 2463 1044 ante
2492 984 2635 1040 sunt,
2663 989 2758 1028 nos
2784 975 3141 1039 extendimus,
3166 976 3228 1030 ad
3259 968 3579 1044 promissum

2002 1038 2240 1115 brayinm
2274 1038 2867 1115 festinantes-Quando
2896 1059 2990 1099 cor
3018 1038 3239 1114 erigitur
3261 1038 3324 1102 "in
3369 1062 3494 1115 spe,
3527 1050 3586 1101 tit

2001 1109 2208 1184 patiens
2231 1111 2294 1184 in,
2313 1109 2991 1184 tribulationeICogitando
3016 1109 3234 1184 puemia
3261 1109 3490 1179 interna,
3507 1118 3583 1172 l'a-

2001 1178 2106 1231 cile
2135 1181 2438 1257 transitoria
2459 1178 2838 1257 despiciuntur
2864 1178 3150 1252 tormenta,
3170 1197 3224 1241 et
3253 1203 3371 1243 cum
3397 1189 3482 1242 via
3506 1190 3582 1242 vi-

2009 1258 2079 1323 ta;
2122 1248 2391 1323 diligitur,
2422 1251 2504 1304 via
2539 1248 2700 1307 seculi
2733 1257 2974 1323 protinus
3002 1248 3322 1312 declinatur.
3356 1258 3504 1315 Unde
3533 1269 3584 1314 ct

1998 1318 2246 1394 subditur
2279 1337 2292 1373 :
2327 1319 2392 1373 Et
2423 1323 2690 1376 declinasti
2710 1318 2806 1388 ,'id
2835 1335 2946 1386 est,
2979 1326 3250 1384 declinare
3278 1329 3447 1383 iecisti
3469 1373 3481 1394 ,_
3509 1347 3588 1381 sc-

1999 1389 2152 1466 mitas
2184 1401 2419 1466 nostras;
2451 1394 2670 1446 somitas
2693 1396 2986 1449 carnalium
3017 1399 3419 1466 cogitationum,
3444 1391 3585 1454 desi—

1999 1458 2294 1540 deriornm,
2325 1465 2688 1540 voluptatum}
2730 1467 3017 1540 a_via_tn_a
3059 1458 3201 1522 arcta
3244 1479 3300 1524 et
3338 1458 3582 1540 angusta,

1999 1530 2294 1606 qnzeducit
2321 1531 2385 1606 ad
2415 1535 2574 1606 vitam
2605 1533 2815 1604 (Matth.
2840 1536 2942 1606 7.).
2965 1537 3367 1594 Cetnmendatio
3392 1530 3586 1595 divinas

1999 1599 2318 1677 gratimrst.
2343 1599 2764 1677 Quisquisviain
2798 1599 3003 1661 Domini
3036 1608 3356 1677 ingreditur,
3377 1627 3444 1665 ne
3471 1621 3589 1665 tan-

1999 1685 2160 1746 quam
2191 1673 2256 1726 de
2284 1671 2622 1746 justitia‘sna
2656 1677 2933 1746 glorietur,
2969 1671 3266 1746 put-temtas
3298 1671 3412 1735 vias
3452 1696 3581 1735 suas

2003 1740 2070 1792 ad
2104 1740 2596 1820 ntemoriaindebet
2629 1740 2882 1820 reducere
2901 1740 2927 1811 ,⁷
2946 1740 2998 1801 et
3031 1764 3253 1820 pensare
3278 1750 3346 1804 de
3373 1753 3589 1820 quantis

1923 1843 1970 1904 Β
2005 1813 2455 1904 concupiscentiis
2486 1826 2538 1869 et
2567 1815 2850 1904 dlesi'leriis
2882 1813 3054 1902 malis,
3080 1819 3146 1873 de
3176 1813 3588 1904 quantis-negli-

1995 1882 2212 1957 gentiis
2239 1886 2694 1957 et_voluptatibus
2738 1903 2834 1956 per
2869 1889 3092 1957 gratiam
3140 1882 3292 1944 suam
3341 1882 3586 1946 liberavvit

1995 1968 2116 2028 eum
2133 1955 2449 2028 misericors
2474 1955 2749 2012 Dominus.
2772 1955 2903 2013 llinc
2927 1963 3007 2028 Ap
3031 1961 3216 2014 ustolns
3243 1961 3438 2015 Paulus
3461 1961 3534 2016 ait
3563 1980 3575 2015 :

1995 2023 2096 2089 Qui
2129 2023 2201 2078 fui
2245 2025 2593 2095 blasphemus
2621 2037 2676 2082 et
2706 2023 3018 2095 persecutor
3052 2049 3065 2084 ;
3101 2046 3241 2085 nunc
3269 2040 3448 2085 autem
3480 2032 3582 2086 mi-

1995 2095 2345 2169 sericordiam
2376 2107 2698 2169 consecutus
2721 2098 2795 2169 (1.
2816 2099 2954 2155 Tim.
2982 2102 3082 2168 1.).
3110 2101 3340 2156 Semitas
3372 2112 3584 2156 nostras

1999 2165 2256 2239 Dominus
2285 2166 2518 2239 declinat
2545 2185 2573 2221 a
2606 2171 2692 2223 via
2722 2165 2813 2223 sua
2836 2211 2851 2236 ,
2885 2165 3097 2238 quando
3117 2213 3132 2235 ,
3162 2187 3228 2226 eo
3259 2173 3578 2239 auxiliante,

1994 2237 2227 2302 agimus,
2254 2237 2422 2308 quod
2445 2240 2700 2308 seriptum
2733 2250 2816 2294 est
2844 2258 2856 2293 :
2895 2237 3108 2295 Declina
3144 2257 3170 2292 a
3201 2242 3372 2307 malo,
3403 2253 3456 2296 et
3499 2237 3581 2296 sic

1992 2306 2392 2426 [ilotinmiPsaL
2414 2306 2636 2379 55.).‘ln
2669 2315 2770 2365 hoc
2798 2321 2975 2366 autem
3006 2312 3222 2367 semitas
3255 2322 3464 2368 nostras
3487 2313 3581 2369 de-

1992 2389 2020 2426 C
2048 2389 2228 2426 tuastt.
3410 2416 3412 2418 τ

1992 2389 2228 2432 ειιηειδιι.
3410 2416 3412 2418 ⁷

2060 2447 2151 2523 '20.
2181 2448 2436 2523 Quoniam
2477 2451 2756 2523 bumiliasti
2796 2467 2887 2506 nos
2931 2451 2984 2504 in
3027 2451 3138 2505 loco
3179 2453 3496 2523 aﬂlictionis,
3525 2452 3579 2508 id

1990 2528 2070 2594 est
2091 2558 2104 2578 ,
2137 2518 2565 2594 inilutc_seculo,
2600 2523 2662 2594 in,
2685 2532 2923 2594 tempore
2941 2518 3572 2594 knostraeperegrinatioo

1992 2589 2287 2664 nis._216
2315 2590 2448 2654 Quia
2480 2589 2906 2664 humiliavit’nos
2937 2591 3078 2646 Deus
3111 2589 3430 2664 altligen'do,
3457 2595 3577 2648 ideo

1991 2659 2276 2732 declinavit
2303 2677 2400 2716 nos
2429 2676 2458 2715 a
2491 2663 2739 2730 superbia
2769 2673 2948 2717 nostra
2982 2681 2993 2715 :
3027 2659 3286 2732 quatenus
3317 2659 3578 2718 ltumiliati

1991 2729 2213 2802 setiiitas
2253 2742 2467 2788 nostras
2509 2729 2938 2802 relinqueremus
2962 2776 2976 2798 ,
3005 2729 3060 2788 et
3088 2749 3438 2800 sequeremur
3465 2734 3577 2790 vias

1993 2799 2326 2876 l)ontini.__Et
2355 2818 2417 2856 ex
2448 2803 2537 2857 illa
2567 2799 2938 2876 humiliatione
2969 2799 3231 2876 cooperuit
3269 2822 3361 2859 nos
3401 2805 3579 2859 umbra

1990 2871 2185 2926 mortis.
2218 2873 2332 2926 Non
2359 2887 2484 2927 vera
2515 2889 2694 2938 mors,
2722 2875 2814 2928 sed
2850 2877 3034 2928 umbra
3063 2871 3094 2928 ἐ
3142 2891 3248 2928 non
3283 2890 3429 2930 mors
3462 2875 3579 2930 ani-

1991 2954 2112 3003 mae,
2142 2942 2234 2996 sed
2265 2958 2408 2997 mors
2433 2947 2608 2997 carnis
2638 2962 2650 2996 :
2680 2947 2860 2998 umbra
2888 2947 3084 3008 mortis,
3113 2947 3344 3000 carnalis
3375 2956 3578 3001 morta-

1991 3010 2110 3063 litas
2145 3030 2159 3065 :
2187 3029 2309 3067 vera
2345 3028 2510 3079 mors,
2535 3015 2805 3068 damnatio
2827 3022 2956 3068 'cutn
2985 3015 3222 3070 diabolo.
3256 3016 3462 3071 Dictum
3493 3025 3576 3071 est

1997 3083 2242 3146 superius
2268 3126 2282 3150 ,
2312 3084 2444 3152 Quia
2477 3099 2582 3138 non
2624 3085 2771 3138 obliti
2802 3101 2987 3140 sumus
3013 3095 3082 3140 te.
3116 3085 3228 3139 Non
3259 3089 3401 3142 enim
3432 3098 3576 3142 esset

1993 3153 2145 3228 nobis
2165 3158 2388 3224 sanitas,
2411 3155 2512 3209 nisi
2540 3169 2638 3210 nus
2667 3165 2723 3210 tu
2754 3157 3075 3227 requireres.
3099 3157 3160 3210 Et
3185 3157 3289 3212 hoc
3316 3167 3416 3222 est,
3435 3158 3572 3228 quod
3655 3197 3660 3202 ς

377 3221 464 3274 17.
491 3221 531 3273 A
556 3238 672 3276 voce
693 3223 1066 3291 exprobrantis,
1087 3222 1242 3287 idest,
1268 3239 1296 3277 a
1326 3230 1473 3290 parte
1494 3223 1810 3288 resistentis,
1834 3235 1881 3280 et
1911 3226 1952 3283 C
1988 3223 2168 3278 snbdit
2194 3242 2209 3280 :

297 3293 642 3360 obloquentis,
667 3295 824 3359 idest,
849 3295 1058 3348 occulte
1079 3295 1426 3356 detrahentis,
1453 3294 1536 3346 vel
1567 3303 1751 3347 contra
1787 3311 1883 3348 ve-

299 3364 516 3434 ritatem
552 3365 849 3433 loquentis;
893 3383 923 3417 a
963 3366 1095 3434 [acie
1125 3365 1336 3424 inimici,
1363 3363 1517 3427 idest,
1543 3381 1570 3416 a
1604 3365 1882 3432 praesentia

301 3437 423 3487 sive
470 3433 721 3489 instantia
768 3433 970 3491 inimici
1014 3436 1065 3489 in
1113 3437 1386 3488 voluntate
1436 3436 1795 3504 persequentis,
1831 3437 1884 3490 in

299 3514 442 3558 actu.
471 3505 600 3572 Quis
630 3506 717 3561 hic
749 3505 856 3574 (Ea:
880 3507 1077 3574 eodem)
1105 3504 1437 3559 intellertusi
1460 3505 1589 3569 Qua:
1621 3505 1884 3573 praeterita

301 3585 458 3638 sunt,
490 3590 594 3628 non
627 3575 680 3630 in
715 3572 868 3633 nobis
900 3572 1240 3647 tiuntﬁ215
1281 3576 1410 3641 Qua:
1453 3572 1631 3630 futura
1673 3587 1791 3630 sunt
1831 3589 1886 3632 et

301 3659 604 3718 speramus,
628 3663 730 3702 non
763 3656 1039 3718 apparent.
1068 3647 1339 3718 Praeter-ita
1361 3648 1469 3718 gzin
1501 3661 1688 3715 magna
1717 3648 1881 3714 gloria

301 3727 389 3770 tua
438 3717 664 3791 eductus
707 3717 932 3789 populus
960 3721 1029 3775 de
1057 3717 1319 3791 Egypto,
1358 3717 1666 3791 liberatusa
1697 3732 1878 3787 perse-

301 3788 610 3858 quentibus,
635 3787 827 3844 ductus
859 3805 951 3858 per
984 3787 1190 3858 gentes,
1214 3787 1450 3855 expulsis
1478 3787 1742 3856 gentibus,
1772 3791 1882 3844 col-

304 3859 513 3913 locatus
542 3860 592 3911 in
623 3877 804 3928 regno.
828 3861 962 3928 Quid
989 3861 1196 3914 futura?
1225 3860 1542 3912 Educendns
1569 3860 1794 3927 populus
1817 3862 1884 3916 de

303 3931 402 3984 ista
433 3928 670 4001 Egypto
701 3936 902 3997 δωοιιιὶ,
928 3933 1062 3984 duce
1091 3931 1221 3986 Jesu
1250 3930 1487 4001 Christo,
1510 3940 1564 3984 et
1592 3943 1884 3998 apparente

303 4003 356 4057 in
387 3999 557 4068 gloria
596 4000 712 4064 sua,
741 4004 965 4071 ponendi
998 4013 1122 4055 sunt
1151 4001 1321 4055 sancti
1359 3999 1425 4052 ad
1455 4003 1755 4066 dexteram,
1781 4004 1883 4056 ini-

305 4075 394 4142 qui
435 4075 500 4127 ad
532 4075 832 4139 sinistram,
867 4072 1154 4128 damnandi
1184 4086 1306 4142 cum
1339 4071 1551 4142 diabolo
1592 4072 1642 4123 in
1683 4081 1882 4127 aeterna

304 4141 460 4216 poena
495 4144 708 4216 (Matth.
735 4144 848 4215 2|.)
882 4163 893 4197 :
927 4141 1289 4210 accipiendum
1318 4141 1582 4216 nobisest
1614 4157 1830 4216 negtium
1853 4160 1881 4197 a

304 4209 522 4271 Christo
561 4218 612 4268 in
644 4209 1027 4285 sempiternum
1047 4209 1427 4285 ’cutnmsanActis.
1455 4211 1578 4285 llaec
1619 4209 1792 4264 futura
1830 4223 1886 4266 et

303 4287 581 4358 prieterita
613 4305 626 4340 :
661 4289 712 4341 in
754 4281 929 4340 t'tiedio
972 4283 1258 4337 tribulatio.
1284 4281 1508 4358 Quare?“
1533 4291 1589 4333 ut
1631 4293 1885 4358 appareat

302 4351 516 4412 animus
560 4359 743 4413 colens
790 4357 988 4421 Deum,
1017 4363 1272 4423 quantum
1311 4351 1447 4405 colat
1479 4351 1641 4406 Deum
1675 4369 1688 4404 :
1723 4361 1779 4404 ut
1809 4354 1882 4408 vi-

302 4430 519 4493 deatur,
541 4440 718 4482 utrum
747 4428 911 4495 gratis
939 4425 1080 4480 colat
1112 4425 1299 4487 Deum,
1323 4438 1350 4474 a
1385 4438 1488 4492 quo
1515 4425 1738 4478 salutem
1763 4439 1877 4491 gra-

304 4500 376 4554 tis
400 4501 627 4562 accepit.
650 4500 787 4568 Ergo
815 4510 869 4552 ut
903 4499 1016 4549 hinc
1044 4495 1175 4548 lides
1205 4504 1420 4568 nostra,
1443 4509 1556 4568 qua
1575 4509 1882 4568 purgamur,

304 4570 370 4623 ad
401 4569 688 4632 invisibilia
719 4563 1066 4639 przeparctur,
1098 4569 1195 4618 hoc
1221 4578 1299 4639 est
1323 4563 1386 4615 ad
1411 4563 1736 4639 intellectum
1763 4564 1882 4639 liliis

303 4640 483 4696 Chnre
513 4641 649 4695 facta
679 4634 800 4694 sunt
823 4634 999 4696 omnia
1032 4639 1153 4697 ista,
1174 4648 1226 4688 ut
1255 4634 1663 4687 detraherentur
1684 4636 1882 4690 sanctis

305 4728 368 4767 ea
389 4753 403 4772 .
428 4727 548 4780 qua:
581 4711 879 4775 habebant,
911 4708 1285 4780 detraheretur
1311 4716 1363 4757 et
1395 4704 1506 4769 ipsa
1541 4705 1645 4780 vita
1677 4714 1884 4780 tempo-

307 4774 497 4836 ralis':
543 4792 597 4834 ut
639 4797 743 4836 non
777 4774 992 4850 prepter
1022 4777 1136 4831 haec
1164 4778 1276 4850 ipsa
1309 4774 1616 4840 temporalia
1647 4775 1886 4850 colerent

306 4853 483 4922 ipsum
530 4845 811 4915 aeternum,
845 4845 937 4904 sed
983 4865 1164 4901 amore
1213 4849 1353 4899 illius
1399 4855 1546 4898 casto
1598 4845 1887 4922 tolerarent

309 4915 424 4976 lucc
457 4923 663 4989 omnia,
701 4939 820 4990 quae
853 4937 946 4989 pro
978 4927 1218 4990 tempore
1260 4926 1585 4990 pateremur.
1616 4915 1884 4990 Denique,

307 4993 433 5062 quia
469 4985 972 5062 intellevxeruntvhoe
1001 4989 1090 5041 iilii
1118 4989 1309 5053 (litore,
1337 4985 1458 5051 qnid
1491 4986 1710 5062 dicunt?

381 5065 467 5117 18.
499 5059 625 5116 "(ac
654 5064 824 5117 omnia
855 5069 1092 5114 verterunt
1119 5075 1270 5129 super
1301 5073 1406 5120 nos,
1435 5071 1523 5108 nec
1548 5056 1690 5129 obliti
1714 5073 1887 5112 sumus

306 5126 354 5191 te
381 5153 400 5192 :
430 5146 478 5190 et
508 5137 672 5204 inique
699 5151 800 5187 non
829 5133 1024 5204 egimus
1050 5131 1099 5180 in
1131 5126 1422 5204 teitnmento
1451 5137 1565 5204 tuo.__
1583 5126 1884 5182 Secundum

310 5196 697 5275 pra¢cept:i'tua
743 5221 838 5256 nos
859 5196 1170 5254 'ltahuimus.
1209 5199 1347 5275 Inter
1385 5207 1470 5275 to_t_
1497 5196 1716 5275 adversa
1739 5243 1754 5265 ,
1788 5213 1887 5253 nec

307 5267 437 5336 iide.
463 5267 562 5331 n'ee
587 5275 896 5340 oreratione
925 5290 950 5323 a
985 5282 1032 5323 te
1063 5269 1396 5324 recessimus.
1425 5267 1608 5340 Magna
1638 5267 1723 5340 hic
1747 5285 1883 5340 mar-

309 5359 485 5418 tyrum
517 5338 814 5400 constantia
842 5352 911 5418 et_
931 5338 1628 5418 perfectiofortunendatur.
1657 5339 1792 5418 Quid
1819 5339 1882 5392 ad

308 5409 411 5473 Hoc
441 5419 511 5472 de
542 5417 692 5470 nobis
720 5413 912 5469 dicturi
933 5409 1160 5465 sumus?
1188 5411 1288 5481 Qui
1321 5411 1370 5462 si
1398 5409 1478 5461 vel
1522 5409 1636 5461 love
1665 5409 1880 5481 verbum

306 5489 515 5557 injuria:
543 5487 701 5539 nobis
723 5486 789 5538 ab
811 5485 990 5553 atiquo
1016 5480 1218 5535 illatum
1247 5481 1421 5557 fuerit,
1445 5493 1565 5531 mox
1591 5481 1652 5557 ad
1677 5480 1883 5557 iracunf

309 5549 450 5611 diam
503 5549 915 5617 inardescimus,
947 5563 1177 5606 mentem
1227 5555 1536 5613 amittimus,
1587 5549 1876 5613 phrenetici

305 5643 458 5683 more
482 5630 766 5696 loquimur,
786 5625 1092 5696 vindictam,
1119 5622 1163 5675 si
1190 5636 1492 5696 possumus,
1517 5621 1838 5688 exquirunt»
1862 5638 1876 5675 :

305 5701 352 5753 si
381 5715 487 5752 non
521 5693 825 5763 possumus,
850 5693 1028 5747 odium
1062 5696 1112 5744 in
1143 5693 1302 5746 corde
1326 5693 1488 5760 (quod
1517 5699 1595 5763 est
1618 5707 1880 5763 venenum

306 5762 532 5838 diaboli)
560 5776 856 5838 portamus.
880 5763 1250 5838 Oliliviscinur
1279 5763 1442 5838 Deum
1479 5779 1495 5838 :_
1523 5762 1882 5816 oblivi~cimnr

308 5832 614 5904 caritatem,
642 5836 952 5908 patientiam
981 5851 994 5888 :
1025 5832 1205 5902 inique
1233 5834 1457 5902 agimus,
1485 5832 1536 5885 in
1569 5840 1884 5888 testamento

2061 3293 2151 3347 21.
2181 3295 2242 3350 Si
2272 3296 2413 3349 obliti
2442 3313 2615 3350 sumus
2643 3313 2821 3350 nomen
2840 3339 2854 3364 ,
2881 3297 2931 3352 id
2960 3306 3078 3363 est,
3113 3296 3568 3352 honoriﬁcentiam

1991 3363 2086 3416 Dei
2127 3367 2321 3430 nostri,
2345 3377 2400 3419 ut
2428 3381 2458 3419 a
2491 3367 2595 3438 [ide
2624 3363 2997 3423 receder’emus
3030 3386 3042 3420 ε
3075 3368 3137 3421 Et
3165 3372 3208 3422 si
3237 3369 3574 3438 expendimus

1988 3451 2170 3488 manus
2200 3447 2398 3491 nostras
2426 3439 2493 3489 ad
2524 3437 2688 3491 Deum
2718 3439 2943 3492 alienum
2963 3480 2977 3504 ,
3003 3440 3365 3494 venerandum
3397 3446 3451 3491 et
3479 3453 3573 3491 co-

1992 3505 2202 3580 lendum
2223 3548 2236 3571 ,
2263 3509 2350 3578 qui
2389 3523 2559 3572 neque
2591 3524 2686 3562 nos
2715 3511 2949 3574 creavit,
2981 3525 3154 3580 neque
3185 3511 3380 3563 bonum
3420 3510 3572 3564 nobis

1990 3577 2112 3630 fecit
2144 3598 2155 3632 :
2189 3587 2241 3630 et
2269 3577 2310 3630 si
2343 3594 2526 3632 sumus
2555 3580 2879 3646 idololatria,

2056 3649 2146 3720 22.
2180 3648 2366 3703 Nonne
2397 3648 2534 3704 Deus
2571 3652 2790 3718 requiret
2832 3652 2967 3704 ista?
2993 3651 3098 3706 Sed
3133 3666 3235 3704 non
3270 3650 3500 3720 requiret
3544 3666 3571 3700 a

1988 3719 2159 3771 nobis.
2195 3720 2315 3789 Ipse
2344 3721 2479 3773 enim
2508 3722 2645 3774 novit
2680 3725 2974 3776 abscondita
3005 3723 3196 3775 cordis.
3229 3719 3359 3788 Ipse
3389 3722 3569 3788 novit,

1989 3789 2109 3862 quia
2150 3806 2254 3862 non
2302 3792 2451 3845 obliti
2483 3807 2667 3846 sumus
2695 3808 2816 3846 eum
2851 3810 2864 3846 :
2897 3794 3035 3861 quod
3070 3808 3138 3846 ex
3173 3793 3273 3846 hoc
3313 3801 3569 3862 apparet,

1987 3859 2110 3927 quia
2150 3861 2481 3916 iuce~santcr
2521 3859 3154 3932 mortilicamitr'propter
3191 3859 3431 3917 enimEt
3472 3863 3572 3917 hoc

1984 3940 2088 3997 est,
2117 3933 2258 4004 quod
2284 3934 2580 4004 subjungit.
2610 3934 2866 3998 Quoniam
2895 3949 3100 4004 propter
3130 3944 3176 4004 te
3201 3933 3572 4004 mortiﬁcamur

1986 4007 2091 4052 tota
2121 4003 2221 4055 die.
2245 4002 2295 4055 Id
2325 4015 2428 4069 est,
2453 4005 2688 4058 assidue.
2719 4006 2859 4058 Multi
2885 4002 3130 4058 laberant
3150 4003 3200 4056 in
3227 4003 3325 4056 hoc
3350 4002 3569 4068 sarculo,

1987 4072 2139 4126 multi
2167 4072 2670 4144 ailliguntur,multi
2705 4075 3002 4128 nterinntur
3031 4081 3248 4141 propter
3276 4073 3440 4135 aliud,
3463 4087 3566 4126 non

1989 4152 2203 4208 propter
2253 4143 2438 4195 Deum.
2488 4143 2611 4198 Ideo
2656 4145 2926 4206 dicturus,
2977 4144 3376 4212 mortificamur,
3424 4153 3570 4197 recte

1987 4213 2243 4283 prcemisit
2269 4224 2478 4281 propter
2502 4223 2549 4265 te
2584 4229 2602 4267 :
2633 4214 2750 4281 quia
2782 4224 3067 4283 martyrem
3098 4229 3200 4267 nou
3233 4212 3356 4266 facit
3387 4226 3568 4280 parua,

1987 4282 2080 4333 sed
2109 4297 2316 4355 caussa.
2348 4285 2478 4335 Ilinc
2506 4284 2691 4338 beatus
2724 4282 2998 4355 l‘ietrus’ait
3028 4302 3042 4355 :_
3068 4283 3366 4355 Quatenim
3399 4285 3567 4355 gratia

1987 4363 2093 4416 est,
2119 4353 2160 4404 si
2195 4362 2501 4424 peceatores
2524 4363 2578 4407 et
2598 4354 2913 4420 colaphiz'tti
2937 4353 3167 4407 sollertis
3197 4352 3271 4424 (l.
3291 4352 3572 4424 Petr'.‘2.)?
3608 4370 3612 4376 '

1989 4424 2094 4475 Sed
2130 4426 2171 4475 si
2206 4424 2341 4478 bene
2372 4421 2625 4477 facientes
2651 4433 2704 4478 ct
2732 4427 2989 4492 patientes
3025 4421 3320 4488 sustinetis,
3346 4423 3459 4483 huc
3486 4421 3569 4479 est

2025 4492 2157 4546 ratis
2197 4494 2334 4562 apud
2383 4495 2564 4550 Deum.
2598 4494 2653 4550 in
2697 4495 2796 4552 hoc
2839 4495 2980 4548 enim
3027 4495 3198 4548 vocati
3244 4494 3393 4550 estis.
3435 4495 3568 4559 Quin

2013 4562 2230 4618 lhristus
2261 4579 2444 4632 passus
2469 4574 2545 4634 est
2573 4579 2666 4633 pro
2691 4567 2866 4629 nobis,
2883 4564 3032 4619 vobis
3057 4565 3360 4634 relinquens
3384 4576 3567 4620 exem-

1993 4635 2132 4706 plum
2153 4674 2168 4699 ,
2196 4633 2574 4706 utsequamini
2607 4636 2825 4706 vestigia
2857 4636 2972 4704 ejus
2992 4681 3006 4703 ,
3038 4636 3125 4704 qui
3157 4633 3564 4704 peccatummon

1989 4702 2116 4758 fecit
2142 4719 2239 4759 nec
2267 4705 2512 4759 inventus
2534 4714 2616 4759 est
2645 4702 2796 4759 doliis
2825 4702 3000 4760 in'ore
3031 4702 3169 4774 ejus.
3188 4708 3286 4774 Qui
3309 4722 3430 4760 cum
3457 4721 3567 4760 ma-

1991 4775 2326 4840 lediceretnr,
2354 4791 2457 4828 non
2501 4777 2910 4830 remaledicch
2941 4793 2954 4830 :
2987 4793 3107 4832 cum
3141 4786 3432 4844 pateretur,
3460 4793 3566 4832 non

1990 4845 2414 4915 comminabatur
2437 4845 2570 4915 (lsa.
2599 4847 2734 4915 53.).
2762 4849 2898 4911 Apte
2925 4862 3053 4914 ergo
3081 4849 3420 4910 subiunctum
3444 4855 3525 4902 est
3549 4867 3563 4902 :

1992 4914 2260 4969 xEstimnti
2289 4914 2462 4968 sumus
2495 4919 2622 4970 sicut
2659 4914 2769 4971 oves
2797 4919 3086 4984 occisionis,
3109 4919 3335 4987 scilicet,
3364 4928 3422 4973 ut
3450 4919 3566 4972 tnd-

1992 4993 2197 5039 Iateuus
2227 4997 2534 5051 reputemur
2562 5003 2682 5042 esse
2722 4989 2916 5052 idonei,
2953 4990 3053 5044 nisi
3092 4991 3158 5042 ad
3201 4991 3562 5045 occasiunem.

1993 5057 2136 5130 Bene
2165 5061 2330 5111 sancti
2363 5059 2461 5111 viri
2491 5059 2677 5112 ovibus
2704 5074 3099 5129 comparantur,
3129 5062 3250 5130 quia
3279 5070 3404 5115 sunt
3435 5063 3565 5114 sint-

1994 5127 2178 5194 plices,
2217 5133 2547 5195 innocentes,
2588 5127 2840 5184 morsutu
2871 5131 3084 5185 malitia:
3133 5127 3238 5184 non
3268 5133 3561 5184 habentes.

1993 5197 2125 5252 Hinc
2162 5211 2262 5264 ρει,
2289 5199 2430 5267 quod
2463 5201 2718 5254 Dominus
2743 5201 3032 5265 discipulos
3061 5217 3187 5255 suos
3219 5202 3446 5263 instruit,
3473 5199 3561 5252 ubi

1987 5271 2065 5322 ait
2096 5286 2109 5322 :
2139 5270 2281 5325 Oves
2310 5286 2441 5325 inea:
2472 5286 2654 5326 vocem
2684 5274 3102 5326 meam.audiunt
3133 5271 3311 5340 (Joan.
3339 5270 3471 5339 10.).
3502 5271 3564 5322 Et

1990 5343 2182 5395 iterum
2219 5358 2230 5392 :
2270 5342 2406 5397 Ecce
2435 5357 2533 5410 ego
2563 5343 2714 5396 mitto
2737 5359 2852 5406 vos,
2880 5343 3014 5395 sicut
3043 5339 3170 5395 oves
3199 5344 3249 5392 in
3281 5339 3456 5393 medio
3487 5343 3563 5392 lu-

1991 5427 2174 5483 porum
2223 5410 2436 5481 (Matth.
2469 5413 2606 5482 ια).
2640 5412 2850 5483 Moyses
2895 5413 3023 5483 dicit
3061 5411 3126 5483 ad
3155 5413 3499 5483 Pharaonem
3547 5427 3558 5460 :

1989 5480 2424 5537 Abominationes
2473 5480 2846 5604 Egyiptiorum
2893 5481 3289 5560 immolabimns
3339 5480 3564 5558 Domino

1989 5551 2098 5604 Deo
2142 5561 2325 5604 nostro
2370 5553 2567 5604 (Exod.
2639 5552 2703 5604 .i.
2735 5556 2872 5604 Uves
2923 5550 3158 5604 {Eurum
3208 5551 3371 5604 edere
3415 5551 3564 5603 dedi-

1987 5551 2098 5606 Deo
2142 5561 2325 5624 nostro
2351 5550 2703 5624 ,(Eatod.'8.).
2732 5556 2872 5624 _Uves
2923 5550 3371 5624 {Egyptiiedere
3396 5550 3564 5624 _dedi-

1987 5631 2231 5690 gnantur.
2261 5623 2364 5677 Sed
2381 5620 2532 5692 quod
2567 5620 2942 5692 abeminantur
2970 5620 3235 5690 Egyplii,
3266 5620 3364 5672 hoe
3396 5620 3564 5673 Isme-

1992 5695 2096 5747 lita:
2136 5693 2246 5746 Deo
2286 5691 2512 5747 oderunt
2545 5709 2556 5744 :
2591 5692 2713 5760 quia
2758 5691 3148 5756 simplicitatem
3196 5692 3565 5754 continentur,

1991 5778 2145 5833 quam
2184 5763 2367 5833 injusti
2405 5763 2601 5831 quique
2629 5761 2772 5833 velut
2812 5760 3003 5833 intima
3033 5763 3345 5833 abjectaque
3387 5761 3558 5830 despi-

1993 5831 2136 5890 ciunt
2157 5875 2170 5902 ,
2195 5831 2330 5887 hanc
2355 5832 2480 5902 jnsd
2511 5833 2563 5886 in
2596 5831 2806 5887 virtutis
2835 5831 3154 5888 sactiﬂcium
3185 5841 3413 5890 vertunt.
3447 5849 3460 5885 :
3487 5839 3592 5891 et.
