4098 6356
567 380 670 437 εις

1609 369 1863 427 RUFINO
1901 362 2362 424 PRESBYTERO
2401 361 2788 422 ASCRIPTUS

3742 370 3836 428 εει)

568 491 882 548 cxcolentes
911 493 1040 546 recti
1073 492 1353 562 puritatem
1397 503 1460 543 ac
1505 486 1964 562 mansuetudinem
1985 525 2000 548 ,
2031 483 2144 542 Deo
2173 483 2225 544 A
2248 481 3336 562 9},llﬂg‘ﬂgﬁpjfyllgglﬂflggljﬂnigtigelk
3355 483 3688 562 humanitatis
3702 485 3841 562 Chri-

568 563 872 638 immolant,
895 578 1050 632 qnam
1074 555 1448 638 abominantes
1474 558 1684 627 reprobi
1717 555 2010 638 fatuitatem
2040 570 2143 638 put

569 643 703 686 tant.
731 633 844 687 Duo
873 627 997 687 sunt
1027 632 1262 706 martyrii
1291 644 1532 706 genera__:
1567 645 1726 706 unum
1747 629 1977 706 pientis,
2005 627 2145 706 aliud

572 707 844 771 corporis;
866 719 1024 756 unum
1057 697 1420 779 manifestum,
1447 700 1584 752 aliud
1609 699 1897 753 occultum.
1928 697 2148 779 Manife-

574 770 713 828 stuin
757 785 872 839 est,
898 775 1109 840 quando
1141 781 1355 838 propter
1388 771 1551 824 Deum
1592 785 1785 836 corpus
1825 770 2085 822 occiditur
2130 787 2143 821 :

571 845 836 900 occultum
866 855 966 906 est,
985 843 1196 912 quando
1226 858 1318 910 pro
1344 857 1529 896 amore
1553 841 1642 895 Dei
1669 841 1792 893 vitia
1816 848 2143 912 resecantur.

574 915 728 971 Unde
770 909 1052 980 Apostolus
1103 929 1198 967 nos
1227 909 1514 977 admonet,
1545 912 1727 964 dicens
1774 927 1788 964 :
1840 909 2146 989 Ilortiﬁcate

571 988 808 1040 membra
841 995 1014 1038 vestra
1037 1025 1050 1044 ,
1076 1000 1194 1054 quas
1218 991 1341 1036 sunt
1369 998 1528 1051 super
1561 991 1755 1054 terram
1793 997 1805 1032 :
1841 980 2146 1054 fornicatio-

571 1073 715 1118 nem,
746 1048 1152 1115 iuimunditiani,
1184 1048 1469 1118 luxoriatn,
1504 1064 1607 1107 etc.
1642 1052 1860 1121 (Coloss.
1888 1048 1988 1121 5.).
2015 1053 2144 1118 Quia

569 1142 697 1193 ergo
723 1126 817 1180 viri
845 1127 1011 1179 sancti
1044 1127 1167 1179 dum
1200 1124 1310 1178 Deo
1336 1125 1545 1202 vivere,
1578 1133 1632 1178 et
1661 1123 1862 1176 mundo
1892 1123 2023 1202 nutri
2053 1137 2146 1202 ap"

572 1204 783 1263 petunt,
830 1210 946 1251 sese
988 1197 1318 1250 incessanter
1361 1195 1629 1263 affligunt,
1674 1209 1884 1246 carnem
1930 1195 2146 1261 jejuniis

570 1266 920 1329 macerando,
968 1267 1149 1334 culpas
1203 1266 1454 1337 lacryniis
1506 1263 1760 1344 lavando,
1802 1267 1934 1344 vitia
1977 1265 2148 1344 extin-

571 1338 782 1407 guendo
813 1354 826 1388 :
859 1349 1004 1391 recte
1036 1351 1165 1390 voce
1210 1334 1393 1391 eorum
1443 1352 1596 1407 nunc
1620 1335 1813 1407 dicitur
1843 1351 1855 1386 :
1893 1334 2146 1407 Quoniam

568 1405 772 1478 propter
800 1407 1242 1484 t_e_mortiﬁ_cantur
1271 1417 1373 1484 tota
1397 1407 1499 1484 die.
1524 1405 1790 1484 {Estiniati
1817 1405 2147 1484 sumitssr'cttt

568 1475 684 1532 oves
721 1479 1006 1531 occisionis.
1037 1478 1141 1532 Sed
1184 1480 1236 1530 in
1284 1477 1346 1530 iis
1393 1475 1819 1531 tribulationibus
1848 1475 2142 1538 constituti,

569 1551 690 1618 quia
715 1550 766 1602 iii
793 1550 901 1602 suis
924 1549 1124 1602 viribus
1146 1563 1248 1602 non
1273 1548 1566 1611 conlidunt,
1592 1546 1798 1600 Domini
1823 1544 2145 1618 adiutorium

571 1615 776 1689 petunt,
811 1635 930 1672 cum
973 1619 1216 1674 subditur
1261 1636 1274 1670 :
1318 1619 1474 1689 217
1509 1618 1754 1689 Exsurge,
1777 1633 1934 1689 quare
1962 1615 2146 1670 obdor-

570 1685 669 1742 iiiis
708 1686 884 1743 Deus?
911 1706 1144 1760 exsurge,
1175 1701 1219 1742 et
1261 1685 1573 1759 tie—repellas
1615 1685 2148 1767 ξιιβηςιιι.ῌ[)υιήιιτε

610 1761 897 1814 uiescentis
928 1771 1030 1822 est,
1061 1757 1345 1829 exsurgere
1378 1757 1676 1827 pugnantis.
1705 1759 1788 1829 vel
1821 1757 2142 1829 adjuvantis.

623 1831 882 1885 ormiehat
927 1829 1204 1892 Christus,
1227 1826 1293 1884 vet
1323 1826 1561 1884 navicula
1606 1828 1942 1893 tiiteriebatur
1975 1826 2146 1881 ﬂucti-

580 1901 703 1956 bus.
737 1901 1006 1956 Excitatns
1033 1911 1132 1962 est,
1157 1900 1508 1970 deprecantur
1538 1916 1656 1952 eum
1686 1898 1950 1970 discipuli,
1984 1900 2148 1966 impe-

571 1981 657 2026 rat
686 1973 857 2027 ventis
899 1982 948 2024 et
989 1973 1149 2039 mari,
1179 1969 1238 2024 et
1282 1970 1415 2026 farta
1457 1981 1539 2024 cst
1583 1969 1933 2035 tranquillitas
1964 1985 2147 2038 magna

573 2041 786 2113 (Matth.
817 2043 913 2110 8.).
949 2041 1036 2097 Sic
1079 2053 1130 2095 et
1171 2058 1310 2096 nunc
1353 2041 1561 2113 laborat
1594 2039 1924 2113 Ecclesia-it]
1969 2041 2148 2113 inuritli

573 2110 734 2182 hujus
785 2113 1030 2181 periculis
1078 2124 1322 2178 tanquam
1375 2114 1424 2166 in
1477 2111 1722 2165 ﬂuctibus
1770 2111 1952 2164 maris.
1987 2110 2147 2177 Quasi

571 2181 765 2236 dormit
793 2183 1063 2245 Dominus,
1091 2184 1303 2251 quando
1329 2200 1431 2236 non
1460 2184 1634 2252 eripit.
1665 2182 1937 2234 Iixcitatur
1958 2181 2148 2249 depre-

571 2255 900 2316 cationilnis,
933 2264 985 2308 et
1012 2253 1228 2320 adjuvat
1259 2254 1582 2309 laborantes.
1618 2253 1905 2319 Propterea
1934 2255 2145 2319 quierit,

569 2325 745 2390 Quare
789 2326 1094 2378 obdormis?
1125 2326 1248 2392 quia
1294 2325 1527 2393 quandiu
1568 2325 1790 2393 quisque
1829 2325 2149 2389 permittitur

567 2394 834 2460 laborare,
859 2405 914 2450 et
939 2395 1198 2450 Dominus
1222 2411 1324 2448 non
1349 2398 1457 2450 vult
1483 2397 1754 2464 adjuvare,
1780 2395 2038 2447 incertum
2067 2403 2149 2447 est

571 2474 746 2518 utrum
795 2466 892 2518 hoc
940 2468 1006 2520 sit
1049 2482 1110 2519 ex
1159 2469 1256 2530 ira,
1288 2476 1379 2520 aut
1422 2483 1484 2518 ex
1531 2465 1892 2519 misericordia
1926 2480 1938 2514 :
1972 2477 2145 2519 uiruxn

569 2551 691 2589 eum
717 2537 844 2590 velit
871 2538 935 2589 ad
969 2548 1175 2603 tempus
1206 2537 1430 2604 probare
1458 2547 1509 2588 ct
1538 2535 1826 2607 corrigere,
1850 2551 1916 2588 an
1946 2552 2006 2607 ex
2038 2545 2149 2607 toto

569 2607 890 2674 relinquere.
918 2607 1141 2675 Pr0pier
1169 2608 1266 2659 hoc
1301 2609 1351 2658 lii
1382 2605 1706 2674 deprecatio,
1735 2621 1854 2658 cum
1883 2605 2146 2661 subinler-

573 2686 692 2746 tur:
718 2678 973 2746 Exsurge,
999 2689 1051 2730 et
1079 2693 1144 2730 ne
1174 2681 1397 2744 repellas
1421 2677 1471 2730 in
1507 2681 1684 2743 linem,
1711 2677 1758 2730 id
1788 2689 1890 2741 est,
1915 2692 1977 2730 ex
2014 2686 2142 2730 toto.

572 2745 629 2800 Si
663 2745 1034 2810 deserisﬂion
1075 2747 1319 2815 repellas.
1355 2748 1408 2802 Si
1441 2749 1516 2808 vis
1558 2757 1616 2802 ιιι
1672 2749 2005 2810 tribulernur,
2040 2765 2143 2802 non

572 2816 740 2890 velis,
772 2827 827 2869 ut
861 2820 1188 2886 frangantur.
1241 2819 1297 2873 Si
1342 2819 1604 2890 permittis
1641 2829 1696 2874 ut
1727 2827 2011 2886 tentemur,
2040 2835 2144 2873 nan

570 2887 716 2942 sinas
748 2897 802 2941 nt
835 2903 1132 2954 pereamus.

640 2955 731 3013 25.
751 2958 936 3030 Quare
965 2961 1148 3030 facient
1180 2970 1314 3012 tuam
1346 2963 1562 3015 avertis?
1591 2961 1748 3026 Quasi
1783 2960 1970 3023 iratus,
1993 2960 2141 3024 quasi

569 3042 674 3082 non
698 3029 862 3095 adsis,
889 3029 1037 3098 quasi
1069 3031 1263 3084 oblitus
1290 3033 1363 3086 sis
1393 3037 1580 3086 nostri.
1610 3031 1932 3085 Oblivisceris
1959 3033 2146 3099 inopia:

568 3110 776 3164 nostrae,
804 3099 944 3174 quod
972 3113 1186 3174 propter
1217 3112 1268 3156 te
1299 3103 1612 3174 reliquimus
1642 3105 2144 3174 terrena,etmodo

569 3183 756 3223 sumus
795 3170 944 3238 quasi
987 3171 1104 3226 sine
1145 3188 1266 3240 ope,
1295 3170 1427 3228 sine
1457 3174 1668 3228 solatio.
1706 3172 1770 3226 Et
1811 3173 2142 3227 Oblivisceris

573 3240 916 3314 tribulationis
950 3244 1178 3297 ποετιπῖ
1201 3246 1340 3313 quod
1367 3259 1462 3314 pro
1483 3259 1666 3299 amore
1691 3252 1781 3298 tuo
1805 3243 2141 3311 tribulamur,

567 3317 750 3366 et.non
780 3312 1054 3379 eripimur.

765 3382 1014 3450 Quoniam
1044 3383 1312 3438 humiliala
1337 3395 1408 3439 est
1438 3386 1489 3440 in
1521 3387 1724 3456 pulvere
1749 3386 1923 3439 anima
1948 3396 2142 3440 nostra.

567 3448 884 3506 Aﬂlicta'est
907 3468 999 3524 per
1023 3469 1138 3518 eos,
1163 3456 1251 3524 qui
1275 3467 1398 3510 sunt
1427 3448 1705 3510 iusiabiles
1728 3467 1782 3510 et
1806 3458 2144 3524 infructuosi,

567 3532 820 3594 tanquam
849 3523 1017 3594 pulvis
1045 3541 1057 3576 :
1086 3524 1153 3579 de
1178 3527 1368 3594 quibus
1399 3527 1521 3582 alibi
1553 3527 1768 3592 dicitur,
1793 3526 1906 3580 Non
1937 3527 2015 3580 sic
2047 3523 2144 3580 im;

567 3591 642 3663 pii
663 3591 687 3666 ,ς
704 3610 808 3666 non
840 3595 918 3647 sic
953 3592 1125 3664 (Psal.
1162 3591 1237 3666 II)
1269 3614 1282 3649 :
1327 3597 1422 3652 sed
1456 3610 1702 3666 tanquam
1738 3591 1910 3666 pulvis
1941 3614 1952 3648 :
1986 3613 2142 3666 quem

571 3663 785 3734 projicit
815 3663 998 3718 venitis
1024 3681 1052 3718 a
1083 3663 1227 3721 facie
1245 3679 1420 3722 teme.
1446 3663 1708 3722 Intantum
1739 3663 1917 3721 autem
1966 3663 2142 3722 burni-

571 3733 700 3808 llata
743 3743 823 3788 est
871 3735 923 3788 in
966 3736 1178 3804 pulvere
1217 3739 1390 3792 anima
1423 3750 1626 3805 nostra,
1657 3739 1797 3808 quod
1831 3739 1991 3808 etiam
2022 3754 2145 3792 con-

568 3804 854 3879 glutinatus
885 3808 1035 3879 estin
1061 3816 1199 3879 terra
1227 3817 1400 3862 venter
1429 3819 1613 3862 noster.
1649 3804 1864 3862 Plenam
1897 3807 2004 3879 (Ex
2031 3810 2141 3861 Au-

569 3875 805 3947 gustino)
848 3876 1025 3930 nimia:
1058 3877 1369 3932 humilitatis
1399 3882 1607 3933 Videtur
1632 3875 1995 3946 expressisse,
2019 3881 2141 3945 quia

569 3944 810 4017 quisquis
835 3947 1048 4016 quando
1079 3949 1434 4017 prosternitur
1455 3991 1470 4016 ,
1493 3950 1662 4003 hznret
1701 3944 1752 4002 in
1788 3961 1928 4004 terra
1960 3944 2144 4005 venter

568 4013 688 4085 ejus
711 4013 732 4071 ξ
765 4013 901 4089 ultra
929 4034 1041 4089 quo
1067 4013 1374 4074 Iiumilietur
1405 4013 1508 4074 non
1547 4019 1727 4074 habet.
1752 4019 1866 4074 Jarn
1902 4021 2144 4086 pervenit

569 4099 738 4154 usque
777 4087 842 4140 ad
889 4087 1152 4143 summum
1196 4090 1516 4146 bumitiatio.
1547 4089 1736 4144 Veniat
1760 4100 1816 4146 et
1845 4093 2138 4149 miseratio.

571 4152 774 4231 Venter
795 4157 1049 4231 Ecclesia:
1079 4159 1133 4214 in
1167 4171 1306 4216 terra
1337 4161 1754 4231 congliitiuatur,
1776 4163 1988 4231 quando
2009 4164 2143 4216 mol-

567 4225 733 4282 liores
753 4237 807 4282 et
830 4229 1019 4284 intirmi
1046 4233 1272 4286 terrenis
1297 4225 1467 4287 rebus
1479 4247 1540 4287 ex
1565 4225 1832 4287 desiderio
1853 4233 2135 4288 inhaerent.

565 4296 725 4372 Tales
755 4314 882 4372 vero
913 4301 1076 4372 luget,
1101 4310 1158 4372 et
1185 4317 1282 4372 pro
1309 4307 1388 4358 eis
1416 4315 1556 4366 orat,
1580 4319 1702 4357 cuin
1730 4305 2006 4371 subjungit
2036 4321 2048 4355 :

634 4366 707 4424 25
764 4366 1015 4442 Exsurge,
1047 4366 1210 4440 Deus,
1238 4375 1426 4443 adjuva
1455 4390 1546 4428 nos
1587 4388 1604 4425 :
1641 4384 1687 4427 et
1723 4366 1880 4426 libera
1904 4366 1994 4426 nos
2022 4389 2142 4442 pro-

566 4446 678 4509 pter
707 4455 889 4494 nomen
917 4451 1084 4495 tuum.
1114 4446 1319 4512 Adjuva
1354 4445 1658 4498 laborantes
1679 4485 1694 4508 ,
1723 4445 1885 4498 libera
1915 4459 2137 4513 oppres-

564 4523 657 4562 sos
692 4525 706 4563 :
736 4513 924 4579 adjuva
957 4514 1006 4565 in
1035 4513 1142 4566 nob
1162 4529 1211 4576 ε,
1240 4514 1401 4568 libera
1433 4529 1531 4567 nos
1554 4529 1583 4566 a
1611 4519 1762 4568 malis
1787 4529 1798 4572 ε
1826 4524 1880 4568 ει
1909 4515 2010 4570 Ιιυε
2035 4531 2139 4569 non

566 4589 793 4652 proiiterr
815 4585 1062 4636 meritum
1097 4593 1366 4648 nostrum,
1386 4584 1477 4637 scd
1513 4597 1732 4652 propter
1761 4601 1959 4640 nomen
1993 4596 2137 4639 tuum

2247 543 2433 608 s_ti,qui
2456 543 2674 608 Christus
2710 543 3074 608 commendatur
3110 547 3162 594 in
3199 546 3291 594 hoc
3315 543 3547 608 psalmo,
3573 553 3626 596 et
3665 561 3840 598 secun-

2246 605 2360 652 dum
2405 606 2757 654 humanitatem
2797 612 2848 654 et
2874 607 3141 656 secundum
3182 605 3523 658 divinitatem;
3541 608 3744 658 Materia
3768 617 3839 661 est

2247 667 2299 730 in
2327 667 2416 730 hoc
2439 667 2620 730 psalmo
2642 680 2848 728 sponsus
2868 674 2920 716 et
2942 682 3143 730 sponsa,
3179 671 3414 719 subaudis
3435 669 3664 720 Christus
3681 679 3732 720 et
3754 672 3838 722 Ec-

2247 727 2415 776 clesia.
2445 728 2578 795 Hanc.
2603 727 2693 777 hoc
2730 727 3198 795 manloexequitug.
3243 732 3296 781 in
3337 733 3498 795 p_rima
3541 741 3686 793 parte
3711 736 3836 795 ponit

2247 791 2720 854 commendationem
2743 792 2927 854 simrisi.
2956 793 3005 841 id
3030 800 3128 854 est,
3145 791 3341 844 Christi.
3357 793 3415 842 In
3436 791 3653 843 secunda
3677 791 3838 845 Eccle-

2249 852 2355 899 size.
2383 851 2596 900 Intentio
2615 863 2690 900 est
2712 852 2963 913 prophetae
2985 856 3032 900 in
3053 851 3144 904 hoc
3163 855 3341 911 psalmo
3366 855 3530 904 Deum
3555 855 3752 905 Patrem
3774 857 3836 906 Io-

2247 922 2480 977 quentem
2504 914 2881 969 introducentis,
2908 913 3077 964 tideles
3098 917 3374 977 exhortari,
3399 923 3455 966 ut
3494 918 3661 966 taliter
3679 920 3836 968 vivere

2247 974 2498 1036 studeant,
2521 981 2765 1041 quatenus
2787 989 2842 1041 se
2867 978 2948 1041 u_ni
2969 977 3074 1041 viro
3095 977 3345 1041 (subaudis
3357 974 3576 1041 Christo)
3603 981 3836 1041 virginem

2247 1043 2427 1102 castam
2475 1037 2745 1102 exhibeant
2789 1037 2988 1098 (LCor.
3013 1037 3112 1101 ll.)
3146 1047 3240 1088 :ut
3265 1041 3316 1090 in
3353 1037 3614 1102 nuptiis'a
3652 1037 3836 1093 dextris

2247 1098 2408 1158 sponsi
2434 1098 2508 1146 sui
2534 1098 2759 1149 sedeant.

2733 1199 3089 1263 PSALMUS
3119 1203 3346 1264 XLIV.

2318 1316 2374 1373 2.
2411 1317 2674 1372 Eructauit
2710 1336 2808 1395 _cor_
2841 1338 3012 1395 meum
3046 1323 3253 1395 uerbum
3295 1323 3484 1376 bonum
3529 1339 3552 1377 :
3590 1323 3708 1376 dico
3750 1341 3836 1395 ego

2249 1403 2404 1462 Opera
2437 1405 2562 1462 _mca
2609 1393 2737 1462 regi.
2770 1393 2878 1445 Cor
2926 1393 3016 1448 Dei
3058 1393 3232 1447 Patris
3272 1395 3494 1448 verbum
3537 1393 3829 1462 eructavit,

2251 1460 2371 1533 quia
2400 1458 2517 1529 ejus
2547 1458 2751 1533 secreta
2780 1473 2828 1514 ei
2855 1463 3027 1516 divina
3056 1465 3289 1518 essentia
3317 1465 3511 1518 Filium
3542 1458 3832 1533 generavit,

2251 1529 2340 1603 qui
2389 1545 2516 1603 vere
2556 1541 2610 1584 et
2654 1531 2994 1600 singulariter
3030 1535 3220 1599 bonus,
3245 1536 3364 1603 quia
3407 1529 3568 1589 sicut'
3590 1535 3705 1602 ipse
3743 1536 3830 1600 ait,

2249 1598 2419 1653 Nemo
2450 1600 2657 1674 bonus,
2682 1598 2783 1656 nisi
2813 1605 2964 1658 solus
2999 1604 3138 1659 Deus
3183 1598 3374 1674 (Marc.
3405 1605 3541 1673 10.).
3567 1598 3832 1671 Q'urecuii;

2252 1685 2356 1736 que
2385 1674 2525 1724 enirn
2557 1672 2659 1726 alia
2695 1674 2830 1739 bona
2851 1715 2866 1736 ,
2890 1675 3103 1730 aliunde
3131 1672 3254 1729 sunt
3282 1677 3421 1729 bona
3453 1694 3464 1727 :
3499 1672 3557 1730 et
3587 1677 3717 1730 iiiiiil
3749 1693 3832 1743 per

2251 1754 2311 1793 se
2350 1752 2464 1814 εειῴ
2480 1743 2702 1814 bonum,
2729 1745 2828 1798 nisi
2873 1743 2988 1813 ipse
3017 1747 3183 1813 solus,
3207 1748 3296 1814 qui
3329 1763 3599 1800 summum
3633 1757 3716 1801 est
3745 1747 3832 1802 bo-

2254 1825 2409 1886 num.
2429 1812 2503 1865 Ex
2536 1813 2615 1865 his
2642 1815 2820 1886 verbis
2851 1812 3168 1879 oStenditur,
3193 1812 3314 1886 quia
3344 1817 3577 1871 Verbum
3609 1820 3828 1872 consub-

2187 1872 2226 1928 B
2254 1885 2502 1957 stantiaie
2531 1894 2614 1937 est
2646 1884 2810 1957 Patri.
2841 1887 2906 1939 Et
2939 1888 3053 1955 ipse
3100 1872 3260 1941 Ρείιὲτ
3290 1904 3450 1955 opera
3485 1904 3580 1941 sua
3613 1892 3725 1957 regi
3755 1889 3830 1942 dl-

2175 3252 2216 3310 C

2255 1954 2348 2018 cit,
2376 1955 2496 2025 quia
2529 1969 2646 2007 cum
2695 1955 2832 2008 Filio
2874 1972 2972 2010 suo
3013 1959 3188 2011 omnia
3219 1954 3452 2025 disponit
3482 1973 3496 2010 :
3530 1969 3585 2010 et
3618 1954 3712 2022 per
3739 1959 3830 2014 hoc

2253 2023 2394 2099 quod
2414 2025 2775 2099 _ouir_iipotens
2807 2043 2926 2099 cum
2975 2027 3133 2083 Patre
3179 2023 3492 2099 intelligitur
3519 2027 3709 2082 Filius.
3737 2029 3830 2083 Per

2253 2097 2493 2168 corideo
2529 2095 2700 2168 Patris
2725 2095 3058 2152 divinitatem
3089 2095 3406 2167 accipimus,
3429 2100 3551 2168 quia
3580 2100 3719 2154 sicut
3744 2115 3830 2168 per

2253 2165 2474 2238 verbum
2507 2167 2664 2238 alicui
2700 2168 3007 2222 intirnamus
3035 2165 3238 2224 secreta
3269 2165 3483 2236 cordis,
3509 2171 3592 2223 sic
3625 2185 3719 2238 per
3746 2165 3830 2224 Fi-

2253 2233 2380 2287 lium
2429 2235 2764 2291 manifestata
2817 2250 2901 2292 cst
2951 2241 3203 2293 divinitas
3252 2242 3441 2295 I'atris.
3473 2233 3647 2295 Neirio
3695 2243 3825 2295 enim

2253 2307 2403 2380 novit
2447 2304 2676 2380 Filium,
2713 2309 2809 2380 nisi
2865 2325 2957 2377 per
3003 2310 3234 2364 Patrem.
3266 2310 3343 2364 Nc
3391 2322 3610 2380 putares
3658 2313 3830 2380 aliquo

2251 2376 2500 2452 eiiiijngio
2533 2377 2829 2452 indiguisse
2861 2376 3064 2446 Deum,
3091 2382 3230 2435 unde
3277 2376 3474 2437 Ειιὶἶιιιι
3506 2376 3786 2452 generaret
3813 2399 3826 2435 :

2252 2445 2514 2518 Eructav.t
2545 2445 2756 2518 (inquit)
2790 2467 2879 2504 cor
2909 2445 3072 2505 meum
3103 2455 3303 2505 verbum
3331 2445 3535 2513 bonum:
3564 2453 3614 2505 id
3645 2463 3745 2515 est,
3771 2469 3829 2508 ex

2252 2516 2458 2590 tneipso
2503 2516 2830 2574 :eterhaliter
2859 2526 3016 2587 genui
3062 2522 3274 2577 Filium.
3309 2524 3477 2577 Hude
3521 2539 3618 2578 cor
3650 2535 3826 2590 tuurn,

2250 2586 2446 2661 homo,
2477 2601 2698 2658 generat
2725 2586 3004 2647 consilium
3049 2611 3064 2648 :
3099 2610 3195 2649 nec
3222 2597 3422 2661 quaeris
3455 2610 3701 2648 uxorem.
3736 2586 3828 2650 Per

2250 2660 2532 2712 consilium
2563 2673 2740 2715 natum
2774 2660 2824 2714 in
2853 2665 3016 2718 corde
3046 2675 3134 2717 tuo
3164 2660 3366 2719 arditica
3399 2666 3627 2734 aliquid,
3657 2675 3711 2719 et
3739 2681 3828 2718 an-

2249 2737 2464 2806 tequam
2493 2741 2596 2784 stet
2626 2735 2713 2785 illa
2741 2734 2938 2787 fabrica
2958 2776 2972 2799 ,
3001 2746 3105 2789 stat
3129 2736 3445 2800 consilium,
3473 2747 3528 2790 et
3562 2738 3701 2788 inest
3721 2735 3825 2806 jam

2247 2802 2392 2876 quod
2425 2806 2662 2856 tacturus
2687 2820 2774 2876 es,
2802 2806 2854 2857 in
2882 2822 2946 2858 eo
2978 2823 3070 2874 per
3095 2809 3233 2876 quod
3263 2808 3500 2860 Iacturus
3525 2821 3604 2861 es.
3626 2802 3829 2861 Laudes

2249 2871 2505 2925 fabricam
2557 2874 2788 2927 nonduin
2833 2871 3150 2931 existentem
3200 2894 3214 2932 :
3263 2878 3358 2932 sed
3406 2879 3462 2932 in
3513 2879 3827 2932 probatione

2248 2944 2481 3014 consilii.
2509 2942 2647 3013 Ergo
2687 2946 2728 2996 si
2765 2961 2858 3011 per
2889 2946 3119 3001 Verbum
3168 2950 3344 3002 omnia
3367 2988 3383 3014 ,
3409 2958 3464 3002 et
3491 2942 3726 3003 Verbum
3762 2948 3826 3002 de

2250 3011 2397 3086 Deo:
2431 3011 2635 3082 iuSpiée
2662 3014 2914 3070 fabricam
2947 3018 3136 3074 iactam
3162 3034 3255 3086 per
3281 3011 3515 3073 Verbum
3534 3066 3548 3084 ,
3574 3031 3628 3073 et
3652 3019 3705 3072 in
3731 3019 3829 3072 iSto

2247 3083 2479 3158 aedilicio
2512 3087 3041 3158 mirarecmisilium.
3076 3083 3206 3143 Dico
3251 3089 3469 3158 (inquit)
3519 3083 3677 3158 opera
3718 3105 3824 3142 mea

2247 3154 2375 3223 regi.
2401 3155 2608 3210 Miraris
2636 3156 2756 3224 quia
2786 3159 2853 3210 ita
2877 3160 3009 3215 dicit
3037 3160 3207 3215 Deus?
3233 3154 3323 3214 Sic
3349 3154 3531 3216 dicere
3552 3154 3648 3214 Dei
3675 3168 3826 3214 teter-

2249 3238 2377 3300 num
2407 3237 2509 3280 εει.
2535 3226 2747 3296 Legitur
2771 3226 2878 3300 (Ex
2901 3231 3142 3299 August.)
3169 3231 3220 3285 in
3249 3232 3354 3284 alio
3383 3231 3592 3300 psalmo
3615 3248 3628 3284 ε
3655 3231 3825 3287 Semel

2249 3294 2455 3348 locutus
2485 3306 2568 3371 est
2591 3294 2726 3351 Deus
2753 3294 2927 3365 (Ps-at.
2953 3294 3088 3371 151.).
3110 3294 3329 3356 Totiens
3352 3294 3669 3371 locutusest
3695 3303 3828 3356 Deus

2250 3368 2663 3444 perprOpbe-tas,
2687 3383 2778 3444 per
2796 3368 3104 3438 Apostolus,
3123 3388 3218 3444 per
3233 3374 3485 3444 dcc-tores
3502 3370 3690 3444 (Hebr.
3711 3372 3789 3443 l.)
3808 3388 3821 3426 :

2249 3437 2516 3506 hodieque
2559 3441 2790 3513 loquitur
2813 3437 2914 3508 per
2943 3437 3175 3498 sanctos.
3204 3443 3355 3498 Unde
3383 3437 3522 3513 ergo
3543 3445 3711 3499 semel
3743 3437 3818 3498 Io-

2248 3515 2404 3561 cutus
2445 3519 2524 3580 est
2570 3508 2740 3573 Deus,
2771 3513 2869 3564 nisi
2919 3521 3137 3580 proiiter
3163 3521 3188 3550 ³¹
3222 3508 3470 3567 νει-ιιιιιιῖ
3495 3515 3735 3568 bonum?
3767 3513 3827 3569 Et

2247 3592 2441 3655 quare,
2457 3579 2634 3655 Opera
2653 3597 2766 3655 mea
2787 3581 2900 3655 dico
2921 3579 3069 3653 regi?
3089 3587 3222 3652 Quia
3247 3586 3300 3638 iii
3331 3587 3448 3654 ipso
3468 3584 3647 3639 omnia
3669 3601 3824 3655 opera

2251 3648 2346 3702 Dei
2376 3649 2553 3720 (Itoni.
2584 3651 2713 3720 IL).
2739 3648 2998 3720 Quicquid
3023 3648 3163 3708 euiin
3195 3648 3428 3709 tacturus
3457 3664 3576 3710 erat
3604 3660 3654 3710 in
3684 3648 3827 3711 εἰει-

2251 3728 2398 3798 tura,
2413 3719 2524 3789 jam
2558 3721 2611 3774 in
2640 3721 2816 3798 Verbo
2840 3719 2961 3798 erat
2991 3739 3006 3778 :
3037 3734 3175 3780 sicut
3205 3727 3256 3780 in
3285 3727 3580 3798 Evangelia
3611 3727 3824 3794 dicitur,

2249 3790 2402 3856 Quod
2434 3802 2626 3844 iactum
2653 3804 2734 3846 est
2761 3794 2811 3847 in
2839 3794 2986 3861 ipso,
3021 3799 3124 3849 vita
3157 3809 3292 3852 erat.
3321 3790 3676 3852 Non'tantum
3709 3790 3823 3852 curn

2249 3875 2375 3936 r_ege
2401 3861 2627 3930 dispono
2655 3868 2852 3936 omnia,
2873 3867 2965 3920 sed
2993 3867 3152 3936 etiam
3188 3883 3281 3936 per
3302 3885 3425 3922 eum
3457 3870 3635 3923 omnia
3667 3869 3823 3924 facio.

2249 3930 2317 4008 Et
2345 3932 2446 3985 hoc
2477 3942 2578 3998 est,
2598 3934 2741 4008 quod
2769 3937 2945 4008 subdit
2969 3952 2984 3990 :
3008 3930 3210 4008 Lingua
3236 3955 3348 3992 mea
3372 3941 3602 3992 calamus
3627 3944 3822 3994 scribta.

2249 4001 2450 4071 Lingua
2495 4019 2633 4071 mea,
2657 4004 2721 4080 id
2767 4015 2872 4080 est,
2905 4006 3075 4074 ipsum
3110 4001 3344 4063 'verbuin
3378 4009 3643 4080 (ponitur
3685 4012 3824 4064 enim

2247 4085 2437 4146 caussa
2479 4088 2576 4146 pro
2617 4076 2834 4146 είῐεειιι)
2880 4087 2961 4130 εει
3001 4083 3240 4132 calamus
3287 4076 3649 4134 mei'scribie.
3682 4080 3824 4136 Sicut

2247 4143 2594 4221 enirn_scriba
2627 4161 2720 4214 per
2743 4143 3008 4202 calamum
3042 4147 3298 4219 imprimit
3328 4155 3524 4220 tiguras
3551 4191 3568 4216 ,
3609 4151 3688 4206 sic
3729 4165 3823 4221 ego

2248 4227 2343 4283 per
2369 4211 2604 4268 Verbum
2627 4211 2808 4292 ineutn
2839 4231 3034 4292 operor
3059 4211 3475 4275 créaturasflﬂst
3505 4211 3685 4275 autem
3716 4211 3821 4292 ipsa

2246 4299 2493 4362 creatura
2511 4287 2754 4362 quaedam
2786 4291 2939 4342 nobis
2967 4289 3272 4358 Scriptura,
3303 4293 3355 4344 in
3385 4305 3491 4362 qua
3524 4287 3751 4361 legimus
3773 4299 3822 4346 et

2247 4358 2621 4431 cognoscimus
2652 4357 2818 4431 Deum
2840 4402 2854 4426 ,
2882 4368 3019 4414 teste
3049 4357 3336 4430 ApOstulo,
3367 4357 3457 4431 qui
3483 4357 3605 4416 ait}
3636 4363 3820 4418 Invisi-

2249 4425 2369 4479 bilia
2411 4441 2553 4500 enim
2585 4429 2748 4495 ipsius
2788 4425 2883 4498 per
2912 4447 3004 4496 ea,
3028 4425 3147 4500 quin
3188 4425 3327 4486 facta
3365 4425 3524 4498 sunt,
3559 4433 3821 4489 intellecta

2247 4495 2670 4574 conspiciuntur,
2701 4495 3027 4574 sempiterna
3045 4495 3291 4574 'quoqueg
3319 4507 3490 4574 virtus
3508 4495 3638 4574 ejus
3666 4517 3719 4559 et
3748 4508 3824 4559 di-

2252 4568 2440 4646 vinitas
2483 4567 2660 4646 (liam.
2697 4568 2795 4646 1.).
2825 4567 2895 4624 Et
2940 4567 3210 4646 bene—ait,
3255 4567 3821 4646 Velociterscribentis.

565 4637 892 4725 ililajtandum
938 4663 990 4725 et
1019 4637 1454 4725 gloriﬁcandum,
1485 4637 1542 4707 ιιί
1571 4637 2140 4725 ςὸειὶοέέεὶὲιέίὲιῖάιῖὲ
2175 4643 2224 4701 Ι)
2248 4637 2522 4725 ῼΒἯήΡΗῖ
2541 4643 2653 4725 ii“?
2683 4637 2931 4725 “PBLQ
2950 4643 3239 4725 IECEaASP'"
3268 4643 3442 4714 (Ρωί-
3470 4645 3648 4725 ¹,⁴⁸ο)·
3679 4645 3826 4725 vel}?

565 4719 736 4790 deris,
766 4721 857 4792 qui
887 4737 945 4778 es
975 4723 1288 4778 benedictus
1320 4725 1371 4777 in
1401 4730 1601 4779 secula.
1629 4719 1826 4781 Ᾰιιιειι.

957 4853 1249 4911 TITULUS
1289 4855 1537 4913 PSALMI
1575 4857 1760 4915 XLIV.

631 4966 778 5032 l.__ln
817 4964 977 5028 ﬁnem,
1023 4979 1113 5026 pro
1155 4965 1251 5026 Itis,
1283 4967 1366 5032 qui
1387 4971 1748 5032 conturbantur,
1770 4970 1884 5032 ﬁliis
1905 4970 2060 5022 Chore
2077 4974 2144 5022 ad

565 5027 875 5085 intellectum,
897 5034 1134 5092 canticum
1154 5043 1242 5088 pro
1260 5027 1453 5080 dilecto.
1469 5032 1572 5081 Hoc
1591 5027 1970 5092 epithalamium,
1985 5036 2028 5082 id
2043 5043 2136 5092 est,

565 5102 761 5156 cartnen
788 5091 1028 5156 nuptiale,
1043 5100 1116 5138 est
1141 5093 1402 5156 canticum,
1418 5094 1464 5142 id
1489 5101 1583 5153 est,
1601 5091 1903 5143 auditoribus
1920 5104 1977 5142 ad
2001 5091 2141 5146 dele;

564 5153 791 5218 etaniium
842 5154 1152 5218 prepositum.
1193 5152 1424 5218 liabituin
1466 5167 1554 5213 pro
1597 5156 1790 5218 dilecto,
1831 5157 1877 5206 id
1921 5165 2016 5214 est,
2056 5170 2143 5218 pro

564 5213 741 5276 Christi
768 5216 1311 5276 commendatione,gui
1335 5224 1410 5264 est
1431 5228 1636 5276 sponsus
1657 5213 1909 5275 Iter-Iesus,
1933 5213 2143 5267 dilectus

565 5273 742 5339 Patris,
755 5274 1024 5339 secundum
1044 5274 1162 5339 ῃιυιι
1179 5289 1191 5323 :
1206 5275 1297 5325 Hic
1319 5287 1389 5324 est
1413 5273 1536 5325 titius
1556 5291 1696 5326 meus
1713 5273 1923 5327 dilectus
1947 5278 2136 5339 (Matth.

564 5313 664 5386 32':
928 5339 1017 5398 5.).
1043 5336 1114 5410 Et.
1139 5313 1539 5407 quar'e.‘siionsu;
1562 5313 2139 5410 ciiirinieridetgi,\caiis's:a

564 5399 812 5463 praemissa
855 5405 948 5456 est,
988 5412 1075 5463 pro
1097 5399 1188 5457 his,
1235 5399 1314 5462 qui
1350 5401 1759 5450 commutabuntur
1795 5399 1844 5450 in
1861 5399 2005 5463 ﬁnem
2025 5402 2138 5463 filiis

565 5456 734 5523 Utere.
762 5459 813 5508 Id
832 5469 925 5523 est,
953 5456 1038 5521 pro
1059 5462 1132 5509 bis
1153 5456 1719 5522 qui'translbrmabuutur
1741 5464 1805 5511 de
1823 5456 2137 5523 corpore'hu-

564 5521 780 5584 mil'ttatis
800 5521 944 5584 huius
968 5525 1016 5572 in
1040 5521 1422 5584 cauliguratione
1445 5527 1664 5584 corporis
1705 5521 1938 5573 claritatis
1956 5525 2135 5577 Christi

566 5578 772 5649 (Philip,
796 5578 899 5644 3.):
921 5586 1006 5644 qui
1034 5578 1252 5645 primiius
1272 5588 1319 5634 in
1339 5586 1428 5635 hac
1456 5578 1550 5635 vita
1576 5587 1772 5635 fuerunt
1795 5587 2134 5649 Iitiillbore,id

564 5650 640 5691 est
685 5647 956 5708 imitatores
989 5651 1270 5708 passionum
1307 5650 1523 5696 crucitixi
1562 5660 1580 5698 :
1614 5650 1739 5708 quod
1783 5650 2016 5697 canticum
2061 5647 2138 5700 est

565 5707 861 5767 propositum
889 5705 1112 5756 ﬁdelibus
1129 5709 1188 5757 ad
1211 5709 1534 5772 intellectum,
1563 5705 1727 5781 218
1750 5710 1796 5758 id
1822 5719 1916 5772 est,
1945 5711 2002 5759 ad
2023 5712 2134 5776 hoc,

635 5848 663 5876 ει
687 5839 840 5909 Apud
875 5841 1252 5912 Augustinum,
1283 5852 1483 5915 propter
1508 5845 1708 5900 verbum
1741 5861 1916 5902 unum.

2252 4708 2389 4782 citer
2417 4708 2526 4774 (Ea:
2551 4711 2746 4780 eodem)
2775 4711 2937 4782 219
2965 4715 3056 4767 Dei
3088 4716 3189 4766 tale
3216 4708 3318 4780 est,
3343 4730 3401 4768 ut
3429 4708 3674 4770 velocius
3701 4717 3824 4772 nihil

2253 4781 2349 4858 sit.
2379 4781 2435 4858 In
2465 4786 2747 4858 scripturis
2768 4781 2920 4858 enini
2959 4786 3212 4858 scribitur
3240 4788 3393 4839 litera
3427 4795 3549 4856 post
3583 4790 3824 4858 literam,

2254 4851 2450 4925 syllaba
2485 4859 2605 4918 post
2630 4853 2919 4925 syllabam,
2951 4851 3171 4925 vcrbunt
3201 4867 3320 4923 post
3346 4851 3602 4925 verbum,
3637 4873 3736 4914 nec
3761 4851 3824 4913 ad

2251 4921 2544 4993 secundum
2579 4923 2862 4990 transitur,
2894 4926 3067 4978 donec
3095 4921 3326 4993 primum
3360 4921 3598 4984 tiniatur;
3630 4930 3706 4984 lbi
3734 4946 3823 4985 au-

2256 4999 2359 5043 tem
2393 4992 2519 5044 nihil
2553 4993 2818 5057 velocius,
2853 4995 2939 5047 ubi
2971 4997 3074 5048 non
3096 4992 3230 5050 "sunt
3255 5009 3455 5053 mutata
3487 5003 3650 5055 verba
3686 5019 3699 5054 :
3731 5015 3823 5056 nec

2256 5062 2660 5134 tainciialiquid
2692 5063 3020 5132 prtrtiiissutn
3051 5078 3168 5134 est,
3197 5083 3318 5126 cuin
3358 5071 3409 5122 in
3443 5085 3548 5123 uno
3578 5074 3688 5125 sint
3715 5087 3823 5125 orn-

2247 5133 2354 5183 nia.
2406 5131 2815 5209 Corniuendavit
2865 5135 3058 5209 Filium
3106 5131 3398 5192 secundum
3447 5139 3822 5209 divinitatem,

2246 5205 2584 5278 ostendendo
2601 5219 2720 5256 eum
2745 5207 3254 5262 consubstantialem
3276 5218 3329 5260 et
3348 5205 3821 5278 compotentialem

2246 5271 2390 5325 Patri
2421 5289 2433 5325 :
2464 5272 2625 5327 modo
2652 5280 2993 5330 commendat
3022 5292 3144 5331 eum
3184 5271 3492 5333 secunduui'
3521 5284 3818 5337 humanita-

2245 5351 2372 5406 tein,
2402 5345 2468 5396 ita
2501 5362 2515 5397 :

2314 5431 2367 5512 β.
2399 5433 2672 5512 speciosus
2703 5435 2868 5512 forma
2904 5454 3014 5508 pra:
3041 5439 3162 5507 ﬁliis
3191 5439 3475 5496 hominum.
3504 5443 3682 5512 Quare
3719 5461 3820 5502 non

2381 5499 2625 5586 August.)
2649 5499 2862 5586 ct'apnd
2884 5499 3140 5586 angelos?
3162 5514 3300 5586 Quid
3326 5517 3492 5567 voluit
3513 5499 3696 5571 dicere

2245 5574 2367 5641 [iliis
2399 5574 2679 5653 hominum,
2707 5574 2806 5631 nisi
2835 5574 3182 5647 quia—homo?
3211 5582 3330 5636 Ideo
3362 5600 3472 5653 pra:
3498 5589 3624 5642 libis
3656 5574 3820 5643 homi-

2244 5659 2370 5727 nuin
2400 5649 2712 5727 speciosus,
2749 5653 2871 5716 quia
2901 5654 3152 5727 immunis
3180 5670 3209 5706 a
3239 5649 3457 5724 peccato
3477 5697 3493 5723 ,
3518 5660 3660 5727 quod
3693 5659 3820 5714 alius

2243 5716 2422 5769 nullus
2463 5719 2636 5772 exti'it
2684 5723 2860 5774 homo.
2893 5723 3044 5788 Quod
3086 5722 3161 5777 ait
3208 5716 3490 5796 speciosus
3523 5716 3717 5799 forma,
3753 5731 3817 5785 ad
