4098 6356
275 348 372 407 8ἳι

1265 344 1331 401 IN
1374 344 1685 402 [’SALMDS
1728 343 1913 401 LXXV
1954 347 2514 404 COMMENTARIUS.

3434 344 3538 400 82!

276 465 742 537 exaggerationem
773 463 904 518 dicit
931 479 944 516 :
971 462 1106 516 sicut
1129 461 1345 537 dicitur,
1370 461 1487 537 Vita
1508 461 1649 514 vivet
1670 459 1851 537 (latin.
1884 463 1935 521 Α
1961 473 2043 517 est
2085 481 2176 518 rex
2226 476 2417 537 noster
2445 463 2623 532 gladio
2661 478 2777 519 suo.
2809 462 3100 537 Audiamus
3128 462 3236 537 jam
3268 462 3534 537 quomoda

278 531 716 608 8.):Judaaorum
748 549 1028 605 personam
1061 531 1292 608 gerebat
1316 532 1601 608 Pr0phet_a,
1625 546 1745 584 cum
1774 531 1856 584 di-

275 602 448 672 ceret,
478 608 722 662 Vidimus
750 602 873 659 eum
915 615 966 657 et
995 602 1097 656 non
1140 602 1367 656 habebat
1405 602 1635 672 speciem
1682 616 1854 670 neque

276 684 530 737 decorem
575 676 731 747 (Isai.
764 674 898 743 53.).
928 674 1137 741 Quare?
1175 673 1309 738 Quia
1342 687 1453 747 non
1478 671 1852 747 _inte|lec_tur_n.

278 753 336 808 Si
384 750 528 804 enim
578 741 990 818 cognovissent,
1020 760 1287 818 utinquam
1342 742 1623 818 Dominum
1674 741 1855 809 glorise

274 813 677 875 crncitixissent
714 818 791 886 (l.
821 816 939 869 Cor.
968 813 1070 885 2.).
1103 813 1534 886 luteiligentihus
1564 821 1858 886 auteuhet

274 892 514 949 Verbum
565 905 691 943 caro
722 880 958 949 iactum,
990 880 1075 939 est
1122 880 1308 953 magna
1335 883 1689 951 pulchritudo.
1724 880 1853 936 Mihi

272 974 457 1017 autem
503 960 643 1015 absit
685 959 899 1028 gloriari
941 957 1095 1026 (dixit
1140 971 1276 1028 unus
1301 954 1606 1028 amicorum
1641 954 1853 1028 _sponsi)

278 1034 381 1088 nisi
430 1034 482 1086 in
515 1046 674 1085 cruce
689 1023 909 1082 'Domini
943 1023 1104 1080 nostri
1133 1026 1259 1080 Jesu
1289 1024 1487 1078 Christi
1518 1023 1722 1089 (Galat.
1753 1026 1853 1091 6.).

275 1106 473 1159 Parum
505 1112 586 1156 est
615 1110 671 1154 ut
699 1114 800 1154 non
834 1099 957 1151 inde
983 1098 1299 1157 erubescas,
1330 1094 1430 1149 nisi
1458 1094 1617 1147 etiam
1660 1095 1855 1163 glorie-

272 1174 369 1229 ris.
398 1176 577 1240 Quare
600 1187 728 1242 ergo
754 1168 1070 1242 nonghahuit
1094 1169 1346 1242 speciem,
1372 1180 1543 1242 neque
1570 1165 1854 1242 decorem?

267 1234 691 1312 QuiawChristus'
712 1240 1003 1312 cruciﬁxus
1024 1237 1576 1312 Jutl:eisAscaudalum,
1601 1234 1855 1312 Centibus

273 1305 457 1371 autem
486 1313 707 1367 stultitia
737 1320 817 1364 est
840 1310 912 1380 (Ι.
940 1309 1059 1363 Car.
1087 1308 1185 1367 1.3‘.
1210 1308 1383 1373 Quare
1412 1317 1592 1380 autem
1622 1305 1670 1357 in
1699 1321 1857 1380 cruce

272 1388 465 1441 habuit
492 1385 777 1440 decorem?
805 1377 939 1447 Quia
970 1381 1106 1449 quod
1138 1381 1357 1449 stultum
1389 1385 1475 1449 est
1504 1377 1618 1440 Dei,
1643 1377 1856 1449 sapien-

278 1460 388 1513 tius
420 1466 502 1510 est
528 1470 685 1524 quam
719 1446 1023 1524 homines}
1057 1459 1111 1505 et
1139 1450 1279 1524 quod
1303 1448 1596 1524 _in_liri_n_ut:i
1627 1455 1708 1499 est
1735 1446 1857 1524 Dei,

274 1528 471 1585 fortius
514 1516 595 1579 est
636 1540 792 1595 quam
839 1522 1082 1576 homines
1130 1516 1341 1588 (Ibid.).
1374 1518 1537 1595 Nobis
1581 1516 1859 1595 ergo‘jam

272 1596 621 1654 credentibus
642 1587 837 1659 ubique
861 1607 1089 1659 sponsus
1115 1587 1354 1646 occurrat
1378 1590 1614 1659 pulcher.
1637 1587 1861 1659 Pulcher

273 1670 420 1725 Deus
450 1668 680 1721 Verhum
709 1658 823 1720 erat
844 1658 980 1730 apud
1012 1663 1201 1717 Deum.
1231 1661 1456 1715 Pulcher
1481 1658 1533 1711 in
1563 1671 1715 1712 utero
1743 1658 1859 1710 Vir-

271 1742 441 1809 ginis,
467 1738 554 1792 uhi
586 1753 689 1790 non
719 1736 898 1790 amisit
928 1734 1288 1809 divinitatem,
1316 1742 1369 1785 et
1398 1733 1587 1809 sumsit
1618 1731 1863 1783 humani-

275 1801 465 1891 tatem.
492 1810 724 1864 Pulcher
755 1818 908 1861 natus
940 1805 1113 1859 infans
1140 1803 1388 1891 Verbum,
1410 1801 1534 1891 quia
1567 1816 1685 1891 cum
1717 1811 1859 1891 esset
1898 1835 1933 1891 ῃ

273 1881 483 1944 infans,
515 1895 636 1932 cum
683 1886 925 1945 sugeret,
950 1892 1070 1929 cum
1102 1874 1349 1927 manibus
1382 1882 1717 1945 portaretur,
1745 1871 1857 1945 caeli

273 1941 480 2018 loquuti
513 1958 657 2013 sunt,
684 1941 857 2016 angeli
890 1947 1073 2001 laudes
1102 1946 1375 2018 dixerunt,
1400 1941 1575 2010 Magos
1603 1943 1752 1995 stella
1780 1942 1861 1993 di-

274 2014 435 2076 reitit.
460 2021 727 2075 Adoratus
748 2014 826 2073 est
854 2020 902 2071 in
930 2017 1190 2085 praesepio
1210 2014 1407 2069 cibaria
1439 2023 1857 2065 mansuctoruni.

276 2094 509 2147 Pulcher
550 2100 666 2143 erat
710 2092 760 2142 in
803 2084 956 2150 caalo,
984 2088 1202 2153 pulcher
1251 2086 1302 2138 in
1354 2095 1515 2145 terra,
1552 2084 1770 2144 pulcher
1810 2084 1861 2136 in

276 2174 455 2226 utero,
482 2163 705 2230 pulcher
737 2161 790 2213 in
821 2159 1062 2212 manibus
1094 2165 1394 2230 parentum,
1419 2154 1649 2230 pulcher
1684 2156 1747 2230 in-
1769 2154 1863 2230 mi-

276 2225 505 2299 raculis,
532 2232 752 2296 pulcher
793 2231 845 2284 in
877 2230 1130 2295 ﬂagellis,
1166 2228 1385 2295 pulcher
1414 2226 1648 2299 invitatis
1685 2225 1748 2277 ad
1780 2226 1857 2278 vis

277 2314 410 2369 tam,
440 2296 665 2373 pulcher
686 2318 800 2373 non
828 2315 1023 2354 eurans
1054 2314 1304 2373 murium,
1338 2298 1559 2373 pulcher
1588 2296 1861 2373 deponens

276 2368 532 2438 animam,
560 2372 777 2441 pulcher
804 2373 1088 2437 recipiens,
1113 2370 1334 2441 pulcher
1362 2368 1417 2441 in
1452 2368 1863 2441 ligno._pulcher

275 2448 332 2501 in
362 2438 635 2513 sepulcro,
657 2444 878 2511 pulcher
904 2442 955 2495 in
988 2438 1140 2493 επις).
1170 2441 1221 2494 In
1246 2439 1517 2513 intellectu
1539 2438 1716 2513 audite
1739 2451 1863 2513 can-

278 2508 464 2581 ticum,
492 2508 671 2581 neque
693 2514 877 2567 oculos
900 2520 1111 2565 vestros
1144 2527 1171 2563 a
1204 2509 1487 2573 splendore
1515 2508 1865 2575 pulchritudi—

278 2588 363 2641 nis
402 2580 546 2639 illrius
588 2580 796 2638 avertat
836 2584 1013 2636 carnis
1054 2581 1352 2636 infirmitas.
1385 2580 1600 2634 Summa
1645 2588 1698 2631 et
1740 2594 1861 2632 vera

278 2657 622 2726 pulchritudo
648 2655 816 2726 gratia
844 2665 949 2717 est,
974 2669 1071 2705 vox
1109 2650 1779 2726 Prouhetm.coiivertentis
1803 2664 1863 2702 se

276 2719 341 2780 ad
373 2719 674 2781 Christum:
701 2724 902 2792 [Ii/fusa
931 2732 1000 2776 est
1028 2723 1191 2793 gratia
1222 2726 1273 2773 in
1306 2720 1450 2775 labiis
1482 2724 1599 2793 tuis.
1631 2719 1866 2793 Lexﬂper

278 2799 496 2867 Moysen
528 2798 651 2849 data
692 2790 815 2867 est,
846 2797 1011 2867 gratia
1029 2790 1091 2867 et
1127 2804 1322 2867 veritas
1346 2807 1449 2867 per
1477 2790 1669 2867 .lusunt
1706 2791 1863 2843 Chri-

275 2862 417 2923 stnin
450 2870 582 2921 facta
612 2876 691 2919 est
715 2866 894 2938 (Jonn.
922 2866 1021 2938 1.).
1050 2863 1199 2938 Venit
1236 2862 1536 2938 nobiscum,
1562 2862 1726 2914 verbo
1748 2876 1863 2927 gra-

278 2940 369 2993 tiae
402 2940 700 3007 prmdicans
726 2932 1101 3001 paenitentiam
1132 2934 1182 2988 in
1214 2932 1585 3007 retnissiutnctn
1618 2940 1862 3007 peccato:

280 3000 425 3064 rum.
457 3009 625 3062 Tanta
656 3000 823 3075 gratia
853 3008 1041 3059 tlill'usa
1069 3018 1146 3057 est
1184 3008 1235 3058 in
1268 3004 1422 3056 labiis
1443 3000 1679 3075 Christi,
1712 3014 1765 3075 ut
1799 3003 1863 3075 ad

278 3096 468 3135 vocem
500 3080 619 3150 ejus
646 3072 890 3133 viderent
919 3078 1069 3137 cmci,
1098 3073 1661 3150 sanarentur__l_epr_osi,
1692 3072 1863 3150 claudi

279 3142 639 3212 anthularént,
669 3150 861 3202 mortui
895 3155 1253 3215 resurgerem.
1294 3146 1365 3198 De
1395 3143 1677 3196 dillusione
1707 3142 1865 3211 hujus

277 3204 466 3291 gratim
497 3204 886 3291 dicit'Paulus:
913 3204 1332 3291 Ubi_av_hit_ntlavit
1360 3223 1653 3291 peCcaturn,
1680 3204 1863 3291 super—
1890 3204 1940 3267 C

280 3284 575 3346 abundavit
596 3292 763 3359 gratia
794 3288 972 3359 (Rom.
1002 3287 1105 3357 5.).
1134 3286 1494 3359 Etloannes‘:
1524 3284 1658 3359 Nos,
1680 3284 1864 3353 inquit,

278 3365 347 3417 de
377 3354 706 3431 plenitudine
731 3354 848 3429 ejus
871 3354 1169 3431 accepimus
1194 3356 1374 3431 (Joatt.
1405 3354 1752 3431 l.),_gratiam
1775 3370 1870 3422 pro

279 3424 474 3501 gratia.
502 3432 570 3488 Et
592 3432 714 3500 quia
744 3424 862 3484 talis
891 3446 950 3485 cs
982 3446 995 3481 :
1032 3424 1309 3498 Propterea
1338 3425 1591 3478 benedixit
1619 3434 1686 3486 te,
1712 3424 1867 3501 Dens,

281 3498 338 3557 in
381 3498 652 3557 mternnm.
681 3501 915 3554 Primum
949 3508 1328 3555 tesmmentum
1364 3508 1559 3550 terram
1609 3498 1869 3562 promise-

283 3583 387 3628 rat.
419 3574 487 3629 Et
512 3573 654 3626 aliud
688 3571 811 3643 (Ea:
844 3569 1215 3643 August.)iluit
1245 3568 1559 3643 promissum
1590 3568 1691 3643 sub
1722 3572 1867 3636 lege,

283 3647 428 3698 aliud
471 3644 571 3698 sub
610 3636 783 3713 gratia
826 3636 1033 3713 :1‘é'rra
1072 3636 1725 3713 Chananm’nrumdudmis
1774 3650 1871 3690 sun

286 3716 406 3785 lege
434 3710 655 3783 positis',
683 3728 903 3780 regnum
941 3712 1197 3785 caelorum
1227 3710 1545 3785 Christianis
1566 3710 1678 3785 _suli
1702 3713 1869 3785 gratia

282 3779 617 3840 coiist'itutis.
648 3779 811 3855 220
841 3786 1021 3850 Itaque
1072 3783 1121 3837 id
1168 3782 1307 3851 quod
1356 3779 1653 3855 pertinebat
1683 3782 1746 3832 ad
1779 3795 1874 3855 eos

287 3860 376 3925 qui
410 3858 512 3909 sub
553 3850 895 3925 lege—Erant,
926 3856 1164 3919 transiit;
1188 3850 1415 3925 regnum
1447 3850 1700 3925 caelorum
1732 3851 1871 3925 quod

290 3921 527 3994 pertinet
550 3921 649 3980 sub
669 3926 835 3994 gratia
865 3926 1070 3993 positis,
1095 3941 1199 3978 non
1225 3923 1451 3976 transiit.
1480 3921 1763 3988 Propterea
1790 3922 1875 3975 hic

288 3996 565 4051 Benedixit
597 4010 663 4062 te,
687 3996 849 4058 Deus,
874 4010 977 4048 non
1008 3994 1074 4048 ad
1108 4005 1336 4059 tempus,
1361 3994 1452 4046 sed
1482 3994 1534 4046 in
1565 4003 1824 4045 aeternum
1859 4012 1871 4045 ;

290 4078 346 4124 et
374 4069 460 4121 hic
486 4070 626 4121 enim
651 4077 706 4121 et
728 4068 780 4120 in
808 4066 984 4121 futuro
1006 4080 1219 4134 semper
1242 4063 1588 4118 benedicatur
1608 4063 1866 4117 Christus.

289 4141 356 4195 Et
387 4150 441 4193 tu
477 4138 599 4191 talis
631 4153 745 4203 rex,

360 4211 416 4265 4.
448 4208 721 4278 Accingere
750 4208 922 4277 gladio
962 4216 1049 4260 tuo
1084 4221 1237 4268 super
1264 4204 1430 4278 [emitr
1456 4214 1598 4258 tuum
1628 4205 1873 4278 potentis-

288 4282 435 4335 sime.
462 4275 624 4344 ldest,
652 4275 857 4332 fortiter
880 4286 1027 4331 utere
1050 4278 1213 4331 verbo
1241 4275 1632 4344 praedicationis
1660 4288 1784 4339 luce,
1808 4276 1875 4328 de

289 4366 398 4421 quo
439 4349 844 4421 Apostolus_ait
890 4364 905 4401 :
953 4350 1017 4421 Et
1061 4348 1295 4421 gladium
1339 4348 1580 4415 spiritus,
1608 4347 1875 4421 quodet

290 4416 515 4477 verbum
550 4419 643 4474 Dei
685 4418 915 4491 (Ep/tes.
936 4419 1049 4491 76.).
1082 4420 1181 4491 Per
1210 4418 1381 4491 femur
1408 4432 1601 4485 corpus
1630 4416 1875 4491 Domini-

289 4508 413 4547 cum
441 4488 789 4562 intelligimus
818 4508 833 4562 ;
858 4490 980 4559 quia
1012 4492 1063 4543 in
1094 4489 1381 4562 feruoribus
1407 4488 1765 4562 generalium,
1793 4498 1871 4542 est

291 4563 467 4619 locus.
506 4558 752 4617 Accinxit
789 4558 1021 4630 gladium
1063 4575 1224 4625 super
1251 4559 1451 4630 ietnur,
1481 4560 1614 4630 quia
1635 4558 1687 4611 in
1716 4573 1874 4612 carne

294 4644 539 4689 assumta
586 4628 927 4701 Evangelium
979 4629 1470 4701 prtedicavit.lliiic
1499 4628 1703 4701 Veritas
1744 4630 1873 4701 ait;

292 4705 409 4759 Non
440 4704 559 4758 veni
592 4697 774 4772 pacem
806 4697 1052 4767 mittere,
1082 4700 1176 4755 sed
1215 4700 1466 4772 gladium
1493 4697 1709 4770 (Matth.
1738 4699 1876 4771 10.).

294 4774 519 4832 Gladius
548 4770 649 4828 iste
676 4782 886 4839 separat
930 4772 1095 4825 lilium
1128 4787 1157 4823 a
1190 4780 1369 4839 patre,
1399 4770 1557 4822 tiliam
1601 4783 1631 4821 a
1676 4770 1875 4837 matre,

293 4860 489 4903 nurum
521 4859 551 4899 a
580 4838 756 4899 socru.
783 4841 978 4911 Litigat
1008 4843 1162 4896 Pater
1191 4840 1297 4911 (Ex
1330 4838 1574 4910 August.)
1598 4854 1716 4892 cum
1747 4842 1876 4907 tilio,

294 4932 420 4986 quia
452 4917 563 4986 vult
593 4916 737 4986 lilius
769 4914 972 4968 servire
1018 4913 1145 4986 Deo.
1165 4912 1272 4986 _ll|e
1321 4911 1578 4986 promittit
1613 4920 1877 4986 terrenam

294 4981 667 5043 haereditatem
687 5025 702 5051 ,
727 4984 827 5039 iste
857 4984 1057 5053 appetit
1083 4982 1375 5037 ca2le5tetn.
1408 4981 1755 5053 lllepugnat,
1785 4984 1881 5037 iste

294 5065 580 5127 repugnat.
603 5056 707 5111 Sed
739 5051 941 5109 fortior
955 5063 1038 5108 est
1057 5051 1577 5127 gl‘adiusspiritualis
1599 5066 1876 5127 separaris,

295 5122 459 5199 quam
488 5138 676 5182 natura
706 5127 935 5181 carnalis
958 5122 1417 5199 copulatis._l3ene
1444 5130 1624 5199 autem
1655 5122 1749 5186 ait,
1779 5124 1881 5179 Su-

297 5192 387 5270 per
414 5202 579 5270 femur
606 5210 749 5251 tuum
776 5196 1157 5270 potentissime:
1182 5192 1303 5270 quia
1332 5194 1473 5270 quod
1505 5195 1771 5270 inlirmum
1800 5202 1881 5248 est

300 5265 425 5336 Dei,
451 5269 639 5322 fortius
668 5278 752 5322 est
779 5282 937 5336 quam
968 5266 1230 5320 homines.
1260 5265 1631 5336 Potentissinie
1654 5279 1780 5336 usus
1801 5273 1883 5320 est

302 5334 415 5395 hoc
432 5339 609 5410 gladio
636 5338 689 5392 in
718 5334 880 5392 carne
899 5379 912 5403 ,
938 5338 1060 5406 quia
1094 5351 1198 5391 non
1240 5336 1409 5390 solum
1444 5335 1571 5410 vicit
1599 5334 1844 5410 homines
1862 5373 1878 5401 ,

300 5411 396 5466 sed
435 5405 598 5463 ctiam
647 5424 833 5463 aereas
876 5405 1164 5477 potestates
1212 5425 1224 5460 :
1271 5422 1375 5460 non
1416 5405 1590 5477 solum
1620 5406 1745 5459 vitia
1787 5408 1880 5461 de-

301 5482 520 5545 struxit,
550 5479 644 5534 sed
694 5481 853 5533 etiam
882 5476 1165 5533 'inl'crnum
1214 5478 1477 5545 spoliavit.
1513 5476 1731 5531 Gladius
1780 5478 1883 5531 iste

303 5567 522 5606 carnem
553 5551 765 5613 domat,
797 5550 919 5602 vitia
953 5562 1191 5615 resecat,
1219 5548 1463 5617 spiritum
1498 5551 1739 5611 roborat,
1772 5549 1880 5601 vir-

304 5632 444 5678 tutes
474 5624 662 5685 nutrit,
685 5620 945 5675 desideria
975 5621 1111 5673 mala
1139 5621 1422 5674 consumit.
1452 5621 1588 5675 Ecce
1616 5622 1883 5673 accinctus

1961 544 2174 603 pugnet,
2192 536 2461 604 quomodo
2483 544 2821 603 regnet,cum
2845 532 3223 604 quibusarmis
3246 533 3495 598 procedat
3521 550 3535 585 :

2114 603 2297 675 Specie
2321 618 2406 660 tua
2433 615 2481 660 et
2513 605 2893 667 pulchritudine
2917 614 3004 657 tua
3032 603 3537 675 intende,prosperc

1958 673 2199 748 procede,
2225 686 2271 730 et
2303 694 2481 748 regna.
2514 677 2733 743 Species
2765 684 2939 743 potest
2953 673 3151 748 referri
3170 674 3244 748 ad
3276 674 3504 748 innoceo
3529 708 3537 714 -

1960 747 2085 798 tiam
2126 758 2176 798 et
2210 744 2417 802 morum
2460 749 2795 802 sanctitatem
2829 764 2844 799 :
2879 744 3220 809 pulchritudo
3248 745 3312 797 ad
3339 745 3538 799 divini-

1960 817 2083 867 tatis
2114 818 2386 871 decorem.
2422 820 2521 873 Per
2551 821 2665 872 haec
2693 817 2922 871 intendit
2948 815 3225 876 Christus.
3258 814 3429 883 idest,
3462 814 3543 867 in-

1962 895 2136 940 tentus
2181 889 2349 942 factus
2387 900 2501 949 est,
2533 904 2599 943 ne
2641 889 2865 943 remisse
2907 894 3117 955 ageret,
3150 885 3243 940 se'd
3286 900 3542 953 prospere

1962 958 2276 1027 pro-ederet
2308 960 2372 1012 ad
2402 960 2624 1025 bellum,
2649 968 2703 1012 et
2727 960 2990 1014 vincendo
3023 966 3288 1027 regnaret.
3313 955 3407 1013 Vel
3431 956 3537 1011 dici

1963 1035 2178 1108 potest}
2216 1026 2467 1108 Prospere
2497 1032 2712 1108 procede
2737 1031 2805 1085 de
2832 1045 2933 1108 una
2962 1026 3122 1097 gente
3163 1027 3232 1082 ad
3273 1027 3462 1108 aliam.
3496 1040 3543 1083 et

1962 1112 2119 1165 regna
2145 1099 2193 1150 in
2221 1100 2494 1166 acquisitis
2516 1102 2807 1154 secundum
2832 1101 3001 1155 bonos
3024 1114 3202 1154 mores
3221 1110 3275 1153 et
3295 1099 3543 1153 virtutes.

1962 1166 2140 1241 Potest
2162 1173 2326 1241 etiam
2361 1171 2578 1241 intelligi
2610 1170 2712 1226 hoc
2740 1172 2899 1225 modo
2924 1189 2936 1223 :
2970 1169 3185 1224 Intende
3211 1170 3263 1223 in
3289 1171 3468 1241 specie
3490 1178 3553 1225 et

1966 1238 2358 1303 pulchritudine
2410 1238 2631 1306 tua,'ut
2679 1243 2963 1303 imaginem
3008 1252 3060 1296 et
3106 1238 3546 1302 similitudinem,

1962 1325 2117 1370 quam
2162 1311 2333 1377 primo
2366 1323 2548 1363 nostro
2580 1313 2786 1381 parenti
2816 1313 3044 1378 dedisti,
3076 1313 3127 1367 in
3162 1314 3284 1366 liliis
3312 1328 3429 1367 eam
3460 1327 3549 1367 re-

1963 1394 2161 1433 novare
2189 1388 2244 1433 et
2273 1382 2567 1454 reformare
2594 1384 2854 1446 digneris.
2885 1382 3138 1453 Prospere
3165 1383 3403 1454 procede,
3431 1397 3550 1451 pro-

1965 1463 2123 1517 spcre
2154 1465 2217 1505 ex
2251 1460 2402 1505 utero
2435 1451 2675 1521 virginali
2707 1451 3065 1521 progredere:
3096 1451 3351 1522 prospere
3378 1456 3444 1510 de
3467 1468 3553 1510 se-

1969 1524 2151 1586 pulcro
2187 1536 2451 1593 consurge
2488 1539 2504 1578 :
2542 1539 2800 1593 prOSpere
2826 1526 2895 1579 ab
2922 1526 3108 1581 inieris
3135 1525 3200 1579 ad
3232 1526 3437 1581 Patrem
3469 1542 3555 1581 re-

1968 1601 2213 1656 vertere;
2250 1592 2363 1648 hare
2408 1596 2551 1649 enim
2582 1592 2761 1650 omnia
2810 1598 2963 1651 nobis
2998 1612 3251 1663 prOSpera
3283 1609 3337 1652 et
3380 1598 3552 1652 felicia

1966 1674 2089 1743 sunt
2121 1679 2135 1717 :
2165 1674 2214 1715 et
2244 1680 2402 1743 regna
2433 1666 2807 1743 tutius_niundi
2854 1669 3079 1743 imperio
3100 1708 3114 1733 ,
3148 1668 3389 1736 precioso
3430 1684 3557 1722 san-

1966 1736 2123 1797 guine
2157 1745 2245 1788 tuo
2279 1736 2567 1791 Redemtor
2595 1736 2819 1806 Prapter
2844 1740 3103 1793 veritatem
3132 1750 3179 1792 et
3209 1740 3557 1793 mansuetudi—

1968 1820 2079 1885 nem
2110 1815 2158 1858 et
2177 1809 2461 1885 justitiam.
2494 1808 2617 1863 lltec
2644 1810 2787 1863 enim
2820 1810 2996 1864 omnia
3024 1809 3215 1863 decent
3244 1824 3445 1885 regem.
3474 1810 3553 1885 'I_‘_n

1966 1877 2127 1947 igitur
2156 1893 2337 1945 regna,
2371 1880 2461 1947 qui
2491 1895 2652 1934 verus
2679 1896 2736 1934 es
2767 1891 2820 1935 et
2850 1889 3157 1933 mansuetus
3184 1889 3235 1932 et
3262 1880 3459 1946 justus.
3489 1877 3554 1931 Et

1965 1946 2176 2000 deducet
2202 1959 2247 2001 te
2268 1946 2567 2003 mirabiliter
2594 1952 2800 2006 dextera
2827 1959 2937 2014 tua,
2965 1952 3122 2009 idest,
3150 1949 3422 2015 fortitudo,
3448 1951 3555 2003 vir.

1966 2023 2072 2090 tus,
2102 2028 2154 2072 et
2187 2021 2419 2085 potentia
2468 2030 2575 2075 tua.
2612 2022 2717 2076 Sed
2760 2036 2866 2090 quo
2909 2021 3171 2074 deducet?
3212 2022 3289 2073 Ad
3342 2021 3551 2074 Patrem

1966 2085 2139 2154 (loan.
2169 2091 2309 2158 12.).
2339 2092 2516 2156 Quare
2546 2085 2899 2147 mirabiliter?
2926 2091 3061 2158 Quia
3096 2100 3335 2143 mortuus
3367 2090 3554 2143 diabo-

1966 2159 2071 2211 lum
2104 2163 2391 2225 SttpcraSli.
2426 2162 2518 2215 Vel
2549 2178 2773 2230 regnare
2803 2164 2999 2216 dicitur
3025 2160 3307 2224 Christus,
3336 2171 3553 2228 propter

1968 2231 2242 2303 veritatem
2284 2231 2581 2303 Evangelii,
2608 2244 2661 2288 et
2703 2234 3165 2303 mansuetudinem
3198 2248 3313 2303 qua
3365 2246 3551 2303 passus

1966 2311 2079 2372 est,
2106 2311 2162 2356 et
2183 2301 2454 2371 justitiam
2478 2320 2580 2372 qua
2614 2306 2782 2359 bonos
2820 2313 2875 2359 et
2903 2304 3070 2356 malos
3095 2301 3451 2366 iudicaturus.
3483 2302 3552 2372 tit

1966 2370 2195 2449 deducet
2231 2372 2345 2449 (Ea:
2384 2370 2545 2449 Aug.)
2576 2391 2697 2449 eum
2743 2374 3061 2449 mirabiliter
3089 2374 3275 2449 dextra
3305 2372 3446 2439 ejus,
3475 2370 3551 2423 Γάιε

1966 2444 2115 2495 ciens
2138 2443 2337 2509 divina,
2365 2442 2574 2513 patiens
2599 2446 2847 2499 humana.
2874 2445 3095 2499 Malitias
3122 2442 3399 2496 hominum
3427 2454 3551 2495 ster-

1967 2527 2098 2564 nens
2128 2512 2379 2568 bonitate
2394 2530 2487 2568 sua
2534 2534 2546 2567 :
2580 2516 2753 2570 adhuc
2783 2516 3000 2569 deducit
3026 2530 3182 2577 eum,
3208 2522 3262 2567 et
3292 2512 3380 2563 uhi
3410 2528 3549 2565 non-

1967 2582 2090 2655 dum
2118 2592 2143 2620 α
2168 2585 2367 2638 dictum
2397 2594 2481 2640 est
2510 2586 2576 2641 de
2600 2588 2797 2655 gladio,
2822 2586 3028 2639 dicatur
3056 2599 3194 2638 nunc
3225 2583 3293 2637 de
3322 2582 3549 2652 sagittis.

1967 2653 2233 2721 Multipler
2267 2669 2346 2711 est
2380 2659 2520 2710 enim
2552 2653 2819 2711 armatura
2849 2656 2989 2724 regis
3023 2656 3212 2709 nostri.

2040 2724 2090 2776 (ἱ.
2121 2726 2336 2797 Sagith
2365 2738 2464 2780 tuae
2491 2737 2674 2781 acntw.
2712 2728 2881 2781 Verba
2915 2740 3002 2779 tua
3031 2742 3126 2779 cor
3154 2724 3516 2797 traiisligentia
3538 2765 3552 2789 ,

2026 2798 2124 2864 21
2156 2794 2389 2852 amorem
2431 2800 2738 2852 excitantia.
2773 2798 2923 2853 Unde
2953 2799 3146 2851 dicitur
3177 2798 3225 2849 in
3260 2794 3493 2849 Canticis
3535 2811 3551 2850 :

2019 2868 2251 2939 ulnerata
2279 2870 2499 2921 caritate
2526 2885 2622 2939 ego
2649 2886 2762 2921 sum
2795 2868 2967 2938 (Cant.
2991 2869 3094 2937 2.).
3122 2866 3423 2939 Secundum
3446 2866 3554 2939 hoc

1970 2940 2128 3008 verba
2175 2937 2266 2989 Dei
2312 2937 2574 2992 vocantur
2615 2937 2842 3008 sagittas,
2875 2939 3015 3007 quod
3064 2938 3274 2991 occulte
3317 2937 3552 3008 alliciunt

1970 3005 2211 3059 homines
2243 3012 2307 3061 ad
2342 3011 2588 3063 timorem
2620 3005 2935 3063 et'aniorem
2972 3010 3087 3062 Dei.
3115 3008 3420 3060 Secundum
3452 3007 3551 3059 hoc

1968 3078 2208 3147 gladius,
2241 3080 2381 3147 quod
2416 3080 2693 3147 manifesta
2744 3090 2797 3133 et
2824 3080 3032 3147 cogenti
3069 3078 3275 3133 ratione
3307 3076 3551 3130 homines
3611 3132 3622 3146 ,

1974 3148 2082 3202 Deo
2106 3145 2306 3201 faciunt
2334 3146 2629 3203 adhaerere.
2654 3153 2718 3203 Et
2740 3166 2832 3217 per
2863 3145 2982 3214 huc,
3002 3148 3143 3218 quod
3170 3149 3236 3200 ita
3262 3147 3553 3218 instructus

1971 3232 2029 3271 es
2053 3220 2116 3269 ad
2145 3221 2500 3285 pugnandum,
2520 3220 2709 3285 Populi
2734 3221 2825 3273 sub
2848 3231 2895 3272 te
2916 3222 3118 3274 cadent.
3136 3219 3209 3271 Te
3230 3217 3551 3282 adorabunt,

1975 3290 2069 3344 tibi
2100 3289 2540 3344 humiliahuntur.
2572 3293 2633 3345 Et
2664 3292 2754 3346 ubi
2786 3290 3013 3345 cadent?
3044 3287 3109 3342 In
3137 3290 3289 3341 corde
3320 3289 3554 3340 inimico-

1973 3375 2089 3412 rum
2115 3361 2267 3431 regis,
2294 3362 2445 3423 idest,
2478 3363 2527 3415 in
2558 3364 2745 3416 eodem
2776 3362 2960 3425 corde,
2987 3364 3038 3414 in
3070 3374 3173 3429 quo
3205 3364 3347 3427 prius
3378 3359 3553 3431 inimi-

1974 3427 2228 3484 cabantiir
2261 3432 2352 3484 tibi
2400 3433 2506 3501 regi
2545 3450 2558 3486 :
2590 3434 2673 3485 ubi
2707 3448 2764 3501 se
2793 3433 3067 3498 erigebant
3090 3427 3362 3501 adversus
3393 3427 3552 3501 Chri—

1974 3510 2134 3573 stum.
2175 3501 2269 3555 Ubi
2300 3498 2544 3573 cadent?
2586 3500 3025 3557 anteChristum
3074 3500 3181 3573 (Er
3226 3498 3551 3573 Augustino).

1982 3571 2425 3639 blaspiiemabant
2452 3573 2723 3628 Christum
2742 3613 2755 3635 ,
2788 3575 2947 3627 modo
2976 3570 3274 3639 supplicant
3300 3570 3511 3624 Christo
3540 3587 3553 3625 :

1977 3642 2147 3710 ipsum
2176 3645 2445 3713 appellant
2471 3660 2670 3713 regem.
2695 3652 3027 3712 Acceperunt
3056 3643 3274 3710 sagittas
3300 3654 3435 3713 tuas.
3459 3641 3557 3713 Ce-

1976 3713 2225 3768 ciderunt
2251 3711 2379 3769 ante
2428 3730 2496 3769 te.
2530 3711 2581 3768 tu
2623 3716 2787 3769 crude
2830 3711 2918 3769 ubi
2954 3726 3005 3768 tu
3035 3716 3207 3777 viues,
3230 3727 3294 3765 ex
3328 3711 3557 3765 inimicis

1978 3786 2131 3838 amici
2178 3786 2297 3839 l'acti
2342 3796 2483 3839 sunt.
2513 3786 2683 3841 Occisi
2726 3796 2849 3840 sunt
2896 3786 3116 3848 inimici,
3149 3786 3333 3837 vivunt
3372 3782 3551 3839 amici.

1980 3855 2237 3928 Prostrati
2266 3867 2388 3928 sunt
2419 3858 2657 3926 superbi,
2688 3869 2906 3928 surgunt
2940 3859 3191 3911 humiles.

2049 3927 2100 3979 7.
2134 3927 2195 3979 Et
2225 3927 2343 3981 facti
2373 3924 2496 3982 sunt
2520 3928 2679 3982 Sedes
2704 3924 2811 3995 tua',
2839 3927 2997 3994 Deus,
3022 3932 3073 3980 in
3099 3927 3339 3979 siccatum
3365 3924 3557 3978 swculi.

1979 3996 2055 4050 Tu
2087 3998 2137 4050 in
2168 3998 2269 4051 illis
2301 4000 2503 4052 resides
2535 4002 2582 4051 iu
2612 4009 2870 4052 arternum
2906 3999 3093 4066 :jnxta
3125 3995 3264 4064 quod
3294 3997 3579 4066 scriptum

1978 4076 2080 4147 est,
2099 4068 2282 4147 Anima
2304 4069 2432 4147 justi
2456 4070 2622 4147 sedes_
2639 4080 2727 4147 est
2747 4063 3022 4147 sapientia}
3049 4063 3230 4147 (Ρνριζο
3255 4063 3560 4147 ifg).Vj{gg

1978 4138 2274 4210 directionis
2305 4133 2448 4207 birga
2479 4142 2622 4210 regni
2654 4142 2747 4192 tui.
2779 4133 2929 4207 Virga
2958 4133 3071 4191 litec
3095 4133 3418 4210 estjustitia.
3442 4133 3559 4187 Tali
3586 4176 3591 4181 .

1980 4205 2120 4275 virga
2152 4222 2241 4261 rex
2278 4205 2457 4262 noster
2487 4205 2749 4276 gubernat
2773 4205 2990 4277 regnum
3020 4205 3351 4272 suum,quod
3377 4219 3563 4277 sumus

1980 4274 2098 4331 nos.
2126 4278 2240 4329 Non
2287 4290 2464 4331 autem
2494 4274 2633 4347 regit
2662 4278 2769 4346 (Ex
2798 4274 2997 4340 eadem)
3018 4318 3033 4339 ,
3067 4277 3154 4345 qui
3184 4290 3287 4329 non
3318 4274 3558 4347 corrigit.

1979 4348 2257 4413 Quomodo
2285 4350 2534 4402 sacerdos
2566 4346 2648 4401 est
2675 4350 2737 4401 ad
2771 4348 3182 4403 sanctiﬁcandos
3214 4361 3340 4408 nos,
3366 4346 3438 4398 ita
3468 4358 3563 4399 rex

1979 4419 2045 4471 ad
2088 4420 2347 4488 regendos
2394 4434 2510 4473 nos.
2557 4420 2713 4473 (Iurvi
2758 4428 2910 4473 erant
2960 4418 3202 4472 homines
3252 4414 3414 4488 regni~
3450 4416 3562 4483 sui,

1980 4486 2187 4543 distorti
2226 4494 2412 4553 erant,
2449 4490 2548 4543 sibi
2582 4505 2808 4559 regnare
2836 4490 3119 4556 cupiebant
3141 4530 3155 4553 ,
3191 4502 3250 4541 se
3278 4486 3564 4551 amabant,

1911 4594 1955 4652 D
1982 4560 3164 4652 Efl".-?'f’ﬂ"'.‘i“§'_'l-59?I'1__‘3£‘3-‘i‘f'l‘l°l."3i'.‘.
3175 4559 3445 4652 ,ἕθίῖηίὲξξῗ
3455 4573 3564 4652 .‘lf’.’

1985 4632 2240 4685 luntatem
2272 4633 2335 4685 ad
2367 4645 2494 4685 suas
2524 4631 2984 4700 concupiscentias
3015 4632 3230 4684 ﬂectere
3259 4630 3566 4697 cupiebant.

1986 4700 2147 4783 Venit
2187 4702 2297 4756 Ite:
2357 4702 2835 4783 cum‘directionis
2880 4700 3299 4783 virga._.Direxit
3358 4713 3468 4783 nos_
3513 4700 3589 4755 in.

1979 4771 2207 4841 justitia,
2232 4773 2537 4827 emendavit
2576 4785 2812 4826 nostram
2857 4768 3223 4827 tor-titudinem
3270 4768 3563 4824 secundum

1986 4842 2183 4913 regula:
2212 4857 2323 4897 sure
2356 4844 2747 4898 rectitudinem.
2778 4843 2851 4913 De
2884 4845 2983 4897 hac
3013 4843 3162 4910 virga
3191 4841 3318 4896 alibi
3347 4841 3565 4905 dicitur,

1984 4912 2159 4985 Reges
2178 4929 2281 4985 eos
2308 4914 2361 4967 in
2390 4914 2531 4983 virga
2562 4915 2732 4968 ferrea
2763 4912 2933 4985 (Psat.
2955 4916 3056 4983 2.).
3079 4913 3201 4985 Ideo
3231 4914 3422 4985 [ωδε-ρει,
3444 4916 3567 4983 quia

1986 4984 2139 5054 dura.
2173 4984 2478 5038 Inllexiliilis
2509 4995 2589 5038 est
2613 4984 2839 5054 justitia.
2863 4987 3010 5040 Alios
3038 4984 3192 5052 regit,
3219 4984 3355 5037 alios
3386 4993 3569 5054 conte-

1989 5055 2076 5135 rit.
2111 5053 2267 5135 Regit
2311 5052 2644 5135 spirituales,
2675 5058 2907 5135 conterit
2952 5058 3216 5135 carnales.
3264 5056 3405 5109 Bene
3446 5052 3569 5108 dico

1989 5127 2189 5198 virgam
2223 5134 2365 5179 tuam
2397 5141 2518 5182 esse
2546 5127 2882 5191 directionis,
2912 5127 3038 5198 quia
3074 5135 3129 5181 tu

2058 5194 2113 5250 8.
2142 5195 2381 5250 Ditexisti
2400 5199 2680 5267 justitiam.
2715 5199 2778 5253 Et
2808 5202 2859 5253 in
2890 5194 2943 5253 te
2959 5208 3012 5252 et
3036 5200 3086 5251 in
3116 5198 3165 5251 al
3192 5198 3258 5251 is.
3292 5194 3357 5248 Et
3386 5194 3568 5249 inlan-

1989 5274 2099 5321 tum
2127 5268 2266 5339 quod
2299 5270 2458 5322 etiam
2491 5270 2658 5324 Udisti
2688 5272 3024 5339 iniquitatem.
3055 5269 3119 5322 Et
3148 5278 3204 5321 ut
3236 5267 3356 5339 talis
3386 5277 3572 5339 posses

1989 5332 2439 5409 esse,'Propterea
2486 5342 2631 5394 unxit
2675 5350 2723 5395 te
2770 5332 3136 5409 spiritualiter,
3164 5352 3197 5409 o
3244 5332 3579 5409 (tetigimus-

1991 5420 2126 5471 ttms,
2161 5403 2316 5475 idest,
2355 5412 2445 5464 tibi
2492 5403 2984 5475 consubstantialis,
3018 5409 3127 5461 oleo
3165 5406 3374 5468 lwtititz,
3409 5403 3565 5467 idest,

1990 5481 2192 5547 Spiritu
2221 5491 2426 5547 sancto,
2458 5499 2564 5552 pra:
2592 5481 2909 5552 consortibus
2939 5480 3057 5531 tuis.
3092 5477 3373 5552 Plusquani
3400 5483 3569 5552 etme-

1992 5545 2081 5604 ros
2126 5552 2367 5606 homines
2397 5545 2530 5617 quos
2561 5555 2632 5605 tui
2662 5551 2812 5620 regni
2841 5563 2960 5603 esse
2992 5557 3166 5620 tecum
3193 5545 3413 5620 voluisti
3443 5559 3566 5597 con-

1992 5634 2184 5677 sortes.
2215 5623 2377 5679 Recte
2406 5622 2637 5691 Spiritus
2667 5617 2882 5673 sanctus
2912 5621 3030 5673 oleo
3058 5617 3255 5672 lxtitite
3285 5630 3562 5685 compara-

378 5773 404 5803 ει
433 5763 657 5818 Videtur
686 5760 1233 5832 supplendus_scusus
1275 5759 1356 5813 his
1394 5759 1461 5814 de
1488 5759 1872 5832 Augustiniano
1908 5759 2199 5829 exemplari
2230 5756 2426 5826 verbis,
2449 5763 2539 5822 est,
2589 5755 2797 5810 dextera
2845 5754 2955 5823 ejus
3007 5750 3210 5806 deducit
3265 5765 3400 5806 eum.
3429 5747 3564 5803 Tum

308 5836 549 5906 adposita
580 5833 744 5905 τελείᾳ
773 5839 980 5905 στιγμῇ,
1010 5828 1211 5885 Dictum
1238 5841 1330 5895 est,
1356 5840 1459 5885 etc.
