4098 6356
290 388 395 447 825

285 524 384 564 nus
426 503 565 559 Deus
594 504 726 576 ejus,
756 501 842 576 cui
885 501 1102 576 ﬂectere
1150 496 1324 561 debet
1348 489 1860 576 gennnetldgposi't‘a

286 557 557 649 ἔιῖρεὲιίῑᾶ
581 557 761 644 j'igiiin
782 567 1119 649 _ltumilitatis
1146 557 1422 622 assumere
1460 561 1627 636 (Phil.
1656 557 1760 629 ες).
1792 557 1860 611 Et

285 643 931 714 adorabunt’eumetiam,
1202 708 1233 714 __
1380 704 1479 714 ,ω
1558 703 1602 714 _
1673 701 1685 714 ,

362 700 463 774 is.
494 716 560 771 Et
587 716 711 786 filice
758 700 971 785 Tyri'in
1017 708 1331 786 muneribus.
1380 704 1530 759 Filire
1558 701 1711 786 'Lyri,
1743 700 1863 781 lilia:

286 772 411 845 sunt
439 772 711 851 Gentium,
742 801 771 839 a
801 772 954 852 parte
999 780 1306 852 signiﬁcans
1337 786 1527 852 totnm.
1577 772 1864 852 Tyrusni-

286 842 408 915 cina
436 842 561 913 huic
592 842 770 920 terrae,
802 842 887 908 ubi
921 842 1199 919 prophetia
1231 855 1370 912 erat,
1400 846 1599 920 Gentes
1626 842 1864 920 creditu-

286 912 462 985 issit.
490 912 769 981 Christum.
805 912 1134 996 signiﬁcabat
1160 935 1174 971 :
1202 932 1323 987 quae
1366 916 1727 996 adoraverunt
1760 912 1863 996 Do-

287 1001 493 1055 minum
538 1013 658 1051 cum
702 989 1047 1056 muneribus,
1071 990 1222 1061 juxta
1266 989 1406 1061 quod
1434 989 1701 1061 scripturn
1732 992 1861 1061 est_:

289 1052 682 1126 ifliesaurizate
708 1066 858 1120 vobis
880 1052 1157 1136 thesauros
1185 1060 1237 1113 in
1259 1052 1397 1136 c'telo
1424 1052 1772 1136 (Matt/1.263)..
1801 1054 1865 1107 Et

287 1122 856 1208 dateeleemosynam,
885 1144 935 1189 et
954 1133 1131 1188 omnia
1154 1130 1348 1208 munda
1371 1122 1496 1208 sunt
1533 1122 1857 1208 vobis(Luc.

253 1243 257 1279 ξ
290 1210 430 1281 11.).
462 1211 635 1279 Tyrus
664 1196 1044 1281 interpretatur
1072 1202 1425 1281 angustin,et
1449 1196 1719 1281 signiﬁcat
1741 1209 1867 1281 pec.

250 1267 257 1327 έ
288 1267 528 1345 calores;
550 1293 685 1348 quos
713 1267 955 1348 diabolus
983 1267 1386 1348 coniprimebat.
1435 1267 1677 1324 Adorant
1708 1267 1865 1348 igitur

254 1376 257 1415 t
289 1339 581 1408 Dominum
603 1349 726 1402 lilize
748 1349 894 1418 Tyri,
913 1339 1173 1420 siquidtim
1186 1350 1524 1420 peccatores,
1545 1351 1680 1420 quos
1705 1339 1867 1417 arctis

236 1407 256 1474 Al
288 1407 516 1477 vinculis
544 1407 1059 1485 diabolus'angebat.
1095 1416 1159 1468 Et
1186 1407 1286 1467 hoc
1316 1413 1369 1463 in
1402 1407 1712 1485 mnneribus,
1738 1407 1861 1474 quia

290 1494 501 1563 seipsos
523 1491 748 1563 Domino
768 1478 1017 1563 oll'ernnt.
1051 1484 1258 1563 Vultum
1281 1493 1423 1535 tuum
1439 1478 1866 1563 deprecnbuntur.

289 1564 346 1619 Id
378 1551 476 1618 ἐει
526 1562 717 1631 devote
765 1561 1117 1631 precabuntur
1148 1555 1426 1631 Deum,nut
1463 1551 1553 1603 det
1582 1551 1679 1631 eis
1714 1562 1868 1631 posse

289 1633 575 1704 pervenire
597 1630 661 1684 ad
690 1620 832 1704 tuam
862 1628 1315 1704 conforrnitatem.
1343 1622 1531 1675 Omnes
1558 1620 1735 1704 diuites
1764 1620 1870 1700 ple-

272 1691 391 1775 bis,
436 1703 488 1757 id
530 1711 640 1775 est,
683 1698 975 1775 omnimodi
1006 1697 1226 1775 divites,
1274 1695 1387 1747 sive
1406 1691 1707 1775 “consules,
1747 1691 1869 1775 sive

292 1761 479 1838 duces,
509 1761 817 1840 sive-rcges,
848 1770 965 1823 sive
1006 1772 1371 1840 imperatores.
1406 1763 1477 1840 De
1509 1761 1701 1840 talibus
1729 1761 1867 1840 divi-

291 1846 437 1923 Litws
465 1832 781 1923 ἐπίβείρυιιῖιῐι
827 1832 1284 1923 suasimus!
1317 1832 1865 1923 ἱῗεξεξιέιε-ιεῖίῖεὶπὶξέές
1899 1865 1946 1923 Β

291 1915 430 1970 Tim.
460 1916 572 1984 6.):
600 1903 834 1978 Przecipe
857 1912 1107 1984 divitibus
1138 1906 1292 1975 hujus
1313 1904 1477 1984 sectili
1506 1919 1609 1956 non
1638 1903 1867 1984 superbe

292 2000 488 2056 sapere
508 1973 532 2047 ,’
566 1999 664 2039 nec
694 1973 932 2056 sperare
973 1983 1023 2033 in
1076 1973 1278 2056 incerto
1319 1975 1619 2056 divitiarum
1645 1990 1659 2025 :
1681 1974 1782 2056 sed
1811 1973 1864 2056 in

293 2043 409 2111 Deo
439 2043 578 2118 vivo,
620 2054 707 2121 qui
745 2043 967 2120 praestat
1013 2049 1165 2105 nobis
1208 2046 1393 2121 omnia
1425 2043 1760 2121 abundanter
1800 2044 1865 2121 ad

296 2114 603 2181 fruendum.
639 2114 838 2177 Divites
864 2122 971 2176 sint
1012 2122 1067 2175 in
1098 2118 1350 2186 operibus
1378 2115 1535 2170 bouis
1560 2133 1575 2186 ς
1599 2114 1751 2169 fat-ile
1777 2115 1868 2168 tri-

297 2199 497 2262 buant,
556 2195 913 2250 tliesaurizent
968 2192 1069 2246 sibi
1115 2183 1513 2262 fundamentum
1564 2183 1771 2262 l_)_onnm_
1811 2186 1864 2239 in

293 2255 556 2322 futurum.
607 2265 892 2333 Postquam
945 2261 1181 2333 ostendit
1239 2258 1525 2333 dignitates
1573 2255 1864 2333 Ecclesiae,

296 2338 639 2392 commendat
659 2326 776 2390 eam
794 2348 912 2389 esse
928 2332 1248 2387 laudabilem
1271 2328 1564 2384 secundum
1586 2326 1864 2391 interiora,

295 2409 511 2465 dicens:

372 2480 461 2532 14.
506 2478 681 2532 Omnis
724 2474 889 2546 gloria
927 2490 1038 2546 ejus
1077 2473 1207 2546 ﬁliae
1245 2470 1376 2541 regis
1420 2469 1483 2546 ab
1521 2467 1680 2546 intus.
1732 2467 1867 2522 Hinc

296 2550 498 2606 Paulus
527 2550 631 2603 ait:
655 2538 832 2602 Gloria
864 2538 1044 2599 nostra
1076 2544 1140 2597 hil
1159 2558 1190 2597 c
1213 2538 1317 2604 est,
1344 2538 1708 2595 testimonium
1733 2553 1865 2592 con-

297 2621 539 2677 scientia:
580 2628 777 2672 nostrae
807 2616 882 2685 (2.
914 2615 1033 2670 Cor.
1065 2614 1167 2685 1.).
1218 2612 1399 2685 Fatuae
1432 2609 1663 2685 \_irgi_ttes_
1689 2610 1864 2685 oleum

298 2706 481 2746 secum
513 2704 616 2744 non
643 2680 941 2743 sumserunt
969 2684 1181 2756 (Matth.
1211 2681 1363 2756 23.),
1384 2680 1503 2756 quia
1531 2680 1752 2756 gloriam
1787 2681 1867 2733 in-

299 2771 382 2817 tra
412 2759 791 2816 conscientiam
834 2773 936 2811 non
980 2750 1305 2819 habuerunt,
1333 2752 1460 2805 dum
1490 2750 1626 2803 hanc
1664 2750 1732 2804 ab
1772 2766 1865 2805 ore

340 2832 663 2886 roximorum
711 2829 1054 2899 quiesieruut.
1088 2825 1470 2899 Et‘notandum
1509 2820 1649 2899 quod
1677 2835 1865 2875 omnes

340 2847 663 2886 roxtmorum
711 2847 1054 2899 qumsrerunt.
1088 2847 1153 2879 bl.
1184 2847 1470 2878 lltilalluum
1509 2847 1649 2887 quuu
1677 2847 1860 2875 uulnus

298 2847 595 2972 rampades,
628 2899 721 2954 sed
765 2914 869 2972 non
899 2912 1084 2952 omnes
1123 2896 1300 2972 oleum
1332 2893 1530 2972 habere
1573 2891 1860 2972 dicuntur:

295 2962 429 3042 quia
453 2962 743 3041 plerunque
788 2970 933 3042 bona
954 2982 1116 3042 opera
1156 2966 1209 3042 in
1251 2980 1310 3019 se
1336 2978 1454 3017 cum
1485 2962 1670 3042 electis
1701 2970 1756 3015 et
1780 2977 1866 3015 re-

298 3034 483 3113 probis
508 3034 815 3113 ostendunt,
845 3040 937 3094 sed
982 3034 1176 3113 soliad
1208 3049 1460 3104 sponsum
1501 3034 1716 3113 veniunt
1744 3048 1861 3113 curn

270 3102 438 3179 .oleo,
470 3113 560 3183 qui
608 3114 674 3167 de
720 3102 811 3164 his
843 3125 961 3179 qua:
1004 3108 1132 3183 foris
1177 3102 1420 3177 egerunt,
1453 3118 1555 3183 non
1590 3102 1738 3165 foris,
1768 3103 1860 3156 sed

294 3175 439 3239 intus
466 3175 685 3254 gloriam
708 3175 1007 3254 requirunt.
1034 3179 1148 3234 Non
1171 3175 1343 3232 solum
1364 3189 1493 3254 ergo
1516 3175 1653 3228 bona
1680 3188 1856 3254 agere,

1288 379 1355 436 IN
1388 372 1700 436 PSALMOS
1741 369 1926 427 LXXV
1966 365 2519 427 COMMENTARIUS.

3442 362 3545 422 826

1970 483 2198 551 puritate
2234 499 2347 537 sua:
2377 481 2751 551 conscientia.
2778 479 2843 533 Et
2886 479 2952 551 de
2993 477 3091 533 hac
3122 476 3544 551 deinde,_Adilu-

1967 547 2143 607 rentur
2166 553 2220 606 in
2250 552 2492 624 templum
2521 552 2674 624 regis,
2705 550 2757 603 id
2805 559 2885 604 est
2928 549 2981 603 iit
3012 562 3298 624 supernam
3327 547 3543 624 Jernsa-

1965 624 2090 677 lem.
2134 624 2192 677 In
2227 618 2477 692 templum
2509 618 2856 683 adducentur,
2887 621 3035 688 quasi
3086 618 3543 692 sacerdotesDei,

1965 694 2016 746 in
2050 688 2350 748 thalamum
2387 695 2536 763 quasi
2570 705 2781 761 sponsa:
2811 694 2972 758 regis,
3000 700 3053 743 et
3080 690 3281 763 sperni.
3332 688 3543 763 Velati-

1965 764 2229 819 ducentur
2255 767 2307 818 in
2332 761 2676 831 templum,id
2706 765 2887 826 est,ad
2919 763 3040 827 hoc,
3066 771 3122 815 ut
3150 761 3256 814 sint
3283 761 3539 827 templum

1966 836 2105 901 regis
2134 851 2146 886 :
2177 843 2232 886 ut
2260 847 2507 902 tanquam
2534 838 2583 887 in
2617 834 2815 899 templo
2839 833 3099 887 Dominus
3130 831 3333 886 habitet
3359 831 3410 884 in
3440 830 3540 885 eis.

1964 903 2123 958 Juxta
2165 908 2301 973 quod
2349 906 2543 957 Paulus
2571 906 2681 956 ait:
2708 905 2987 971 Templum
3022 904 3111 957 Dei
3159 913 3404 955 sanctum
3435 908 3539 973 est,

1968 976 2104 1038 quod
2137 971 2266 1027 esus
2293 992 2386 1028 vos
2412 976 2489 1045 (l.
2517 975 2637 1028 Cor.
2664 974 2715 1027 '5.
2741 974 2840 1044 6.).
2864 975 2921 1029 ln
2946 973 3147 1029 unitate
3171 982 3256 1027 est
3286 971 3540 1045 templum

1948 1046 2130 1111 regis.
2181 1043 2548 1113 Lrtpides’vivi
2589 1055 2715 1099 sunt
2762 1046 2946 1099 ﬁdeles
2996 1045 3108 1099 Dei.
3158 1045 3271 1098 Non
3312 1053 3395 1097 est
3441 1043 3542 1098 hoc

1968 1114 2223 1187 templum
2269 1116 2574 1187 ruinosam,
2623 1132 2728 1169 non
2782 1117 3084 1180 discissum,
3123 1114 3535 1187 nonidivisum.

1966 1183 2219 1238 Junetura
2267 1186 2500 1254 lapidum
2548 1187 2859 1251 viventium,
2885 1187 3082 1241 caritas
3111 1197 3214 1242 est.
3243 1186 3388 1239 Duce
3413 1200 3542 1252 ergo

1967 1256 2157 1325 gratia,
2189 1256 2518 1309 adducentur
2564 1256 2614 1308 in
2668 1260 2924 1327 templum
2974 1261 3135 1326 regis,
3178 1258 3230 1311 in
3280 1256 3539 1310 unitatem

1970 1327 2221 1396 perfectze
2262 1327 2501 1379 caritatis
2531 1341 2546 1378 :
2590 1327 2678 1380 ubi
2711 1329 2916 1396 possint
2946 1330 2995 1381 in
3025 1338 3282 1382 aeternum
3323 1327 3545 1395 laudare

1973 1394 2161 1450 Deum.
2198 1396 2397 1450 Deinde
2423 1394 2723 1465 alloquitur
2746 1398 3070 1463 Ecclesiam,
3102 1399 3319 1454 dicens:

2041 1466 2129 1521 Π.
2174 1466 2280 1520 Pro
2306 1468 2535 1538 pntribus
2568 1470 2667 1521 tuis
2694 1470 2800 1521 nati
2826 1478 2944 1522 sunt
2972 1469 3060 1522 tibi
3088 1470 3205 1538 ﬁlii.
3235 1470 3545 1526 Genuerunt

1964 1544 2025 1591 te
2050 1536 2315 1619 Apostoli.
2343 1536 2631 1619 Ipsimissi
2661 1548 2806 1601 sunt,
2834 1541 2938 1619 ipsi
2973 1536 3543 1619 predicaveruut,_i_psi

1970 1618 2095 1661 sunt
2136 1618 2335 1676 patres,
2367 1610 2467 1676 ipsi
2498 1619 2620 1663 sunt
2650 1612 2846 1678 recepti
2878 1612 2929 1663 in
2952 1611 3119 1679 gloria
3145 1625 3158 1669 :
3181 1621 3236 1667 et
3276 1612 3391 1664 loco
3422 1611 3547 1665 illo-

1973 1692 2091 1732 rum
2126 1679 2237 1732 nati
2264 1690 2385 1733 sunt
2429 1679 2522 1734 ﬁlii
2556 1696 2575 1734 :
2603 1682 2875 1736 constituti
2902 1690 3028 1734 sunt
3055 1681 3311 1750 episcopi.
3348 1681 3462 1736 Non
3495 1692 3547 1736 to

1971 1762 2101 1818 ergo
2131 1761 2285 1818 putes
2334 1751 2601 1805 desertam
2623 1793 2638 1815 ,
2667 1752 2790 1819 quia
2838 1768 2942 1806 non
2977 1752 3123 1806 vides
3155 1751 3395 1818 Paulum,
3424 1755 3544 1821 quia

1974 1835 2080 1874 non
2126 1820 2277 1875 vides
2305 1835 2398 1875 eos
2448 1838 2541 1888 per
2580 1837 2715 1889 quos
2746 1834 2867 1876 nata
2895 1838 2972 1875 es.
3022 1823 3095 1877 De
3125 1824 3272 1889 prole
3316 1832 3403 1876 tua
3444 1820 3545 1879 tibi

1972 1891 2147 1962 crevit
2178 1892 2483 1957 pateruitas.
2531 1892 2645 1945 Nati
2696 1902 2819 1945 sunt
2859 1893 2951 1946 ﬁlii
2983 1891 3076 1946 tibi
3107 1894 3172 1947 atl
3203 1908 3334 1962 opus
3373 1903 3544 1947 tuum.

1972 1961 2257 2032 Constitues
2286 1979 2392 2022 eos.
2420 1963 2470 2016 id
2491 1973 2593 2027 est,
2624 1963 2843 2017 stabiles
2875 1963 3037 2018 facies
3067 1964 3118 2017 in
3150 1961 3251 2017 ﬁde
3278 1973 3333 2018 et
3362 1978 3544 2032 opere.

1972 2031 2242 2101 Principes
2261 2033 2544 2101 magistros
2561 2042 2616 2087 et
2636 2035 2901 2088 doctores.
2923 2033 3093 2100 Super
3113 2050 3314 2088 omnem
3335 2031 3543 2087 terram.

1970 2102 2024 2155 id
2054 2112 2167 2169 est,
2200 2104 2488 2157 Ecelesiam
2522 2120 2613 2171 per
2643 2119 2830 2158 omnes
2876 2114 3053 2169 partes
3084 2114 3240 2159 terra:
3270 2104 3543 2159 diffusam.

1970 2173 2036 2226 Et
2059 2175 2180 2242 quia
2213 2176 2281 2227 ita
2326 2186 2409 2228 est
2428 2176 2669 2228 ordinata
2696 2176 2959 2238 Ecclesia,
2994 2182 3048 2227 et
3068 2174 3402 2240 conﬁrmata,
3424 2175 3542 2229 ideo

2044 2242 2129 2297 ts.
2174 2244 2371 2299 Memor
2396 2262 2483 2300 ero
2512 2247 2732 2298 nominis
2760 2247 2854 2311 tui,
2889 2245 3125 2299 Domine.
3162 2245 3214 2299 ld
3251 2255 3354 2311 est,
3386 2245 3544 2300 fama:

1970 2315 2235 2386 etgglorite
2268 2329 2371 2369 tua:
2417 2318 2727 2371 memoriam
2774 2332 2926 2386 agam
2956 2316 3008 2368 in
3034 2318 3174 2371 omni
3202 2317 3543 2384 generatione,

1969 2384 2156 2456 diffusa
2200 2388 2250 2440 in
2296 2388 2439 2456 omni
2491 2397 2627 2441 terra
2657 2405 2671 2442 :
2699 2394 2745 2439 et
2791 2384 2987 2441 deinde
3036 2388 3085 2440 in
3133 2388 3538 2456 generationem,

1969 2455 2362 2511 succedentem.
2389 2455 2669 2523 Pr0pterea
2691 2458 2850 2511 etiam
2873 2455 3086 2522 Populi,
3102 2455 3189 2526 qui
3213 2457 3375 2511 futuri
3396 2467 3540 2522 sunt,

1971 2526 2207 2581 videntes
2232 2538 2430 2581 tantum
2461 2528 2687 2595 gloriam
2720 2528 2972 2582 Ecclesiar
3003 2537 3126 2594 tuae,
3162 2528 3541 2597 conﬁtebuntur

1970 2597 2079 2659 tibi,
2114 2597 2164 2650 id
2194 2608 2297 2660 est,
2328 2600 2616 2651 laudabunt
2658 2607 2709 2651 te
2732 2642 2746 2666 ,
2778 2606 3028 2664 tanquam
3065 2606 3337 2652 auctorem
3368 2607 3422 2650 et
3448 2613 3543 2667 gu-

1969 2668 2329 2732 bernatorem,
2358 2669 2410 2721 in
2437 2679 2705 2731 aeternum,
2739 2683 2832 2737 per
2862 2678 3026 2722 totam
3058 2667 3195 2722 hanc
3225 2678 3543 2737 praesentem

1968 2739 2152 2791 vitam.
2194 2739 2307 2792 Non
2338 2739 2459 2804 quia
2491 2740 2608 2793 haec
2637 2741 2741 2793 vita
2770 2740 2840 2793 sit
2868 2747 3093 2803 aeterna,
3124 2740 3219 2793 sed
3250 2738 3540 2794 secundum

1968 2823 2155 2862 eorum
2199 2809 2548 2864 intentionem
2594 2818 2650 2863 et
2694 2811 3029 2880 devotionern
3060 2827 3073 2862 :
3102 2812 3223 2879 quia
3256 2811 3301 2863 si
3333 2825 3545 2880 semper

1967 2880 2226 2943 viverent,
2258 2881 2341 2934 hic
2369 2894 2583 2949 semper
2615 2880 2911 2934 laudarent.
2946 2879 3013 2933 Et
3049 2881 3103 2933 in
3141 2882 3388 2934 siccatum
3418 2879 3545 2934 sub-

1966 2954 2261 3019 secuttvum
2308 2951 2465 3017 hujus
2495 2950 2692 3004 steculi.
2730 2952 2775 3005 0
2800 2949 2983 3004 felices
3012 2951 3109 3017 illi,
3142 2951 3232 3019 qui
3262 2951 3545 3005 Dominum

1967 3018 2185 3075 laudare
2214 3022 2560 3075 merebuntur
2588 3022 2642 3074 in
2669 3022 2922 3075 sarculum
2957 3021 3165 3076 saeculi!

2358 3136 2650 3219 TITUL‘US
2688 3136 2933 3194 PSALMI
2976 3136 3139 3193 XLV.

292 3256 392 3309 sed
421 3240 602 3308 eadem
630 3268 749 3307 cum
769 3240 974 3305 cautela
1005 3264 1194 3318 magna
1215 3240 1485 3318 custodire
1507 3240 1856 3318 necesseest:
1889 3240 1934 3303 C
2030 3246 2073 3294 l.
2100 3247 2161 3318 I_n
2177 3246 2321 3311 ﬁnem
2341 3245 2460 3318 filiis
2486 3247 2638 3318 Chgre
2655 3263 2744 3318 pr_o
2766 3249 2959 3318 arcanis
2979 3248 3193 3318 psalmus
3214 3244 3388 3318 Dauid.
3412 3246 3546 3297 Psal~

295 3336 352 3378 ut
382 3325 471 3393 qui
501 3326 755 3395 gloriatur
777 3361 791 3381 .
826 3324 877 3375 in
919 3314 1152 3395 Domino
1182 3317 1439 3395 glorietur
1469 3317 1546 3395 (1..
1575 3314 1693 3370 Cor.
1723 3314 1859 3395 19.).

292 3397 361 3450 Et
389 3387 475 3449 illa
502 3387 609 3449 filia
639 3393 778 3461 regis
805 3403 905 3456 est,
931 3390 997 3445 In
1041 3392 1251 3457 ﬁmbriis
1292 3388 1459 3461 aureis
1489 3387 1881 3461 circumamicta

292 3466 639 3520 varietatibus.
675 3458 1030 3517 Varietatibus
1069 3462 1281 3528 quidem
1330 3458 1726 3513 circutnatnicta
1757 3468 1860 3528 est,

292 3541 416 3606 quia
444 3537 595 3599 ﬁdes,
619 3550 762 3603 spes,
786 3535 998 3606 caritas,
1027 3527 1324 3606 prudentia,
1343 3527 1863 3606 justitia,_fortitudo,

294 3599 666 3675 temperantia,
716 3620 832 3659 eam
866 3604 1101 3673 undique
1147 3604 1498 3675 circumdant.
1551 3599 1643 3675 the
1687 3608 1862 3653 autem

291 3671 516 3732 virtutes
543 3671 663 3731 cum
712 3676 937 3730 ﬁmbriis
981 3671 1157 3728 aureis
1202 3681 1327 3726 sunt
1358 3676 1409 3725 in
1443 3671 1703 3737 Ecclesia,
1732 3684 1864 3739 quo-

290 3749 434 3803 niam
466 3750 743 3817 sapientia,
767 3756 824 3801 et
848 3745 1091 3817 scientia,
1117 3754 1168 3798 et
1192 3743 1570 3797 miraculorum
1603 3742 1776 3810 fulgor
1797 3741 1864 3817 ab

288 3819 376 3873 his
425 3812 680 3887 pendent.
728 3818 972 3871 Fimbriae
999 3815 1063 3868 ad
1090 3825 1463 3887 ornamentum
1516 3823 1785 3887 ponuntur
1812 3812 1862 3887 in

287 3882 640 3943 vestimentis.
690 3888 849 3955 Quasi
899 3902 1025 3955 ergo
1070 3901 1133 3939 ex
1182 3884 1529 3939 varietatibus
1560 3882 1860 3937 vesrimenti

286 3960 513 4014 ﬁmbriae
533 3975 710 4013 aureae
738 3959 1048 4027 procedunt,
1071 3958 1283 4027 quando
1304 3971 1369 4009 ex
1393 3955 1676 4009 virtutibus
1710 3955 1864 4008 mira-

283 4031 402 4085 cula
433 4031 754 4084 clarescunt.

358 4099 447 4154 15.
489 4100 821 4154 Adducentur
843 4099 963 4171 regi
974 4098 1192 4167 virgines
1214 4106 1323 4171 post
1341 4112 1471 4150 eam.
1500 4095 1862 4171 Apostolicam

286 4179 343 4226 et
386 4172 708 4241 primitivum
761 4168 1067 4241 Ecclésiarn
1110 4169 1501 4241 prmcedentem
1534 4168 1712 4241 multa:
1742 4168 1863 4221 alia:

286 4237 722 4310 subsequuntur:
749 4242 988 4311 virgines,
1019 4239 1071 4292 id
1118 4246 1235 4311 est,
1268 4237 1461 4311 integri
1508 4246 1563 4291 et
1582 4238 1782 4311 _anima
1811 4246 1866 4293 et

287 4308 538 4381 corpore,
568 4308 887 4366 adducentur
916 4313 1043 4380 regi,
1076 4309 1141 4362 ad
1187 4309 1550 4381 serviendum.
1582 4308 1659 4381 Et
1679 4308 1731 4361 in
1764 4309 1865 4363 hoc

286 4394 460 4446 notat,
492 4382 632 4451 quod
676 4398 768 4450 per
797 4397 854 4437 se
897 4383 961 4434 ad
1010 4382 1154 4435 illam
1189 4380 1500 4447 dignitatem
1540 4380 1729 4433 venire
1770 4395 1860 4451 ne-

288 4450 527 4523 queunt,
579 4453 677 4506 nisi
740 4453 1067 4506 adducantur
1127 4450 1546 4523 praedicatione,
1591 4458 1646 4505 et
1699 4450 1862 4520 gratia

286 4520 596 4591 adiuvante.
666 4523 801 4577 Hinc
850 4526 964 4589 ipse
1014 4536 1240 4589 Sponsus
1295 4523 1390 4574 ait.
1428 4590 1431 4591 ν
1466 4520 1636 4574 Nemo
1690 4530 1877 4591 potest

286 4589 470 4648 venire
497 4594 563 4647 ad
593 4608 705 4659 me,
735 4595 833 4647 nisi
865 4593 1022 4647 Pater
1051 4605 1201 4646 meus
1243 4590 1464 4645 traxerit
1509 4606 1630 4645 eum
1659 4589 1857 4662 (Joan.

278 4662 386 4734 6.).
444 4664 542 4734 Hic
584 4663 641 4718 ﬁt
683 4664 960 4719 conversio
990 4663 1056 4734 ad
1108 4664 1279 4725 ipsum
1325 4676 1526 4734 regem,
1566 4677 1686 4716 cum
1735 4663 1863 4734 sub-

285 4732 453 4796 ditur,
481 4732 741 4788 Proxima:
782 4736 892 4799 ejus
945 4733 1222 4799 afferentur
1249 4734 1362 4787 tibi.
1408 4732 1521 4786 Non
1570 4734 1714 4787 enim
1755 4732 1863 4803 (Ea:

284 4805 624 4877 Augustino)
654 4820 791 4877 quae,
819 4803 1111 4877 afferentur
1147 4803 1336 4858 aliena:
1356 4815 1527 4877 sunt,
1562 4804 1723 4875 225
1766 4804 1859 4858 sed

285 4873 553 4945 proximae
579 4873 714 4945 ejus,
732 4876 798 4929 ad
823 4890 941 4929 eam
973 4875 1322 4944 pertinentes.
1356 4874 1458 4928 Per
1484 4873 1716 4943 virgines
1741 4889 1863 4943 pos-

286 4961 472 5002 sumus
501 4945 797 5015 intelligere
840 4945 955 4999 illas
991 4946 1218 5010 animas,
1255 4961 1371 5013 qua:
1396 4960 1610 5015 semper
1640 4946 1862 5012 integri-

283 5027 452 5071 tatem
500 5017 678 5071 carnis
724 5026 1043 5081 servantes,
1077 5015 1128 5068 in
1179 5016 1480 5085 virginitate
1526 5033 1621 5069 sua
1662 5017 1859 5070 cretesti

286 5101 488 5155 sponso
508 5088 838 5140 servierunt:
862 5095 916 5140 et
938 5086 1068 5154 ipsae
1094 5087 1146 5138 in
1181 5087 1351 5153 primo
1371 5087 1535 5154 gradu
1553 5097 1698 5142 sunt.
1728 5089 1863 5141 Sunt

284 5159 431 5222 aliae,
456 5157 503 5211 si
536 5173 642 5211 non
672 5159 924 5225 virgines,
951 5166 1126 5211 tamen
1150 5158 1507 5221 continentes,
1528 5174 1646 5227 qua:
1674 5174 1861 5225 quatu-

276 5232 367 5282 .vis
393 5232 446 5283 in
477 5228 667 5282 eodem
696 5227 858 5297 gradu
905 5242 1010 5280 non
1040 5228 1167 5291 sint,
1200 5236 1374 5281 tamen
1404 5237 1532 5281 sunt
1553 5230 1810 5297 proxima:
1844 5246 1860 5285 :

283 5302 409 5368 quia
468 5307 589 5367 post
642 5298 844 5365 lapsum
897 5298 1075 5368 carnis
1114 5298 1496 5352 continentiam
1545 5300 1864 5353 studuerunt

286 5367 505 5423 servare
552 5370 764 5422 mentis.
814 5368 956 5421 inter
996 5367 1090 5421 has
1139 5370 1410 5437 proximas
1454 5370 1860 5438 coniugatorum

285 5439 441 5503 ordo,
474 5441 563 5508 qui
588 5438 664 5491 ab
683 5438 856 5491 aliena
899 5440 1276 5506 conjunctione
1302 5454 1361 5492 se
1387 5440 1698 5505 custodivit,
1728 5456 1863 5495 con-

289 5511 512 5563 tinetur.
566 5508 658 5561 Haa
689 5523 839 5575 ergo,
884 5524 1003 5576 quze
1045 5521 1339 5578 sequuntur
1382 5512 1695 5577 Ecclesium,
1725 5520 1781 5566 et
1810 5513 1859 5567 in

288 5581 463 5651 primo
513 5588 779 5647 ponuntur
805 5578 971 5644 gradu
994 5622 1007 5646 ,
1042 5596 1159 5647 quae
1202 5583 1252 5634 in
1286 5580 1593 5651 virginitate
1621 5585 1863 5651 corporis

283 5660 339 5721 et
365 5649 562 5721 anima:
592 5657 951 5721 perseverant,
979 5658 1032 5701 et
1062 5652 1334 5717 proximae,
1368 5649 1419 5707 id
1449 5661 1552 5721 est,
1586 5649 1779 5719 viduas,
1809 5664 1866 5711 et

287 5719 339 5773 in
365 5718 710 5772 matrimonio
738 5720 1074 5788 continentes
1098 5737 1110 5772 :
1137 5736 1348 5788 omnes,

359 5788 781 5855 HLA/ferentur
826 5787 882 5863 in
922 5788 1097 5863 ltetitia
1147 5801 1196 5863 et
1222 5795 1558 5863 exultatione
1583 5836 1598 5860 ,
1648 5796 1772 5863 quia
1810 5795 1861 5849 in

285 5863 539 5927 praesenti
586 5873 796 5929 quoque
845 5857 1079 5915 Ecclesia
1112 5862 1266 5921 valde
1308 5865 1556 5922 laetantur
1583 5857 1769 5924 sancti
1794 5868 1863 5922 do

1890 4634 1942 4694 D

1968 3320 2095 3379 mne
2118 3311 2211 3379 iste
2250 3313 2532 3379 attribuitur
2556 3311 2665 3379 ﬁliis
2687 3312 2866 3379 Chore,
2894 3313 3062 3379 idest,
3087 3312 3411 3379 imitatorilius
3435 3322 3546 3359 cru-

1969 3369 2117 3442 ciﬁxi,
2137 3373 2382 3442 Apostolis
2402 3375 2595 3442 scilicet
2616 3369 2931 3442 invitantibus
2949 3372 3278 3442 futurqiilios
3295 3370 3472 3442 Chore,
3496 3380 3548 3423 ut

1968 3433 2017 3479 in
2036 3434 2187 3497 linem,
2200 3433 2425 3495 tendant,
2444 3435 2490 3483 id
2512 3442 2608 3494 est,
2636 3439 2684 3485 in
2703 3435 3055 3497 perfectionem
3082 3448 3095 3482 :
3116 3433 3207 3497 Qui
3233 3436 3363 3497 enim
3384 3444 3548 3497 perse-

1969 3496 2218 3543 veraverit
2242 3508 2396 3557 usque
2413 3494 2470 3546 in
2490 3497 2653 3555 tinem,
2679 3494 2754 3546 hic
2787 3498 2951 3559 saltus
2995 3498 3088 3546 erit
3122 3494 3313 3559 (Matth.
3339 3495 3465 3559 25.).
3488 3494 3548 3546 Et

1967 3561 2125 3621 agunt
2142 3569 2228 3617 pro
2244 3556 2431 3607 arcanis
2455 3560 2829 3608 manil‘estandis.
2871 3558 2925 3608 In
2958 3559 3048 3608 hoc
3070 3556 3249 3621 psalmo
3271 3556 3549 3621 manifesta-

1969 3623 2046 3665 tur
2071 3618 2307 3700 adventus
2330 3622 2527 3700 Christi,
2554 3624 2638 3682 qui
2671 3621 2872 3671 multum
2889 3618 3109 3700 occultus
3133 3628 3260 3682 erat,
3301 3619 3548 3700 226'“

1966 3690 2219 3753 c_0nversio
2242 3689 2582 3753 Apostolorum
2604 3706 2630 3741 a
2655 3693 2838 3741 Judaeis
2856 3692 2913 3741 ad
2938 3693 3141 3752 Gentes,
3169 3697 3222 3740 et
3246 3688 3446 3739 saleTto
3464 3688 3549 3737 Ju-

1969 3749 2033 3796 da
2049 3749 2545 3818 oruminnuvissimis
2569 3756 2886 3818 temporibus,
2920 3762 2972 3803 et
3000 3768 3089 3818 pax
3128 3749 3177 3818 in
3205 3752 3311 3814 ejus
3329 3760 3551 3818 tempore

1968 3814 2236 3862 nativitatis
2261 3816 2387 3864 inter
2411 3816 2569 3865 Deum
2595 3824 2645 3866 et
2671 3814 2937 3867 hominem.
2972 3814 3176 3866 Materia
3217 3823 3294 3863 est
3316 3817 3550 3862 adventus

1967 3872 2163 3940 Christi,
2188 3876 2252 3924 de
2275 3890 2372 3938 quo
2392 3887 2563 3927 cuncta
2596 3890 2790 3936 arcana,
2815 3892 2925 3940 qua:
2965 3881 3093 3926 dicta
3137 3884 3275 3940 sunt,
3296 3886 3549 3940 processe-

1968 3944 2099 4002 runt.
2132 3939 2192 4002 Ain
2239 3942 2391 3999 prima
2426 3948 2564 4002 parte
2609 3939 3057 4002 ostendit’omnem
3099 3951 3239 4000 spem
3266 3939 3312 4002 in
3339 3939 3548 4002 adventu

1966 3995 2163 4059 Christi,
2193 3995 2313 4048 etin
2333 3995 2533 4049 transitu
2558 4000 2897 4060 Apostolorum
2938 4002 2996 4049 ad
3031 3995 3238 4049 Gentes.
3267 3998 3316 4045 lu
3336 3997 3548 4060 secunda

2004 4070 2109 4108 arte
2132 4064 2347 4111 ostendit
2370 4059 2631 4111 Ecclesiam
2658 4076 2769 4111 esse
2787 4062 3032 4111 fundatam
3052 4064 3099 4109 in
3114 4059 3411 4115 Christo,cui
3431 4059 3549 4106 sub-

2004 4070 2109 4108 ιιι-ιε
2132 4070 2347 4111 ostendit
2371 4070 2631 4111 Ecclesiam
2658 4076 2769 4111 esse
2787 4070 3032 4111 {trudatam
3052 4070 3099 4109 tn
3114 4070 3411 4115 Utrtsto,cut
3431 4070 3547 4106 stt!)-

1960 4070 2197 4184 liciuutur
2222 4131 2399 4182 gentes
2422 4131 2475 4171 et
2498 4136 2668 4184 regna.
2692 4123 2745 4171 In
2766 4125 2912 4173 tertia
2946 4125 3173 4169 admonet
3196 4133 3283 4169 nos
3322 4119 3476 4184 Deus,
3496 4125 3547 4169 ut

1966 4181 2275 4245 attendamus
2294 4196 2443 4245 Opera
2470 4181 2608 4233 istius
2631 4183 2839 4232 Domini.
2870 4183 3085 4232 lnlenliu
3130 4190 3227 4245 e.~t,
3251 4190 3304 4245 ut
3324 4181 3549 4245 homines

1965 4255 2101 4303 spem
2122 4255 2223 4291 sua:
2242 4242 2546 4294 liberationis
2568 4248 2862 4293 constituant
2883 4247 2930 4293 in
2953 4245 3163 4292 adventu
3189 4243 3280 4291 Dei
3303 4254 3323 4303 :7
3344 4244 3420 4289 vel
3434 4253 3549 4303 icer-

1966 4302 2150 4366 tiﬁcare
2192 4317 2278 4354 n05
2300 4306 2363 4353 de
2388 4308 2492 4366 ipso
2520 4308 2751 4366 adventu,
2796 4316 2850 4355 et
2889 4308 2953 4354 de
2989 4304 3252 4353 salvatione
3299 4302 3548 4352 Gentium.

1966 4364 2200 4428 Pr0ponit
2222 4379 2278 4414 se
2297 4364 2534 4428 primitiva
2551 4364 2759 4416 Ecclesia
2778 4369 2824 4415 in
2848 4368 2938 4415 hoc
2958 4366 3140 4428 psalmo
3163 4366 3370 4428 posteris
3382 4375 3549 4428 exeni-

1966 4425 2098 4488 plurn
2121 4425 2387 4491 patientiae,
2417 4428 2668 4489 videlicet,
2698 4439 2750 4478 ut
2793 4443 2886 4478 non
2912 4425 3138 4491 deﬁciant
3158 4425 3248 4475 sub
3270 4425 3549 4475 tribulatio-

1965 4501 2079 4536 num
2098 4491 2333 4550 poudere,
2357 4490 2466 4539 eum
2487 4504 2575 4540 eos
2597 4494 2812 4552 audiant,
2832 4493 2918 4549 qui
2952 4490 3159 4539 salutem
3178 4491 3391 4539 omnium
3411 4498 3548 4550 qure-

1966 4552 2161 4610 rebaut,
2184 4556 2256 4601 tot.
2276 4561 2327 4601 et
2351 4561 2478 4602 tanta
2505 4552 2768 4614 pertulisse
2791 4555 3056 4615 patienter.

2461 4679 2814 4741 PSAI.MUS
2859 4678 3054 4739 XLV.

2035 4810 2091 4863 2.
2137 4808 2275 4865 Deus
2297 4822 2465 4866 noster
2489 4813 2745 4881 refugium
2766 4821 2813 4867 et
2839 4812 3018 4866 virtus.
3044 4811 3136 4866 Ille
3160 4810 3248 4880 qui
3277 4821 3380 4877 est,
3412 4810 3551 4869 Deus

1966 4883 2203 4953 omnium
2237 4892 2522 4951 potestate,
2550 4894 2732 4938 noster
2760 4894 2938 4938 autem
2969 4886 3238 4937 voluntate
3268 4890 3323 4936 et
3353 4884 3548 4953 gratia,

1966 4960 2051 5006 est
2080 4952 2233 5023 nobis
2259 4955 2538 5023 refugiunt,
2561 4954 2612 5007 id
2637 4964 2741 5019 est,
2766 4963 2818 5008 ct
2845 4954 3123 5009 securitas.
3152 4954 3214 5008 Et
3241 4952 3373 5023 quia
3387 4954 3548 5023 multa

1967 5032 2091 5075 sunt
2121 5022 2343 5092 refugis,
2378 5022 2497 5094 quae
2529 5040 2633 5079 non
2679 5035 2804 5079 sunt
2830 5034 2942 5079 tuta
2966 5043 2980 5079 :
3006 5025 3126 5078 ideo
3156 5022 3447 5094 subjungit,
3481 5022 3564 5078 Et

1967 5094 2148 5165 uirtus.
2176 5096 2491 5159 virtuosnrn,
2527 5096 2935 5164 inexpugnabile
2960 5097 3242 5165 refugium.
3275 5097 3409 5150 Sunt
3439 5094 3547 5165 (Ex

1968 5163 2289 5237 Augustino)
2320 5166 2562 5235 qumdam
2595 5163 2818 5237 refugis,
2851 5166 2939 5221 ubi
2972 5163 3190 5222 non—est
3221 5165 3411 5230 virtus,
3443 5163 3549 5237 quo

1968 5236 2194 5303 quisque
2222 5233 2347 5290 eum
2372 5238 2583 5307 fugerit,
2614 5233 2783 5307 magis
2814 5238 3133 5307 inﬁrmatur,
3162 5250 3321 5307 quam
3353 5233 3550 5307 confli--

1969 5316 2164 5359 matur.
2194 5307 2324 5359 Cum
2354 5304 2488 5377 fugis
2512 5309 2683 5377 (verbi
2707 5304 2907 5377 gratia)
2934 5309 2998 5361 ad
3028 5304 3255 5375 aliquem
3285 5304 3548 5377 inseculo

1970 5390 2243 5443 magnum,
2281 5390 2335 5430 ut
2369 5373 2534 5432 facias
2580 5378 2670 5433 tibi
2707 5373 2971 5445 potentem
3003 5373 3253 5437 amicum,
3285 5373 3548 5442 refugium

1970 5447 2197 5501 videtur.
2252 5448 2417 5501 Tanta
2469 5456 2647 5502 tamen
2696 5448 2853 5516 hujus
2900 5448 3064 5500 seculi
3097 5447 3296 5498 incerta
3324 5452 3472 5508 sunt,
3494 5453 3551 5498 et

1972 5516 2045 5569 ita
2076 5516 2208 5568 mala
2243 5519 2533 5585 potentium
2578 5520 2817 5587 quotidie
2845 5519 3211 5587 crebrescunt,
3246 5524 3315 5587 ut
3330 5528 3461 5587 cum
3481 5527 3548 5568 an

1974 5588 2078 5656 tale
2120 5584 2382 5656 refugium
2426 5584 2756 5651 conlegeris,
2791 5588 2906 5653 plus
2952 5586 3021 5637 ibi
3065 5584 3254 5638 timere
3305 5584 3547 5656 incipias.

1972 5655 2139 5709 Antea
2169 5654 2310 5711 enim
2347 5674 2548 5712 caussae
2581 5667 2681 5709 tum
2707 5666 2909 5708 tantum
2943 5655 3165 5708 timebas
3190 5671 3204 5707 ε
3228 5668 3345 5706 cum
3378 5654 3441 5707 ad
3472 5663 3551 5707 ta-

1972 5725 2076 5780 lem
2103 5728 2382 5797 reingeris,
2413 5736 2467 5780 et
2492 5727 2557 5797 de
2589 5727 2680 5778 illo
2712 5726 2946 5797 timebis.
2979 5725 3125 5797 Μωιί
3159 5726 3299 5797 enim
3332 5740 3453 5797 cum
3483 5725 3549 5779 ad

1976 5797 2099 5850 talia
2140 5794 2338 5860 refugia
2380 5796 2745 5862 confugissent
2771 5836 2786 5858 ,
2813 5794 3129 5850 cadentibus
3159 5794 3285 5860 illis,
3316 5796 3380 5849 ad
3411 5809 3547 5864 quos

1974 5868 2340 5936 confugerunt,
2365 5876 2414 5922 et
2442 5864 2540 5936 ipsi
2570 5867 2777 5937 (ιιιωεὶιὶ
2813 5874 2957 5932 sunt,
2984 5881 3117 5936 quos
3148 5869 3303 5922 nemo
3332 5880 3543 5942 queror
