4098 6356
270 380 376 439 829

1272 381 1338 439 ΙΝ
1379 380 1692 439 PSALMOS
1730 379 1918 437 LXXV
1958 381 2527 442 COMMENTARIUS.

3432 392 3536 449 83‘)

265 495 609 576 concordiam
655 499 1000 576 habitantium
1025 539 1040 564 ,
1092 498 1175 576 vel
1204 507 1437 576 _propter
1488 497 1837 576 munitiopem
1869 499 1918 560 Α
1951 516 2116 576 usque
2145 502 2210 557 ad
2241 502 2975 576 consumniatipnem_s:eculi
3001 505 3213 575 (Matth.
3239 506 3382 575 28.).
3412 508 3531 576 Ipse

266 570 522 624 virtutum
551 610 566 632 .
615 568 700 623 vel
748 571 865 638 quia
914 570 1081 638 legem
1135 568 1290 622 habet
1324 567 1394 623 'et
1438 584 1637 635 regem.
1693 567 1836 622 lianc

262 643 532 696 intantum
554 641 785 693 hrtilicat
812 641 1049 704 spiritus,
1095 649 1149 693 ιιι
1178 642 1432 703 glorietur
1468 638 1706 691 etiamin
1744 639 1838 691 tri-

267 712 629 766 btt'ationibus
674 709 886 781 (Ephes.
938 710 1043 777 4.).
1085 710 1286 765 Dicitur
1338 720 1389 762 et
1441 708 1837 781 tabernaculum

233 814 236 818 ~
268 782 446 852 (Rom.
477 781 578 850 5.),
620 779 824 849 quia‘in
854 797 913 833 ea
962 781 1186 835 Domino
1218 781 1495 852 militatur.
1530 779 1718 852 Ethoc
1762 787 1840 852 ta-

270 849 614 907 bernaculum
663 853 1022 907 sanctiﬁcatur
1048 868 1140 920 per
1167 850 1433 920 spiritum.
1463 849 1647 902 Omnis
1671 851 1839 920 enim

267 925 355 991 qui
378 924 537 976 habet
561 922 812 989 Spiritum
840 919 1100 989 sanctum,
1125 919 1337 975 sanctus
1364 930 1445 974 est
1470 935 1483 973 :
1518 928 1569 991 et
1592 919 1680 987 qui
1703 919 1842 991 hunc

266 988 373 1047 rion
410 995 587 1056 habet,
608 988 835 1046 sanctus
864 1008 982 1047 csse
1012 988 1113 1045 non
1144 994 1305 1046 valet.
1330 992 1439 1045 Νοί
1473 990 1643 1042 solum
1675 988 1843 1042 Iustiti-

266 1073 355 1117 c:it
375 1072 429 1116 et
452 1064 750 1117 sanctilicat
781 1064 919 1116 Deus
945 1064 1233 1116 Ecclesium
1265 1079 1436 1125 suam,
1468 1061 1559 1111 sed
1589 1059 1747 1113 etiam
1791 1061 1841 1112 in

266 1134 447 1188 medio
471 1134 586 1198 eius
617 1144 714 1194 est,
750 1147 817 1187 ne
841 1145 1112 1186 moveatur
1143 1135 1208 1187 de
1235 1134 1375 1187 ιιοιιο
1421 1130 1582 1202 229
1619 1129 1683 1182 ad
1728 1144 1834 1183 ma-

268 1204 397 1257 lum.
431 1204 497 1257 Et
530 1206 629 1257 hoc
658 1212 739 1258 est
766 1204 903 1269 quod
929 1205 1137 1257 subdit:

339 1276 392 1329 6.
430 1274 569 1328 Βενε
599 1276 649 1327 in
678 1268 846 1327 medio
872 1280 980 1345 ejus
1008 1291 1105 1325 non
1136 1272 1541 1345 commovebitur.
1573 1271 1713 1341 Ergo
1737 1268 1847 1331 (Ea:

269 1345 582 1413 Augustino)
638 1344 1039 1399 ambitnr'loco
1091 1345 1259 1397 Deos?
1306 1344 1369 1394 Et
1423 1344 1523 1394 lata
1572 1352 1694 1393 sunt
1725 1355 1845 1407 qua!

265 1416 621 1479 circumdant,
656 1418 707 1469 in
757 1428 979 1484 angusto
1010 1419 1200 1483 estqui
1243 1415 1621 1467 (ircnmdatur.
1656 1414 1842 1484 Absit:

268 1486 402 1561 nihil
433 1486 541 1561 tale
584 1482 845 1557 cogitetis
870 1486 941 1561 dc
973 1482 1219 1561 Deo,_nui
1271 1485 1416 1561 nul_|o
1436 1484 1655 1561 capitur
1686 1482 1806 1561 Ιοςο
1833 1498 1845 1561 ξ

264 1558 352 1611 cui
392 1556 550 1611 sedes
578 1552 678 1609 est'
705 1558 1026 1611 conspicatia
1074 1558 1300 1624 piorum.
1340 1556 1403 1607 Et
1435 1552 1523 1607 ita
1555 1554 1710 1607 sedes
1738 1552 1847 1624 Dei

264 1637 349 1682 est
396 1629 449 1682 in
494 1628 742 1681 cordibus
787 1623 1082 1693 hominum,
1130 1640 1186 1680 ut
1231 1627 1274 1678 si
1325 1626 1482 1677 homo
1517 1623 1773 1678 ceciderit
1820 1637 1847 1673 a

268 1700 399 1761 Deo,
427 1698 567 1751 Deus
593 1700 645 1749 in
677 1714 735 1751 se
765 1708 978 1752 maneat
1003 1717 1014 1750 :
1050 1712 1151 1749 non
1185 1698 1332 1766 quasi
1364 1696 1535 1761 cadat,
1561 1710 1664 1766 non
1699 1697 1849 1766 inve-

244 1769 466 1822 niendo
496 1769 579 1821 ubi
608 1768 699 1821 sit.
743 1770 902 1835 Magis
925 1771 1063 1821 enim
1086 1779 1135 1821 te
1157 1765 1416 1829 sublevat,
1449 1775 1503 1818 ut
1535 1770 1584 1819 in
1611 1765 1701 1820 illo
1750 1765 1848 1826 sis,

269 1839 524 1905 aquando
555 1839 851 1893 incumbit:
883 1849 939 1892 ut
964 1840 1004 1891 si
1038 1854 1096 1891 se
1126 1839 1456 1901 subduxerit,
1488 1838 1645 1890 cadas
1671 1847 1744 1890 ιιι.
1769 1835 1847 1888 Tit

1949 570 2193 625 Dominus
2216 574 2478 638 virtutum,
2505 582 2557 628 ct
2581 573 2721 628 Deus
2746 573 2928 640 Iacob,
2956 570 3069 643 ipse
3097 576 3186 630 dat
3212 570 3532 632 virttitcs‘eis

1945 645 2030 709 qui
2064 644 2412 709 spiritualiter
2435 656 2561 698 sunt
2589 644 2773 711 Jacob,
2809 648 2967 710 idest,
3000 647 3086 714 qui
3126 648 3389 702 luctantur
3406 662 3524 701 cum

1944 727 2126 779 carne,
2180 724 2233 766 et
2261 714 2350 780 qui
2394 715 2519 768 vitia
2552 717 2913 783 supplantant.
2966 717 3133 772 Jacob
3162 720 3303 772 enim
3335 719 3533 773 dicitur

1946 784 2328 850 supplantator.
2366 783 2431 837 Et
2458 788 2578 851 quia
2626 788 2954 843 admirabilis
2982 800 3035 840 et
3062 788 3292 841 salubris
3325 803 3403 841 εει
3432 789 3529 844 ista

1949 854 2139 923 gratia,
2165 869 2350 923 omnes
2384 854 2655 909 iuvitando
2682 868 2733 911 et
2761 858 3098 912 admonendo
3127 859 3397 923 subiungit
3424 877 3436 911 :
3486 916 3491 922 ,

2017 921 2069 975 9.
2135 922 2341 1001 genite,
2379 937 2424 977 et
2469 928 2649 991 videte,
2698 928 2855 994 idest,
2895 930 3117 985 credite.
3151 921 3533 1001 et—inlelligite

1948 1007 2104 1071 operti
2139 993 2360 1071 ηέιιιιξηί2
2386 1009 2783 1071 qunoperatus
2808 993 2886 1054 est
2919 1012 3134 1067 propter
3157 1016 3272 1055 nos.
3309 993 3530 1064 Eatn'us,

1950 1065 2115 1138 i_nqnit
2165 1065 2418 1138 Ecclesia,
2470 1067 2849 1122 obliviscamur
2902 1065 2963 1124 ea
3008 1065 3128 1138 (λικε
3188 1081 3330 1123 retro
3385 1083 3530 1124 sunt.

1948 1131 2307 1203 Transeamus
2340 1136 2406 1187 de
2436 1139 2661 1189 terrenis
2686 1139 2750 1192 ad
2775 1131 3067 1203 spiritualia
3099 1156 3110 1197 :
3143 1152 3196 1195 ct
3224 1143 3392 1195 oculis
3413 1155 3533 1194 cor-

1948 1201 2028 1276 dis
2061 1204 2332 1276 videamus
2362 1222 2476 1276 qua:
2500 1212 2661 1271 posuit
2694 1201 2948 1276 prodigia,
2999 1212 3155 1274 idest,
3208 1213 3256 1264 in
3300 1213 3531 1266 sianum.

1954 1272 2379 1351 Prodigiaenitu
2416 1272 2769 1343 ιιίειιιιιιιι-,Ὶιι
2803 1272 2994 1347 quibus
3033 1272 3173 1334 aliud
3206 1282 3537 1351 signilicztlur

1951 1359 2106 1422 qutun
2146 1345 2389 1422 \iili-_t_ur_:
2439 1363 2593 1416 super
2638 1345 2844 1416 (erraui,
2890 1352 3046 1417 idest,
3079 1345 3531 1422 supcr'tcrrenos.

1952 1415 2079 1479 Quae
2112 1426 2234 1468 sunt
2260 1416 2377 1468 illa?

2026 1484 2588 1565 10.-A_nf_ereus‘bella
2633 1506 2789 1565 usque
2829 1493 2896 1565 ad
2939 1494 3094 1560 finem
3134 1502 3313 1565 terrae.
3347 1493 3535 1547 Pacvm

1953 1556 2250 1628 euimgfecit
2271 1560 2406 1611 inter
2428 1559 2613 1621 Deum,
2643 1571 2696 1615 et
2726 1556 2998 1616 hominem
3030 1582 3043 1616 :
3075 1574 3129 1617 et
3158 1564 3535 1628 idololatriam,

1953 1634 2005 1702 et
2037 1626 2238 1702 cubum
2263 1631 2484 1702 _veteris
2536 1631 2667 1702 legis
2703 1633 2944 1702 abstulit,
2980 1650 3072 1700 per
3115 1650 3230 1701 QUI!
3261 1626 3539 1688 discordaQ

1955 1695 2077 1775 bant
2108 1695 2280 1775 induti
2316 1695 2616 1775 etGentes;
2649 1712 2703 1756 et
2748 1701 2872 1775 (ecit
2904 1695 3185 1772 utrumque
3211 1720 3374 1758 unum
3416 1704 3536 1775 (Co-

1955 1766 2082 1840 loss.
2113 1771 2212 1836 1.).
2245 1770 2308 1822 Et
2337 1770 2423 1822 illa
2457 1787 2554 1840 pax
2590 1774 2679 1827 Dei
2713 1772 2778 1826 ad
2810 1778 3051 1826 homines
3077 1766 3178 1826 ιιόιι
3215 1774 3313 1826 l'uit
3342 1776 3391 1826 in
3423 1766 3535 1828 ‘una

1954 1838 2064 1890 Sola
2096 1850 2255 1903 terra,
2289 1842 2381 1895 sed
2415 1838 2583 1909 usque
2614 1844 2677 1896 ad
2735 1843 2867 1896 lines
2913 1856 3090 1898 terrae.
3147 1848 3187 1898 A
3233 1845 3361 1897 solis
3398 1848 3538 1897 enim

266 1904 387 1964 tersi
415 1909 755 1970 subduxeris,
788 1926 891 1963 non
917 1910 1071 1963 cadet
1096 1909 1206 1963 ille.
1239 1908 1375 1975 Quid
1407 1925 1534 1978 ergo
1560 1918 1665 1974 εει,
1708 1907 1844 1961 Deus
1882 1904 1922 1961 Β
1951 1916 2069 1978 ortu
2124 1926 2289 1977 usque
2343 1914 2408 1965 ad
2467 1904 2713 1967 occasum
2772 1913 3039 1970 laudabile
3084 1930 3278 1969 nomen
3333 1917 3537 1969 Domini

264 1982 319 2051 in
340 1982 505 2033 medio
535 1982 687 2049 ejus?
716 1980 826 2034 Hoc
867 1978 1128 2051 signiﬁcat
1157 1980 1295 2049 quod
1344 1994 1527 2046 :rquus
1557 1988 1640 2032 est
1666 1978 1843 2051 omni-

250 2049 367 2105 bus
400 2052 556 2115 Deus,
590 2060 644 2104 ει
692 2049 972 2118 permutant
1006 2068 1108 2103 non
1150 2051 1360 2115 accipit.
1395 2050 1670 2115 Quomodo
1701 2050 1841 2102 enim

267 2121 399 2175 illud
430 2123 569 2190 quod
599 2120 651 2173 in
679 2122 854 2174 medio
885 2132 987 2185 est,
1024 2122 1167 2188 paria
1192 2121 1348 2173 habet
1378 2121 1543 2188 spatia
1567 2121 1630 2172 ad
1661 2135 1845 2174 omnes

266 2192 440 2247 lines:
470 2194 539 2245 ita
570 2192 709 2247 Deus
740 2193 789 2245 in
822 2191 997 2246 medio
1025 2207 1143 2245 esse
1172 2192 1384 2251 dicitur,
1415 2191 1691 2259 aequaliter
1730 2206 1847 2245 om-

264 2261 423 2316 nibus
456 2265 764 2318 consulens.
795 2262 850 2316 ln
894 2263 1069 2317 medio
1100 2271 1200 2328 est,
1254 2262 1410 2322 idest,
1450 2261 1499 2314 lu
1534 2262 1799 2315 communi
1828 2279 1840 2313 :

264 2336 389 2401 quia
439 2334 685 2387 omnibus
736 2334 1008 2402 :rqnaliter
1056 2334 1359 2402 propositus
1402 2342 1505 2385 est.
1559 2331 1654 2386 Vel
1701 2333 1841 2396 ideo,

264 2403 387 2470 quia
419 2412 501 2457 est
546 2404 815 2469 columna,
867 2420 983 2474 quzc
1015 2413 1279 2458 sustentat
1308 2418 1494 2456 omnes
1526 2413 1703 2469 partes
1744 2403 1843 2455 do-

263 2489 405 2528 mus.
441 2475 501 2527 Et
534 2490 636 2527 non
668 2476 836 2527 solum
882 2484 1147 2529 sustentat
1191 2490 1259 2527 ne
1286 2483 1521 2536 corruat,
1554 2474 1646 2526 scd
1683 2474 1841 2527 etiam

263 2545 542 2616 Adjuvabit
567 2560 675 2598 eam
698 2545 832 2598 Deus
855 2546 918 2598 ad
941 2547 1075 2599 bene
1097 2544 1424 2616 operandam
1449 2561 1461 2596 :
1485 2560 1655 2607 mane,
1685 2545 1843 2607 idest.

263 2614 318 2669 in
343 2614 624 2684 'print-ipio
654 2616 1038 2685 conversionis,
1071 2615 1317 2677 diluculo,
1371 2616 1470 2668 hoc
1498 2624 1600 2677 est,
1644 2616 1841 2668 illumi-

264 2689 482 2741 natione
514 2685 742 2744 Spiritus
788 2687 981 2741 sancti.
1038 2686 1188 2739 Mane
1236 2686 1427 2738 dicitur
1482 2686 1691 2751 proprie
1723 2697 1843 2741 ante

264 2756 466 2811 lucem.
526 2757 818 2811 Diluculnm
869 2767 972 2819 est,
1021 2757 1233 2825 quando
1287 2756 1459 2822 primo
1505 2766 1675 2808 oritur
1705 2757 1839 2811 dies.

260 2826 488 2893 Quando
518 2842 611 2896 pro
641 2828 871 2897 peccatis
917 2843 1034 2895 qua:
1080 2829 1326 2889 iecimus,
1374 2827 1436 2879 ad
1479 2828 1840 2891 pmnitvntiam

260 2900 377 2952 sive
406 2898 471 2951 ad
503 2900 910 2953 conversionem
944 2912 1293 2966 properamus
1340 2911 1353 2949 :
1388 2897 1588 2950 relictis
1613 2897 1843 2951 tem-bris

262 2968 332 3021 ad
381 2970 552 3023 lucem
598 2970 1012 3038 propinquamus
1056 2986 1068 3021 :
1105 2968 1204 3021 hoc
1245 2976 1326 3038 cst
1372 2984 1528 3020 mane
1579 2976 1839 3022 nostrum.

262 3038 371 3095 Sed
405 3051 524 3107 post
554 3037 730 3105 mane,
762 3043 817 3092 ιιι
838 3039 1128 3093 diluculum
1156 3053 1171 3091 :
1202 3037 1321 3108 quia
1358 3054 1449 3101 per
1481 3040 1686 3092 initium
1715 3055 1843 3091 con-

242 3112 532 3166 versionis
557 3111 769 3165 venitur
799 3111 864 3163 ad
897 3108 1151 3179 originem
1179 3119 1235 3163 et
1264 3109 1441 3163 lumen
1477 3111 1707 3161 virtutis.
1736 3109 1839 3163 Sed

260 3180 391 3248 quia
422 3182 523 3236 hoc
549 3196 654 3236 non
697 3180 754 3233 lit
794 3180 999 3235 viribus
1040 3181 1258 3241 llOSll'lS,
1300 3179 1392 3233 sed
1426 3179 1605 3234 divino
1635 3179 1843 3248 adjuto-

265 3251 397 3317 rio,
456 3262 604 3307 recte
674 3266 813 3305 nunc
869 3250 1068 3305 dicitur
1121 3267 1135 3303 :
1209 3249 1483 3320 Adjuvabit
1533 3266 1645 3304 eam
1704 3249 1843 3304 Deus

260 3337 415 3376 mne
463 3322 709 3376 diluculo.
767 3321 832 3375 Et
884 3335 988 3375 non
1045 3321 1217 3376 solum
1262 3320 1497 3375 Ecclesia
1549 3321 1698 3375 lirma
1739 3330 1841 3387 est,

262 3393 388 3462 quia
405 3392 547 3447 Deus
574 3394 625 3446 in
657 3393 835 3447 medio
853 3392 971 3461 ejus
998 3402 1079 3447 est
1101 3412 1112 3443 :
1135 3391 1227 3445 sed
1253 3407 1348 3460 per
1364 3392 1479 3462 ejus
1511 3392 1842 3455 praedicatio-

262 3461 389 3518 nem
421 3463 781 3518 veneruntalii
800 3462 866 3516 ad
896 3464 1325 3517 convi-rsionem.
1344 3461 1493 3517 Unde
1505 3464 1842 3517 etsnbilitur:

338 3534 393 3588 7.
422 3534 746 3588 Conturbnta:
781 3545 899 3587 sum
942 3540 1132 3601 gentes.
1163 3532 1304 3585 Bona
1337 3533 1742 3588 canturbatione
1780 3536 1844 3588 ad

264 3604 661 3675 panitentiam,
691 3613 737 3657 et
758 3603 1005 3675 inclinata
1026 3614 1142 3658 sunt
1172 3620 1349 3672 regna.
1382 3603 1448 3657 Et
1481 3605 1745 3669 principes
1761 3606 1845 3660 vel

260 3674 516 3744 regiones
557 3675 843 3729 liumiliati.
914 3674 1073 3729 .lusta
1125 3675 1265 3744 quod
1326 3676 1581 3738 scriptum
1626 3686 1747 3730 est:
1782 3677 1845 3730 Et

263 3746 566 3800 adorabunt
591 3762 712 3801 eum
742 3760 927 3800 omnes
960 3760 1132 3812 reges,
1184 3759 1370 3799 omnes
1398 3755 1584 3814 gentes
1611 3748 1846 3801 servient

260 3816 312 3872 ei
345 3816 517 3888 (Psal.
547 3817 683 3886 71.).
718 3816 779 3869 Et
810 3820 949 3870 unde
980 3816 1079 3871 hoc
1109 3815 1372 3888 contigit?
1401 3820 1640 3885 sequitur
1668 3828 1722 3872 et
1766 3818 1846 3872 ἀ.-

263 3886 379 3943 εἰιξ
414 3887 566 3941 Dedit
595 3903 783 3954 t'oeem,
807 3888 963 3951 idest,
990 3886 1423 3957 praedicationem
1451 3903 1617 3951 suam,
1642 3900 1687 3942 et
1710 3900 1845 3943 mota

264 3967 506 4029 estterra
533 4002 548 4025 ,
582 3959 739 4019 idest,
774 3960 969 4029 terreni
1013 3958 1555 4029 adconversionem.
1602 3959 1724 4014 Hmc
1765 3971 1846 4014 est

263 4027 358 4083 illa
386 4044 491 4084 vos
517 4030 584 4084 de
613 4044 714 4099 qua
745 4029 882 4082 idem
915 4027 1197 4082 Psalmista
1227 4028 1352 4081 alibi
1384 4031 1549 4082 dicit:
1586 4029 1696 4084 Vox
1744 4030 1846 4083 Do-

263 4100 397 4172 mini
432 4101 485 4172 in
516 4101 749 4154 virtute:
780 4114 882 4172 vos
918 4099 1126 4172 Domini
1158 4100 1206 4152 in
1239 4100 1637 4172 magniﬁcentia
1670 4099 1843 4172 (Psal.

259 4167 401 4241 28.).
433 4169 586 4225 lianc
614 4185 799 4225 vocem
836 4168 984 4241 dedit
1012 4184 1107 4241 per
1133 4171 1427 4241 apostolos,
1477 4178 1554 4241 ειΔ
1582 4167 1725 4225 mota
1766 4180 1848 4223 cst

263 4237 409 4295 terra
442 4241 510 4296 de
540 4241 856 4295 inﬁdelitate
883 4238 949 4293 ad
995 4237 1174 4304 tidem,
1208 4237 1276 4292 de
1320 4240 1465 4294 vitiis
1492 4238 1557 4293 ad
1600 4242 1842 4307 virtutes,

264 4310 332 4364 de
356 4311 571 4366 diabolo
596 4313 661 4365 ad
692 4311 883 4366 Deum.
900 4309 1032 4376 Quis
1055 4320 1137 4381 est
1165 4309 1255 4381 qui
1281 4307 1429 4381 dedit
1451 4323 1635 4365 vocem
1658 4314 1845 4381 suam?

265 4380 458 4438 Dicant
487 4383 753 4453 Apostoli,
785 4381 927 4436 dii-at
972 4380 1232 4447 Ecclesia,
1262 4379 1405 4435 dicat
1434 4382 1658 4453 populus
1688 4379 1843 4437 innu-

263 4461 416 4508 vatus
445 4471 460 4507 2

331 4525 388 4580 8.
414 4523 665 4578 Dominus
688 4524 931 4578 virtutum
946 4522 1205 4575 nobiseum
1220 4536 1240 4576 :
1255 4531 1514 4591 susceptor
1527 4533 1694 4577 noster
1710 4522 1845 4578 Deus

262 4594 446 4650 Iacob.
480 4596 608 4663 Quis
638 4610 742 4648 non
774 4604 1019 4649 movetur
1063 4594 1162 4646 hac
1191 4594 1356 4648 vocet
1403 4593 1534 4661 Quis
1563 4608 1667 4648 non
1709 4608 1841 4647 con-

1952 1976 2318 2046 (Psal.1'21.).
2368 1983 2557 2035 Aufert
2597 1988 2757 2038 etiam
2806 1983 2858 2037 in
2902 1987 3055 2039 nobis
3088 1987 3338 2038 lloutintts
3374 1985 3533 2049 bella,

1949 2051 2161 2122 quando
2180 2052 2439 2120 extinguit
2464 2055 2813 2122 repugnantia
2839 2056 2979 2108 vitia.
3010 2056 3158 2110 Unde
3181 2067 3232 2109 et
3250 2055 3492 2109 subditur
3521 2073 3533 2107 :

1949 2121 2135 2194 Arcum
2174 2134 2418 2194 conteret,
2442 2134 2487 2176 et
2511 2121 2793 2194 confringet
2840 2143 3008 2193 arma,
3040 2138 3087 2179 et
3113 2138 3256 2179 scuta
3282 2124 3538 2180 comburet

1946 2190 2072 2259 igni.
2104 2193 2299 2246 Arcum
2324 2193 2439 2267 (Ea:
2476 2190 2805 2267 Augustino),
2840 2190 3008 2263 arma,
3040 2208 3207 2261 scuta,
3246 2199 3401 2265 ignis.
3434 2204 3534 2249 Ar-

1948 2276 2061 2325 cus,
2116 2272 2197 2316 est
2238 2264 2465 2317 insidiae.
2519 2264 2699 2331 Arma,
2755 2264 2961 2335 publica
3008 2264 3339 2333 impugnatio
3368 2285 3383 2322 :
3414 2282 3536 2322 scu-

1952 2340 2083 2406 tum,
2139 2349 2272 2385 vana
2324 2339 2721 2404 praesumtionis
2770 2340 3050 2404 protectio.
3100 2340 3240 2406 Ignis
3274 2354 3379 2406 quo
3437 2340 3533 2390 ista

1946 2404 2368 2478 comburuntur,
2398 2416 2481 2460 est
2508 2408 2595 2461 ille
2635 2409 2701 2460 de
2731 2423 2836 2473 quo
2884 2404 3145 2463 Dominus
3179 2414 3247 2461 ait
3288 2404 3302 2461 ἐ
3358 2409 3535 2478 Ignem

1949 2475 2065 2549 veni
2100 2484 2325 2549 mittere
2360 2477 2413 2530 in
2444 2486 2638 2549 terram
2685 2478 2836 2549 (Luc.
2887 2480 3021 2547 12.).
3078 2488 3139 2531 ιιι
3170 2480 3235 2531 (ιε
3262 2475 3537 2546 ιιιιιιῚειιθ

1946 2543 2073 2617 dicit
2099 2545 2149 2617 in
2184 2550 2386 2617 psalmo
2417 2564 2429 2598 :
2466 2547 2578 2600 Non
2622 2543 2703 2601 e~i
2742 2549 2834 2617 qui
2876 2563 2936 2603 se
2965 2543 3320 2604 abscondata
3354 2543 3536 2603 calore

1944 2613 2266 2690 ejtis_(Psnl.
2318 2618 2452 2687 18.).
2506 2613 2774 2673 Fervente
2802 2622 2922 2690 igne
2950 2621 3074 2684 isto,
3107 2620 3250 2673 nulla
3294 2621 3343 2673 iu
3385 2621 3537 2673 nobis

1948 2685 2236 2751 impietatis
2284 2685 2431 2742 arma
2467 2685 2845 2745 remanebunt:
2874 2690 3105 2745 Necesse
3144 2701 3310 2744 estut
3357 2692 3535 2744 omnia

1945 2759 2373 2826 confringutttut‘,
2403 2771 2774 2822 conteruntur,
2807 2763 3209 2815 comburantur.
3236 2761 3536 2814 liemaneas

1944 2825 2183 2901 inermis,
2216 2831 2417 2883 nullum
2445 2830 2647 2885 habens
2671 2832 2993 2901 adjutorimn
3028 2846 3195 2895 tuum,
3220 2844 3275 2886 et
3302 2846 3409 2899 quo
3430 2847 3534 2882 ma-

1944 2895 2023 2963 gis
2052 2899 2289 2971 inlirmus
2319 2916 2397 2971 es,
2432 2904 2576 2955 nulla
2626 2913 2716 2955 tua
2736 2895 2893 2957 'arma
2926 2902 3148 2965 habens,
3179 2895 3333 2955 tanto
3370 2902 3536 2971 magis

1946 2974 1996 3039 te
2043 2970 2286 3039 suscipit,
2344 2970 2411 3024 de
2458 2987 2562 3039 quo
2592 2972 2790 3026 dictum
2844 2982 2975 3028 est:
3029 2973 3324 3038 Susceptor
3356 2970 3535 3024 noster

1946 3037 2087 3112 Deus
2115 3035 2302 3112 Jacob.
2337 3035 2559 3112 \laleba-t
2590 3042 2733 3096 enim
2770 3047 2917 3112 quasi
2949 3058 3041 3108 per
3074 3055 3123 3097 te
3150 3060 3163 3096 :
3190 3035 3216 3081 Β
3248 3044 3536 3095 conturba-

1896 3136 1899 3141 -
1946 3107 2019 3181 ris
2051 3108 2101 3159 in
2133 3119 2202 3161 te.
2239 3110 2410 3164 νει-(ιε
2453 3129 2599 3166 arma
2644 3107 2835 3179 quibus
2864 3107 3244 3181 prtesumebas.
3282 3114 3378 3166 Adi
3425 3113 3534 3167 Do-

1945 3179 2169 3253 minum,
2202 3180 2506 3253 dicentem:
2556 3183 2764 3239 Sul’licit
2818 3179 2914 3238 tibi
2944 3185 3114 3253 gratia
3160 3198 3300 3238 mea.
3335 3183 3431 3237 Dic
3482 3192 3534 3237 et

1951 3255 2050 3300 tu:
2094 3251 2320 3323 Quando
2372 3254 2633 3319 inlirmor,
2696 3266 2820 3308 tunc
2865 3251 3052 3323 potens
3104 3270 3243 3319 sunt,
3294 3256 3533 3321 Aposwli

1952 3330 2051 3395 vox
2066 3321 2253 3395 esti
2268 3319 2387 3376 Cor.
2409 3323 2545 3395 12.).
2564 3326 2750 3379 Omnia
2767 3319 2910 3378 arnia
2939 3324 3243 3393 perdiderat
3267 3319 3532 3392 tamquam

1954 3388 2286 3470 fortitudinis
2308 3388 2581 3470 sua),__q'ui
2602 3395 2853 3470 dicebat:
2904 3388 3237 3470 Ego__autent
3284 3388 3534 3470 nou'glo-

1949 3460 2270 3537 riabor,_nisi
2296 3464 2358 3537 in
2392 3460 2790 3521 inﬁrmitatibus
2818 3460 3279 3537 meis'(lbidem.).
3310 3460 3534 3531 Quando

1950 3539 2125 3606 autem
2154 3532 2413 3589 Dominus
2441 3538 2682 3606 suscipit,
2708 3532 2997 3605 numquid
3019 3532 3249 3591 inermes
3276 3537 3533 3591 dimittit?

1951 3601 2141 3678 Arntat
2169 3620 2288 3673 nos,
2321 3608 2414 3660 sed
2464 3607 2567 3661 illis
2590 3601 2772 3662 'aruiis
2803 3601 3244 3678 Evangeliasttcze
3271 3608 3530 3674 veritatis,

1949 3675 2291 3751 continentia:
2332 3689 2387 3731 et
2423 3679 2633 3746 salutis,
2673 3678 2818 3747 lidei,
2858 3675 2996 3749 spei,
3025 3682 3262 3734 caritatis
3299 3678 3376 3751 ('2.
3407 3678 3527 3732 Car.

1952 3742 2089 3813 10.).
2143 3746 2267 3801 llurc
2304 3763 2450 3803 arma
2502 3742 2780 3815 habemus,
2804 3742 2914 3805 sed
2946 3742 3051 3805 non
3081 3766 3110 3803 a
3159 3742 3333 3805 nobis.
3370 3752 3532 3804 Arma

1948 3825 2276 3898 autem“un
2308 3833 2338 3871 ιι
2359 3820 2526 3898 ιιοιήε
2570 3822 2872 3898 habuimus,
2905 3831 3154 3898 arserunt
3182 3828 3319 3898 :_sei‘t
3352 3829 3530 3875 tamen

1948 3887 2072 3954 igne
2100 3887 2188 3942 illo
2217 3897 2404 3945 sancto
2435 3892 2649 3947 accensi
2679 3908 2886 3947 sumus.
2918 3893 3072 3948 Prius
3104 3892 3313 3947 invitati
3343 3907 3530 3946 sumus

1950 3956 2017 4034 ad
2050 3958 2285 4034 videnda
2304 3976 2465 4034 opera
2500 3963 2728 4017 Domini.
2758 3964 2874 4019 Jam
2907 3964 3021 4034 ipse
3052 3963 3424 4018 Dominusuos
3449 3962 3531 4015 lll-

1950 4028 2081 4081 vitat
2107 4029 2172 4082 ad
2206 4028 2486 4086 videndum
2517 4048 2591 4097 se,
2626 4035 2810 4088 dicens
2840 4052 2853 4086 :

1974 4168 1986 4179 ⁸
2022 4100 2109 4153 Η.
2148 4098 2354 4166 Vacate,
2389 4114 2435 4179 e_t
2464 4104 2647 4168 videte,
2668 4107 2906 4172 quoniam
2930 4122 3019 4175 ego
3041 4102 3333 4179 suntDeus.
3364 4102 3531 4179 Vidis-

1950 4172 2019 4243 tis
2045 4182 2204 4243 Opera
2235 4187 2375 4243 mea.
2404 4172 2519 4226 Jam
2554 4185 2851 4243 praeparate
2880 4172 2974 4228 vos
3002 4175 3067 4227 ad
3094 4174 3377 4229 videndum
3402 4174 3531 4227 arti-

1951 4239 2104 4294 ﬁcem
2137 4239 2329 4309 ipsum.
2360 4242 2426 4295 Et
2459 4252 2513 4295 ut
2554 4239 2620 4296 ad
2670 4239 2769 4298 hoc
2814 4244 2988 4299 idonei
3039 4245 3201 4298 sitis:
3234 4246 3454 4298 Cessatc
3498 4258 3530 4297 a

1953 4310 2179 4366 terrenis
2223 4322 2492 4367 :vacuate
2539 4329 2634 4367 vos
2680 4330 2708 4366 a
2737 4317 2909 4369 malis.
2941 4314 3130 4369 Nullus
3175 4318 3431 4368 tumultus
3475 4314 3529 4367 in

1952 4390 2131 4454 mente
2157 4382 2248 4435 sit.
2277 4382 2465 4437 Omnia
2495 4384 2601 4454 sint
2629 4393 2838 4454 pacata,
2867 4385 3046 4439 omnia
3070 4386 3345 4439 mundata.
3380 4386 3528 4439 Beati

1950 4452 2094 4525 enim
2126 4454 2344 4525 mundo
2377 4453 2560 4525 corde,
2610 4452 2863 4525 quoniam
2910 4457 3009 4525 ipsi
3058 4456 3224 4511 Deum
3277 4455 3530 4510 videbunt

1953 4521 2168 4596 (Matth.
2206 4524 2309 4595 5.).
2362 4524 2444 4579 Ad
2486 4527 2588 4580 hoc
2628 4521 2740 4596 'jam
2773 4521 3119 4596 relinquimus
3149 4527 3529 4596 impedimenta

1950 4594 2130 4648 mundi
2158 4603 2213 4649 et
2240 4594 2397 4650 curas
2426 4594 2643 4662 surculi,
2661 4606 2820 4665 atque
2853 4606 2875 4635 ε
2906 4594 2971 4651 ad
3003 4594 3310 4653 inonaStérii
3340 4612 3528 4653 acces-

261 4656 532 4738 tremiscit
561 4662 790 4738 gaudio?
814 4666 945 4738 Quis
985 4678 1092 4738 non
1125 4664 1193 4716 de
1218 4671 1362 4738 tanta
1389 4656 1557 4738 gratia
1588 4665 1843 4720 miratur?
1878 4656 1923 4714 Ι)
1951 4666 2395 4738 simussecretum
2420 4683 2435 4722 :
2469 4656 2763 4738 utlibertu's
2776 4683 2964 4723 vacare
2985 4671 3250 4738 possimus
3270 4669 3396 4735 Deo,
3423 4684 3529 4722 non

261 4736 522 4792 Dominus
550 4736 824 4798 virtutum,
856 4735 1111 4789 Dominus
1138 4735 1469 4803 angelorum,
1502 4736 1614 4805 ipse
1647 4744 1729 4788 est
1752 4751 1846 4790 no-

261 4808 472 4863 biscum
506 4807 558 4861 in
592 4820 774 4861 carne.
807 4805 1101 4873 Susceptus
1143 4814 1227 4861 est
1267 4821 1295 4859 a
1328 4806 1506 4874 nobis,
1535 4815 1589 4861 et
1617 4806 1850 4875 suscepit

259 4892 383 4934 nos.
415 4878 639 4947 Accepit
682 4885 920 4947 nostram
951 4874 1363 4947 humanitatem,
1392 4877 1627 4947 su~cepit
1663 4874 1842 4932 nos’io

258 4962 417 5005 suam
461 4946 793 5002 divinitatem
824 4945 1050 5017 (Philip.
1077 4946 1184 5015 2.).
1222 4944 1413 5000 Factus
1459 4944 1844 5017 est'particeps

261 5031 463 5074 nostra:
492 5018 851 5087 mortalitatis,
874 5027 933 5071 ut
960 5032 1056 5071 uos
1081 5017 1281 5072 laceret
1307 5018 1590 5087 participes
1608 5033 1722 5071 suae
1744 5018 1843 5073 im-

259 5090 603 5146 mortalitatis
638 5086 815 5159 (Rom.
860 5086 961 5160 8.).
998 5088 1185 5160 Dicant
1210 5086 1655 5160 ergoiclirlstiani
1700 5091 1839 5160 quod

261 5176 371 5215 non
422 5158 655 5230 possunt
700 5160 880 5230 dicere
921 5158 1122 5224 Judaei,
1179 5167 1271 5211 aut
1331 5159 1547 5228 Pagani,
1592 5168 1681 5212 aut
1724 5159 1840 5230 lla:-

262 5229 457 5287 retici’:
511 5230 770 5286 Dominus
823 5229 1075 5284 virtutum
1130 5230 1427 5283 nobiscum.
1488 5229 1597 5285 lloc
1627 5240 1681 5284 et
1726 5229 1841 5297 ipse

262 5304 583 5370 promiserat
629 5316 724 5369 per
753 5301 1069 5366 Prophetam
1102 5314 1280 5369 suum,
1312 5299 1499 5354 dicens
1530 5317 1544 5355 ε
1600 5301 1664 5355 Ει
1694 5301 1843 5354 inha-

261 5373 446 5428 bitabo
474 5380 530 5426 et
575 5372 916 5425 inambulabo
963 5370 1015 5425 iu
1045 5373 1142 5435 eis,
1189 5378 1245 5426 et
1293 5386 1387 5424 ero
1417 5370 1628 5425 illorum
1682 5375 1840 5436 Deus,

259 5444 426 5517 230
453 5442 646 5517 et‘ipsi
680 5442 806 5517 mihi
839 5445 1065 5517 populus
1100 5442 1313 5517 (ierem.
1364 5442 1681 5517 51.).‘11inc
1730 5443 1840 5512 ipsa

272 5512 475 5570 Veritas
507 5512 785 5581 Discipulis
816 5513 928 5566 suis
958 5513 1031 5566 ait
1071 5530 1084 5565 :
1120 5513 1258 5567 Ecce
1286 5528 1383 5582 ego
1415 5514 1691 5567 vobiscum
1725 5529 1842 5568 sutn

333 5676 360 5706 ι
390 5666 568 5723 Malim
595 5664 737 5736 quod
765 5665 818 5719 in
852 5666 1061 5735 vulgato
1090 5666 1386 5736 Augustino
1413 5677 1517 5738 est,
1549 5685 1699 5738 quam
1722 5670 1775 5725 in
1802 5680 1848 5723 te

266 5740 428 5792 incum
437 5740 522 5792 tit.

267 5749 277 5753 ’
437 5749 480 5791 (Γ
508 5778 522 5792 .

261 5749 560 5866 ηκέῗζιῖἔεςι
591 5805 902 5859 comburaris
933 5805 1237 5874 legebatur;
1270 5809 1613 5866 emcndamus
1647 5827 1710 5867 es
1738 5813 1844 5866 Au-

260 5882 565 5954 gustiniana
599 5878 846 5947 lectione,
875 5892 996 5948 quas:
1026 5884 1079 5932 et
1108 5893 1229 5933 mox
1258 5882 1528 5950 evangeliis
1572 5899 1667 5952 pio
1689 5899 1841 5937 eratt-

1952 4734 2039 4809 his
2055 4735 2412 4809 rebus,9331
2425 4736 2620 4808 quibus
2641 4750 2827 4793 noster
2846 4734 3143 4794 delectetur
3166 4734 3526 4795 adversarius.

1950 4806 2170 4861 Certum
2198 4806 2478 4882 est—enini,
2501 4810 2647 4882 quod
2661 4809 2887 4882 quando
2913 4809 3078 4882 ociosl
3106 4821 3163 4867 et
3194 4812 3527 4882 negligentes

1950 4890 2158 4941 sumus,
2179 4880 2396 4947 quando
2450 4879 2759 4935 caelestibus
2812 4880 3096 4936 desideriis
3135 4879 3375 4937 animum
3420 4895 3527 4937 non

1947 4948 2267 5025 attollimus,
2319 4948 2530 5019 quando
2578 4951 2653 5025 ab
2698 4968 2919 5025 amore;
2952 4952 3048 5008 Dei
3101 4954 3523 5025 refrigescimus,

1947 5019 2163 5097 quando
2186 5019 2327 5097 diem
2381 5024 2733 5093 expendimus
2768 5025 2819 5078 in
2852 5023 3066 5097 tabulis,
3101 5025 3153 5079 in
3192 5019 3527 5097 cogitationi-

1947 5090 2047 5167 bus
2076 5092 2262 5167 pravis.
2284 5108 2297 5144 :
2323 5090 2492 5164 magis
2521 5101 2645 5148 tunc
2665 5108 2915 5167 vacantus
2940 5094 3176 5163 diabolo,
3203 5090 3362 5167 qu'am
3391 5094 3525 5150 Deo.

1954 5160 2065 5235 lloc
2093 5160 2377 5231 signiﬁcat,
2416 5160 2565 5233 quod
2624 5165 2881 5235 scriptum
2932 5175 3016 5222 est
3048 5182 3062 5220 :
3099 5160 3356 5222 Viderunt
3405 5180 3523 5219 eam

1953 5231 2154 5296 hostes,
2184 5243 2238 5308 et
2260 5231 2803 5308 deriseruntsabbata
2826 5238 2941 5306 ejus
2965 5237 3186 5308 (Thren.
3214 5236 3300 5307 1.).
3329 5235 3530 5308 sabba-

1952 5311 2062 5357 tum
2084 5306 2278 5373 requies
2299 5306 2511 5360 dicitur.
2538 5306 2605 5361 Et
2620 5309 2841 5363 sabbata
2864 5306 3043 5363 nostra
3069 5306 3527 5372 hostesderident,

1949 5376 2164 5447 quando
2196 5390 2296 5429 nos
2342 5378 2559 5446 ntaligui
2600 5377 2818 5447 spiritus
2846 5378 3208 5433 otiositatibus
3247 5388 3299 5430 et
3325 5375 3531 5427 vanita-

1954 5445 2095 5499 tibus
2126 5461 2314 5502 vacare
2360 5445 2559 5502 vident.
2600 5445 2735 5504 Illud
2763 5464 2892 5516 ergo
2946 5450 3145 5501 habere
3191 5447 3525 5509 studeamus,

1952 5517 2095 5585 quod
2129 5519 2179 5571 in
2230 5518 2387 5573 nobis
2432 5519 2670 5573 maxime
2723 5522 2977 5573 Dominus
3017 5517 3313 5583 desiderat,
3342 5516 3393 5569 id
3420 5525 3526 5582 εει,

1949 5668 2227 5741 geliasticw
2250 5669 2484 5739 praifert.

2024 5754 2046 5781 ε
2076 5743 2391 5797 Monachum
2422 5756 2488 5812 se
2513 5740 2689 5810 prodit
2720 5741 3024 5796 manifesto.
3071 5739 3268 5796 Confer
3309 5757 3429 5812 qua:
3458 5742 3528 5801 de

1949 5812 2067 5884 ejus
2089 5813 2422 5884 professione
2446 5811 2565 5866 vita:
2595 5813 2649 5868 in
2680 5812 3001 5869 l’rmlatione
3027 5814 3284 5870 diximus.
