4098 6356
592 323 691 378 8ἷι

1660 320 1917 379 RUFINO
1956 319 2411 377 PRESBYTERO
2450 320 2827 379 ASCRIPTUS

3767 328 3869 384 332

597 447 828 491 mentem
861 436 928 492 ab
969 437 1113 492 omni
1174 434 1375 492 malitia
1431 433 1659 509 liberam
1705 434 2175 509 et__t_levi_tatis_hi_s
2207 436 2257 495 Α
2289 434 2542 509 Dominus
2582 434 2983 509 cruciﬁgeretur
3012 434 3063 509 i_n
3094 434 3511 509 calvariteloco,
3541 444 3873 509 etsanguine

595 508 1047 585 quibus‘Spiritus
1072 517 1287 585 sanctus
1315 504 1622 585 ollenditur,
1647 502 1956 585 humilitaii,
1988 504 2175 585 quieti,

596 580 804 633 caritati
831 576 1050 648 operam
1098 579 1321 642 demus;
1350 587 1405 631 ut
1455 576 1736 648 impieatur
1762 590 1791 627 a
1824 576 2177 648 nobis,_quod

596 650 798 727 dicitur
829 669 842 703 ε
872 645 1069 727 Yacate
1094 660 1164 727 e_t_
1189 648 1366 702 videte
1419 646 1669 727 quoniam
1714 660 1981 727 .ego'sum_
2014 645 2175 727 Deus.

560 717 563 720 ’
599 721 691 776 Sic
711 722 851 776 enim
885 721 1049 775 Deum
1080 720 1261 774 videre
1313 716 1658 782 merebimur,
1684 716 1728 769 si
1760 715 1905 784 prius
1933 716 2001 769 ab
2027 715 2181 770 illici-

602 792 671 844 tis
722 806 967 855 cessare,
1016 798 1072 844 et
1114 798 1297 844 mente
1353 786 1621 848 tranquilli
1670 801 1792 841 esse
1846 786 2177 841 Studeamus.

602 861 766 914 Paulo
794 871 917 915 ante
958 859 1067 932 (Ea:
1108 860 1418 932 Augustino)
1458 858 1717 932 dixeram,
1747 866 1909 911 teme
1966 860 2181 912 nomine

600 932 883 1001 signiﬁcari
911 930 1125 1000 gentem
1173 930 1501 984 Judazorum.
1528 930 1683 1001 Maris
1715 933 2182 1001 nominecteteras

602 998 809 1070 gentes.
843 998 1109 1056 Translati
1141 1011 1265 1055 sunt
1297 1010 1506 1054 montes
1542 999 1595 1053 in
1629 1002 1793 1054 corde
1823 998 2179 1070 maris.rCon-

599 1069 826 1126 turbata:
857 1084 978 1127 sunt
1004 1082 1191 1141 gentes
1214 1115 1227 1137 ,
1259 1070 1512 1125 inclinata
1539 1078 1662 1124 sunt
1685 1085 1869 1140 regna,
1902 1069 2047 1123 dedit
2091 1084 2183 1123 vo-

599 1158 717 1197 cem
741 1158 890 1197 suam
938 1140 1263 1205 Altissimus,
1288 1150 1343 1195 et
1399 1151 1544 1195 mota
1598 1149 1680 1195 est
1738 1150 1898 1194 terra.
1934 1140 2181 1193 Dominus

598 1214 845 1267 virtutum
868 1214 1129 1267 nobiscum
1148 1258 1163 1283 ,
1187 1221 1451 1279 susceptor
1477 1210 1613 1265 Deus
1660 1210 1840 1283 Jurob.
1869 1210 2030 1283 Fat-ta
2060 1220 2185 1266 sunt

603 1284 856 1338 miracula
885 1289 937 1341 in
960 1280 1226 1354 gentibus,
1258 1284 1508 1352 impletur
1546 1283 1677 1335 ﬁdes
1708 1280 1759 1334 in
1790 1282 2057 1354 gentibus,
2090 1298 2180 1334 ar-

605 1356 735 1408 dent
765 1371 909 1409 arma
937 1353 1370 1425 prmsutnptionis
1404 1355 1674 1416 humanm,
1707 1362 1925 1405 vacatur
1955 1353 2006 1405 in
2037 1364 2181 1406 tran-

602 1427 868 1495 quillitate
907 1428 1117 1489 enrdis,
1161 1436 1215 1479 ut
1268 1435 1621 1493 cognoscatur
1671 1426 1807 1477 Deus
1856 1433 2041 1477 auctor
2069 1438 2183 1475 om—

602 1499 750 1550 nium
782 1513 1062 1551 munerum
1092 1512 1332 1549 suorum.
1371 1498 1433 1548 Et
1481 1504 1598 1563 post
1648 1495 1880 1561 ipsorum
1925 1495 2184 1547 claritica-

602 1567 802 1645 tionem
826 1569 1067 1645 nunquid
1100 1567 1317 1645 deserit
1372 1574 1425 1619 et
1475 1563 2186 1645 plebem__.luda:orurn?Dc

602 1655 704 1705 qua
736 1640 864 1691 dit-it
892 1635 1221 1706 Apostolus:
1249 1638 1375 1689 Dico
1413 1636 1557 1689 enim
1611 1635 1781 1699 vobis,
1818 1644 1877 1706 ut
1919 1651 2023 1706 non
2068 1635 2185 1689 sitis

609 1704 764 1762 vobis
791 1704 1064 1772 sapientes
1094 1726 1106 1760 :
1131 1710 1251 1776 quia
1274 1707 1487 1761 caecitas
1505 1721 1567 1759 ex
1603 1717 1752 1773 parte
1779 1707 1828 1758 in
1862 1704 2021 1759 Israel
2046 1706 2184 1760 laeta

605 1790 711 1841 est,
741 1779 915 1833 donec
944 1779 1217 1849 plenitudo
1249 1778 1486 1847 gentium
1513 1776 1780 1849 intraret,
1814 1776 1863 1849 id
1895 1786 2000 1841 est,
2032 1792 2183 1849 mon-

604 1861 687 1902 tes
715 1854 816 1904 huc
868 1846 1301 1909 transferrentur,
1332 1856 1389 1900 ut
1438 1847 1603 1900 nubes
1650 1846 1734 1899 hic
1782 1846 2046 1915 pluerent,
2101 1847 2186 1900 hic

606 1920 869 1975 Dominus
894 1922 1128 1973 tonitrun
1160 1935 1257 1974 suo
1286 1934 1443 1987 regna
1483 1918 1782 1982 inclinaret,
1817 1920 1988 1972 donec
2019 1918 2188 1986 pleni-

605 1992 736 2044 tudo
760 1988 1001 2045 Gentium
1049 1993 1287 2044 intraret.
1324 1991 1387 2043 lit
1414 1990 1539 2057 quid
1572 1989 1790 2057 postea?
1822 1988 1882 2041 Et
1910 1988 1987 2042 sic
2013 1989 2189 2044 omnis

607 2064 770 2115 Israel
805 2064 984 2115 salvus
1020 2063 1189 2116 lieret.
1226 2060 1351 2114 Ideo
1381 2069 1433 2114 et
1466 2062 1550 2112 hic
1605 2064 1774 2127 ipsmu
1805 2059 2048 2113 ordinem
2077 2074 2190 2113 ser-

606 2146 758 2197 vans,
795 2130 1098 2199 Exaltabor,
1151 2134 1415 2201 inqtnt,iu
1474 2132 1706 2199 gentibus
1751 2141 1797 2184 et
1845 2130 2107 2183 exaltabor
2138 2132 2189 2182 in

608 2212 763 2256 terra.
790 2202 843 2256 ld
868 2213 972 2267 est,
999 2204 1051 2256 in
1079 2205 1236 2267 mari,
1268 2214 1323 2257 et
1376 2204 1426 2256 in
1459 2212 1597 2255 terra
1632 2219 1644 2253 :
1682 2212 1736 2254 ut
1765 2202 1872 2270 jam
1902 2216 2091 2255 omnes
2118 2201 2192 2254 di-

604 2285 748 2338 cant,
772 2276 910 2341 quod
933 2276 1173 2343 sequitur
1206 2291 1217 2325 :

678 2344 765 2397 12.
784 2339 1037 2398 Dominus
1050 2349 1290 2398 virtutum
1305 2345 1588 2405 mbisrum,
1602 2352 1865 2413 susceptor
1884 2339 2192 2395 nosterDcus

607 2413 793 2469 Jacob.
838 2415 1095 2470 Dominus
1133 2415 1274 2469 Deus
1312 2427 1493 2469 noster
1537 2416 1692 2467 Iidem
1727 2417 1776 2466 iu
1814 2428 1917 2482 qua
1941 2414 2192 2477 vivimus,

603 2494 661 2539 et
677 2501 741 2539 ex
760 2502 860 2553 qua
878 2485 1131 2549 vivimus,
1150 2507 1160 2551 ς
1182 2502 1239 2540 cr
1257 2486 1421 2539 llbl'ﬂs
1437 2502 1584 2550 suos,
1601 2484 1905 2553 Scripturas
1918 2499 2040 2537 suas
2058 2484 2195 2537 mul-

607 2556 860 2625 t‘ipliciler
891 2556 1045 2610 nobis
1072 2558 1322 2624 varieque
1348 2556 1581 2609 dill‘udit.
1606 2554 1951 2609 Sacramenta
1979 2556 2193 2623 quidem

608 2630 895 2679 verborum
920 2628 1163 2691 varians,
1198 2627 1354 2680 [idem
1381 2637 1556 2680 tamen
1594 2641 1750 2677 unam
1789 2628 2193 2680 commendans.

612 2696 728 2751 Una
746 2698 886 2751 enim
908 2698 1202 2765 eademque
1228 2712 1311 2751 res
1327 2697 1445 2751 ideo
1474 2698 1651 2749 multis
1671 2696 1841 2749 modis
1857 2696 2069 2763 dicitur,
2089 2712 2193 2750 non

612 2777 671 2821 ut
700 2767 861 2821 modo
885 2768 1001 2836 ipso
1022 2767 1235 2821 dicendi
1268 2776 1486 2837 propter
1512 2766 1787 2821 fastidium
1816 2768 2073 2834 varietur,
2102 2769 2195 2821 sed

614 2843 834 2908 propter
881 2839 1220 2891 concordiam
1278 2853 1381 2891 una
1434 2848 1695 2891 teneatur.
1755 2840 1933 2906 Itaque
1983 2838 2037 2891 in
2095 2839 2197 2894 hoc

613 2910 837 2979 psalmo,
858 2923 1029 2979 quem
1068 2919 1339 2963 cantatum
1393 2909 1714 2973 audivunus,
1760 2912 1843 2961 cui
1873 2916 1897 2943 ι
1928 2911 2195 2963 cantando

614 2978 1015 3045 respondimus,
1048 2994 1108 3033 ea
1142 2995 1325 3033 sumus
1348 2978 1561 3043 dicturi,
1585 2994 1703 3047 qua:
1726 2980 1913 3033 nostis.
1947 2987 2196 3033 t-.ttameu

615 3049 859 3121 fortassis
889 3051 1118 3121 aliquam
1145 3050 1432 3121 adiuvante
1458 3061 1514 3104 et
1555 3052 1792 3104 donante
1821 3051 1931 3104 Deo
1960 3051 2197 3105 suavita-

615 3127 722 3175 tem
744 3119 953 3173 allaturi
994 3136 1178 3175 sumus
1214 3119 1371 3175 VVttbis
1395 3163 1410 3187 ,
1458 3120 1669 3188 quando
1710 3135 1791 3186 ea,
1827 3136 1945 3187 qua:
1995 3122 2121 3175 alibi
2147 3132 2199 3175 et

2217 1815 2263 1875 Β

2285 520 2384 579 suo
2415 504 2531 579 fuso
2554 503 2872 579 redimeret,
2930 514 2983 557 et
3029 505 3341 579 impleretur
3367 507 3512 576 quod
3542 506 3623 563 ait
3648 503 3871 579 Aposto-

2283 576 2366 652 lus
2391 575 2655 652 :_C;ecita_s
2683 589 2752 629 ex
2790 582 2949 652 parte
2969 576 3233 652 contingit
3260 575 3530 652 iu_ls’rae|,
3562 575 3742 636 donec
3767 585 3875 652 ple-

2285 645 2469 723 nitudo
2500 646 2738 723 gentium
2789 644 3011 723 intraret
3056 644 3235 723 (liam.
3271 648 3383 723 μ.)
3413 667 3431 706 :
3459 644 3724 723 insultent
3750 644 3874 723 ergo

2286 717 2425 788 rani,
2450 727 2503 769 et
2526 718 2765 779 hebetes,
2784 725 2839 788 et
2870 717 3128 788 insensati
3148 735 3161 772 :
3180 728 3232 773 et
3253 717 3453 783 dicant,
3480 720 3669 788 Calve,
3693 717 3873 779 Calve.

2288 786 2393 840 ‘.'os
2409 796 2587 861 autem
2614 787 2871 861 sanguine
2898 786 2988 861 illo
3010 789 3270 861 redempti
3294 790 3371 860 (1.
3396 789 3541 844 Patr.
3563 786 3669 861 1.),
3693 795 3783 861 qui
3798 797 3876 850 lu-

2284 872 2375 931 sus
2404 866 2487 911 est
2515 859 2567 912 in
2613 858 3048 931 Calvariteloco;
3085 858 3271 931 Omnes
3300 858 3472 931 gentes
3497 858 3735 930 plaudite
3759 882 3876 919 ma-

2284 928 2455 991 nibus,
2488 930 2800 996 pervenisse
2832 928 2898 981 ad
2923 943 3022 984 vos
3048 928 3457 998 gratiamaQuid
3480 928 3567 987 est
3591 931 3877 991 Plaudite!

2285 999 2547 1073 gaudete.
2582 1000 2687 1054 Sed
2713 1014 2882 1069 quare
2912 1000 3147 1073 inanibus
3167 1003 3192 1054 ?
3227 1001 3361 1069 Quia
3390 1002 3548 1057 bonis
3603 1007 3875 1073 operibus.

2290 1068 2347 1142 Si
2381 1078 2588 1123 tantum
2620 1068 2773 1142 voce,
2805 1084 2914 1124 non
2948 1070 3085 1126 bene
3119 1089 3131 1124 :
3164 1068 3288 1142 quia
3314 1073 3477 1142 pigra:
3506 1068 3873 1132 sunt'manus.

2286 1137 2345 1211 Si
2370 1148 2572 1211 tantum
2607 1140 2875 1211 manibus,
2905 1155 3005 1195 nec
3054 1142 3157 1197 hoc
3181 1137 3394 1209 'ben'ef
3429 1143 3555 1211 quia
3607 1156 3757 1199 muta
3793 1158 3873 1203 est

2286 1209 2489 1279 lingua.
2521 1209 2862 1265 Coucordent
2898 1227 3090 1280 manus
3118 1222 3173 1267 et
3223 1214 3422 1280 lingua.
3447 1209 3554 1267 'llla
3610 1216 3871 1272 conﬁtea-

2287 1289 2396 1350 tur,
2430 1282 2532 1334 illic
2556 1290 2866 1349 operentur.
2895 1279 3124 1336 Jubilate
3156 1279 3367 1350 Deo,’id
3392 1294 3498 1349 est,
3532 1296 3743 1340 tantam
3767 1288 3875 1344 latt-

2287 1346 2408 1405 dem
2444 1351 2536 1406 Dei
2567 1346 2742 1424 triente
2786 1351 3075 1424 concipite,
3108 1369 3230 1421 qua:
3260 1346 3365 1409 non
3423 1346 3599 1421 poSsit
3651 1360 3875 1424 exprimi

2286 1436 2417 1475 voce
2448 1440 2461 1476 :
2495 1431 2547 1475 et
2577 1420 2649 1475 ita
2672 1423 3077 1492 quodjubilatio
3098 1420 3187 1478 illa
3212 1426 3282 1478 sit
3302 1426 3354 1479 in
3376 1420 3496 1480 voce
3525 1420 3872 1483 exultationis.

2288 1492 2343 1546 Id
2374 1502 2473 1555 est,
2510 1509 2614 1546 non
2640 1494 2813 1546 solum
2860 1494 3027 1547 Deum
3086 1494 3295 1549 laudate
3351 1497 3540 1559 corde,
3567 1499 3663 1552 sed
3714 1501 3869 1555 etiam

2290 1563 2550 1617 exultanti
2584 1563 2916 1642 voce._lllu_m
2961 1565 3108 1642 aliis
3130 1566 3470 1642 annuntiate.
3501 1568 3573 1623 Et
3600 1567 3874 1642 subiungit

2286 1648 2531 1687 caussam
2554 1650 2719 1700 quare
2749 1634 3045 1689 laudandus
3068 1636 3157 1701 sit,
3186 1636 3368 1691 dicens
3395 1656 3407 1691 :
3475 1644 3477 1647 ’

2358 1701 2412 1757 5.
2452 1704 2713 1769 Quoniam
2743 1704 3017 1772 Dominus,
3050 1708 3172 1774 quia
3218 1708 3528 1764 dominatur
3556 1710 3707 1763 omni
3730 1725 3871 1766 crea-

2291 1784 2423 1827 tura:
2444 1791 2457 1827 :
2477 1778 2727 1841 excelsus,
2756 1777 2878 1844 quia
2898 1786 3086 1844 potens
3115 1786 3169 1832 et
3193 1778 3381 1832 ellicax
3411 1794 3526 1835 sua:
3556 1779 3867 1836 voluntatis.

2293 1846 2453 1919 Et‘ne
2482 1846 2532 1898 in
2561 1846 2677 1914 ejus
2724 1846 2979 1919 bonitate
3006 1848 3287 1919 conlidatis
3339 1851 3383 1903 si
3430 1851 3572 1904 mala
3622 1850 3869 1919 feceritis,

2290 1916 2415 1984 quia
2442 1916 2561 1990 ipse
2587 1925 2669 1969 est
2696 1916 3168 1990 terribilisluturus
3191 1918 3354 1989 judex
3390 1938 3402 1971 :
3437 1922 3629 1990 puniet
3658 1916 3864 1990 impios,

2292 1995 2451 2061 etii-ex
2476 1988 2599 2056 quia
2650 2002 2775 2041 suos
2827 1988 3171 2056 spiritualiter
3222 1990 3358 2058 regit
3404 1988 3498 2059 per
3558 1988 3868 2061 potentiam.

2295 2056 2517 2125 Magnus
2544 2074 2697 2126 super
2728 2074 2924 2111 onmem
2980 2056 3361 2127 terram:quia
3404 2056 3573 2115 'nulla'
3615 2078 3742 2128 pars
3795 2074 3871 2119 est

2296 2138 2474 2191 terrae,
2508 2129 2593 2181 ubi
2616 2130 2743 2199 ipse
2790 2145 2893 2183 non
2948 2129 3272 2186 dominetur.
3299 2130 3393 2187 Ille
3432 2134 3521 2199 qui
3590 2134 3869 2189 videbatur

2298 2213 2498 2266 parvus
2520 2207 2574 2253 et
2594 2198 2901 2266 despectus,
2931 2199 3100 2254 laetus
3128 2198 3481 2257 estterribilis
3508 2212 3565 2257 et
3582 2206 3866 2260 excelsus:

2295 2278 2347 2323 et
2379 2272 2467 2337 qui
2498 2279 2616 2323 erat
2639 2279 2840 2323 tantum
2870 2271 2922 2325 in
2947 2286 3112 2343 regno
3164 2272 3500 2343 Judteorum,
3530 2273 3647 2343 jam
3694 2284 3872 2343 regnat

2295 2355 2457 2406 super
2484 2354 2696 2393 omnem
2729 2350 2945 2395 terram.
2976 2342 3091 2395 Non
3139 2342 3214 2397 illi
3242 2343 3439 2398 suilicit
3480 2359 3644 2397 uuam
3677 2342 3872 2401 tantum

2296 2417 2506 2478 gentem
2533 2410 2729 2466 habere
2781 2413 2881 2466 sub
2908 2427 2967 2466 se
2998 2429 3011 2465 :
3044 2412 3163 2466 ideo
3198 2423 3401 2467 tantum
3453 2416 3690 2482 pretium
3721 2432 3784 2472 es
3809 2418 3873 2470 la-

2299 2491 2412 2535 tere
2438 2482 2607 2545 dedit,
2656 2493 2711 2535 ut
2763 2493 2969 2537 emeret
3022 2485 3205 2539 orbem
3262 2495 3546 2540 terrarum.
3579 2484 3707 2541 Ideo
3754 2502 3874 2543 voce

2302 2552 2525 2620 prmdica
2538 2560 2708 2605 torum
2733 2554 2979 2609 subditur
3003 2571 3017 2606 :

2368 2621 2421 2700 ι.
2454 2618 2680 2700 subiecit
2701 2624 2943 2700 papulas,
2973 2624 3023 2677 id
3043 2632 3147 2700 est,
3170 2624 3404 2700 Jndceos,
3431 2626 3602 2700 nobis,
3629 2635 3680 2681 et
3709 2638 3870 2700 gentes

2298 2693 2393 2745 sub
2420 2693 2632 2770 pedibus
2659 2697 2863 2770 nosiri‘s.
2896 2694 3016 2749 Ideo
3047 2696 3332 2770 ὀξείῃ-διώ
3355 2698 3591 2767 pedibus,
3622 2693 3782 2770 233
3819 2710 3870 2753 ut

2299 2764 2658 2838 omnitnodatn
2689 2764 3023 2838 subditorum
3079 2764 3431 2838 hundlhatém
3492 2764 3869 2838 intethg’ar'uus.

2302 2834 2389 2889 Sic
2417 2834 2558 2887 enim
2590 2836 2841 2888 Dominus
2870 2835 3135 2890 ordinavit
3159 2837 3475 2904 Ecclesiam,
3511 2848 3571 2893 ut
3598 2834 3741 2894 alios
3774 2841 3875 2893 vel-

2302 2904 2519 2958 [etesse
2575 2906 2855 2973 praelatos,
2887 2907 3019 2961 alios
3073 2908 3333 2962 subditos.
3365 2910 3517 2965 Unde
3567 2920 3625 2965 et
3683 2911 3737 2965 in
3779 2911 3876 2966 alio

2302 2975 2510 3050 psalmo
2533 2977 2717 3050 dicunt
2742 2977 2965 3050 subjecti
2994 2977 3269 3050 :_Posnisti
3311 2978 3558 3035 homines
3586 2996 3752 3050 super
3796 2995 3877 3036 ca-

2305 3046 2409 3117 pita
2434 3055 2611 3099 nostra
2645 3045 2821 3112 (Psal.
2853 3045 2986 3117 65.).
3019 3048 3371 3103 Prailatorum
3387 3052 3627 3105 ollicium
3653 3045 3737 3105 est
3763 3068 3878 3116 pm

2308 3116 2512 3177 dicare,
2540 3132 2780 3178 mouere,
2812 3122 3103 3187 corrigere.
3128 3131 3180 3173 et
3210 3122 3262 3174 in
3287 3120 3553 3175 Ecclesiis
3584 3123 3783 3178 Christi
3811 3123 3880 3177 vi-

614 3190 740 3244 alibi
772 3194 1063 3259 noveratis,
1107 3195 1266 3246 etiam
1304 3187 1615 3245 commoniti
1648 3192 1949 3245 ruminatis.
1979 3192 2109 3247 Nam
2142 3202 2194 3246 et
2224 3189 2273 3251 C
2305 3196 2615 3260 cesuteuere
2645 3187 2722 3257 (l.
2756 3187 2892 3246 Tim.
2946 3191 3049 3260 3.).
3090 3190 3462 3259 Subjeetorum
3517 3192 3759 3247 ofﬁcium
3805 3202 3880 3249 est

615 3260 669 3315 in
699 3261 811 3329 ipsa
842 3263 1230 3329 ruminatione,
1261 3264 1311 3316 in
1344 3278 1447 3332 qua
1490 3262 1751 3331 signiﬁcat
1800 3264 1955 3315 Deus-
1996 3264 2191 3318 munda

614 3332 888 3398 animalia,
918 3334 1019 3388 hoc
1048 3334 1213 3387 voluit
1265 3333 1559 3397 insinuare,
1616 3334 1738 3402 quia
1786 3335 1960 3388 omnis
2010 3335 2194 3399 homo,

614 3404 707 3471 qui
738 3404 904 3467 audit,
936 3405 1014 3457 sic
1036 3404 1267 3458 debetin
1292 3420 1386 3458 cnr
1429 3406 1662 3469 mittere,
1696 3414 1750 3457 ut
1796 3419 1903 3458 non
1942 3404 2091 3473 piger
2128 3407 2199 3459 sit

615 3488 677 3543 ea
705 3476 939 3542 cligitare
969 3492 982 3527 :
1007 3486 1063 3527 ιιι
1093 3479 1303 3543 quando
1326 3476 1493 3541 audit,
1524 3476 1714 3527 similis
1741 3476 1810 3528 sit
1833 3478 2195 3530 manducanti.

615 3542 751 3597 Cum
774 3556 951 3597 autent
978 3542 1154 3599 audita
1186 3548 1236 3599 in
1286 3548 1598 3599 memoriam
1630 3555 1867 3612 revocat,
1894 3558 1947 3600 et
1996 3546 2195 3613 cogita-

617 3616 762 3669 tione
791 3614 1099 3670 dulcissima
1128 3617 1314 3671 recolit
1342 3635 1355 3670 :
1386 3617 1476 3670 liat
1511 3616 1701 3670 similis
1729 3617 2043 3674 ruminanti.
2077 3619 2199 3672 Alio

619 3700 748 3738 vero
789 3688 946 3740 modo
974 3688 1160 3741 eadem
1206 3687 1475 3754 dicuntur,
1508 3697 1563 3740 et
1592 3689 1790 3742 iaciunt
1839 3703 1937 3741 nos
1971 3689 2198 3744 dulciter

618 3758 875 3825 cogitare,
906 3773 1025 3826 qua:
1053 3760 1295 3812 novimus
1328 3776 1341 3811 :
1378 3768 1435 3812 et
1463 3758 1652 3813 eadem
1710 3760 1823 3826 ipsa
1857 3759 2085 3814 libenter
2107 3775 2200 3813 au-

618 3828 735 3901 dire
766 3843 780 3878 :
812 3829 932 3901 quia
956 3829 1146 3901 modus
1193 3829 1401 3884 dicendi
1450 3834 1713 3897 variatur,
1747 3839 1803 3884 et
1859 3845 1945 3884 res
1981 3830 2199 3901 antiqua

619 3898 737 3966 ipso
758 3899 916 3953 modo
936 3898 1143 3954 dicendi
1172 3910 1478 3954 renovatur.

925 4012 1087 4083 232
1114 4011 1409 4068 TITULUS
1441 4011 1685 4067 PSALMI
1717 4011 1897 4067 XLVI.

684 4123 726 4192 1:
761 4124 952 4192 Titulus
973 4126 1138 4192 psalmi
1165 4127 1233 4192 sic
1257 4126 1405 4192 habet
1423 4139 1441 4192 7:
1470 4127 1528 4175 In
1552 4124 1741 4192 ﬁnemp
1764 4140 1854 4192 pro
1891 4126 2007 4190 ﬁliis
2026 4129 2201 4192 Chore,

616 4187 947 4253 psalmusipsi
968 4187 1143 4253 Dauid.
1172 4190 1393 4253 l’salmus
1418 4191 1515 4253 iste
1539 4187 1772 4253 convenit
1805 4187 1962 4253 David
1992 4187 2205 4253 pr0phe;

617 4254 701 4309 tae,
728 4251 813 4310 qui
837 4250 1145 4312 biciloquilttl'
1167 4252 1215 4299 in
1241 4264 1450 4311 persona
1475 4251 1835 4312 Apostolorum.
1861 4250 2205 4303 Psalmus’dieo

617 4315 893 4376 propositus
911 4311 1023 4362 illius
1046 4313 1224 4373 Chore,
1245 4312 1448 4376 directis
1466 4311 1554 4376 per
1580 4316 1671 4361 hoc
1710 4312 1759 4362 in
1793 4311 1955 4376 finem.
2000 4317 2204 4365 Materia

619 4385 697 4420 εει
722 4374 940 4423 Christus
962 4375 1251 4423 ascendens.
1274 4374 1361 4422 Vel
1384 4375 1584 4422 materia
1611 4383 1723 4423 sunt
1746 4374 1936 4425 Gentes
1954 4391 2205 4426 convenae

618 4435 807 4483 scilicet
830 4436 919 4497 ipsi
940 4436 1022 4486 lilii
1048 4437 1229 4500 Chote,
1248 4438 1332 4500 qui
1357 4435 1575 4500 su_nt_ti|i_t
1603 4437 1869 4485 CaristiJn
1895 4440 2047 4500 prima
2064 4448 2205 4499 parte

618 4508 787 4544 monet
811 4495 1083 4547 aesomnes
1105 4498 1162 4545 ad
1190 4495 1517 4546 laudem'Dei.
1551 4497 1602 4544 ln
1628 4503 1840 4547 secunda
1866 4495 2103 4551 describit
2122 4515 2205 4550 re-

622 4570 771 4619 gnum
800 4558 978 4633 Ciiristi
998 4573 1085 4633 per
1110 4571 1446 4633 ascensionem
1469 4558 1591 4618 ejus.
1638 4561 1851 4633 lutendit
1881 4572 2044 4611 autem
2074 4566 2209 4633 iuvi-
2238 4576 2283 4633 ῃ

624 4627 730 4667 tare
742 4622 815 4683 _ad
840 4621 1007 4669 laudes
1033 4621 1141 4670 Dei.
1160 4621 1250 4668 Pro
1268 4620 1377 4668 tiliis
1399 4621 1558 4670 Cbore
1582 4621 1792 4680 psalmus
1814 4634 2052 4673 cantatur.
2073 4627 2203 4683 Eng

620 4694 709 4742 pro
734 4680 1017 4748 Christianis
1041 4688 1261 4731 cantatus
1281 4691 1371 4748 est.
1398 4683 1665 4748 Audiamus
1697 4688 1826 4748 enim
1866 4696 2091 4748 tanquam
2117 4680 2204 4737 lilii

618 4747 780 4807 sponsi
805 4744 953 4802 illius,
982 4757 1131 4807 quem
1160 4747 1296 4807 pueri
1324 4746 1556 4795 insensiti
1580 4747 1626 4792 in
1654 4747 1881 4795 tialvariaa
1914 4744 2018 4797 loco
2042 4754 2207 4799 eruci-

621 4805 838 4853 tixeruul
863 4804 1030 4867 (Joati.
1060 4804 1176 4862 19.).
1224 4804 1299 4854 llli
1342 4818 1460 4855 \ero
1502 4817 1789 4857 meruerunt
1813 4823 1838 4857 a
1862 4811 2032 4860 bestiis
2054 4813 2208 4860 devo-

623 4867 719 4915 rari
748 4881 768 4930 :_
779 4879 868 4914 nos
889 4870 949 4915 ab
972 4868 1165 4930 angelis
1186 4873 1426 4916 coronari.
1461 4871 1782 4930 Aguoscimus
1806 4878 1933 4920 enim
1960 4874 2207 4921 numina-

623 4935 724 4990 tetn
750 4928 943 4977 Domini
970 4928 1143 4990 nostri,
1169 4938 1221 4977 et
1244 4942 1337 4977 non
1361 4932 1423 4978 de
1446 4928 1527 4979 illa
1562 4935 1914 4982 erubescimus.
1941 4935 2048 4984 Non
2087 4949 2204 4984 eru-

624 4988 870 5059 iiescitnus
891 4991 956 5038 de
982 4987 1064 5059 ilio
1086 4987 1328 5059 appellato
1352 4996 1560 5059 mystice
1576 4994 1732 5059 calvo,
1759 5006 1956 5059 propter
1981 4996 2207 5047 calvaria:

624 5048 799 5121 locum.
827 5050 933 5121 ipsa
953 5054 1082 5100 enim
1104 5048 1242 5121 e-‘ux,
1269 5054 1315 5101 iu
1341 5048 1433 5115 qua
1456 5054 1528 5105 illi
1552 5048 1831 5106 insultatum
1847 5048 1951 5117 'est,
1974 5072 2068 5107 non
2096 5072 2207 5121 per-

624 5113 955 5183 tuisircalivam
983 5127 1093 5163 esse
1117 5114 1323 5183 frontem
1347 5113 1574 5183 nostram,
1601 5134 1744 5181 quam
1770 5135 1857 5169 suo
1880 5113 2020 5181 signo
2044 5113 2210 5183 signa-

623 5176 711 5245 vit.
725 5174 988 5245 Denique,
1009 5183 1065 5227 ut
1088 5178 1340 5241 noveritis,
1353 5180 1465 5242 quia
1489 5174 1632 5230 nobis
1653 5184 1875 5232 dicuntur
1897 5174 2024 5245 nec,
2045 5174 2210 5234 videte

623 5239 735 5298 quid
756 5237 950 5288 dicitur.

1102 5322 1458 5387 PSALMUS
1507 5326 1732 5389 XLVI.

696 5441 750 5519 ἓ.
779 5442 968 5500 Omnes
993 5457 1163 5518 gentes
1187 5449 1414 5516 plaudite
1426 5450 1684 5503 manibus.
1716 5449 1962 5518 Nunquid
1983 5452 2209 5519 pepulus

627 5511 932 5592 Judrorum
953 5511 1355 5592 ofnnesgentes
1381 5532 1553 5592 erant
1587 5519 1694 5590 (Ea:
1726 5511 2083 5592 Augustino)?
2113 5523 2207 5577 sed

631 5585 845 5639 eiecitas
871 5601 936 5641 ex
971 5599 1119 5657 parte
1149 5585 1200 5642 in
1230 5591 1391 5644 Israel
1435 5592 1571 5644 facta
1594 5585 1603 5590 ’
1630 5600 1732 5654 est,
1762 5585 1826 5644 ..ί
1850 5594 1998 5657 pueri
2018 5585 2208 5649 insen-

628 5657 729 5709 sati
761 5658 1078 5725 clamarent,
1110 5660 1290 5725 Calve,
1323 5661 1483 5715 Calve
1527 5662 1602 5731 (4.
1638 5662 1764 5731 lleg.
1788 5661 1869 5731 ‘2.)
1902 5678 1917 5715 :
1946 5672 2107 5734 atque
2138 5666 2206 5719 ita

2304 3257 2511 3321 audire,
2536 3258 2778 3332 obedire,
2802 3257 3032 3332 omnem
3064 3257 3457 3332 subjectiouem
3508 3264 3756 3332 praelatis
3780 3265 3882 3320 suis

2302 3331 2701 3405 iamquatnipsi
2730 3330 2953 3405 Domino
2976 3331 3193 3405 Christo
3220 3403 3227 3405 _
3250 3330 3728 3403 exliiberelﬂebr.
3756 3335 3880 3405 15.).

2300 3398 2483 3466 Neque
2508 3400 2650 3453 enim
2683 3402 3051 3474 quod__dicmit
3085 3419 3097 3456 :
3130 3398 3603 3474 SubjecitpOpulos
3632 3406 3799 3470 nobis,
3825 3398 3881 3460 ex

2301 3484 2398 3547 sua
2421 3484 2655 3547 persona
2687 3474 2785 3525 hoc
2814 3470 2995 3547 dicunt
3022 3490 3035 3525 :
3067 3475 3162 3547 s_ed
3202 3470 3268 3528 ex
3298 3470 3417 3545 ejus
3450 3470 3711 3543 persona,
3739 3476 3881 3547 cujus

2303 3540 2658 3615 ministerium
2691 3551 2873 3615 agunt.
2900 3544 3034 3597 llinc
3079 3542 3270 3599 Petrus
3322 3540 3585 3615 quosdam
3635 3540 3880 3602 admouet

2302 3611 2486 3665 dicens
2547 3628 2559 3663 :
2621 3612 2856 3680 Snbjecti
2914 3623 3086 3669 estote
3135 3616 3284 3670 onmi
3334 3611 3585 3672 humana:
3631 3629 3883 3673 eruatur:

2305 3691 2521 3759 propter
2542 3681 2824 3759 Dominum
2859 3684 2935 3759 (ι.
2969 3683 3112 3738 Patr.
3138 3686 3241 3754 2.).
3267 3686 3361 3759 illa
3378 3688 3566 3759 utique
3586 3704 3709 3758 qua:
3739 3704 3883 3759 prop-

2306 3762 2386 3805 ter
2414 3752 2577 3805 Deum
2611 3754 2960 3822 litsubjectio,
2989 3771 3094 3809 non
3128 3752 3233 3811 tam
3266 3752 3575 3812 hominibus
3604 3752 3880 3813 exhibetur

2303 3828 2622 3896 qitatnjteo.
2652 3824 2705 3877 In
2754 3840 2820 3879 eo
2848 3841 2977 3896 e~go
3017 3830 3157 3895 quod
3207 3830 3589 3895 przedicatores
3618 3830 3791 3885 saneti
3814 3829 3883 3883 di-

2303 3904 2451 3970 cunt,
2473 3892 2704 3965 Subjccit
2728 3892 2944 3970 populos
2966 3892 3131 3961 nobis,
3150 3892 3390 3968 et'gentes
3422 3900 3517 3953 sub
3536 3902 3758 3970 pedibus
3775 3917 3883 3954 nos-

2307 3964 2399 4039 rris
2428 3964 2806 4039 :_neqnaqtmm
2852 3969 2922 4020 ita
2970 3964 3372 4039 intelligendum
3402 3984 3509 4036 est,
3537 3964 3612 4025 ἰιι
3646 3973 3752 4027 sibi
3782 3971 3884 4025 vel-

2306 4035 2419 4111 lent
2449 4035 2550 4089 hoc
2578 4039 2883 4111 adscribere
2908 4055 2923 4092 :
2953 4054 3073 4093 cum
3098 4035 3384 4109 Apostolus
3404 4035 3603 4097 Paulus
3634 4044 3881 4111 quosdam

2304 4107 2552 4183 volentes
2580 4108 2628 4161 ei
2673 4108 2865 4183 subjici
2908 4107 3177 4183 tamquam
3210 4112 3433 4176 homini,
3463 4107 3779 4183 redarg'uat,
3806 4114 3881 4169 di-

2305 4192 2436 4255 cens
2465 4196 2477 4231 :
2510 4177 2775 4255 lflutuquid
2805 4179 3002 4255 Paulus
3022 4177 3307 4255 cruciﬁxus
3339 4192 3438 4255 _est
3465 4199 3564 4255 pro
3596 4177 3775 4249 vobis,
3801 4193 3881 4237 aut

2305 4249 2361 4324 in
2391 4249 2606 4324 nomine
2621 4250 3053 4324 _l’aulibaptizati
3082 4254 3210 4308 estis
3229 4252 3446 4324 (l.Cor.
3465 4249 3596 4321 1.)?
3626 4255 3743 4308 Non
3765 4268 3879 4324 ergo

2308 4322 2361 4391 in
2390 4318 2491 4374 hoc
2520 4321 2686 4374 verbo
2718 4322 2925 4391 seipsos
2955 4333 3208 4391 appetunt
3238 4318 3655 4391 commendare,
3682 4325 3778 4381 sed
3823 4318 3882 4379 ῖι-

2308 4390 2646 4465 lumipotius,
2682 4390 2835 4465 cujus
2857 4390 3152 4448 auctoritas
3175 4405 3290 4449 erat
3320 4397 3371 4449 in
3404 4396 3536 4465 ipsis
3568 4414 3583 4450 :
3612 4390 3701 4450 cui
3729 4395 3898 4465 magis

2307 4462 2657 4535 obediebatur
2681 4476 2775 4535 per
2804 4462 2971 4531 ipsos,
3027 4480 3189 4534 quam
3244 4466 3395 4535 ipsis.
3427 4462 3671 4534 Quorum
3719 4462 3881 4523 adhuc

2310 4548 2443 4602 voce
2472 4532 2810 4602 subjungitur
2843 4550 2857 4586 :

2382 4600 2643 4679 5._Elegit
2676 4600 2827 4679 nobis
2882 4605 3230 4679 Iiteredilatem
3270 4603 3437 4662 suam.
3489 4606 3654 4679 idest,
3707 4617 3881 4679 gentes

2312 4672 2475 4748 eicgit
2501 4672 2654 4727 nobis
2684 4675 2745 4748 in~
2764 4674 3130 4748 liaareditatem
3152 4679 3455 4733 sociandas.
3486 4678 3585 4733 Vel
3611 4672 3777 4748 e'leg'it
3804 4695 3880 4733 no-

2312 4746 2416 4811 bis,
2442 4752 2499 4797 ut
2531 4759 2627 4797 nos
2668 4746 3018 4802 subsistentes
3056 4747 3177 4801 loco
3231 4749 3400 4817 ipsius
3422 4789 3437 4814 ,
3470 4750 3526 4803 in
3574 4746 3877 4806 haereditate

2314 4818 2626 4887 excolamus
2647 4831 2786 4882 eam,
2824 4820 3005 4887 spinas
3030 4818 3279 4873 vitiorum
3302 4819 3598 4875 auferendo
3623 4838 3636 4874 :
3673 4836 3877 4876 vomere

2313 4886 2610 4956 disciplina:
2636 4889 2836 4942 arando
2870 4905 2884 4941 :
2914 4890 3120 4942 semina
3146 4890 3399 4945 virtutum
3424 4892 3714 4947 mittendo.
3743 4894 3798 4947 lu
3821 4908 3878 4948 eo

2314 4962 2455 5031 quod
2510 4958 2729 5031 dieitur,
2787 4957 2977 5031 Elegit,
3027 4960 3195 5030 gratia
3238 4962 3420 5015 divina
3464 4963 3883 5019 commendatur.

2316 5027 2477 5083 Juxta
2524 5031 2665 5096 quod
2721 5030 2833 5099 ipse
2854 5027 3253 5100 auctor'gratite
3282 5035 3395 5087 suis
3446 5035 3761 5089 dicit:Non
3803 5049 3885 5088 vos

2320 5115 2405 5175 me
2429 5101 2685 5175 elegistis,
2719 5102 2811 5175 sed
2836 5116 2935 5172 ego
2960 5104 3100 5173 elegi
3130 5118 3223 5175 vos
3244 5104 3424 5175 (Joan.
3461 5106 3596 5175 15.).
3626 5106 3758 5173 Quae
3777 5121 3885 5175 gra-

2320 5169 2387 5223 tia
2420 5172 2586 5238 magis
2616 5169 2934 5239 declaratur,
2964 5169 3085 5227 cum
3133 5169 3417 5229 subditur:
3452 5169 3691 5237 Speciem
3738 5169 3888 5230 .Ιᾶεοὺ

2318 5256 2466 5310 quem
2526 5242 2723 5295 dilexit.
2772 5243 2888 5297 Duo
2958 5242 3152 5299 fratres
3222 5253 3394 5310 erant,
3445 5245 3612 5301 Jacob
3660 5258 3714 5301 et
3756 5248 3882 5301 Esau

2321 5313 2474 5385 (Gen.
2503 5311 2670 5385 25.):
2702 5323 2758 5367 et
2794 5322 3078 5384 antequam
3126 5316 3319 5385 aliquid
3364 5317 3600 5385 egissent
3659 5318 3785 5373 boni
3814 5319 3882 5373 vel

2323 5383 2471 5443 mali,
2504 5383 2579 5435 ait
2609 5384 2862 5438 Dominus
2895 5404 2910 5439 :
2938 5383 3104 5440 Jacob
3152 5383 3331 5450 dilexi,
3359 5383 3498 5441 Esau
3543 5399 3723 5444 autem
3772 5392 3886 5442 odtu

2324 5453 2837 5528 llubui(.llalach.ii.
2868 5457 3018 5528 Rom.
3060 5458 3162 5528 9.).
3205 5458 3306 5511 Per
3327 5456 3493 5513 Jacob
3527 5474 3659 5528 ergo
3697 5461 3883 5514 intelli-

2317 5534 2510 5599 guntur
2542 5530 2708 5594 gratia
2739 5527 2914 5581 eleCIi.
2948 5527 3125 5594 Elegit
3148 5529 3324 5598 itaque
3374 5527 3632 5583 Dominus
3658 5530 3881 5599 speciem

2317 5595 2492 5670 Jacnh
2514 5610 2672 5665 quem
2701 5600 2888 5670 dilexit
2921 5616 2933 5649 :
2968 5613 3071 5652 non
3103 5595 3251 5669 quia'
3278 5611 3401 5655 tunc
3426 5609 3571 5655 esset
3594 5595 3878 5670 speciosus,

2318 5665 2530 5734 quando
2552 5674 2635 5719 est
2662 5667 2884 5735 electus,
2918 5680 3008 5723 aut
3039 5665 3256 5740 propter
3288 5673 3521 5740 Speciem
3569 5665 3731 5741 quam
3777 5683 3887 5726 ante

705 5816 732 5845 ι
770 5808 1019 5866 Fortasse
1051 5818 1254 5865 cantato
1284 5810 1681 5867 rescribendum
1707 5822 1808 5884 εει,
1835 5814 2026 5886 singuli
2050 5817 2192 5874 enim
2233 5819 2300 5877 de
2346 5821 2626 5878 monachis
2660 5821 2894 5896 singulos
2932 5826 3292 5900 praiciuebant
3320 5827 3563 5889 Psahuos
3590 5845 3657 5893 es
3686 5830 3881 5890 ordine.
