4098 6356
282 330 381 389 857

1304 326 1375 391 tu
1413 274 1721 390 PSALIIUS
1759 325 1945 386 ιχιν
1984 325 2546 388 COMMENTARIUS.

2932 280 2957 291 ν

3437 332 3545 393 8Ζ8

280 461 375 517 per
401 460 525 504 eum
546 445 797 504 misertus
821 452 906 504 est
935 444 1090 503 nobis
1116 445 1277 503 Deus.
1302 446 1380 503 De
1404 461 1512 517 quo
1533 445 1695 503 etiam
1715 445 1850 502 dici-
1877 447 1925 506 A
1952 442 2259 518 diuinis;slc
2269 451 2453 518 contra
2470 441 2778 518 violentiam
2794 444 3031 501 caritatis
3044 446 3274 518 mundus
3296 447 3424 503 nihil
3456 464 3543 518 po-

280 527 362 590 titr
389 518 443 590 in
472 518 587 590 alio,
629 519 877 590 psalmo:
906 518 1047 573 Deus
1100 532 1256 590 meus
1313 518 1679 590 misericordia
1712 530 1848 590 mea

281 587 449 659 (,Psal.
480 587 708 652 58.).'Si
732 601 934 644 tantum
961 598 1179 659 peccata
1199 587 1513 659 dimitteret,
1544 587 1852 659 misericors

280 658 527 714 Christus
547 659 654 716 dici
682 661 957 728 p0tuisset.
989 658 1097 716 Sed
1135 658 1259 728 quia
1290 668 1345 714 et
1394 659 1581 726 culpas
1624 658 1847 722 dimisit,

277 738 331 782 et
359 729 578 795 insuper
604 738 863 786 aeternam
889 730 1050 785 vitam
1091 728 1373 784 immeritis
1398 728 1547 784 dedit
1574 745 1589 782 :
1620 743 1725 784 non
1756 743 1851 784 so-

280 799 391 854 lum
423 800 823 856 misericordem
844 842 859 862 .
884 800 979 855 sed
1020 800 1187 868 ipsam
1228 799 1651 854 misericordiam
1690 798 1851 870 digne

279 870 599 939 appellavit.
622 870 722 940 Qui
754 880 901 926 recte
927 870 980 925 in
1024 869 1203 925 medio
1241 869 1438 924 dicitur
1480 871 1702 938 positus,
1726 869 1848 935 quia

281 941 346 1011 ad
373 954 563 995 omnes
587 943 865 1011 aequaliter
892 956 953 996 se
975 942 1158 1003 habet,
1192 950 1298 994 tam
1328 940 1396 995 ad
1436 940 1665 1011 nobiles,
1689 956 1847 1011 quam

281 1010 346 1082 ad
380 1010 689 1082 ignobiles:
722 1019 829 1065 tam
861 1012 925 1067 ad
985 1011 1198 1076 idiotas,
1225 1026 1384 1081 quam
1434 1010 1501 1065 ad
1529 1010 1801 1076 sapientes
1832 1028 1846 1065 :

283 1080 423 1134 sicut
478 1083 735 1150 scriptum
765 1089 877 1145 est,
902 1082 1214 1150 Quicunque
1246 1080 1253 1081 “
1281 1083 1604 1136 invocarerit
1654 1096 1849 1139 nomen

283 1150 527 1218 Domini,
558 1154 738 1205 salvus
764 1153 865 1206 erit
899 1152 1055 1219 (laet.
1085 1151 1191 1220 2.).
1228 1152 1291 1205 Et
1315 1152 1507 1206 iterum
1534 1169 1547 1204 :
1582 1153 1854 1221 Qumquot

280 1232 459 1274 autem
493 1231 810 1290 recrperunt
854 1237 999 1286 eum,
1028 1222 1176 1276 dedit
1225 1223 1304 1277 eis
1350 1231 1661 1289 potestatem
1714 1223 1853 1279 ﬁlios

283 1292 375 1362 Dei
405 1291 518 1346 ﬁeri
547 1290 725 1359 (Joan.
756 1291 854 1361 1.).
882 1292 1023 1347 Bene
1051 1308 1179 1359 ergo
1205 1292 1546 1362 subiunctum
1569 1304 1651 1346 est
1682 1312 1697 1345 :

355 1361 443 1416 il.
477 1362 771 1416 Secundum
795 1380 976 1416 nomen
1003 1374 1144 1416 tuum
1173 1361 1326 1427 Deus,
1349 1364 1424 1416 sic
1451 1373 1498 1417 et
1545 1362 1661 1416 laus
1688 1373 1776 1417 tua
1798 1364 1852 1417 in

283 1430 412 1500 fines
439 1441 607 1486 teme.
639 1434 919 1499 Quomodo
942 1449 1132 1487 nomen
1176 1445 1320 1487 tuum
1354 1434 1493 1487 Deus
1526 1434 1718 1502 ubique
1746 1444 1854 1487 ter-

283 1516 467 1556 rarum
490 1502 737 1557 dil‘l’usuin
766 1512 877 1569 est,
906 1504 986 1559 sic
1010 1518 1063 1557 et
1094 1506 1205 1559 laus
1248 1515 1335 1557 tua
1383 1518 1547 1573 usque
1596 1505 1662 1558 ad
1720 1505 1852 1560 fines

283 1581 445 1644 terra:
476 1574 737 1628 universae
768 1576 1006 1644 procedit
1033 1586 1087 1631 et
1106 1575 1319 1631 crescit.
1346 1575 1496 1630 Nulla
1536 1575 1678 1629 enim
1709 1584 1852 1632 terra

280 1651 386 1714 est,
416 1643 468 1697 in
497 1658 599 1714 qua
627 1645 823 1699 Lhristi
850 1660 1043 1700 nomen
1073 1660 1176 1701 non
1223 1647 1293 1700 sit
1322 1645 1583 1700 auditum.
1620 1646 1687 1699 Et
1727 1660 1853 1702 vero

282 1713 433 1787 multi
456 1713 777 1787 eruntjusii,
796 1716 885 1785 qui
907 1725 958 1769 te
984 1716 1303 1783 laudabunt;
1331 1716 1452 1787 quia
1476 1716 1682 1785 justitia
1702 1717 1852 1784 plena

1954 523 2077 569 test.
2095 514 2227 585 Hinc
2245 516 2433 569 Paulus
2445 515 2551 569 ait:
2569 514 2698 582 Quis
2711 530 2807 572 nos
2818 517 3086 585 separabit
3100 532 3129 572 a
3143 521 3369 573 caritate
3381 514 3504 573 Cli'ri
3516 551 3543 563 -

1952 586 2056 640 sti‘l
2077 584 2394 656 Tribulatio,
2425 601 2492 639 an
2520 587 2781 655 angustia,
2817 584 2890 641 an
2916 588 3243 653 persecutio,
3259 604 3326 643 an
3346 590 3534 656 lames,

1950 669 2016 709 an
2035 655 2266 723 nuditas,
2282 672 2350 711 an
2370 657 2688 725 periculum,
2701 672 2766 712 an
2779 656 2990 729 gladius
3004 660 3028 713 γ
3042 657 3230 714 Certus
3250 674 3395 726 sum,
3416 661 3540 729 quia

1953 741 2124 793 neque
2161 742 2328 791 mors,
2362 741 2534 796 neque
2564 729 2695 791 vita.
2726 741 2901 797 neque
2932 728 3207 795 instantia,
3244 744 3416 798 neque
3456 731 3538 785 fu-

1954 804 2091 860 tura,
2126 812 2297 869 neque
2323 806 2569 851 creatura
2613 798 2789 869 aliqua
2836 800 3038 869 poterit
3069 814 3165 854 nos
3213 814 3466 869 separare
3508 818 3538 854 ει

1949 869 2174 922 caritate
2225 867 2341 930 Dei,
2372 882 2491 935 quae
2522 876 2607 923 est
2634 867 2689 922 in
2708 867 2936 923 Christo
2963 868 3093 924 .Iesu
3134 867 3363 925 Domino
3406 887 3537 925 nos-

1952 946 2037 990 tro
2068 936 2249 1007 (Rom.
2271 936 2497 1011 8.)._Ubi
2521 947 2708 1008 regnat
2736 937 2955 1011 caritas,
2988 956 3091 994 non
3124 948 3313 1010 regnat
3331 941 3540 1011 cupidi-

1951 1015 2054 1072 tas,
2086 1022 2191 1061 non
2220 1007 2500 1074 superbia,
2550 1007 2654 1063 nun
2687 1012 2785 1073 ira,
2817 1007 2922 1063 non
2970 1007 3337 1077 iitvidia,niin
3375 1007 3531 1065 luxu-

1952 1077 2053 1151 ria,
2080 1092 2183 1151 non
2214 1087 2408 1133 caetera
2440 1078 2593 1151 vitia.
2618 1079 2822 1134 Caritas
2853 1080 2976 1133 vitia
3007 1081 3279 1151 extinguit
3300 1083 3375 1151 (l.
3404 1080 3551 1137 Cor.‘

1952 1147 2341 1223 l5.),__virtu_ies
2369 1149 2553 1223 nutrit.
2581 1150 2695 1223 Ipsa
2717 1160 2801 1205 est
2830 1151 3080 1223 virtutum
3112 1147 3316 1223 virtus,
3355 1162 3412 1208 et
3451 1154 3535 1223 (ut

1953 1219 2021 1271 ita
2070 1216 2267 1288 dicam)
2320 1219 2498 1272 anima
2555 1219 2837 1274 virtutum.
2907 1222 3190 1287 Quomodo
3239 1238 3366 1278 caro
3416 1216 3536 1278 sine

1951 1289 2131 1363 anima
2175 1290 2355 1363 vivere
2400 1304 2506 1363 non
2536 1299 2732 1363 potest,
2761 1292 2839 1344 sic
2870 1296 3087 1363 reliquae
3115 1296 3339 1348 virtutes
3368 1334 3383 1358 ,
3417 1297 3536 1348 sine

1951 1362 2173 1413 caritate
2228 1362 2447 1424 liguram
2493 1362 2690 1414 habere
2722 1369 2965 1428 possunt,
3020 1365 3298 1419 veritatem
3334 1364 3536 1419 habere

1952 1444 2057 1484 non
2090 1442 2331 1496 possunt.
2368 1431 2430 1483 Et
2474 1431 2743 1499 quomodo
2780 1434 2955 1485 anima
2983 1447 3176 1497 corpus
3214 1436 3435 1492 animat.
3463 1436 3533 1489 ita

1951 1503 2154 1574 caritas
2176 1511 2396 1554 (λειω-δε
2429 1502 2648 1574 virtutes
2673 1501 2931 1574 viviﬁcat.
2962 1503 3091 1556 Nam
3125 1519 3220 1574 per
3250 1508 3531 1560 caritatem
3625 1518 3635 1527 '

1952 1572 2091 1640 viget
2145 1573 2445 1634 humilitas.
2497 1571 2743 1639 splendet
2786 1583 3002 1628 castitas
3041 1591 3055 1628 :
3107 1571 3200 1642 per
3247 1575 3531 1631 caritatem

1950 1642 2255 1715 obedientia
2286 1643 2469 1702 si'rvit.
2534 1642 2790 1713 patientia
2830 1645 3012 1698 vincit.
3063 1644 3533 1715 Sicrunaquzeque

1953 1712 2121 1765 virtus
2170 1721 2334 1766 totam
2391 1714 2625 1780 speciem
2690 1728 2883 1779 suam,
2940 1722 3105 1769 totam
3164 1712 3533 1771 fortitudinem

280 1792 357 1865 εει
384 1785 591 1866 dextera
611 1783 720 1839 tua.
749 1783 881 1867 Quia
911 1783 1850 1873 pet'_ot_ntiipotent'iamtuammultos
1886 1816 1925 1873 Β
1953 1797 2103 1873 suam
2134 1799 2239 1873 non
2269 1784 2691 1873 traliitaltunde,
2719 1783 2821 1838 nisi
2847 1800 2876 1873 a
2894 1786 3148 1873 caritate.
3178 1785 3365 1873 Ifenite
3404 1803 3533 1869 ergo

275 1851 456 1926 iustos
478 1854 588 1924 jam
615 1851 946 1926 convertisti.
980 1855 1127 1912 Multi
1153 1851 1276 1911 sunt
1296 1857 1393 1922 illi,
1428 1858 1515 1926 qtti
1541 1858 1758 1911 stabunt
1782 1859 1848 1912 ad

280 1923 563 1999 desterain
605 1934 745 1999 tuam
777 1925 990 1999 (Matth.
1014 1926 1156 1996 25.).
1188 1923 1663 1999 Notisolummulti
1693 1938 1851 1999 erunt

286 1995 380 2062 qui
410 1996 628 2050 Stabunt
665 1997 729 2050 ad
785 1995 1052 2053 sinistram
1099 2016 1112 2053 :
1160 1999 1253 2053 sed
1307 1998 1379 2053 ibi
1425 1997 1527 2051 erit
1577 1998 1850 2066 plenitudo

295 2079 488 2120 massa:
512 2068 576 2119 ad
605 2066 879 2122 dexteram
909 2070 1213 2123 constituta:
1238 2086 1251 2121 :
1290 2068 1354 2123 Et
1382 2069 1504 2122 ideo

356 2135 442 2190 12.
466 2134 686 2190 ιωιοιιιγ
700 2154 840 2191 mons
854 2136 1005 2203 Sion,
1028 2149 1074 2192 et
1089 2140 1310 2193 exultent
1335 2136 1643 2207 ﬁliieludw.
1664 2137 1718 2192 Id
1741 2149 1846 2205 est,

288 2215 511 2279 uterque
535 2209 777 2279 populus.
806 2207 989 2262 .Iudzea
1010 2218 1060 2263 et
1090 2207 1392 2264 Gentilitas.
1419 2207 1609 2265 Unde?
1637 2222 1848 2279 propter

282 2276 475 2338 iudicia
495 2286 605 2344 tua,
624 2275 863 2333 Domine.
898 2279 977 2332 Tu
1015 2281 1155 2333 enim
1207 2275 1646 2349 judicatitruses
1700 2275 1847 2335 vivus

278 2354 1031 2420 etinortuos.etseparaturus
1045 2348 1222 2419 paleas
1257 2348 1477 2420 agranis
1515 2348 1732 2419 (Matth.
1754 2350 1840 2405 f5.

283 2418 423 2490 l6.et
436 2414 551 2490 25.)
573 2434 585 2470 :
608 2428 661 2472 et
672 2420 715 2473 si
734 2421 892 2474 modo
904 2414 1057 2474 electi
1071 2421 1144 2475 tui
1160 2414 1336 2490 patiuii
1346 2428 1430 2475 tur
1443 2414 1637 2475 multas
1650 2422 1846 2476 moles-

280 2489 407 2561 tias,
421 2487 592 2561 adliitc
606 2491 742 2544 inter
753 2491 921 2544 malos
937 2487 1236 2561 positi,quia
1254 2508 1357 2545 non
1371 2492 1744 2545 discernuntur
1764 2494 1848 2545 ad-

281 2556 589 2630 bucjudicia
609 2571 691 2612 tua
715 2578 729 2615 :
751 2571 872 2614 tunc
901 2556 1251 2628 profecto'erit
1268 2562 1767 2630 pleiiumgaudium,
1792 2573 1844 2616 et

282 2626 525 2700 perfecta
559 2631 839 2697 exultatio,
869 2626 1080 2699 quando
1104 2640 1223 2697 post
1247 2626 1442 2700 j'itdiwia
1472 2626 1591 2684 data
1615 2626 1842 2686 audituri

278 2708 445 2752 sunt:
493 2699 691 2759 Venite.
751 2702 1013 2755 benedicti
1067 2699 1409 2763 l’atris’mei.
1458 2704 1713 2771 percipite
1760 2719 1845 2757 re-

315 2783 465 2841 i_i_um,
498 2772 637 2837 quod
682 2772 833 2825 vobis
875 2781 1117 2841 paratum
1169 2784 1250 2827 est
1293 2776 1360 2826 ab
1409 2774 1615 2840 origine
1660 2775 1841 2827 mundi

315 2783 465 2833 nuitt,
498 2782 637 2837 quoq
682 2782 833 2825 voms
875 2782 1117 2841 paratum
1169 2784 1250 2827 est
1293 2782 1360 2826 ab
1409 2782 1615 2840 origine
1660 2782 1841 2827 mundi

275 2782 496 2913 fugato.
530 2841 670 2910 ‘25.).
706 2841 806 2896 Per
850 2844 978 2897 Sion
1026 2850 1260 2898 montem
1316 2844 1436 2897 ideo
1479 2844 1844 2913 intelliguntur

276 2908 469 2972 Judaei,
504 2908 792 2977 quiasicut
810 2913 917 2980 jam
942 2927 1100 2979 supra
1122 2916 1319 2968 dictum
1349 2922 1451 2979 est,
1486 2913 1557 2966 ibi
1612 2908 1693 2967 est
1745 2929 1835 2967 ca-

283 2990 373 3044 put
414 2981 581 3048 regiti.
621 2981 768 3036 Filia:
800 2983 949 3038 ,Ιιιάεε
1006 3000 1112 3037 non
1187 2985 1452 3038 immerito
1511 2985 1844 3048 accipiuntur

278 3048 518 3125 Gentiles
553 3069 566 3104 :
602 3051 696 3125 sed
731 3063 946 3121 propter
972 3054 1364 3109 confessionem
1397 3055 1558 3125 239
1580 3055 1721 3109 lidei.
1748 3054 1838 3109 Ju-

274 3119 372 3192 das
391 3122 535 3192 enim
567 3123 813 3192 confessio
831 3119 905 3178 est
930 3142 949 3178 :
974 3132 1027 3179 et
1074 3140 1260 3180 omnes
1317 3119 1447 3178 lilii:-
1460 3119 1837 3191 cmil'essionis,

1954 1855 2109 1906 corda
2128 1854 2368 1929 vestroitt
2402 1855 2584 1929 virtute
2623 1853 2731 1929 ejus
2766 1865 2860 1929 εει
2880 1856 3367 1929 distribuitedontos
3396 1853 3535 1929 eju's,

1952 1932 2007 1975 ut
2026 1926 2271 1979 enarrett's
2290 1925 2342 1978 in
2360 1925 2798 1998 progenieio'ltern.
2814 1925 3012 1981 Domus
3033 1928 3151 1982 dua:
3172 1925 3533 1998 intelligenda:

1948 2003 2111 2067 sunt:
2142 2011 2245 2050 una
2292 1997 2668 2067 esgprzeputio,
2700 1996 2803 2051 alia
2831 2011 2897 2050 ex
2928 1996 3367 2053 circumcisione.
3392 1996 3534 2053 Cun-

1949 2066 2193 2137 stitutuin
2223 2076 2306 2121 est
2356 2064 2465 2133 (Ex
2505 2064 2835 2137 Augustino),
2868 2079 2923 2120 ιιι
2952 2068 3213 2137 Apostoli
3243 2068 3534 2125 distribue-

1950 2143 2089 2201 reitt,
2120 2136 2221 2191 boc
2240 2147 2325 2191 est
2364 2136 2749 2201 discernerent,
2784 2137 2971 2192 domos
3004 2141 3155 2192 istas.
3186 2136 3321 2192 Cum
3375 2153 3534 2193 voca-

1950 2214 2035 2258 tus
2064 2216 2206 2279 esset
2254 2207 2480 2279 saulus,
2512 2218 2565 2262 ct
2618 2208 2789 2261 factus
2818 2217 2965 2263 esset
3017 2208 3212 2263 Paulus
3257 2209 3395 2279 (Act.
3424 2209 3530 2279 9.),

1946 2278 2274 2352 conveniens
2304 2278 2358 2352 in
2382 2282 2593 2352 unitate
2619 2280 3054 2352 conpostolorum
3077 2278 3339 2352 suorum,
3367 2278 3533 2352 240

1948 2347 2025 2400 sic
2051 2361 2170 2401 cum
2202 2353 2282 2402 eis
2312 2348 2492 2401 habuit
2541 2348 2813 2413 placitum,
2848 2360 2903 2401 ut
2934 2349 3007 2403 illi
3042 2350 3185 2404 irent
3215 2351 3268 2403 in
3298 2347 3531 2405 circuiti-

1947 2416 2250 2490 cisionem:
2282 2421 2381 2473 istc
2403 2420 2455 2490 in
2480 2419 2794 2488 prmputiuin
2825 2421 2962 2485 (Act.
3005 2422 3139 2489 ll.).
3177 2419 3281 2475 Ista
3313 2420 3532 2490 dispen-

1946 2488 2153 2543 satione
2197 2489 2539 2556 Apostolatus
2568 2490 2648 2542 sui
2678 2489 3064 2543 distribuerunt
3102 2488 3295 2544 domos
3343 2488 3532 2546 civita—

1949 2558 2016 2633 _t_is
2047 2562 2218 2627 magni
2251 2575 2415 2633 regis,
2444 2570 2498 2616 et
2526 2560 2916 2633 concordantes
2944 2559 2996 2612 in
3039 2564 3256 2630 angulo,
3287 2560 3532 2633 Evange-

1949 2626 2074 2681 lium
2128 2626 2527 2698 dispensatione
2575 2629 2897 2692 diviserunt,
2948 2626 3169 2686 caritate
3218 2626 3528 2687 Vinxeru'nt.

1951 2698 2351 2755 Distribuutttur
2380 2702 2541 2755 etiam
2591 2702 2783 2753 domus
2823 2702 2974 2755 istius
3014 2717 3111 2770 per
3149 2702 3388 2757 diversas
3438 2719 3528 2758 re-

1947 2770 2154 2839 giones,
2190 2787 2284 2841 per
2333 2771 2572 2825 diversas
2618 2772 3079 2839 congiegationes,
3134 2788 3229 2840 per
3278 2774 3524 2828 diversos

1945 2842 2181 2905 ordines,
2230 2857 2324 2909 per
2349 2843 2557 2896 diversa
2591 2852 2804 2896 tiierita.
2832 2844 2961 2909 Qua:
2990 2844 3295 2897 distributio
3342 2844 3535 2899 domo-’

1948 2925 2063 2963 tum
2097 2912 2252 2967 liabet
2277 2913 2327 2965 iu
2359 2914 2490 2967 caelo
2536 2912 2930 2965 distinctionem
2970 2914 3335 2981 primaint-um.
3378 2915 3532 2969 Unde

1946 2981 2192 3050 Salvator
2237 2982 2329 3045 ait,
2378 2983 2434 3035 ln
2462 2986 2624 3035 domo
2654 2986 2817 3050 patris
2850 2983 2952 3036 mei
2986 2984 3292 3037 mansiones
3340 2990 3529 3040 multa:

1945 3060 2068 3124 sunt
2097 3049 2278 3123 (Joan.
2317 3054 2447 3120 14.).
2498 3049 2665 3107 Sicuti
2686 3052 2843 3106 modo
2872 3052 3097 3107 diversa:
3127 3055 3317 3108 domus
3344 3058 3530 3124 gratia:

1948 3122 1998 3173 iit
2041 3122 2142 3175 una
2175 3125 2410 3187 civuate,
2455 3124 2523 3176 ita
2574 3133 2700 3176 tunc
2744 3124 2970 3177 diversa:
3015 3133 3173 3179 erunt
3219 3122 3529 3180 mansiones

276 3188 618 3266 li_li:e__Judac
648 3188 815 3266 g’suni.
866 3196 998 3249 hinc
1050 3195 1156 3263 (Ex
1204 3194 1510 3266 Augustino)
1556 3188 1845 3261 Apostolus
1876 3195 1919 3257 C
1951 3191 2131 3259 gloriae
2158 3192 2207 3245 in
2236 3194 2771 3266 cadet-tmternitare
2801 3192 2879 3264 (ι.
2911 3193 3031 3247 Cor.
3080 3194 3215 3266 15.).
3250 3192 3356 3249 Sed
3402 3198 3529 3265 quid

276 3260 350 3315 ait
383 3278 396 3313 :
426 3262 539 3336 μου
574 3264 713 3317 enim
738 3266 827 3334 qui
861 3267 910 3320 iii
935 3260 1216 3321 manifesto
1264 3260 1617 3333 ,Ιύιιιιςιςθειέ
1650 3283 1839 3336 orque.

275 3344 397 3399 quae
426 3333 477 3386 in
517 3336 795 3389 manifesto
817 3348 870 3390 et
908 3338 963 3390 in
1001 3352 1165 3391 carne
1218 3349 1301 3391 est
1343 3337 1681 3392 circumcisio
1710 3333 1844 3390 {sed

276 3400 367 3473 qui
407 3402 458 3456 in
497 3403 811 3459 abscondito
839 3407 1056 3461 Judzeus
1084 3417 1185 3473 est,
1221 3417 1273 3462 et
1299 3408 1634 3461 circumcisio
1660 3408 1845 3460 cordis

276 3471 333 3525 in
360 3476 548 3548 spiritu
578 3490 680 3527 non
706 3476 856 3548 litera
890 3496 902 3531 :
934 3478 1087 3548 cujus
1118 3471 1231 3531 laus
1260 3494 1365 3531 non
1394 3493 1458 3532 ex
1508 3479 1837 3548 hominibus,

274 3544 372 3619 sed
400 3558 470 3619 es
498 3545 605 3619 Deo
628 3556 708 3599 est
739 3547 919 3619 (llam.
959 3544 1061 3619 ‘22).
1091 3550 1236 3603 Talis
1275 3549 1491 3603 Judzeus
1536 3557 1690 3602 esto:
1723 3547 1843 3601 Glo-

275 3612 420 3667 n’are
440 3614 506 3668 de
543 3612 827 3671 circutiicis
851 3635 953 3674 one
1011 3612 1206 3674 cordis.
1254 3621 1621 3675 Admoueiitur
1649 3620 1761 3685 alii,
1789 3629 1847 3673 ut

273 3695 677 3751 convertantur,
700 3704 819 3741 cum
842 3690 1085 3744 suintnr
1110 3706 1124 3742 :

348 3753 434 3808 l3.
456 3756 782 3811 Circumdate
804 3760 953 3825 Sion,
972 3771 1017 3815 et
1040 3761 1435 3829 complectimini
1450 3778 1583 3815 eam.
1608 3759 1850 3815 Circum-

272 3823 395 3879 tlate
439 3841 557 3881 eam
602 3843 695 3896 per
742 3823 948 3897 ﬁdem,
980 3848 1076 3901 per
1123 3823 1509 3901 operationem,
1544 3848 1637 3901 per
1679 3835 1846 3886 bonos

271 3909 470 3957 mores,
500 3912 551 3951 et
581 3901 989 3971 complectiinini
1017 3918 1133 3958 eam
1165 3903 1489 3957 dulcissimis
1516 3905 1846 3971 amplexibus

272 3970 534 4043 caritatis.
580 3970 754 4025 bolite
801 3971 908 4043 (Ea:
948 3974 1147 4043 eodem)
1180 3974 1447 4027 scandulis
1489 3970 1841 4041 circumdate,

271 4038 366 4111 sed
397 4040 640 4111 caritate,
670 4048 728 4092 ut
755 4038 843 4111 qui
876 4042 1014 4097 bene
1044 4038 1227 4096 vivunt
1265 4044 1316 4096 iii
1348 4045 1523 4098 medio
1544 4046 1728 4109 vestri,
1753 4038 1846 4098 eos

270 4105 552 4181 imitemini
588 4128 602 4163 :
632 4120 686 4166 et
717 4105 900 4166 eorum
931 4114 1225 4167 imitatione
1254 4115 1486 4178 Christo,
1518 4115 1668 4181 cujus
1693 4105 1848 4167 inem-

271 4178 365 4253 bra
394 4191 540 4253 sunt,
570 4182 977 4250 incorporemiiii
1012 4184 1187 4253 (Rom.
1223 4183 1354 4253 12.).
1383 4178 1607 4236 Narrate
1632 4188 1681 4235 in
1706 4186 1849 4238 turri-

271 4249 364 4301 bus
392 4251 523 4319 ejus.
556 4253 610 4305 id
638 4249 741 4318 est,
774 4270 823 4307 in
855 4249 1132 4308 altitudine
1165 4249 1519 4308 munitionum
1554 4254 1668 4325 ejus
1714 4271 1844 4307 ciiii-

267 4325 461 4396 stituti,
516 4325 804 4396 praedii-ate
850 4325 1032 4381 laudes
1061 4326 1199 4396 ejus.
1248 4326 1377 4379 llitic
1408 4326 1545 4379 alius
1592 4325 1846 4394 proiilieta

268 4391 522 4445 admoaet
549 4395 731 4448 dicetis
761 4411 775 4448 :
809 4396 981 4461 Super
1019 4391 1252 4450 nionteni
1284 4401 1552 4450 excelsum
1594 4391 1843 4461 ascende,

271 4468 324 4539 tu
352 4463 463 4539 qui
493 4466 826 4539 evatigelizas
873 4468 1000 4522 Sion
1033 4467 1187 4539 (lsai.
1218 4466 1353 4535 40.).
1389 4466 1503 4521 Non
1550 4483 1693 4520 etiiin
1726 4483 1845 4519 ver-

271 4532 397 4607 bum
429 4532 529 4607 Dei
556 4532 843 4601 priedicare
874 4532 1052 4605 debet,
1095 4540 1182 4607 qui
1223 4532 1395 4591 adliuc
1426 4554 1586 4607 prave
1617 4540 1845 4591 vivendo

268 4602 321 4677 i_n
364 4604 486 4656 imis
513 4606 674 4673 jacet.
722 4607 871 4662 Unde
917 4602 1172 4675 sciiptu'iit
1222 4619 1304 4664 est
1348 4602 1551 4663 iu'alio
1592 4610 1837 4677 psalmo:

273 4672 542 4731 Peccatori
574 4685 748 4731 autem
776 4681 913 4732 dixit
943 4672 1102 4742 Deus,
1142 4680 1317 4747 Quare
1350 4690 1401 4734 tu
1424 4672 1643 4732 ciiarras
1685 4680 1841 4746 iusti-

267 4747 369 4801 tias
420 4762 589 4819 meas,
634 4759 688 4802 et
717 4751 947 4803 assumis
1002 4762 1373 4805 testamentum
1424 4766 1599 4803 meum
1652 4764 1746 4819 per
1780 4765 1842 4803 os

268 4827 416 4889 t_uuin
449 4815 643 4889 (μιαί.
676 4822 834 4889 49.)⁵ι
864 4822 940 4873 'l‘u
976 4837 1099 4876 vero
1138 4824 1293 4875 odisti
1343 4815 1700 4889 disciplinain,
1734 4833 1837 4875 etc.

266 4886 411 4958 Ergo
444 4886 495 4941 iii
528 4886 845 4946 turribus'et
874 4893 925 4944 in
957 4902 1135 4946 monte
1164 4892 1383 4947 exerlso
1427 4886 1723 4944 tiarrandus
1758 4901 1841 4944 est

261 4960 476 5031 divinus
525 4977 723 5017 .~eriiio.
776 4965 981 5017 Jttstunt
1031 4973 1132 5027 cst,
1168 4972 1224 5016 ut
1270 4968 1376 5016 alte
1409 4972 1567 5025 VIVal,
1618 4962 1839 5031 quialta

259 5030 560 5101 przeiticat:
595 5042 652 5086 ut
698 5049 819 5087 curn
866 5034 1126 5086 doctrinis
1171 5033 1464 5087 concordet
1512 5030 1647 5086 vita.
1695 5033 1835 5101 Apte

259 5110 441 5168 itaque
469 5103 804 5169 subjunctuiii
835 5114 917 5157 est
942 5120 957 5156 :

334 5174 422 5247 ιι.
448 5169 641 5247 _Potiite
662 5180 818 5227 corda
846 5188 1010 5228 uestra
1033 5175 1085 5227 in
1108 5176 1289 5227 virtute
1307 5177 1438 5247 ejus.
1474 5173 1652 5247 Virtus
1679 5174 1835 5241 hujus

257 5241 512 5309 civitatis,
544 5245 654 5312 ipsii
699 5256 779 5299 est
812 5249 889 5299 vis
918 5250 1177 5299 caritatis.
1226 5241 1364 5301 Niltil
1392 5254 1475 5299 est
1500 5244 1692 5299 fortius
1732 5247 1835 5300 bac

258 5312 575 5385 uirtutetde
603 5331 705 5385 qua
730 5314 979 5370 Salomon
1015 5318 1090 5371 ait
1115 5334 1129 5372 :
1164 5316 1338 5371 Fortis
1366 5324 1468 5380 est,
1505 5325 1563 5369 ut
1591 5329 1734 5369 mors
1755 5315 1836 5369 di-

257 5382 414 5437 lectio
443 5382 747 5457 (Cattt.'8.).
780 5387 1058 5456 Quomodo
1085 5390 1224 5441 enim
1257 5391 1468 5456 quando
1499 5388 1643 5442 venit
1664 5400 1830 5452 mors,

258 5457 434 5510 resisti
461 5458 509 5511 ei
524 5472 629 5522 non
648 5459 785 5512 valet
803 5459 1123 5527 quibuslibet
1144 5461 1367 5527 artibus,
1386 5459 1834 5527 quibuslibetme-

328 5600 355 5629 ι
384 5590 466 5646 Ad
498 5591 865 5663 insequentem
889 5593 1128 5660 proxime
1152 5593 1415 5648 Psaluium
1447 5592 1693 5663 pericopa
1719 5593 1833 5646 lucc

255 5664 508 5733 pertinet,
541 5674 594 5716 et
625 5664 778 5718 l‘acile
808 5662 1056 5732 Prologo,
1082 5664 1198 5719 sive
1225 5677 1281 5718 ut
1324 5665 1517 5720 Noster
1545 5675 1716 5728 vocat,
1742 5663 1835 5717 Ti-

252 5736 363 5789 tulo
409 5733 904 5805 subnecteuda‘est.
936 5733 1013 5805 lie
1058 5739 1219 5805 etiam
1256 5748 1382 5788 vera
1415 5736 1758 5805 Augustinus,
1792 5748 1831 5805 ea

248 5821 349 5877 quo
369 5818 493 5861 eam
541 5803 734 5861 Nuiter
759 5803 1063 5873 descripsit,
1112 5802 1531 5862 Friniatiuncul'te
1589 5807 1641 5861 in
1688 5804 1835 5859 Psal-

1952 3275 2055 3326 σει,
2106 3268 2245 3330 quol
2292 3264 2600 3332 praecipitur
2639 3265 2813 3334 vobis.
2862 3278 2894 3318 ο
2938 3265 3107 3319 sancti
3152 3266 3422 3334 Apostoli,
3471 3278 3529 3320 ut

1950 3336 2194 3404 citort'ett's
2219 3334 2270 3386 in
2294 3338 2531 3404 pragenie
2556 3335 2752 3387 altera?
2776 3333 3029 3402 Sequitur
3057 3344 3110 3389 et
3135 3336 3265 3391 dicit
3291 3353 3306 3388 :

2023 3401 2111 3456 15.
2148 3401 2401 3468 Quoniam
2439 3405 2520 3456 hic
2544 3413 2615 3457 est
2640 3403 2796 3468 Deus,
2824 3401 2961 3457 Deus
2982 3415 3151 3459 noster
3174 3408 3225 3459 tn
3253 3416 3523 3473 reternutn,

1952 3482 1996 3526 rt
2019 3474 2070 3525 in
2089 3476 2316 3527 secutum
2336 3474 2495 3529 seculi
2518 3492 2536 3529 :
2555 3479 2662 3544 ipse
2674 3484 2807 3544 reget
2826 3491 2919 3528 nos
2939 3477 2992 3528 in
3008 3478 3197 3531 secula.
3219 3476 3325 3532 Nos
3347 3492 3532 3531 sumus

1953 3548 2231 3612 progenies
2253 3547 2439 3601 altera.
2472 3546 2549 3600 Re
2576 3561 2699 3601 vera
2731 3549 2917 3614 altera,
2947 3549 3069 3616 quia
3102 3564 3260 3618 nova.
3288 3547 3531 3618 Pr0ptie-

1952 3627 2057 3669 tata
2100 3627 2227 3670 sunt
2256 3617 2369 3671 haec
2398 3619 2449 3671 iii
2483 3619 2733 3687 progenie
2759 3618 2982 3682 carnali,
3023 3617 3308 3686 praedicata
3343 3617 3533 3673 etim-

1955 3687 2109 3761 ιιὶιιιειΔ
2143 3691 2195 3741 in
2237 3689 2496 3761 progenie
2541 3687 2803 3761 spirititali
2835 3705 2846 3740 :
2881 3700 3130 3742 narratur
3172 3704 3301 3761 ergo
3346 3691 3527 3757 nobis,

1950 3758 2111 3824 quoni
2132 3775 2198 3810 illl
2235 3759 2318 3814 liic
2354 3762 2511 3822 Deus,
2539 3759 2629 3828 qui
2662 3766 2768 3812 tam
2800 3773 3023 3823 magnus
3052 3770 3154 3823 est,
3199 3758 3260 3815 et
3286 3770 3391 3815 tam
3419 3762 3532 3815 lau-

1952 3830 2166 3893 dabilis,
2200 3829 2339 3884 Deus
2367 3841 2550 3884 noster
2576 3837 2659 3883 est
2690 3846 2702 3884 :
2738 3845 2843 3883 non
2888 3830 2952 3882 ad
2987 3841 3219 3899 tempus,
3245 3832 3337 3885 sed
3370 3832 3422 3884 iii
3461 3849 3533 3886 ae-

1956 3915 2185 3956 ternum.
2232 3905 2275 3954 U
2303 3901 2457 3955 dulce
2489 3904 2740 3969 gaudium
2781 3903 2791 3953 !
2828 3899 3097 3955 iiicll'abile
3143 3902 3384 3955 donum!
3440 3903 3532 3955 ha-

1952 3970 2179 4025 buerunt
2209 3972 2381 4024 .litdaai
2429 3971 2591 4026 Deutn
2635 3972 2774 4036 cmli,
2819 3972 2914 4027 scd
2963 3986 3067 4025 non
3114 3972 3166 4025 in
3218 3986 3528 4025 aeternum:

1952 4042 2075 4111 quia
2110 4044 2417 4111 repulerunt
2444 4058 2590 4096 eum.
2620 4042 2922 4095 Habuerunt
2955 4054 3141 4111 gentes
3170 4041 3308 4095 Deos
3334 4044 3533 4096 multos

1952 4126 2143 4174 aereos,
2177 4114 2402 4180 ligneos,
2442 4112 2706 4178 lapideos,
2740 4125 2931 4165 aureos
2961 4128 2974 4163 :
3008 4115 3101 4164 sed
3144 4126 3247 4165 non
3282 4113 3336 4164 in
3372 4122 3532 4165 reter-

1955 4197 2101 4242 nittn,
2135 4184 2255 4249 quia
2285 4183 2353 4234 de
2382 4181 2715 4249 corruptibili
2749 4190 2968 4233 materia
3015 4181 3226 4234 fuerunt
3262 4180 3369 4233 :de
3411 4184 3529 4250 qui-

1952 4253 2050 4305 bus
2074 4262 2332 4318 scriptum
2355 4261 2458 4314 est,
2487 4252 2563 4303 Dii
2597 4252 2685 4319 qui
2723 4260 2912 4305 cmlutn
2946 4262 2997 4304 et
3023 4266 3214 4304 terrain
3244 4266 3348 4303 non
3384 4252 3527 4305 lece-

1954 4334 2095 4386 runt,
2146 4336 2361 4387 pereant
2407 4322 2475 4375 de
2524 4330 2685 4386 terra,
2739 4333 2791 4375 et
2835 4323 2901 4373 de
2954 4322 3055 4385 liis,
3089 4336 3206 4389 qua:
3254 4326 3354 4375 sub
3396 4324 3532 4376 caelo

1954 4408 2074 4447 sunt
2102 4393 2311 4466 (Jereitt.
2350 4393 2487 4461 10.).
2534 4392 2793 4459 ριιυιιίιιιιι
2824 4408 3012 4445 omnes
3154 4395 3390 4466 gentium
3417 4397 3531 4466 ida:-

1954 4461 2130 4518 monia
2162 4483 2173 4517 :
2214 4465 2466 4517 Dominus
2497 4474 2671 4516 autem
2701 4474 2862 4515 CiUltlS
2895 4466 3018 4515 iecit
3047 4461 3218 4532 (Psitl.
3244 4464 3384 4533 95.).
3414 4465 3529 4529 Ipse

1952 4548 2033 4589 est
2068 4537 2316 4590 Dominus
2342 4536 2476 4588 Deus
2500 4550 2682 4587 noster
2709 4533 2760 4586 iii
2793 4546 3071 4599 aeternum,
3106 4546 3441 4602 regnaturus,
3470 4546 3523 4589 et

1879 4578 1923 4635 Ῐ)
1954 4611 2003 4659 itt
2035 4608 2135 4663 ltoc
2164 4610 2345 4659 seculo
2368 4617 2423 4659 et
2468 4605 2519 4658 iit
2570 4603 2771 4657 futuro.
2799 4606 2916 4672 Ipse
2944 4614 2998 4658 et
3036 4578 3141 4658 iion
3164 4578 3332 4667 lalios,
3380 4579 3531 4675 re’gvt

1948 4693 2047 4731 nos
2076 4679 2128 4732 ii:
2160 4678 2362 4730 Sucula.
2393 4676 2448 4730 Si
2482 4675 2620 4727 Deus
2662 4686 2842 4729 noster
2872 4684 2972 4737 est,
3004 4684 3060 4729 et
3090 4691 3181 4727 rex
3214 4687 3395 4728 noSter
3426 4691 3527 4729 es'.

1950 4751 2182 4819 Protegit
2226 4762 2343 4808 tios,
2389 4751 2514 4817 quia
2562 4746 2836 4819 Deusest,
2886 4759 2963 4819 ne
3004 4748 3313 4799 litoriaiiiur.
3363 4744 3531 4815 Rech

1949 4835 2065 4884 nos,
2114 4816 2242 4888 quia
2275 4833 2369 4872 rex
2397 4826 2501 4881 est,
2536 4832 2602 4870 tte
2628 4817 2901 4870 cudamus.
2935 4816 3185 4883 [tegendo
3214 4828 3393 4869 autem
3434 4832 3531 4869 tius

1946 4907 2050 4944 non
2083 4888 2277 4959 frangit
2302 4904 2420 4943 nos.
2453 4891 2583 4941 Nam
2608 4902 2874 4959 quos‘iton
2904 4891 3061 4956 regit,
3093 4888 3301 4954 frangit.
3329 4888 3401 4959 lie
3423 4891 3527 4951 ttt~,

1943 4977 2075 5031 quos
2102 4954 2255 5031 regit,
2290 4962 2547 5027 scriptum
2579 4954 2704 5025 est;
2738 4957 2913 5026 Reges
2956 4954 3047 5011 eos
3090 4960 3141 5010 iii
3179 4974 3322 5026 Virga
3350 4954 3529 5011 ferrea

1943 5030 2116 5098 (Psal.
2158 5030 2259 5100 2.).
2302 5031 2379 5084 De
2409 5032 2511 5097 liis,
2546 5046 2679 5099 quos
2710 5046 2813 5084 iiuu
2856 5030 3008 5099 regit,
3051 5044 3294 5098 protinus
3341 5030 3530 5100 subdi-

1943 5115 2027 5158 tur
2071 5120 2083 5155 :
2119 5105 2185 5157 Et
2215 5099 2464 5171 tanquam
2501 5117 2593 5177 vas
2640 5100 2786 5177 liguli
2831 5108 3138 5177 contriiiges
3169 5116 3283 5153 eos.
3320 5101 3403 5152 Ab
3437 5099 3528 5177 illo

1941 5191 2066 5243 ergo
2108 5184 2355 5243 epteiiius
2401 5176 2510 5243 regi
2559 5180 2613 5227 et
2641 5175 2854 5227 liberari
2889 5174 2995 5239 bic,
3026 5176 3079 5225 in
3130 5183 3415 5236 :etcrnum,
3469 5174 3523 5220 in

1939 5247 2118 5301 secula
2140 5248 2466 5302 seculorum.

2009 5390 2037 5420 α
2064 5381 2397 5436 Murmuraut
2422 5377 2532 5449 (Ea:
2559 5374 2868 5449 Augustino)
2901 5374 3145 5449 homines
3175 5371 3521 5449 plerumque,

1939 5456 2030 5524 qui
2060 5464 2343 5523 propterea
2373 5436 2560 5505 volunt
2601 5436 2768 5503 D‘éum
2797 5436 2999 5510 colere,
3047 5454 3105 5497 ut
3134 5436 3219 5496 hic
3251 5442 3355 5496 illis
3385 5436 3522 5495 bene

1942 5608 2086 5647 mum
2132 5594 2506 5659 insequentem
2538 5583 2750 5660 interit.
2782 5574 2890 5635 Nos
2917 5577 3083 5660 satius
3112 5577 3363 5632 duximus
3401 5591 3521 5659 eam

1940 5680 1968 5717 a
1994 5654 2316 5733 praecedenti
2337 5666 2599 5733 contextu
2627 5654 2831 5733 aliquot
2862 5654 3036 5733 spatio
3066 5663 3314 5733 versuum
3343 5654 3520 5720 sejun-

1940 5718 2089 5807 gere,
2120 5718 2289 5804 eaque
2319 5731 2386 5785 de
2414 5742 2471 5782 re
2496 5718 2757 5780 monitum
2786 5721 3063 5776 Lectoretu
3086 5718 3283 5775 facere.
