4098 6356
622 336 728 396 839

1728 338 1982 394 RUFINO
2021 335 2473 392 PRESBYTERO
2514 336 2886 394 ASCIIII‘TL'S

3781 338 3875 391 8M

623 458 715 521 sit,
745 456 959 527 quando
984 455 1209 527 viderint
1238 469 1354 527 eos,
1382 453 1470 524 qtti
1508 430 1671 507 Deum
1703 469 1807 505 non
1841 451 2190 527 colunt,pol-
2227 454 2275 509 Α
2374 448 2534 527 4.,οι
2562 465 2727 527 meum
2744 465 2861 527 _non_
2880 458 2883 461 ’
2903 450 3139 527 loquatur
3165 449 3488 527 sapientiam,
3534 458 3605 527 et.
3628 450 3877 527 meditatio

624 527 733 582 lere
760 522 919 595 atque
942 528 1131 581 ﬂorere
1160 522 1435 580 imlicitat‘e
1461 533 1670 595 terrena
1696 540 1708 575 :
1734 539 1794 576 se
1820 533 1996 575 autem
2029 522 2193 595 Deum

624 594 863 652 colentes
892 598 1133 652 laborare
1163 598 1212 649 in
1246 595 1527 664 angustiis,
1558 604 1581 629 ι
1603 594 1820 662 jejuniis
1840 634 1854 657 ,
1886 594 2202 661 czeterisque

549 702 551 706 ι
622 668 1027 729 difﬁcultatibus
1076 666 1435 727 mortalitatis
1491 666 1755 717 humanm.
1800 664 1997 716 Contra
2058 664 2198 718 hunc

623 741 866 793 morbum
889 753 1066 793 sermo
1090 738 1302 790 ttivinus
1328 735 1562 805 loquitur
1586 734 1741 787 nobis
1762 734 1812 787 iu
1846 734 1947 788 boc
1970 736 2196 802 psalmo.

995 847 1288 903 TITULUS
1319 847 1560 902 PSALMI
1591 846 1815 901 XLVIII.

683 962 728 1012 1.
750 960 937 1011 Titulus
962 960 1069 1009 talis
1087 968 1183 1021 est,
1222 961 1284 1008 In
1305 958 1448 1021 ﬁnem
1470 957 1585 1019 filiis
1604 958 1759 1009 Chore
1791 957 2000 1017 psalmus
2023 958 2196 1011 David.

622 1023 841 1072 Psalmus
866 1024 956 1070 iste
981 1026 1207 1071 convenit
1230 1022 1380 1070 David
1420 1022 1686 1083 prophetae,
1718 1022 1801 1083 qui
1845 1022 1921 1073 hic
1967 1023 2195 1083 loquitur,

623 1038 841 1072 ιίιιιωιιδ
866 1038 956 1070 ιδιε
981 1038 1207 1071 εοηνιξιιιι
1230 1038 1380 1070 uasta
1438 1038 1686 1083 ιτοριιειξε,
1718 1038 1801 1083 QIII
1845 1038 1921 1073 IIIC
1967 1038 2195 1083 ιοίιυιιυῐ,

621 1088 893 1146 propositus
911 1084 1020 1133 tiliis
1043 1083 1284 1146 Clioread
1312 1038 1704 1146 inteiligejidum.
1754 1083 1955 1146 lateris
1981 1084 2199 1133 Christus

620 1143 721 1205 est,
740 1160 832 1194 non
856 1146 1109 1205 malorum,
1130 1145 1218 1194 sed
1243 1143 1497 1206 justorurn'
1528 1143 1845 1205 Redemptor.
1872 1145 1963 1192 Vel
1989 1151 2197 1195 materia

618 1214 697 1257 est
719 1207 872 1279 251
896 1215 1204 1279 contemptus
1243 1207 1425 1279 mundi.
1454 1207 1505 1255 In
1532 1207 1681 1279 prima
1705 1208 1853 1267 'parte
1879 1210 2013 1279 ponit
2037 1208 2199 1268 prolo-

617 1276 768 1338 gumT
778 1276 1322 1327 ali—commendationem
1347 1278 1419 1324 rei
1439 1290 1583 1338 quam
1604 1276 1824 1324 dicturus
1845 1282 1938 1324 est.
1955 1276 2198 1327 lnsecun-

616 1342 675 1390 da
716 1349 852 1398 parte
893 1340 1118 1402 proponit
1154 1338 1393 1402 Christum
1420 1338 1820 1399 Redemptoretu,
1845 1352 1873 1385 ιι
1896 1352 1937 1383 ιιι
1965 1339 2196 1387 malorum

617 1409 667 1450 et
688 1404 851 1451 saeculi
877 1401 1163 1455 amatorum.
1189 1401 1275 1448 sed
1294 1401 1553 1460 justoruii,
1574 1408 1625 1448 et
1666 1401 1711 1447 in
1755 1402 1926 1447 eadem
1954 1409 2094 1458 parte
2114 1415 2197 1450 re-

618 1464 932 1522 prehendens
954 1463 1211 1511 stultitiam
1236 1475 1428 1523 eorum,
1446 1466 1580 1523 notat
1604 1464 1856 1517 vanitates,
1871 1462 2049 1520 quibus
2064 1475 2197 1509 ama-

614 1521 749 1575 tores
773 1527 913 1575 istius
936 1524 1103 1574 saaculi
1144 1529 1259 1573 sunt
1298 1521 1490 1573 intenti.
1536 1521 1587 1571 In
1629 1524 1772 1571 tertia
1802 1530 1938 1582 parte
1971 1526 2198 1574 admouet

613 1586 766 1646 iustos
790 1599 1049 1649 pauperes,
1078 1598 1141 1635 ne
1159 1593 1332 1634 curent
1356 1588 1473 1634 istos
1494 1584 1673 1649 ditites
1688 1585 1835 1649 _:_quia_
1861 1586 2196 1649 citarieribuut

615 1624 1004 1698 uastitatis;
1023 1624 1474 1697 ’ἰιὶίέηᾌῖἰιῖίῖιὶἷὲῖιῖ
1498 1624 1717 1707 Χρὄεῖὖιί
1729 1624 1837 1693 "iii
1854 1624 2196 1707 [ἦθ’ρἰέῦἶῦ

614 1708 705 1757 hoc
729 1711 928 1771 psalmo,
954 1722 1125 1757 omnes
1147 1710 1195 1756 in
1218 1709 1307 1755 ﬁde
1330 1706 1622 1765 existentes,
1638 1716 1731 1771 tant
1754 1721 1814 1755 ex
1843 1706 2025 1756 Iudaeis
2045 1715 2187 1768 quam

614 1783 676 1819 ex
705 1770 964 1826 ﬂentibus,
983 1779 1079 1818 tam
1101 1771 1282 1819 liheros
1301 1784 1444 1831 quam
1468 1782 1637 1818 servos
1660 1770 2007 1830 cuiuscumque
2029 1772 2194 1819 condi-

614 1833 760 1881 tionis
804 1836 921 1893 sint,
953 1822 1209 1880 dehortari
1251 1822 1550 1893 alt-appetitu
1578 1822 1883 1879 terrenorutn
1903 1822 1959 1879 ad
1980 1843 2194 1881 amorem
2230 1822 2271 1880 Β

613 1894 901 1943 cmicstium.
925 1893 982 1942 Et
1004 1897 1076 1943 sic
1101 1906 1193 1942 non
1219 1896 1312 1941 erit
1330 1896 1377 1941 in
1401 1894 1480 1941 die
1497 1894 1659 1953 judicii
1686 1893 1972 1941 timendum.
2019 1893 2069 1941 In
2093 1897 2189 1954 pri-

614 1956 706 2003 mis
725 1964 886 2005 autem
910 1958 1070 2004 multis
1088 1956 1263 2004 iaciunt
1285 1969 1369 2003 eos
1391 1962 1621 2012 attentos,
1648 1961 1747 2001 tum
1771 1954 1881 2015 quia
1904 1954 2187 2013 prudenter,

614 2017 660 2064 id
687 2026 763 2066 est
781 2018 1029 2065 moraliter
1056 2018 1128 2065 eis
1153 2017 1413 2078 loquuntur
1444 2030 1455 2064 :
1486 2025 1585 2064 tum
1612 2020 1721 2075 quia
1749 2016 2023 2077 parabolice
2051 2029 2062 2061 :
2089 2025 2187 2065 tum

614 2080 763 2127 etiam
782 2082 892 2139 quia
918 2078 1030 2127 illud
1054 2094 1077 2125 a
1104 2086 1333 2139 magistro
1360 2078 1563 2125 interius
1599 2078 1895 2137 praesidente
1916 2080 2185 2139 addiscent,

613 2148 664 2189 et
684 2139 810 2203 quod
828 2143 931 2190 aliis
956 2154 1071 2190 voce
1100 2140 1444 2202 pra-dicabant,
1482 2154 1639 2201 opere
1671 2139 2003 2200 complebunt.

1057 2245 1413 2305 PSALMIIS
1470 2244 1749 2303 XLVIII.

677 2370 731 2425 2.
758 2370 945 2423 Audite
976 2370 1085 2423 haec
1112 2387 1282 2422 omnes
1298 2380 1485 2439 gentes,
1511 2369 1720 2423 auribus
1742 2371 1986 2439 percip’te
2008 2388 2186 2425 omnes

610 2444 693 2511 qui
732 2441 970 2495 habitatis
1003 2442 1194 2494 orbem.
1227 2440 1376 2507 Quod
1398 2442 1537 2503 dicit,
1568 2443 1783 2494 Auribus
1806 2442 2065 2510 percipite,
2090 2443 2189 2497 huc

611 2520 715 2579 est,
742 2512 908 2565 nolite
938 2521 1275 2564 transeunter
1324 2513 1529 2563 attdire.
1564 2511 1710 2565 Sirut
1740 2522 1821 2570 est
1859 2528 1985 2578 eigo
2012 2512 2217 2580 aliqua’

612 2580 882 2635 distinctio
928 2581 1065 2634 inter
1096 2582 1296 2646 Audite,
1328 2590 1382 2635 et
1429 2580 1650 2633 Auribus
1681 2584 1921 2651 percipite
1943 2597 1962 2635 :
1992 2583 2062 2635 ita
2108 2592 2189 2636 est

612 2651 883 2706 distinctio
916 2651 1090 2720 aliqua
1134 2652 1276 2721 inter
1308 2668 1481 2704 omnes
1518 2662 1712 2721 gentes,
1761 2664 1815 2706 et
1862 2652 2186 2707 habitatores

612 2722 778 2793 orbis.
811 2720 1209 2793 Signiﬁcantius
1226 2723 1382 2793 enim
1435 2720 1545 2773 vult
1576 2738 1673 2776 nos
1706 2723 2003 2789 intelligere
2042 2725 2182 2793 quod

614 2790 704 2857 ait,
737 2793 935 2846 Omnes
977 2791 1065 2859 qui
1103 2790 1366 2863 habitatis
1396 2793 1581 2845 orbem
1629 2808 1641 2844 :
1678 2802 1733 2846 ιιι
1782 2802 1969 2863 gentes
2002 2790 2187 2847 iuielli-

613 2877 835 2933 gamus,
864 2862 1307 2933 omtieswiniquos
1347 2878 1361 2915 :
1408 2864 1743 2933 habitatores
1792 2875 1969 2917 autem
2014 2866 2181 2927 orbis,

612 2932 797 2987 omnes
822 2932 1017 3003 iustos.
1050 2932 1181 2985 Nam
1215 2935 1299 3001 qui
1336 2932 1533 2987 habitat
1563 2950 1666 2986 non
1700 2944 1927 2989 leuetur.
1960 2936 2056 3001 Qtti
2086 2951 2182 2987 au-

611 3014 714 3059 tem
749 3004 855 3074 (Ea:
884 3004 1188 3074 Augustino)
1222 3014 1450 3067 tenetur,
1511 3019 1613 3057 non
1662 3005 1856 3058 habitat
1902 3023 1913 3057 :
1948 3007 2039 3059 sed
2087 3006 2181 3057 lia-

612 3075 829 3130 bitatur.
869 3078 967 3129 Ista
1002 3075 1158 3127 verba
1206 3074 1432 3128 audituri
1464 3085 1616 3126 erant
1644 3091 1748 3129 non
1789 3078 1960 3130 solum
1995 3092 2182 3140 pecca—

611 3155 754 3200 tores
782 3155 836 3199 et
864 3144 1031 3213 impii,
1064 3145 1156 3199 sed
1188 3157 1239 3198 et
1269 3144 1418 3212 justi.
1464 3144 1729 3200 Permisie
1760 3146 1916 3199 modo
1942 3145 2183 3200 'audiuut

610 3231 817 3281 omnes,
854 3215 947 3270 sed
978 3231 1097 3270 eum
1130 3224 1343 3269 vetitum
1378 3216 1535 3269 fuerit
1562 3224 1623 3267 ait
1660 3217 1981 3269 reddendam
2013 3218 2181 3269 ratio-

611 3302 757 3352 nein,
800 3289 1189 3356 separabuntur
1238 3286 1327 3350 qui
1379 3288 1492 3339 sine
1537 3302 1719 3340 caussa
1772 3288 2071 3347 audierunt,
2122 3290 2187 3340 ab

610 3358 717 3414 illis
736 3358 827 3425 qui
852 3357 1071 3412 auribus
1098 3368 1469 3423 perceperunt.
1523 3356 1754 3410 Audiam
1783 3375 1909 3425 ergo
1944 3368 2185 3422 peccatu-

609 3444 714 3483 res.
750 3426 861 3483 Hoc
880 3436 960 3481 est
987 3427 1125 3495 quod
1152 3428 1245 3490 ait,
1288 3427 1468 3479 Audite
1503 3427 1609 3479 hwc
1642 3445 1810 3480 omnes
1841 3436 2033 3496 gentes.
2078 3426 2158 3480 Att

608 3498 758 3553 diant
783 3509 839 3553 et
862 3497 1012 3566 justi,
1045 3497 1135 3564 qui
1182 3513 1285 3550 non
1326 3499 1440 3551 sine
1470 3512 1656 3551 caussa
1683 3499 1986 3561 audierunt,
2020 3506 2074 3551 et
2104 3513 2185 3551 rc-

608 3578 738 3639 guttt
768 3570 943 3639 potius
974 3579 1193 3639 teriam,
1235 3584 1389 3639 quam
1439 3577 1685 3636 regantur
1722 3582 1749 3619 a
1783 3576 1945 3621 terra.
1981 3569 2043 3620 Et
2085 3568 2185 3621 hoc

609 3637 693 3693 est
718 3638 859 3709 quod
887 3637 1178 3707 subiungit,
1205 3638 1425 3691 Auribus
1451 3639 1690 3707 percipite
1716 3655 1885 3692 omnes
1918 3640 2005 3708 qui
2038 3638 2183 3691 trabi-

611 3708 937 3762 tatisorbem.
964 3709 1029 3761 Et
1056 3709 1242 3762 iterum
1268 3709 1396 3762 dicit
1431 3726 1445 3762 :

681 3778 735 3832 3.
772 3778 965 3847 Quique
988 3780 1267 3848 terrigena,
1294 3791 1339 3832 et
1364 3780 1462 3845 filii
1492 3779 1774 3834 hominum.
1804 3778 1955 3845 Quod
1980 3778 2053 3833 ait
2077 3780 2183 3849 (Ex

612 3850 811 3916 eodem)
842 3849 1142 3919 Terrigente,
1167 3850 1230 3901 ad
1266 3860 1567 3918 peccatores
1598 3852 1797 3904 retulit.
1828 3849 1979 3916 Quod
2006 3851 2098 3914 ait,
2116 3851 2182 3904 Et

611 3921 708 3993 ﬁlii
754 3920 1124 3993 hominum,iad_
1157 3920 1340 3993 lideles
1376 3932 1429 3974 et
1458 3922 1647 3989 justas.
1686 3920 1886 3993 Videtis
1910 3936 2038 3989 ergo
2061 3924 2182 3990 quia

611 3991 854 4047 servatur
884 3992 980 4061 ista
1004 3991 1291 4044 distinctio.
1324 3992 1422 4058 Qui
1444 4002 1568 4044 sunt
1593 4006 1719 4061 ergo
1750 3992 2038 4061 terrigente,
2081 3994 2180 4045 nisi

609 4064 703 4117 lilii
736 4060 933 4117 teme?
961 4063 1059 4127 Qui
1082 4071 1204 4115 sunt
1233 4063 1324 4115 lilii
1362 4064 1554 4115 terrm?
1585 4060 1683 4127 Qui
1715 4062 2052 4115 haereditates
2076 4072 2184 4116 ter-

610 4147 769 4187 renas
797 4134 1073 4200 requirunt
1097 4150 1109 4185 :
1141 4133 1241 4200 Qui
1286 4141 1410 4185 sunt
1436 4131 1535 4200 lilii
1560 4131 1857 4185 hominum?
1887 4131 1985 4196 Qui
2020 4134 2181 4197 perti-

611 4212 740 4259 nent
766 4203 832 4256 ad
863 4204 1028 4256 lilium
1060 4202 1309 4256 hominis.
1347 4205 1642 4269 Aliquando
1669 4202 1695 4240 ιι
1724 4204 1833 4271 jam
1866 4203 1962 4254 ista
1992 4204 2182 4255 distin-

611 4275 784 4328 ximus
830 4273 1095 4327 sanctitati
1130 4284 1337 4327 vestrze.
1387 4273 1455 4326 Et
1500 4276 1801 4327 invenimus
1840 4274 1958 4338 quia
2010 4275 2177 4327 Adam

611 4344 772 4399 homo
801 4354 937 4408 erat,
972 4343 1108 4397 lilius
1136 4344 1367 4397 h0miuis
1394 4359 1498 4397 non
1525 4355 1657 4397 erat.
1696 4346 1761 4397 Et
1784 4344 1921 4396 Deus
1946 4357 2051 4396 non
2067 4353 2184 4398 erat

613 4416 727 4481 ipse
775 4413 943 4468 Adam
981 4430 996 4467 :
1045 4415 1288 4468 Christus
1315 4422 1492 4467 autem
1523 4424 1578 4467 et
1612 4414 1751 4467 ﬁlius
1784 4412 2012 4465 bnntinis
2042 4424 2177 4477 erat,

613 4496 667 4536 et
698 4485 836 4538 Deus
877 4496 1012 4539 erat.
1042 4485 1374 4552 Quicumque
1404 4484 1670 4553 pertinent
1716 4483 1781 4537 ad
1816 4484 2004 4545 Adam,
2030 4486 2180 4536 terti-

614 4571 756 4625 gemr
780 4570 798 4606 :
827 4554 1145 4623 quicumque
1184 4554 1448 4623 pertinent
1475 4557 1539 4607 ad
1571 4556 1859 4615 Christum,
1896 4554 1991 4620 [itii
2020 4556 2183 4607 Itomi-
2214 4566 2263 4625 ι)

614 4642 759 4679 num.
789 4626 985 4680 Omnes
1003 4636 1177 4678 tamen
1200 4626 1439 4679 audiant.
1475 4627 1580 4694 Ego
1604 4625 1762 4677 nullis
1792 4626 2047 4677 subtraho
2070 4639 2185 4678 ser-

617 4712 827 4751 monem
870 4712 1069 4750 meum.
1096 4695 1384 4764 Teriigena
1412 4701 1529 4751 eSt?
1559 4694 1757 4749 Audiat
1801 4706 2018 4761 propter
2044 4697 2189 4759 judi-

613 4768 775 4821 (ium.
817 4767 983 4821 Filius
1030 4766 1261 4821 hominis
1299 4768 1415 4820 est?
1444 4766 1639 4819 Audiat
1686 4775 1903 4835 propter
1943 4772 2187 4834 regnum.

616 4836 786 4891 Simul
814 4840 865 4890 in
910 4854 1062 4890 unum
1091 4840 1229 4891 dives
1254 4845 1299 4889 et
1345 4853 1554 4905 pauper.
1590 4836 1782 4889 lterum
1816 4836 1925 4903 ipsa
1947 4846 2072 4889 sunt
2101 4854 2187 4891 re-

615 4908 797 4975 petita.
829 4910 977 4974 Quod
1008 4910 1104 4976 ait,
1134 4908 1308 4971 Dives,
1341 4904 1407 4961 ad
1435 4904 1729 4975 terrigenas
1756 4907 2005 4975 pertinet.
2029 4909 2181 4973 Quod

615 4987 792 5033 autem
837 4976 1063 5049 Pauper,
1089 4981 1154 5033 ad
1186 4978 1326 5031 ﬁlius
1375 4979 1670 5049 hominum.
1705 4978 1903 5049 Divites
1953 4979 2189 5047 intellige

614 5051 874 5120 superbos
913 5066 927 5102 :
957 5046 1234 5120 pauperes
1263 5049 1530 5120 liutuiles._
1562 5046 1763 5101 llaheat
1792 5047 1949 5118 2&2
1993 5050 2189 5103 inultas

614 5119 893 5175 facultates
921 5117 1292 5190 pecuniarum,
1324 5121 1452 5190 siin
1484 5117 1562 5171 eis
1585 5136 1687 5190 non
1718 5117 2015 5190 extollitur,
2055 5135 2187 5181 pau-

617 5204 709 5255 per
735 5200 834 5244 est.
867 5188 980 5245 Non
1011 5192 1201 5243 habeat
1229 5188 1448 5255 aliquid,
1475 5189 1655 5253 CUpiat
1682 5199 1737 5241 et
1771 5189 2007 5249 itilletur,
2048 5190 2190 5245 Inter

613 5259 804 5316 divites
861 5262 1117 5329 reprobus
1165 5261 1385 5325 deputat
1431 5275 1553 5312 eum
1597 5258 1757 5312 Deus.
1812 5260 1876 5310 I‘lt
1916 5261 2110 5314 divites
2137 5274 2190 5314 et

613 5342 873 5453 pauperes
903 5333 954 5384 in
983 5331 1146 5384 corde
1167 5330 1459 5395 interrogat
1489 5330 1764 5382 Dominus.
1800 5329 1913 5381 Non
1949 5347 2105 5396 parva
2132 5348 2187 5385 se

659 5401 879 5453 ronheta
929 5402 1196 5453 dicturum
1249 5400 1497 5453 insinuat.
1530 5416 1650 5451 cum
1705 5410 1903 5451 tantam
1947 5401 2183 5452 omnium

659 5401 879 5469 ropheta
929 5402 1196 5454 dicturum
1249 5400 1497 5463 insinuat,
1530 5416 1650 5451 cum
1705 5410 1903 5451 tantam
1947 5401 2183 5452 omnium

616 5469 775 5540 iaciat
821 5472 1249 5523 advocationem.
1285 5472 1346 5523 Et
1392 5472 1539 5540 ponit
1570 5485 1835 5536 caussam,
1885 5486 2050 5539 quare
2088 5475 2183 5526 de-

612 5538 737 5594 beat
766 5540 939 5595 audiri
967 5554 1086 5593 cum
1115 5541 1293 5595 subdit
1314 5557 1329 5594 :

688 5687 714 5749 ξι
741 5678 913 5735 Penes
944 5680 1314 5749 Augustinum,
1347 5681 1399 5733 in
1421 5680 1836 5737 necessitatibus.

687 5746 715 5787 ιι
744 5750 799 5803 In
828 5746 1157 5818 expositione
1178 5752 1375 5806 Psaltni
1404 5751 1535 5807 VIII.
1565 5751 1747 5805 Itidem
1773 5766 1835 5801 es
1870 5749 2187 5815 Augustino.

618 5816 781 5877 Paulo
810 5816 984 5876 autem
1016 5830 1134 5887 post
1163 5822 1369 5879 videtur
1392 5822 1580 5878 Noster
1604 5824 1788 5888 verba,
1826 5818 1889 5873 Et
1923 5818 2055 5873 Deus
2090 5838 2187 5876 non

2306 521 2474 572 cordis
2493 522 2591 573 mei
2622 521 2966 586 prudentiam.
2997 520 3269 587 Sapientia
3295 529 3378 574 est
3406 519 3646 589 cognitio
3673 520 3875 575 divino-

2306 604 2447 661 rum.
2482 589 2767 661 Prudentia
2797 600 2879 661 est
2907 589 2975 661 de
3002 590 3352 661 instructione
3382 590 3717 661 morttm.‘Et
3759 608 3875 661 pro-

2306 660 2464 726 pheta
2504 660 2589 714 vel
2631 660 2873 725 Apostoli
2912 660 3001 714 hic
3041 660 3361 713 aunuutiant
3404 658 3771 728 sapientiam,
3794 663 3874 717 ubi

2303 729 2574 783 Christum
2623 730 2815 785 Filium
2869 729 2961 783 Dei
3002 731 3241 784 omnium
3276 729 3689 795 Redetnptorem
3717 733 3871 799 justo-

2304 814 2419 852 rum
2448 801 2783 854 annuntiant.
2814 800 2983 855 Mores
3015 802 3324 864 informant,
3374 815 3497 853 cum
3527 801 3726 855 docent
3768 802 3873 856 hac

2302 877 2512 923 terrena
2560 886 2667 924 non
2695 885 2818 924 esse
2842 872 3160 938 appetenda,
3192 884 3245 924 et
3279 872 3508 925 divitum
3547 871 3767 925 divitias
3791 889 3873 926 ne-

2302 939 2597 1008 gligentiae.
2655 941 2777 995 Haec
2817 951 2995 994 autent
3042 957 3145 994 non
3180 942 3329 1009 puris
3362 941 3518 994 labiis
3570 956 3630 994 se
3679 942 3873 996 dxisse

2301 1013 2661 1077 pronuntiant,
2693 1010 2786 1064 sed
2820 1011 3094 1077 meditate,
3128 1020 3184 1064 ut
3205 1012 3479 1065 auditores
3507 1011 3683 1079 magis
3709 1025 3872 1065 atten-

2303 1090 2385 1132 tus
2416 1082 2657 1133 reddant.
2693 1081 2813 1134 Ilaec
2842 1082 2999 1135 etiam
3034 1096 3137 1134 non
3178 1096 3207 1134 a
3248 1080 3464 1147 seipsis,
3500 1082 3594 1135 sed
3629 1084 3873 1136 interiore

2301 1160 2575 1217 tnagtstro,
2613 1151 2863 1204 videlicet
2891 1152 3092 1218 Spiritu
3118 1154 3335 1217 Sancto,
3360 1152 3549 1206 audire
3580 1162 3634 1205 et
3659 1153 3801 1219 loqui
3824 1168 3875 1208 se

2300 1225 2551 1286 asseruit,
2582 1237 2701 1275 cum
2732 1221 3020 1289 subjungit,

2460 1289 2727 1344 Iitclinabo
2753 1293 2803 1343 in
2829 1292 3121 1354 parabolam
3147 1308 3323 1343 aurem
3348 1307 3537 1355 meam,
3570 1293 3801 1356 aperiam
3823 1295 3869 1347 in

2298 1361 2540 1432 psalterio
2588 1362 2985 1432 propositionem
3014 1378 3196 1414 meam.
3230 1362 3284 1415 In
3331 1364 3649 1431 parabolam
3699 1379 3869 1417 aurem

2299 1431 2689 1494 ittclinare,est
2734 1432 2979 1485 eamdem
3028 1432 3335 1498 parabolani
3382 1432 3667 1486 humiliter
3696 1436 3872 1488 audire

2300 1500 2515 1569 (Matth.
2566 1501 2707 1570 25.).
2740 1502 2905 1569 Quam
2958 1518 3060 1556 non
3110 1503 3351 1564 audiunt.
3396 1503 3488 1572 qui
3536 1520 3645 1556 non
3684 1502 3873 1558 faciunt

2296 1572 2435 1651 quod
2466 1572 2689 1654 dicunt:
2722 1572 2907 1641 quales
2936 1582 3088 1654 erant
3118 1573 3392 1654 I’barisiei,
3441 1574 3739 1654 quosndicit
3779 1576 3873 1654 Do-

2298 1641 2471 1714 minus
2517 1644 2707 1698 sedere
2738 1658 2897 1709 super
2945 1643 3252 1714 cathedram
3304 1641 3471 1711 Moysi
3522 1641 3741 1713 (Matth.
3779 1642 3870 1714 5.).

2297 1712 2395 1784 Qui
2423 1727 2553 1784 vero
2588 1726 2609 1751 ο
2637 1715 2827 1767 ductor
2850 1724 2933 1767 est
2960 1713 3069 1781 (Ex
3093 1714 3401 1784 Augustino)
3426 1724 3483 1766 et
3512 1712 3621 1767 nun
3645 1712 3868 1777 auditor,

2307 1782 2459 1836 alteri
2492 1784 2733 1851 prodest,
2763 1785 2862 1837 sibi
2893 1801 2997 1839 non
3032 1782 3265 1852 prodest.
3299 1782 3397 1850 Qui
3436 1793 3618 1837 autem
3660 1784 3869 1850 faciunt,

2303 1863 2356 1905 et
2409 1853 2485 1907 sic
2530 1854 2713 1909 dicunt
2757 1871 2768 1905 :
2819 1854 3036 1907 audiunt
3064 1854 3202 1923 quod
3245 1854 3445 1908 dicunt.
3494 1857 3558 1906 ιςι
3607 1854 3727 1907 ideo
3772 1856 3871 1907 fru-

2293 1931 2484 1994 ctuose
2504 1925 2689 1978 dicunt
2729 1925 2867 1994 quod
2899 1925 3143 1979 audiunt.
3177 1924 3318 1977 TaIlS
3348 1934 3462 1977 erat
3498 1925 3601 1978 iste
3648 1927 3727 1977 \ir
3756 1940 3869 1978 san-

2292 2002 2430 2048 ctus.
2459 1993 2558 2059 Qui
2588 1993 3063 2061 priusparabulam
3094 1994 3365 2048 humiliter
3394 1995 3581 2057 audit,
3614 2004 3867 2061 quatenus

2292 2065 2584 2119 instructus
2614 2066 2865 2119 interiore
2895 2068 3169 2132 magistro,
3204 2064 3398 2119 deinde
3441 2075 3653 2134 aperiat
3686 2082 3868 2132 propo-

2290 2136 2539 2187 sitionem
2570 2151 2719 2188 suam
2764 2135 2816 2188 iii
2850 2136 3119 2203 psalterio.
3156 2136 3429 2189 Parabolas
3459 2144 3589 2187 sunt
3629 2137 3867 2189 similitu-

2290 2203 2443 2258 dines
2473 2221 2648 2259 rerum
2680 2247 2693 2269 ,
2719 2220 2837 2274 qua:
2866 2217 3240 2273 comparantur
3271 2208 3429 2259 rebus
3450 2206 3516 2259 de
3541 2206 3738 2274 quibus
3759 2210 3859 2271 agi-

2292 2282 2398 2327 tur.
2429 2276 2824 2341 Propositiones
2848 2284 2972 2329 sunt
2992 2278 3335 2344 quaastioues,
3369 2278 3419 2330 iit
3451 2278 3646 2345 quibus
3674 2279 3861 2344 aliquid

2289 2354 2372 2398 est
2421 2347 2561 2415 quod
2611 2347 2971 2414 disputatione
3013 2347 3326 2399 solvendum
3358 2347 3447 2399 sit.
3499 2352 3681 2411 Quare
3728 2349 3864 2400 audit

2292 2417 2635 2483 parabolam?
2661 2418 2795 2483 Quia
2820 2418 3057 2469 videmus
3074 2433 3213 2471 nunc
3242 2432 3334 2487 per
3356 2421 3637 2484 speculum
3670 2418 3721 2469 in
3744 2420 3863 2471 iuui-

2288 2496 2485 2553 ginate,
2518 2489 2653 2540 sicut
2677 2488 2806 2540 dicit
2834 2488 3140 2554 Apostolus.
3173 2488 3416 2554 Quandiu
3445 2487 3533 2541 hic
3566 2490 3863 2555 peregrina-

2290 2571 2411 2609 tnur
2438 2575 2466 2606 a
2500 2558 2747 2619 Domino,
2780 2559 3015 2610 nondum
3038 2566 3121 2610 est
3152 2560 3240 2611 illa
3269 2557 3407 2610 visio
3437 2571 3620 2611 ii03ira
3652 2558 3785 2610 faeie
3804 2559 3861 2610 ad

2291 2626 2504 2688 Iaciem.
2538 2630 2623 2680 ubi
2644 2629 2752 2694 jam
2784 2643 2887 2681 non
2916 2637 3040 2679 sunt
3070 2629 3337 2695 parabolae
3357 2644 3531 2695 neque
3561 2626 3859 2695 :L‘lliglllala,

2289 2711 2462 2764 neque
2491 2697 2885 2752 similitudines.
2922 2697 3171 2766 [Enigtua
3198 2708 3282 2752 est
3307 2700 3537 2751 obscura
3586 2699 3855 2765 parabola.

2287 2781 2407 2835 qua:
2452 2769 2670 2822 dilftcile
2711 2770 3035 2835 intelligitur.
3074 2770 3129 2822 Si
3160 2784 3286 2835 ergo
3328 2768 3378 2821 iu
3411 2768 3701 2835 atiiigtnate
3726 2770 3862 2821 Vide-

2288 2852 2424 2901 mus,
2456 2842 2775 2893 mcliuemus
2806 2840 2859 2893 in
2908 2839 3214 2906 parabolatu
3261 2854 3445 2892 aurem
3490 2849 3675 2890 nostra
3702 2861 3755 2891 ιι.
3803 2838 3861 2891 Et

2286 2908 2365 2960 sic
2393 2910 2695 2976 aperiamus
2739 2912 2791 2963 in
2842 2909 3092 2977 psalterio
3139 2910 3555 2976 propositionem
3607 2918 3857 2961 nostrain.

2286 2981 2577 3032 Audiamus
2607 2982 2745 3047 quod
2794 2980 3008 3045 dicitur,
3054 2980 3306 3034 faciamus
3355 2980 3499 3047 quod
3536 2980 3856 3047 ptmcipitur.

2287 3052 2530 3115 Aperiunt
2578 3050 2793 3119 (inquit)
2842 3051 3241 3119 prepositionem
3292 3066 3451 3102 meam
3500 3053 3555 3102 in
3601 3050 3857 3115 psalterii,

2289 3124 2410 3190 quia
2461 3123 2602 3189 quod
2636 3136 2873 3190 propono
2904 3121 3347 3190 mattil'estauilum
3400 3121 3452 3173 in
3502 3120 3715 3187 psalmo
3745 3119 3855 3185 hoc,

2212 3188 2258 3253 C
2292 3188 2845 3245 faciant’nou’solum
2890 3189 3073 3254 verbo,
3126 3189 3220 3245 sed
3260 3189 3421 3245 etiam
3452 3192 3706 3258 exemplo
3750 3207 3765 3243 :
3811 3201 3859 3245 ut

2291 3262 2429 3327 quod
2458 3262 2626 3314 doceo
2656 3277 2770 3325 ore,
2804 3264 3100 3329 compleam
3130 3276 3316 3330 opere.
3353 3262 3671 3314 Psalterium
3699 3263 3855 3323 enim,

2291 3330 2341 3382 in
2372 3346 2477 3398 quo
2503 3332 2744 3384 manibus
2775 3330 3033 3385 feriuntur
3054 3334 3287 3394 chordae,
3316 3345 3372 3385 ut
3401 3332 3653 3384 audiatur
3673 3333 3855 3394 melos,

2291 3401 2427 3471 idest
2456 3404 2706 3467 psalmus,
2742 3402 2933 3456 bonam
2979 3404 3346 3469 Operatiunem
3396 3402 3703 3471 signiﬁcare
3726 3416 3858 3469 saepe

2284 3470 2393 3537 jam
2426 3472 2675 3525 diximus.
2710 3474 2765 3524 lit
2800 3472 3049 3539 psalterio
3097 3485 3224 3539 ergo
3276 3470 3701 3541 propositionem
3743 3486 3859 3539 ape-

2290 3541 2417 3605 rite,
2445 3555 2525 3595 est
2566 3546 2723 3596 veiba
2751 3559 2868 3611 quae
2900 3551 3161 3610 ponuntur
3190 3544 3441 3608 Olieflbth
3467 3546 3855 3596 demonstrare.

2289 3611 2554 3665 lnclinubo
2579 3614 2631 3664 in
2660 3618 2952 3680 parabolam
2976 3630 3147 3665 aurem
3179 3628 3356 3665 meam.
3404 3612 3481 3666 Ac
3510 3612 3555 3665 si
3588 3615 3752 3675 dieat,
3775 3628 3857 3663 au-

2288 3685 2425 3735 diam
2459 3685 2508 3735 itt
2541 3698 2628 3737 me
2655 3684 2908 3749 Spiritum
2955 3694 3195 3737 sant-tuin
3227 3684 3555 3753 loquentem,
3582 3694 3639 3736 et
3661 3699 3723 3736 ea
3749 3697 3859 3751 qua:

2289 3754 2461 3806 futura
2493 3765 2635 3817 sunt,
2671 3756 2722 3806 Ill
2776 3756 3039 3821 parabolis
3070 3764 3123 3808 et
3167 3753 3622 3822 propositionibus
3659 3754 3858 3807 denun-

2290 3822 2529 3875 tianteut.
2584 3825 2856 3878 liiclittabo
2888 3841 3013 3894 ergo
3044 3832 3097 3877 et
3141 3823 3429 3877 hutuiliabo
3456 3841 3505 3875 iit
3542 3825 3682 3877 hanc
3712 3838 3855 3892 para-

2288 3895 2459 3945 bolaui
2506 3910 2686 3947 aurem
2727 3910 2920 3959 meum,
2957 3910 3127 3963 neque
3157 3898 3222 3946 de
3264 3895 3368 3947 illis
3397 3909 3513 3957 ero,
3558 3894 3628 3947 de
3669 3896 3854 3959 quibus

2288 3964 2517 4033 dicitur:
2549 3963 2641 4018 Vae
2684 3969 2973 4033 prophetat,
3016 3968 3105 4032 qui
3143 3966 3444 4033 -pi'0phetat
3472 3965 3539 4016 de
3570 3968 3738 4018 corde
3767 3977 3855 4015 suo

2284 4032 2495 4103 (Ezecli.
2530 4035 2659 4103 15.).
2696 4032 2883 4088 Postea
2916 4052 3041 4090 vero
3085 4032 3322 4101 aperiam
3354 4036 3404 4087 in
3440 4034 3695 4101 psalterio
3744 4048 3856 4102 pro-

2289 4115 2601 4177 positionem
2633 4106 2790 4177 2&3
2824 4122 3016 4161 meam.
3054 4106 3263 4159 Audivit
3293 4108 3437 4158 enim
3478 4109 3742 4177 propheta
3763 4146 3777 4171 ,
3807 4111 3856 4157 et

2286 4176 2409 4245 quid
2425 4172 2730 4230 διμιδευῖιῆ
2750 4172 2851 4231 Ioc
2864 4179 3115 4245 psalterio
3128 4178 3313 4241 psalmi
3330 4172 3852 4240 uiatiifestat,diceus:

2358 4244 2409 4299 6.
2444 4247 2545 4299 Cur
2571 4249 2752 4300 timebo
2778 4266 2826 4300 tn
2850 4250 2931 4300 die
2960 4248 3138 4299 mala?
3164 4248 3323 4311 idest,
3357 4248 3407 4299 iit
3437 4249 3522 4298 die
3546 4249 3855 4312 iudicium.

2286 4318 2361 4370 cit
2409 4319 2618 4385 aliquis,
2666 4321 2797 4385 Quia
2844 4318 3015 4371 let-isti
3073 4322 3298 4380 IUI'IUIII,
3349 4318 3733 4380 homicidium,
3783 4320 3855 4371 vel

2287 4387 2429 4440 aliud
2461 4403 2620 4457 grave
2654 4400 2948 4456 peccatum.
2985 4388 3099 4441 Non
3130 4390 3273 4451 ideo,
3310 4389 3497 4456 inquit,
3527 4388 3738 4440 timebo.
3760 4388 3861 4442 Cur

2286 4458 2443 4526 igitur
2476 4459 2711 4513 timebo?
2744 4460 2987 4527 sequitur
3032 4471 3083 4512 et
3128 4460 3275 4521 dicit,
3324 4458 3576 4522 Iniquitas
3630 4460 3852 4511 calcanei

2295 4534 2412 4593 mei,
2448 4530 2600 4591 idest,
2631 4532 2802 4582 linalis
2832 4531 3081 4598 iniquitas
3110 4530 3445 4580 circumdabit
3467 4544 3563 4580 me.
3596 4527 3757 4594 Idest,
3794 4545 3853 4583 es

2294 4598 2440 4651 omni
2470 4612 2617 4667 parte
2645 4600 2881 4654 ostendit
2928 4616 3012 4654 tne
3041 4598 3419 4651 datiitiabileiu.
3453 4602 3566 4651 Non
3599 4614 3727 4666 ergo
3759 4611 3853 4653 tam

2294 4670 2564 4738 iniquitas,
2596 4686 2752 4738 quam
2798 4672 2915 4723 linis
2967 4670 3262 4738 iniquitatis
3310 4670 3543 4721 tititcuda
3591 4679 3699 4723 est.
3749 4672 3857 4724 Non

2293 4741 2435 4792 enim
2483 4744 2569 4809 qui
2603 4744 2740 4794 male
2783 4740 2994 4804 vixerit,
3046 4741 3137 4809 sed
3168 4740 3256 4808 qui
3307 4739 3445 4793 mala
3487 4740 3857 4803 vitahnierit,

2295 4822 2561 4877 periturus
2588 4823 2689 4865 est.
2722 4812 2777 4867 Si
2809 4827 2935 4880 ergo
2968 4808 3096 4865 vitei
3126 4812 3452 4877 iniquitatem
3490 4811 3727 4864 calcanei
3758 4814 3854 4875 sui,

2293 4892 2347 4934 et
2383 4881 2617 4937 ambulet
2644 4882 2695 4935 in
2726 4884 2825 4936 viis
2856 4883 2969 4946 Dei,
3003 4899 3105 4935 nou
3158 4883 3383 4941 timebit,
3411 4890 3463 4931 tit
3497 4882 3774 4947 perveniat
3796 4880 3858 4933 ad

2294 4953 2435 5007 diem
2463 4956 2680 5006 ntalain.
2717 4955 2978 5019 Uur‘ergu
3012 4952 3311 5005 timebimus
3340 4953 3392 5002 in
3426 4951 3512 5003 die
3558 4953 3737 5003 mala?
3762 4955 3860 5005 Aut

2295 5038 2461 5091 quare
2492 5040 2594 5076 non
2626 5039 2724 5077 nos
2750 5022 3173 5085 etuendabiinus,
3203 5031 3485 5088 antequam
3518 5023 3699 5074 veniat
3750 5022 3857 5075 dies

2297 5095 2470 5145 iuala?
2501 5095 2826 5161 I’rinteptuut
2859 5105 2942 5147 est
2984 5095 3125 5154 Eine,
3155 5102 3211 5145 ut
3256 5093 3506 5145 observet
3559 5102 3723 5159 caput
3753 5092 3858 5161 dia-

2297 5164 2401 5217 boli
2436 5183 2449 5218 :
2484 5168 2603 5233 quia
2632 5160 2874 5218 diabolus
2902 5166 3206 5217 calcaneuin
3233 5162 3395 5229 ipsius
3416 5162 3668 5214 observat
3710 5160 3855 5228 (Cen.

2294 5236 2397 5303 3.).
2435 5237 2541 5289 Eva
2569 5248 2651 5289 est
2679 5250 2802 5288 earo
2833 5244 3034 5287 nostra.
3064 5234 3159 5287 I’er
3184 5248 3398 5285 carnem
3430 5234 3639 5285 lac-ilius
3670 5234 3857 5285 labitur

2295 5308 2477 5360 homo.
2509 5310 2561 5359 Si
2600 5317 2759 5374 igitur
2792 5308 3043 5372 iniquitas
3076 5304 3305 5374 calcanei
3332 5304 3691 5355 circumdabit
3745 5316 3854 5363 nos,

2294 5389 2388 5428 cur
2440 5373 2741 5429 timebimus
2784 5375 2836 5427 in
2868 5375 2956 5426 die
2986 5373 3158 5427 malit?
3190 5373 3455 5425 llabemus
3482 5390 3629 5425 euitn
3678 5376 3728 5425 itt
3774 5388 3855 5439 po-

2297 5455 2486 5499 testate
2539 5446 2646 5515 (ls‘x
2687 5442 2995 5515 Augustino)
3046 5444 3335 5515 auxiliante
3378 5443 3625 5509 Domino,
3658 5454 3713 5496 ut
3762 5456 3854 5494 non

2298 5514 2555 5569 iaciamus
2601 5514 2929 5582 iniquitatem
2961 5530 2975 5565 :
3010 5523 3100 5565 aut
3144 5515 3189 5566 si
3230 5514 3484 5577 lectinus,
3517 5524 3575 5566 ut
3614 5516 3854 5568 emende-

2293 5690 2397 5735 erat
2426 5682 2531 5749 ipse
2560 5677 2747 5739 Adam,
2777 5677 2845 5731 de
2871 5693 2966 5732 suo
2995 5677 3307 5741 intesuisse,
3333 5674 3434 5729 ttisi
3450 5674 3493 5730 si
3512 5676 3579 5730 ab
3592 5672 3850 5743 Augustini

2291 5752 2564 5805 codicibus
2593 5750 2924 5818 postmodum
2953 5752 3288 5803 exciderunt.

2368 5832 2389 5859 ε
2419 5816 2663 5876 Pressius
2690 5833 2840 5874 sacro
2865 5824 3036 5875 textui
3063 5816 3442 5895 Angiistiniana
3466 5818 3647 5879 lectio.
3680 5816 3849 5869 dictor.
