  <div class='ocr_page' id='page_1' title='image "/cluster/home/n/w/nwhite01/storage/ocr_20150623/21/hvd.32044015471360/426.png"; bbox 0 0 4098 6356; ppageno 0'>
   <div class='ocr_carea' id='block_1_1' title="bbox 296 359 394 415">
    <p class='ocr_par' dir='ltr' id='par_1_1' title="bbox 296 359 394 415">
     <span class='ocr_line' id='line_1_1' title="bbox 296 359 394 415; baseline 0.02 -2"><span class='ocrx_word' id='word_1_1' title='bbox 296 359 394 415; x_wconf 73' lang='lat' dir='ltr'><strong>8M</strong></span> 
     </span>
    </p>
   </div>
   <div class='ocr_carea' id='block_1_2' title="bbox 1285 364 2526 426">
    <p class='ocr_par' dir='ltr' id='par_1_2' title="bbox 1285 364 2526 426">
     <span class='ocr_line' id='line_1_2' title="bbox 1285 364 2526 426; baseline 0.004 -6"><span class='ocrx_word' id='word_1_2' title='bbox 1285 367 1348 421; x_wconf 82' lang='lat' dir='ltr'><strong>IN</strong></span> <span class='ocrx_word' id='word_1_3' title='bbox 1393 367 1700 424; x_wconf 70' lang='lat' dir='ltr'><strong>[‘SAIMOS</strong></span> <span class='ocrx_word' id='word_1_4' title='bbox 1742 370 1923 423; x_wconf 69' lang='lat' dir='ltr'><strong>LXXV</strong></span> <span class='ocrx_word' id='word_1_5' title='bbox 1970 364 2526 426; x_wconf 49' lang='lat' dir='ltr'><strong>COMMENTARIUS.</strong></span> 
     </span>
    </p>
   </div>
   <div class='ocr_carea' id='block_1_3' title="bbox 3453 370 3555 422">
    <p class='ocr_par' dir='ltr' id='par_1_3' title="bbox 3453 370 3555 422">
     <span class='ocr_line' id='line_1_3' title="bbox 3453 370 3555 422; baseline 0 0"><span class='ocrx_word' id='word_1_6' title='bbox 3453 370 3555 422; x_wconf 62' lang='lat' dir='ltr'><strong>8i?</strong></span> 
     </span>
    </p>
   </div>
   <div class='ocr_carea' id='block_1_4' title="bbox 296 474 3561 551">
    <p class='ocr_par' dir='ltr' id='par_1_4' title="bbox 296 474 3561 551">
     <span class='ocr_line' id='line_1_4' title="bbox 296 474 3561 551; baseline 0.002 -23"><span class='ocrx_word' id='word_1_7' title='bbox 296 490 433 551; x_wconf 71' lang='lat' dir='ltr'><strong>mus.</strong></span> <span class='ocrx_word' id='word_1_8' title='bbox 472 474 534 551; x_wconf 64' lang='lat' dir='ltr'><strong>fit</strong></span> <span class='ocrx_word' id='word_1_9' title='bbox 561 476 640 531; x_wconf 85' lang='lat' dir='ltr'><strong>sic</strong></span> <span class='ocrx_word' id='word_1_10' title='bbox 676 490 777 530; x_wconf 81' lang='lat' dir='ltr'><strong>non</strong></span> <span class='ocrx_word' id='word_1_11' title='bbox 822 481 923 532; x_wconf 87' lang='lat' dir='ltr'><strong>etit</strong></span> <span class='ocrx_word' id='word_1_12' title='bbox 963 480 1048 548; x_wconf 91' lang='lat' dir='ltr'><strong>qni</strong></span> <span class='ocrx_word' id='word_1_13' title='bbox 1099 492 1195 551; x_wconf 78' lang='lat' dir='ltr'><strong>nos</strong></span> <span class='ocrx_word' id='word_1_14' title='bbox 1240 481 1555 551; x_wconf 86' lang='lat' dir='ltr'><strong>circumdet.</strong></span> <span class='ocrx_word' id='word_1_15' title='bbox 1604 480 1669 533; x_wconf 79' lang='lat' dir='ltr'><strong>Et</strong></span> <span class='ocrx_word' id='word_1_16' title='bbox 1700 482 1749 533; x_wconf 92' lang='lat' dir='ltr'><strong>in</strong></span> <span class='ocrx_word' id='word_1_17' title='bbox 1784 483 1868 535; x_wconf 88' lang='lat' dir='ltr'><strong>die</strong></span> <span class='ocrx_word' id='word_1_18' title='bbox 1888 492 1943 542; x_wconf 79' lang='grc' dir='ltr'>Ἀ</span> <span class='ocrx_word' id='word_1_19' title='bbox 1979 484 2285 535; x_wconf 75' lang='lat' dir='ltr'><strong>constitutis</strong></span> <span class='ocrx_word' id='word_1_20' title='bbox 2337 484 2523 536; x_wconf 83' lang='lat' dir='ltr'><strong>diebus</strong></span> <span class='ocrx_word' id='word_1_21' title='bbox 2573 482 2775 551; x_wconf 78' lang='lat' dir='ltr'><strong>aliquos</strong></span> <span class='ocrx_word' id='word_1_22' title='bbox 2808 481 3197 546; x_wconf 76' lang='lat' dir='ltr'><strong>conducebant,</strong></span> <span class='ocrx_word' id='word_1_23' title='bbox 3254 489 3307 534; x_wconf 91' lang='lat' dir='ltr'><strong>ut</strong></span> <span class='ocrx_word' id='word_1_24' title='bbox 3340 482 3561 537; x_wconf 75' lang='lat' dir='ltr'><strong>invoca-</strong></span> 
     </span>
    </p>
   </div>
   <div class='ocr_carea' id='block_1_5' title="bbox 298 547 1590 619">
    <p class='ocr_par' dir='ltr' id='par_1_5' title="bbox 298 547 1590 619">
     <span class='ocr_line' id='line_1_5' title="bbox 298 547 1590 619; baseline 0.002 -21"><span class='ocrx_word' id='word_1_25' title='bbox 298 547 587 599; x_wconf 58' lang='lat' dir='ltr'><strong>unvissima</strong></span> <span class='ocrx_word' id='word_1_26' title='bbox 616 562 721 599; x_wconf 88' lang='lat' dir='ltr'><strong>non</strong></span> <span class='ocrx_word' id='word_1_27' title='bbox 746 547 1068 611; x_wconf 80' lang='lat' dir='ltr'><strong>timebimus,</strong></span> <span class='ocrx_word' id='word_1_28' title='bbox 1099 550 1190 601; x_wconf 88' lang='lat' dir='ltr'><strong>scd</strong></span> <span class='ocrx_word' id='word_1_29' title='bbox 1221 550 1590 619; x_wconf 69' lang='lat' dir='ltr'><strong>gaudebimus.</strong></span> 
     </span>
    </p>
   </div>
   <div class='ocr_carea' id='block_1_6' title="bbox 368 619 1874 688">
    <p class='ocr_par' dir='ltr' id='par_1_6' title="bbox 368 619 1874 688">
     <span class='ocr_line' id='line_1_6' title="bbox 368 619 1874 688; baseline 0.003 -20"><span class='ocrx_word' id='word_1_30' title='bbox 368 620 420 669; x_wconf 88' lang='lat'><strong>7.</strong></span> <span class='ocrx_word' id='word_1_31' title='bbox 454 619 553 688; x_wconf 84' lang='lat' dir='ltr'><strong>Qui</strong></span> <span class='ocrx_word' id='word_1_32' title='bbox 587 629 710 670; x_wconf 80' lang='lat' dir='ltr'><strong>sunt</strong></span> <span class='ocrx_word' id='word_1_33' title='bbox 739 634 865 686; x_wconf 81' lang='lat' dir='ltr'><strong>ergo</strong></span> <span class='ocrx_word' id='word_1_34' title='bbox 893 635 1026 687; x_wconf 83' lang='lat' dir='ltr'><strong>quos</strong></span> <span class='ocrx_word' id='word_1_35' title='bbox 1068 619 1421 673; x_wconf 86' lang='lat' dir='ltr'><strong>circumdabit</strong></span> <span class='ocrx_word' id='word_1_36' title='bbox 1470 621 1720 688; x_wconf 88' lang='lat' dir='ltr'><strong>iniquitas</strong></span> <span class='ocrx_word' id='word_1_37' title='bbox 1755 622 1874 672; x_wconf 78' lang='lat' dir='ltr'><strong>ral-</strong></span> 
     </span>
    </p>
   </div>
   <div class='ocr_carea' id='block_1_7' title="bbox 290 686 1876 756">
    <p class='ocr_par' dir='ltr' id='par_1_7' title="bbox 290 686 1876 756">
     <span class='ocr_line' id='line_1_7' title="bbox 290 686 1876 756; baseline 0.003 -18"><span class='ocrx_word' id='word_1_38' title='bbox 290 688 445 739; x_wconf 75' lang='lat' dir='ltr'><strong>ranei</strong></span> <span class='ocrx_word' id='word_1_39' title='bbox 472 686 594 740; x_wconf 83' lang='lat' dir='ltr'><strong>sui?</strong></span> <span class='ocrx_word' id='word_1_40' title='bbox 619 690 721 752; x_wconf 81' lang='lat' dir='ltr'><strong>Qui</strong></span> <span class='ocrx_word' id='word_1_41' title='bbox 761 686 1023 756; x_wconf 80' lang='lat' dir='ltr'><strong>conﬁdunt</strong></span> <span class='ocrx_word' id='word_1_42' title='bbox 1052 690 1103 741; x_wconf 89' lang='lat' dir='ltr'><strong>in</strong></span> <span class='ocrx_word' id='word_1_43' title='bbox 1126 690 1308 742; x_wconf 79' lang='lat' dir='ltr'><strong>virtute</strong></span> <span class='ocrx_word' id='word_1_44' title='bbox 1328 707 1443 751; x_wconf 81' lang='lat' dir='ltr'><strong>sua,</strong></span> <span class='ocrx_word' id='word_1_45' title='bbox 1474 700 1520 742; x_wconf 91' lang='lat' dir='ltr'><strong>et</strong></span> <span class='ocrx_word' id='word_1_46' title='bbox 1552 686 1603 742; x_wconf 82' lang='lat' dir='ltr'><strong>in</strong></span> <span class='ocrx_word' id='word_1_47' title='bbox 1640 691 1876 743; x_wconf 79' lang='lat' dir='ltr'><strong>multitu-</strong></span> 
     </span>
    </p>
   </div>
   <div class='ocr_carea' id='block_1_8' title="bbox 295 757 1871 829">
    <p class='ocr_par' dir='ltr' id='par_1_8' title="bbox 295 757 1871 829">
     <span class='ocr_line' id='line_1_8' title="bbox 295 757 1871 829; baseline 0.002 -20"><span class='ocrx_word' id='word_1_48' title='bbox 295 760 414 809; x_wconf 75' lang='lat' dir='ltr'><strong>dine</strong></span> <span class='ocrx_word' id='word_1_49' title='bbox 444 757 740 812; x_wconf 74' lang='lat' dir='ltr'><strong>dmitiartmi</strong></span> <span class='ocrx_word' id='word_1_50' title='bbox 777 774 990 812; x_wconf 80' lang='lat' dir='ltr'><strong>sttttrtmt</strong></span> <span class='ocrx_word' id='word_1_51' title='bbox 1032 760 1433 829; x_wconf 55' lang='lat' dir='ltr'><strong>glorianturA’m</strong></span> <span class='ocrx_word' id='word_1_52' title='bbox 1478 761 1645 824; x_wconf 80' lang='lat' dir='ltr'><strong>vobis,</strong></span> <span class='ocrx_word' id='word_1_53' title='bbox 1678 760 1871 824; x_wconf 64' lang='lat' dir='ltr'><strong>Judaei,</strong></span> 
     </span>
    </p>
   </div>
   <div class='ocr_carea' id='block_1_9' title="bbox 293 828 1870 899">
    <p class='ocr_par' dir='ltr' id='par_1_9' title="bbox 293 828 1870 899">
     <span class='ocr_line' id='line_1_9' title="bbox 293 828 1870 899; baseline 0.002 -20"><span class='ocrx_word' id='word_1_54' title='bbox 293 828 384 899; x_wconf 83' lang='lat' dir='ltr'><strong>qui</strong></span> <span class='ocrx_word' id='word_1_55' title='bbox 429 842 533 899; x_wconf 88' lang='lat' dir='ltr'><strong>non</strong></span> <span class='ocrx_word' id='word_1_56' title='bbox 567 829 617 882; x_wconf 93' lang='lat' dir='ltr'><strong>in</strong></span> <span class='ocrx_word' id='word_1_57' title='bbox 642 829 877 894; x_wconf 81' lang='lat' dir='ltr'><strong>Christo,</strong></span> <span class='ocrx_word' id='word_1_58' title='bbox 911 830 1002 883; x_wconf 83' lang='lat' dir='ltr'><strong>sed</strong></span> <span class='ocrx_word' id='word_1_59' title='bbox 1027 828 1076 883; x_wconf 90' lang='lat' dir='ltr'><strong>in</strong></span> <span class='ocrx_word' id='word_1_60' title='bbox 1123 840 1298 883; x_wconf 81' lang='lat' dir='ltr'><strong>vestra</strong></span> <span class='ocrx_word' id='word_1_61' title='bbox 1342 829 1549 899; x_wconf 83' lang='lat' dir='ltr'><strong>justitia</strong></span> <span class='ocrx_word' id='word_1_62' title='bbox 1579 830 1870 883; x_wconf 85' lang='lat' dir='ltr'><strong>contiditis.</strong></span> 
     </span>
    </p>
   </div>
   <div class='ocr_carea' id='block_1_10' title="bbox 298 897 1870 968">
    <p class='ocr_par' dir='ltr' id='par_1_10' title="bbox 298 897 1870 968">
     <span class='ocr_line' id='line_1_10' title="bbox 298 897 1870 968; baseline 0.002 -18"><span class='ocrx_word' id='word_1_63' title='bbox 298 898 390 950; x_wconf 74' lang='lat' dir='ltr'><strong>Vze</strong></span> <span class='ocrx_word' id='word_1_64' title='bbox 414 897 587 961; x_wconf 87' lang='lat' dir='ltr'><strong>vobis,</strong></span> <span class='ocrx_word' id='word_1_65' title='bbox 621 900 829 961; x_wconf 73' lang='lat' dir='ltr'><strong>divites,</strong></span> <span class='ocrx_word' id='word_1_66' title='bbox 864 900 949 967; x_wconf 89' lang='lat' dir='ltr'><strong>qtti</strong></span> <span class='ocrx_word' id='word_1_67' title='bbox 983 902 1031 953; x_wconf 91' lang='lat' dir='ltr'><strong>iu</strong></span> <span class='ocrx_word' id='word_1_68' title='bbox 1079 901 1271 954; x_wconf 75' lang='lat' dir='ltr'><strong>vestris</strong></span> <span class='ocrx_word' id='word_1_69' title='bbox 1319 897 1521 953; x_wconf 72' lang='lat' dir='ltr'><strong>divitiis</strong></span> <span class='ocrx_word' id='word_1_70' title='bbox 1549 900 1870 968; x_wconf 82' lang='lat' dir='ltr'><strong>gloriamini.</strong></span> 
     </span>
    </p>
   </div>
   <div class='ocr_carea' id='block_1_11' title="bbox 300 968 1738 1035">
    <p class='ocr_par' dir='ltr' id='par_1_11' title="bbox 300 968 1738 1035">
     <span class='ocr_line' id='line_1_11' title="bbox 300 968 1738 1035; baseline 0.001 -14"><span class='ocrx_word' id='word_1_71' title='bbox 300 968 464 1021; x_wconf 82' lang='lat' dir='ltr'><strong>Vobis</strong></span> <span class='ocrx_word' id='word_1_72' title='bbox 495 969 793 1023; x_wconf 88' lang='lat' dir='ltr'><strong>timendtttn</strong></span> <span class='ocrx_word' id='word_1_73' title='bbox 830 981 930 1032; x_wconf 78' lang='lat' dir='ltr'><strong>est,</strong></span> <span class='ocrx_word' id='word_1_74' title='bbox 959 973 1097 1033; x_wconf 90' lang='lat' dir='ltr'><strong>quod</strong></span> <span class='ocrx_word' id='word_1_75' title='bbox 1128 970 1374 1023; x_wconf 75' lang='lat' dir='ltr'><strong>subditur</strong></span> <span class='ocrx_word' id='word_1_76' title='bbox 1403 970 1454 1021; x_wconf 89' lang='lat' dir='ltr'><strong>in</strong></span> <span class='ocrx_word' id='word_1_77' title='bbox 1486 971 1693 1035; x_wconf 89' lang='lat' dir='ltr'><strong>psalmo</strong></span> <span class='ocrx_word' id='word_1_78' title='bbox 1726 987 1738 1023; x_wconf 94' lang='lat'>:</span> 
     </span>
    </p>
   </div>
   <div class='ocr_carea' id='block_1_12' title="bbox 370 1037 1875 1105">
    <p class='ocr_par' dir='ltr' id='par_1_12' title="bbox 370 1037 1875 1105">
     <span class='ocr_line' id='line_1_12' title="bbox 370 1037 1875 1105; baseline 0.001 -14"><span class='ocrx_word' id='word_1_79' title='bbox 370 1038 426 1093; x_wconf 84' lang='lat'><strong>8.</strong></span> <span class='ocrx_word' id='word_1_80' title='bbox 464 1037 651 1092; x_wconf 81' lang='lat' dir='ltr'><strong>Frater</strong></span> <span class='ocrx_word' id='word_1_81' title='bbox 696 1056 804 1092; x_wconf 80' lang='lat' dir='ltr'><strong>non</strong></span> <span class='ocrx_word' id='word_1_82' title='bbox 840 1042 1067 1105; x_wconf 74' lang='lat' dir='ltr'><strong>redimit,</strong></span> <span class='ocrx_word' id='word_1_83' title='bbox 1130 1042 1338 1093; x_wconf 81' lang='lat' dir='ltr'><strong>redimet</strong></span> <span class='ocrx_word' id='word_1_84' title='bbox 1387 1040 1579 1094; x_wconf 76' lang='lat' dir='ltr'><strong>homo?</strong></span> <span class='ocrx_word' id='word_1_85' title='bbox 1617 1042 1748 1105; x_wconf 87' lang='lat' dir='ltr'><strong>Quis</strong></span> <span class='ocrx_word' id='word_1_86' title='bbox 1792 1050 1875 1094; x_wconf 89' lang='lat' dir='ltr'><strong>est</strong></span> 
     </span>
    </p>
   </div>
   <div class='ocr_carea' id='block_1_13' title="bbox 297 1109 1874 1176">
    <p class='ocr_par' dir='ltr' id='par_1_13' title="bbox 297 1109 1874 1176">
     <span class='ocr_line' id='line_1_13' title="bbox 297 1109 1874 1176; baseline 0 -15"><span class='ocrx_word' id='word_1_87' title='bbox 297 1109 398 1163; x_wconf 86' lang='lat' dir='ltr'><strong>istc</strong></span> <span class='ocrx_word' id='word_1_88' title='bbox 431 1109 614 1167; x_wconf 89' lang='lat' dir='ltr'><strong>frater.</strong></span> <span class='ocrx_word' id='word_1_89' title='bbox 649 1110 747 1163; x_wconf 88' lang='lat' dir='ltr'><strong>nisi</strong></span> <span class='ocrx_word' id='word_1_90' title='bbox 778 1112 1042 1172; x_wconf 72' lang='lat' dir='ltr'><strong>Christus,</strong></span> <span class='ocrx_word' id='word_1_91' title='bbox 1075 1113 1161 1176; x_wconf 91' lang='lat' dir='ltr'><strong>qui</strong></span> <span class='ocrx_word' id='word_1_92' title='bbox 1206 1121 1433 1164; x_wconf 42' lang='lat' dir='ltr'><strong>catteros</strong></span> <span class='ocrx_word' id='word_1_93' title='bbox 1483 1111 1675 1164; x_wconf 90' lang='lat' dir='ltr'><strong>fratres</strong></span> <span class='ocrx_word' id='word_1_94' title='bbox 1703 1112 1874 1164; x_wconf 83' lang='lat' dir='ltr'><strong>salva-</strong></span> 
     </span>
    </p>
   </div>
   <div class='ocr_carea' id='block_1_14' title="bbox 296 1179 1873 1250">
    <p class='ocr_par' dir='ltr' id='par_1_14' title="bbox 296 1179 1873 1250">
     <span class='ocr_line' id='line_1_14' title="bbox 296 1179 1873 1250; baseline 0.003 -21"><span class='ocrx_word' id='word_1_95' title='bbox 296 1180 410 1231; x_wconf 77' lang='lat' dir='ltr'><strong>vit?</strong></span> <span class='ocrx_word' id='word_1_96' title='bbox 441 1179 606 1245; x_wconf 80' lang='lat' dir='ltr'><strong>Cujus</strong></span> <span class='ocrx_word' id='word_1_97' title='bbox 638 1190 818 1248; x_wconf 62' lang='lat' dir='ltr'><strong>typum</strong></span> <span class='ocrx_word' id='word_1_98' title='bbox 848 1181 1042 1250; x_wconf 70' lang='lat' dir='ltr'><strong>Juseph</strong></span> <span class='ocrx_word' id='word_1_99' title='bbox 1076 1182 1163 1234; x_wconf 76' lang='lat' dir='ltr'><strong>ille</strong></span> <span class='ocrx_word' id='word_1_100' title='bbox 1194 1182 1382 1247; x_wconf 82' lang='lat' dir='ltr'><strong>tenuit,</strong></span> <span class='ocrx_word' id='word_1_101' title='bbox 1409 1183 1496 1248; x_wconf 91' lang='lat' dir='ltr'><strong>qui</strong></span> <span class='ocrx_word' id='word_1_102' title='bbox 1525 1181 1719 1235; x_wconf 78' lang='lat' dir='ltr'><strong>fratres</strong></span> <span class='ocrx_word' id='word_1_103' title='bbox 1745 1194 1873 1234; x_wconf 88' lang='lat' dir='ltr'><strong>suos</strong></span> 
     </span>
    </p>
   </div>
   <div class='ocr_carea' id='block_1_15' title="bbox 292 1250 1874 1320">
    <p class='ocr_par' dir='ltr' id='par_1_15' title="bbox 292 1250 1874 1320">
     <span class='ocr_line' id='line_1_15' title="bbox 292 1250 1874 1320; baseline 0.003 -20"><span class='ocrx_word' id='word_1_104' title='bbox 292 1250 366 1303; x_wconf 75' lang='lat' dir='ltr'><strong>tle</strong></span> <span class='ocrx_word' id='word_1_105' title='bbox 419 1252 562 1303; x_wconf 80' lang='lat' dir='ltr'><strong>laine</strong></span> <span class='ocrx_word' id='word_1_106' title='bbox 614 1251 852 1304; x_wconf 81' lang='lat' dir='ltr'><strong>liberavit</strong></span> <span class='ocrx_word' id='word_1_107' title='bbox 884 1251 1045 1319; x_wconf 78' lang='lat' dir='ltr'><strong>(Gen.</strong></span> <span class='ocrx_word' id='word_1_108' title='bbox 1078 1250 1166 1305; x_wconf 62' lang='grc'><strong>42.</strong></span> <span class='ocrx_word' id='word_1_109' title='bbox 1210 1253 1355 1320; x_wconf 75' lang='grc'><strong>45.).</strong></span> <span class='ocrx_word' id='word_1_110' title='bbox 1392 1251 1575 1305; x_wconf 82' lang='lat' dir='ltr'><strong>Frater</strong></span> <span class='ocrx_word' id='word_1_111' title='bbox 1625 1253 1725 1304; x_wconf 91' lang='lat' dir='ltr'><strong>iste</strong></span> <span class='ocrx_word' id='word_1_112' title='bbox 1757 1262 1874 1315; x_wconf 87' lang='lat' dir='ltr'><strong>post</strong></span> 
     </span>
    </p>
   </div>
   <div class='ocr_carea' id='block_1_16' title="bbox 297 1320 1870 1385">
    <p class='ocr_par' dir='ltr' id='par_1_16' title="bbox 297 1320 1870 1385">
     <span class='ocr_line' id='line_1_16' title="bbox 297 1320 1870 1385; baseline 0.002 -14"><span class='ocrx_word' id='word_1_113' title='bbox 297 1321 748 1373; x_wconf 64' lang='lat' dir='ltr'><strong>resurrectionem</strong></span> <span class='ocrx_word' id='word_1_114' title='bbox 781 1337 928 1374; x_wconf 78' lang='lat' dir='ltr'><strong>suam</strong></span> <span class='ocrx_word' id='word_1_115' title='bbox 984 1322 1192 1374; x_wconf 78' lang='lat' dir='ltr'><strong>cuidam</strong></span> <span class='ocrx_word' id='word_1_116' title='bbox 1234 1322 1371 1376; x_wconf 80' lang='lat' dir='ltr'><strong>dixit</strong></span> <span class='ocrx_word' id='word_1_117' title='bbox 1398 1341 1409 1373; x_wconf 86' lang='lat'>:</span> <span class='ocrx_word' id='word_1_118' title='bbox 1446 1322 1614 1385; x_wconf 85' lang='lat' dir='ltr'><strong>Vade,</strong></span> <span class='ocrx_word' id='word_1_119' title='bbox 1646 1322 1731 1376; x_wconf 88' lang='lat' dir='ltr'><strong>die</strong></span> <span class='ocrx_word' id='word_1_120' title='bbox 1758 1320 1870 1374; x_wconf 74' lang='lat' dir='ltr'><strong>fra-</strong></span> 
     </span>
    </p>
   </div>
   <div class='ocr_carea' id='block_1_17' title="bbox 291 1390 1873 1458">
    <p class='ocr_par' dir='ltr' id='par_1_17' title="bbox 291 1390 1873 1458">
     <span class='ocr_line' id='line_1_17' title="bbox 291 1390 1873 1458; baseline 0.003 -17"><span class='ocrx_word' id='word_1_121' title='bbox 291 1391 467 1443; x_wconf 79' lang='lat' dir='ltr'><strong>tribus</strong></span> <span class='ocrx_word' id='word_1_122' title='bbox 516 1392 648 1443; x_wconf 86' lang='lat' dir='ltr'><strong>meis</strong></span> <span class='ocrx_word' id='word_1_123' title='bbox 697 1390 874 1455; x_wconf 76' lang='lat' dir='ltr'><strong>(latin.</strong></span> <span class='ocrx_word' id='word_1_124' title='bbox 908 1391 1046 1458; x_wconf 65' lang='lat'><strong>20.).</strong></span> <span class='ocrx_word' id='word_1_125' title='bbox 1076 1392 1265 1445; x_wconf 80' lang='lat' dir='ltr'><strong>Frater</strong></span> <span class='ocrx_word' id='word_1_126' title='bbox 1312 1401 1493 1446; x_wconf 87' lang='lat' dir='ltr'><strong>noster</strong></span> <span class='ocrx_word' id='word_1_127' title='bbox 1532 1394 1703 1445; x_wconf 88' lang='lat' dir='ltr'><strong>voluit</strong></span> <span class='ocrx_word' id='word_1_128' title='bbox 1751 1406 1873 1446; x_wconf 86' lang='lat' dir='ltr'><strong>esse</strong></span> 
     </span>
    </p>
   </div>
   <div class='ocr_carea' id='block_1_18' title="bbox 298 1461 1871 1523">
    <p class='ocr_par' dir='ltr' id='par_1_18' title="bbox 298 1461 1871 1523">
     <span class='ocr_line' id='line_1_18' title="bbox 298 1461 1871 1523; baseline 0.001 -9"><span class='ocrx_word' id='word_1_129' title='bbox 298 1462 555 1514; x_wconf 84' lang='lat' dir='ltr'><strong>Dominus</strong></span> <span class='ocrx_word' id='word_1_130' title='bbox 580 1476 778 1523; x_wconf 80' lang='lat' dir='ltr'><strong>noster,</strong></span> <span class='ocrx_word' id='word_1_131' title='bbox 804 1463 1126 1515; x_wconf 81' lang='lat' dir='ltr'><strong>assumentlo</strong></span> <span class='ocrx_word' id='word_1_132' title='bbox 1146 1472 1385 1516; x_wconf 85' lang='lat' dir='ltr'><strong>nostram</strong></span> <span class='ocrx_word' id='word_1_133' title='bbox 1418 1472 1682 1516; x_wconf 86' lang='lat' dir='ltr'><strong>naturam.</strong></span> <span class='ocrx_word' id='word_1_134' title='bbox 1713 1461 1871 1515; x_wconf 83' lang='lat' dir='ltr'><strong>Chri-</strong></span> 
     </span>
    </p>
   </div>
   <div class='ocr_carea' id='block_1_19' title="bbox 294 1532 1875 1599">
    <p class='ocr_par' dir='ltr' id='par_1_19' title="bbox 294 1532 1875 1599">
     <span class='ocr_line' id='line_1_19' title="bbox 294 1532 1875 1599; baseline 0.001 -15"><span class='ocrx_word' id='word_1_135' title='bbox 294 1539 413 1584; x_wconf 88' lang='lat' dir='ltr'><strong>stus</strong></span> <span class='ocrx_word' id='word_1_136' title='bbox 437 1532 579 1585; x_wconf 88' lang='lat' dir='ltr'><strong>enim</strong></span> <span class='ocrx_word' id='word_1_137' title='bbox 604 1532 697 1599; x_wconf 93' lang='lat' dir='ltr'><strong>qui</strong></span> <span class='ocrx_word' id='word_1_138' title='bbox 730 1533 926 1586; x_wconf 84' lang='lat' dir='ltr'><strong>dicitur</strong></span> <span class='ocrx_word' id='word_1_139' title='bbox 967 1534 1128 1585; x_wconf 81' lang='lat' dir='ltr'><strong>Filius</strong></span> <span class='ocrx_word' id='word_1_140' title='bbox 1164 1532 1287 1597; x_wconf 86' lang='lat' dir='ltr'><strong>Dei,</strong></span> <span class='ocrx_word' id='word_1_141' title='bbox 1319 1542 1500 1599; x_wconf 87' lang='lat' dir='ltr'><strong>etest,</strong></span> <span class='ocrx_word' id='word_1_142' title='bbox 1534 1533 1728 1586; x_wconf 81' lang='lat' dir='ltr'><strong>dicitur</strong></span> <span class='ocrx_word' id='word_1_143' title='bbox 1767 1532 1875 1586; x_wconf 83' lang='lat' dir='ltr'><strong>fra-</strong></span> 
     </span>
    </p>
   </div>
   <div class='ocr_carea' id='block_1_20' title="bbox 293 1602 1870 1671">
    <p class='ocr_par' dir='ltr' id='par_1_20' title="bbox 293 1602 1870 1671">
     <span class='ocr_line' id='line_1_20' title="bbox 293 1602 1870 1671; baseline 0.001 -18"><span class='ocrx_word' id='word_1_144' title='bbox 293 1611 377 1655; x_wconf 85' lang='lat' dir='ltr'><strong>ter</strong></span> <span class='ocrx_word' id='word_1_145' title='bbox 402 1613 583 1656; x_wconf 87' lang='lat' dir='ltr'><strong>noster</strong></span> <span class='ocrx_word' id='word_1_146' title='bbox 614 1606 631 1670; x_wconf 93' lang='lat'><strong>(</strong></span> <span class='ocrx_word' id='word_1_147' title='bbox 657 1602 891 1655; x_wconf 66' lang='lat' dir='ltr'><strong>Heiu-.2.</strong></span> <span class='ocrx_word' id='word_1_148' title='bbox 911 1603 950 1669; x_wconf 89' lang='lat'><strong>).</strong></span> <span class='ocrx_word' id='word_1_149' title='bbox 987 1605 1123 1671; x_wconf 73' lang='lat' dir='ltr'><strong>l-frgo</strong></span> <span class='ocrx_word' id='word_1_150' title='bbox 1149 1605 1191 1656; x_wconf 91' lang='lat' dir='ltr'><strong>si</strong></span> <span class='ocrx_word' id='word_1_151' title='bbox 1216 1604 1458 1657; x_wconf 75' lang='lat' dir='ltr'><strong>Christus</strong></span> <span class='ocrx_word' id='word_1_152' title='bbox 1479 1619 1591 1656; x_wconf 85' lang='lat' dir='ltr'><strong>non</strong></span> <span class='ocrx_word' id='word_1_153' title='bbox 1624 1603 1870 1667; x_wconf 77' lang='lat' dir='ltr'><strong>redimet,</strong></span> 
     </span>
    </p>
   </div>
   <div class='ocr_carea' id='block_1_21' title="bbox 289 1671 1874 1743">
    <p class='ocr_par' dir='ltr' id='par_1_21' title="bbox 289 1671 1874 1743">
     <span class='ocr_line' id='line_1_21' title="bbox 289 1671 1874 1743; baseline 0.001 -19"><span class='ocrx_word' id='word_1_154' title='bbox 289 1671 462 1727; x_wconf 73' lang='lat' dir='ltr'><strong>homo</strong></span> <span class='ocrx_word' id='word_1_155' title='bbox 495 1672 828 1725; x_wconf 75' lang='lat' dir='ltr'><strong>retleintunts</strong></span> <span class='ocrx_word' id='word_1_156' title='bbox 849 1675 965 1727; x_wconf 63' lang='lat' dir='ltr'><strong>est?</strong></span> <span class='ocrx_word' id='word_1_157' title='bbox 999 1675 1054 1727; x_wconf 88' lang='lat' dir='ltr'><strong>Si</strong></span> <span class='ocrx_word' id='word_1_158' title='bbox 1088 1674 1174 1727; x_wconf 87' lang='lat' dir='ltr'><strong>ille</strong></span> <span class='ocrx_word' id='word_1_159' title='bbox 1215 1689 1318 1727; x_wconf 88' lang='lat' dir='ltr'><strong>non</strong></span> <span class='ocrx_word' id='word_1_160' title='bbox 1358 1675 1580 1727; x_wconf 78' lang='lat' dir='ltr'><strong>redimet</strong></span> <span class='ocrx_word' id='word_1_161' title='bbox 1614 1675 1701 1743; x_wconf 90' lang='lat' dir='ltr'><strong>qui</strong></span> <span class='ocrx_word' id='word_1_162' title='bbox 1737 1674 1874 1726; x_wconf 89' lang='lat' dir='ltr'><strong>Deus</strong></span> 
     </span>
    </p>
   </div>
   <div class='ocr_carea' id='block_1_22' title="bbox 290 1743 1870 1814">
    <p class='ocr_par' dir='ltr' id='par_1_22' title="bbox 290 1743 1870 1814">
     <span class='ocr_line' id='line_1_22' title="bbox 290 1743 1870 1814; baseline 0.001 -18"><span class='ocrx_word' id='word_1_163' title='bbox 290 1752 380 1796; x_wconf 79' lang='lat' dir='ltr'><strong>est</strong></span> <span class='ocrx_word' id='word_1_164' title='bbox 410 1754 464 1797; x_wconf 89' lang='lat' dir='ltr'><strong>et</strong></span> <span class='ocrx_word' id='word_1_165' title='bbox 486 1743 669 1803; x_wconf 89' lang='lat' dir='ltr'><strong>homo,</strong></span> <span class='ocrx_word' id='word_1_166' title='bbox 692 1744 930 1797; x_wconf 74' lang='lat' dir='ltr'><strong>redimet</strong></span> <span class='ocrx_word' id='word_1_167' title='bbox 956 1745 1091 1814; x_wconf 85' lang='lat' dir='ltr'><strong>alius</strong></span> <span class='ocrx_word' id='word_1_168' title='bbox 1118 1743 1207 1814; x_wconf 90' lang='lat' dir='ltr'><strong>qui</strong></span> <span class='ocrx_word' id='word_1_169' title='bbox 1236 1745 1299 1796; x_wconf 89' lang='lat' dir='ltr'><strong>sit</strong></span> <span class='ocrx_word' id='word_1_170' title='bbox 1336 1755 1500 1812; x_wconf 76' lang='lat' dir='ltr'><strong>punis</strong></span> <span class='ocrx_word' id='word_1_171' title='bbox 1529 1746 1725 1797; x_wconf 83' lang='lat' dir='ltr'><strong>homo?</strong></span> <span class='ocrx_word' id='word_1_172' title='bbox 1756 1744 1870 1797; x_wconf 86' lang='lat' dir='ltr'><strong>Non</strong></span> 
     </span>
    </p>
   </div>
   <div class='ocr_carea' id='block_1_23' title="bbox 288 1813 1871 1884">
    <p class='ocr_par' dir='ltr' id='par_1_23' title="bbox 288 1813 1871 1884">
     <span class='ocr_line' id='line_1_23' title="bbox 288 1813 1871 1884; baseline 0 -19"><span class='ocrx_word' id='word_1_173' title='bbox 288 1816 503 1881; x_wconf 86' lang='lat' dir='ltr'><strong>utique.</strong></span> <span class='ocrx_word' id='word_1_174' title='bbox 539 1814 688 1867; x_wconf 87' lang='lat' dir='ltr'><strong>Unde</strong></span> <span class='ocrx_word' id='word_1_175' title='bbox 723 1814 839 1867; x_wconf 83' lang='lat' dir='ltr'><strong>Non</strong></span> <span class='ocrx_word' id='word_1_176' title='bbox 865 1815 1003 1868; x_wconf 82' lang='lat' dir='ltr'><strong>dabit</strong></span> <span class='ocrx_word' id='word_1_177' title='bbox 1046 1813 1153 1867; x_wconf 87' lang='lat' dir='ltr'><strong>Deo</strong></span> <span class='ocrx_word' id='word_1_178' title='bbox 1199 1815 1535 1884; x_wconf 81' lang='lat' dir='ltr'><strong>placationem</strong></span> <span class='ocrx_word' id='word_1_179' title='bbox 1565 1830 1731 1867; x_wconf 85' lang='lat' dir='ltr'><strong>suam.</strong></span> <span class='ocrx_word' id='word_1_180' title='bbox 1754 1815 1871 1867; x_wconf 72' lang='lat' dir='ltr'><strong>Non</strong></span> 
     </span>
    </p>
   </div>
   <div class='ocr_carea' id='block_1_24' title="bbox 1983 553 3559 617">
    <p class='ocr_par' dir='ltr' id='par_1_24' title="bbox 1983 553 3559 617">
     <span class='ocr_line' id='line_1_24' title="bbox 1983 553 3559 617; baseline 0 -13"><span class='ocrx_word' id='word_1_181' title='bbox 1983 562 2100 605; x_wconf 66' lang='lat' dir='ltr'><strong>ient</strong></span> <span class='ocrx_word' id='word_1_182' title='bbox 2126 554 2334 606; x_wconf 76' lang='lat' dir='ltr'><strong>nomina</strong></span> <span class='ocrx_word' id='word_1_183' title='bbox 2372 563 2705 607; x_wconf 80' lang='lat' dir='ltr'><strong>mortuorum</strong></span> <span class='ocrx_word' id='word_1_184' title='bbox 2735 553 2877 606; x_wconf 84' lang='lat' dir='ltr'><strong>circa</strong></span> <span class='ocrx_word' id='word_1_185' title='bbox 2906 554 3236 617; x_wconf 72' lang='lat' dir='ltr'><strong>sepulturam</strong></span> <span class='ocrx_word' id='word_1_186' title='bbox 3264 567 3472 607; x_wconf 82' lang='lat' dir='ltr'><strong>eorum.</strong></span> <span class='ocrx_word' id='word_1_187' title='bbox 3506 554 3559 606; x_wconf 89' lang='lat' dir='ltr'><strong>lu</strong></span> 
     </span>
    </p>
   </div>
   <div class='ocr_carea' id='block_1_25' title="bbox 1980 622 3561 692">
    <p class='ocr_par' dir='ltr' id='par_1_25' title="bbox 1980 622 3561 692">
     <span class='ocr_line' id='line_1_25' title="bbox 1980 622 3561 692; baseline 0.001 -19"><span class='ocrx_word' id='word_1_188' title='bbox 1980 639 2085 689; x_wconf 88' lang='lat' dir='ltr'><strong>quo</strong></span> <span class='ocrx_word' id='word_1_189' title='bbox 2118 626 2376 691; x_wconf 74' lang='lat' dir='ltr'><strong>propheta</strong></span> <span class='ocrx_word' id='word_1_190' title='bbox 2410 639 2652 692; x_wconf 86' lang='lat' dir='ltr'><strong>magnam</strong></span> <span class='ocrx_word' id='word_1_191' title='bbox 2686 639 2873 675; x_wconf 86' lang='lat' dir='ltr'><strong>eorum</strong></span> <span class='ocrx_word' id='word_1_192' title='bbox 2909 632 3057 677; x_wconf 89' lang='lat' dir='ltr'><strong>notat</strong></span> <span class='ocrx_word' id='word_1_193' title='bbox 3100 622 3401 685; x_wconf 80' lang='lat' dir='ltr'><strong>stultitiam,</strong></span> <span class='ocrx_word' id='word_1_194' title='bbox 3441 626 3561 691; x_wconf 77' lang='lat' dir='ltr'><strong>quia</strong></span> 
     </span>
    </p>
   </div>
   <div class='ocr_carea' id='block_1_26' title="bbox 1979 692 3562 760">
    <p class='ocr_par' dir='ltr' id='par_1_26' title="bbox 1979 692 3562 760">
     <span class='ocr_line' id='line_1_26' title="bbox 1979 692 3562 760; baseline 0 -15"><span class='ocrx_word' id='word_1_195' title='bbox 1979 708 2097 745; x_wconf 84' lang='lat' dir='ltr'><strong>Cum</strong></span> <span class='ocrx_word' id='word_1_196' title='bbox 2130 697 2225 760; x_wconf 85' lang='lat' dir='ltr'><strong>ipsi</strong></span> <span class='ocrx_word' id='word_1_197' title='bbox 2271 710 2363 759; x_wconf 70' lang='lat' dir='ltr'><strong>per</strong></span> <span class='ocrx_word' id='word_1_198' title='bbox 2390 694 2512 747; x_wconf 75' lang='lat' dir='ltr'><strong>iure</strong></span> <span class='ocrx_word' id='word_1_199' title='bbox 2546 695 2857 747; x_wconf 76' lang='lat' dir='ltr'><strong>meritoriam</strong></span> <span class='ocrx_word' id='word_1_200' title='bbox 2891 703 3144 746; x_wconf 72' lang='lat' dir='ltr'><strong>teter-nam</strong></span> <span class='ocrx_word' id='word_1_201' title='bbox 3182 692 3380 748; x_wconf 84' lang='lat' dir='ltr'><strong>habere</strong></span> <span class='ocrx_word' id='word_1_202' title='bbox 3414 704 3562 759; x_wconf 77' lang='lat' dir='ltr'><strong>puta-</strong></span> 
     </span>
    </p>
   </div>
   <div class='ocr_carea' id='block_1_27' title="bbox 1982 762 3555 826">
    <p class='ocr_par' dir='ltr' id='par_1_27' title="bbox 1982 762 3555 826">
     <span class='ocr_line' id='line_1_27' title="bbox 1982 762 3555 826; baseline 0.003 -13"><span class='ocrx_word' id='word_1_203' title='bbox 1982 776 2118 826; x_wconf 80' lang='lat' dir='ltr'><strong>rent,</strong></span> <span class='ocrx_word' id='word_1_204' title='bbox 2146 773 2323 817; x_wconf 86' lang='lat' dir='ltr'><strong>tamen</strong></span> <span class='ocrx_word' id='word_1_205' title='bbox 2375 766 2427 816; x_wconf 92' lang='lat' dir='ltr'><strong>in</strong></span> <span class='ocrx_word' id='word_1_206' title='bbox 2456 765 2586 817; x_wconf 86' lang='lat' dir='ltr'><strong>solis</strong></span> <span class='ocrx_word' id='word_1_207' title='bbox 2635 763 2793 817; x_wconf 87' lang='lat' dir='ltr'><strong>terris</strong></span> <span class='ocrx_word' id='word_1_208' title='bbox 2839 764 2951 817; x_wconf 86' lang='lat' dir='ltr'><strong>suis</strong></span> <span class='ocrx_word' id='word_1_209' title='bbox 2982 764 3081 817; x_wconf 90' lang='lat' dir='ltr'><strong>hoc</strong></span> <span class='ocrx_word' id='word_1_210' title='bbox 3134 762 3417 817; x_wconf 81' lang='lat' dir='ltr'><strong>faciebant.</strong></span> <span class='ocrx_word' id='word_1_211' title='bbox 3460 763 3555 817; x_wconf 85' lang='lat' dir='ltr'><strong>Vel</strong></span> 
     </span>
    </p>
   </div>
   <div class='ocr_carea' id='block_1_28' title="bbox 1980 832 3555 902">
    <p class='ocr_par' dir='ltr' id='par_1_28' title="bbox 1980 832 3555 902">
     <span class='ocr_line' id='line_1_28' title="bbox 1980 832 3555 902; baseline 0.004 -19"><span class='ocrx_word' id='word_1_212' title='bbox 1980 833 2171 887; x_wconf 72' lang='lat' dir='ltr'><strong>aliter:</strong></span> <span class='ocrx_word' id='word_1_213' title='bbox 2224 833 2561 887; x_wconf 76' lang='lat' dir='ltr'><strong>taliemacula</strong></span> <span class='ocrx_word' id='word_1_214' title='bbox 2606 848 2821 898; x_wconf 86' lang='lat' dir='ltr'><strong>eorum,</strong></span> <span class='ocrx_word' id='word_1_215' title='bbox 2874 834 3013 887; x_wconf 84' lang='lat' dir='ltr'><strong>idest</strong></span> <span class='ocrx_word' id='word_1_216' title='bbox 3057 834 3249 886; x_wconf 91' lang='lat' dir='ltr'><strong>domus</strong></span> <span class='ocrx_word' id='word_1_217' title='bbox 3298 832 3555 902; x_wconf 68' lang='lat' dir='ltr'><strong>lapidea).</strong></span> 
     </span>
    </p>
   </div>
   <div class='ocr_carea' id='block_1_29' title="bbox 1976 901 3553 968">
    <p class='ocr_par' dir='ltr' id='par_1_29' title="bbox 1976 901 3553 968">
     <span class='ocr_line' id='line_1_29' title="bbox 1976 901 3553 968; baseline 0.004 -16"><span class='ocrx_word' id='word_1_218' title='bbox 1976 916 2107 967; x_wconf 86' lang='lat' dir='ltr'><strong>quas</strong></span> <span class='ocrx_word' id='word_1_219' title='bbox 2136 904 2202 957; x_wconf 90' lang='lat' dir='ltr'><strong>de</strong></span> <span class='ocrx_word' id='word_1_220' title='bbox 2230 903 2429 956; x_wconf 81' lang='lat' dir='ltr'><strong>divitiis</strong></span> <span class='ocrx_word' id='word_1_221' title='bbox 2459 911 2897 966; x_wconf 80' lang='lat' dir='ltr'><strong>construxerunt,</strong></span> <span class='ocrx_word' id='word_1_222' title='bbox 2934 905 2984 955; x_wconf 92' lang='lat' dir='ltr'><strong>in</strong></span> <span class='ocrx_word' id='word_1_223' title='bbox 3015 904 3208 968; x_wconf 86' lang='lat' dir='ltr'><strong>quibus</strong></span> <span class='ocrx_word' id='word_1_224' title='bbox 3242 901 3310 955; x_wconf 86' lang='lat' dir='ltr'><strong>ad</strong></span> <span class='ocrx_word' id='word_1_225' title='bbox 3364 901 3553 958; x_wconf 90' lang='lat' dir='ltr'><strong>horam</strong></span> 
     </span>
    </p>
   </div>
   <div class='ocr_carea' id='block_1_30' title="bbox 1980 971 3558 1044">
    <p class='ocr_par' dir='ltr' id='par_1_30' title="bbox 1980 971 3558 1044">
     <span class='ocr_line' id='line_1_30' title="bbox 1980 971 3558 1044; baseline 0.004 -22"><span class='ocrx_word' id='word_1_226' title='bbox 1980 971 2347 1044; x_wconf 83' lang='lat' dir='ltr'><strong>habitaverunt</strong></span> <span class='ocrx_word' id='word_1_227' title='bbox 2379 990 2393 1025; x_wconf 92' lang='lat'><strong>:</strong></span> <span class='ocrx_word' id='word_1_228' title='bbox 2419 974 2682 1028; x_wconf 88' lang='lat' dir='ltr'><strong>manentia</strong></span> <span class='ocrx_word' id='word_1_229' title='bbox 2716 974 2766 1027; x_wconf 93' lang='lat' dir='ltr'><strong>in</strong></span> <span class='ocrx_word' id='word_1_230' title='bbox 2789 973 3041 1043; x_wconf 78' lang='lat' dir='ltr'><strong>progenie</strong></span> <span class='ocrx_word' id='word_1_231' title='bbox 3060 973 3288 1044; x_wconf 84' lang='lat' dir='ltr'><strong>filiorum</strong></span> <span class='ocrx_word' id='word_1_232' title='bbox 3302 982 3558 1044; x_wconf 84' lang='lat' dir='ltr'><strong>etprogc-</strong></span> 
     </span>
    </p>
   </div>
   <div class='ocr_carea' id='block_1_31' title="bbox 1979 1042 3561 1109">
    <p class='ocr_par' dir='ltr' id='par_1_31' title="bbox 1979 1042 3561 1109">
     <span class='ocr_line' id='line_1_31' title="bbox 1979 1042 3561 1109; baseline 0.004 -16"><span class='ocrx_word' id='word_1_233' title='bbox 1979 1042 2065 1094; x_wconf 90' lang='lat' dir='ltr'><strong>uie</strong></span> <span class='ocrx_word' id='word_1_234' title='bbox 2100 1053 2349 1109; x_wconf 91' lang='lat' dir='ltr'><strong>nepotum</strong></span> <span class='ocrx_word' id='word_1_235' title='bbox 2376 1061 2389 1099; x_wconf 89' lang='lat'>:</span> <span class='ocrx_word' id='word_1_236' title='bbox 2419 1056 2718 1096; x_wconf 84' lang='lat' dir='ltr'><strong>vocaverunt</strong></span> <span class='ocrx_word' id='word_1_237' title='bbox 2750 1042 2955 1097; x_wconf 83' lang='lat' dir='ltr'><strong>nomina</strong></span> <span class='ocrx_word' id='word_1_238' title='bbox 2998 1060 3111 1107; x_wconf 79' lang='lat' dir='ltr'><strong>sua,</strong></span> <span class='ocrx_word' id='word_1_239' title='bbox 3155 1043 3313 1109; x_wconf 81' lang='lat' dir='ltr'><strong>idest,</strong></span> <span class='ocrx_word' id='word_1_240' title='bbox 3347 1042 3561 1099; x_wconf 85' lang='lat' dir='ltr'><strong>fuerunt</strong></span> 
     </span>
    </p>
   </div>
   <div class='ocr_carea' id='block_1_32' title="bbox 1975 1113 3552 1180">
    <p class='ocr_par' dir='ltr' id='par_1_32' title="bbox 1975 1113 3552 1180">
     <span class='ocr_line' id='line_1_32' title="bbox 1975 1113 3552 1180; baseline 0.003 -16"><span class='ocrx_word' id='word_1_241' title='bbox 1975 1125 2165 1165; x_wconf 78' lang='lat' dir='ltr'><strong>caussa</strong></span> <span class='ocrx_word' id='word_1_242' title='bbox 2192 1128 2355 1180; x_wconf 84' lang='lat' dir='ltr'><strong>quare</strong></span> <span class='ocrx_word' id='word_1_243' title='bbox 2383 1115 2600 1166; x_wconf 84' lang='lat' dir='ltr'><strong>nomina</strong></span> <span class='ocrx_word' id='word_1_244' title='bbox 2629 1127 2811 1167; x_wconf 90' lang='lat' dir='ltr'><strong>eorum</strong></span> <span class='ocrx_word' id='word_1_245' title='bbox 2841 1113 3161 1169; x_wconf 84' lang='lat' dir='ltr'><strong>haberentur</strong></span> <span class='ocrx_word' id='word_1_246' title='bbox 3192 1114 3242 1166; x_wconf 92' lang='lat' dir='ltr'><strong>in</strong></span> <span class='ocrx_word' id='word_1_247' title='bbox 3272 1115 3552 1169; x_wconf 86' lang='lat' dir='ltr'><strong>memoria.</strong></span> 
     </span>
    </p>
   </div>
   <div class='ocr_carea' id='block_1_33' title="bbox 1978 1182 3553 1251">
    <p class='ocr_par' dir='ltr' id='par_1_33' title="bbox 1978 1182 3553 1251">
     <span class='ocr_line' id='line_1_33' title="bbox 1978 1182 3553 1251; baseline 0.003 -17"><span class='ocrx_word' id='word_1_248' title='bbox 1978 1182 2035 1234; x_wconf 82' lang='lat' dir='ltr'><strong>Et</strong></span> <span class='ocrx_word' id='word_1_249' title='bbox 2060 1196 2167 1235; x_wconf 86' lang='lat' dir='ltr'><strong>non</strong></span> <span class='ocrx_word' id='word_1_250' title='bbox 2191 1182 2409 1251; x_wconf 86' lang='lat' dir='ltr'><strong>ubique,</strong></span> <span class='ocrx_word' id='word_1_251' title='bbox 2428 1183 2519 1235; x_wconf 88' lang='lat' dir='ltr'><strong>sed</strong></span> <span class='ocrx_word' id='word_1_252' title='bbox 2546 1186 2595 1236; x_wconf 91' lang='lat' dir='ltr'><strong>in</strong></span> <span class='ocrx_word' id='word_1_253' title='bbox 2619 1185 2775 1236; x_wconf 89' lang='lat' dir='ltr'><strong>terris</strong></span> <span class='ocrx_word' id='word_1_254' title='bbox 2803 1185 2930 1248; x_wconf 88' lang='lat' dir='ltr'><strong>suis,</strong></span> <span class='ocrx_word' id='word_1_255' title='bbox 2958 1185 3118 1249; x_wconf 59' lang='lat' dir='ltr'><strong>idest,</strong></span> <span class='ocrx_word' id='word_1_256' title='bbox 3135 1183 3187 1237; x_wconf 90' lang='lat' dir='ltr'><strong>in</strong></span> <span class='ocrx_word' id='word_1_257' title='bbox 3215 1182 3413 1237; x_wconf 81' lang='lat' dir='ltr'><strong>vicinia</strong></span> <span class='ocrx_word' id='word_1_258' title='bbox 3433 1198 3553 1239; x_wconf 87' lang='lat' dir='ltr'><strong>suo.</strong></span> 
     </span>
    </p>
   </div>
   <div class='ocr_carea' id='block_1_34' title="bbox 1978 1252 3555 1322">
    <p class='ocr_par' dir='ltr' id='par_1_34' title="bbox 1978 1252 3555 1322">
     <span class='ocr_line' id='line_1_34' title="bbox 1978 1252 3555 1322; baseline 0.002 -17"><span class='ocrx_word' id='word_1_259' title='bbox 1978 1252 2087 1305; x_wconf 89' lang='lat' dir='ltr'><strong>Hoc</strong></span> <span class='ocrx_word' id='word_1_260' title='bbox 2117 1262 2281 1306; x_wconf 89' lang='lat' dir='ltr'><strong>totum</strong></span> <span class='ocrx_word' id='word_1_261' title='bbox 2300 1254 2607 1319; x_wconf 87' lang='lat' dir='ltr'><strong>pertinetad</strong></span> <span class='ocrx_word' id='word_1_262' title='bbox 2637 1253 3059 1322; x_wconf 78' lang='lat' dir='ltr'><strong>redarguendam</strong></span> <span class='ocrx_word' id='word_1_263' title='bbox 3092 1255 3300 1308; x_wconf 81' lang='lat' dir='ltr'><strong>inanem</strong></span> <span class='ocrx_word' id='word_1_264' title='bbox 3332 1255 3555 1308; x_wconf 85' lang='lat' dir='ltr'><strong>divitum</strong></span> 
     </span>
    </p>
   </div>
   <div class='ocr_carea' id='block_1_35' title="bbox 1977 1324 3557 1394">
    <p class='ocr_par' dir='ltr' id='par_1_35' title="bbox 1977 1324 3557 1394">
     <span class='ocr_line' id='line_1_35' title="bbox 1977 1324 3557 1394; baseline 0.002 -19"><span class='ocrx_word' id='word_1_265' title='bbox 1977 1324 2362 1386; x_wconf 83' lang='lat' dir='ltr'><strong>extollentiam,</strong></span> <span class='ocrx_word' id='word_1_266' title='bbox 2393 1332 2464 1394; x_wconf 88' lang='lat' dir='ltr'><strong>ut</strong></span> <span class='ocrx_word' id='word_1_267' title='bbox 2484 1324 2534 1376; x_wconf 93' lang='lat' dir='ltr'><strong>in</strong></span> <span class='ocrx_word' id='word_1_268' title='bbox 2558 1324 2746 1391; x_wconf 83' lang='lat' dir='ltr'><strong>amplis</strong></span> <span class='ocrx_word' id='word_1_269' title='bbox 2772 1324 3007 1378; x_wconf 64' lang='lat' dir='ltr'><strong>a&#39;diﬁciis</strong></span> <span class='ocrx_word' id='word_1_270' title='bbox 3036 1339 3250 1394; x_wconf 87' lang='lat' dir='ltr'><strong>operam</strong></span> <span class='ocrx_word' id='word_1_271' title='bbox 3280 1338 3387 1377; x_wconf 84' lang='lat' dir='ltr'><strong>non</strong></span> <span class='ocrx_word' id='word_1_272' title='bbox 3411 1324 3557 1379; x_wconf 87' lang='lat' dir='ltr'><strong>insu-</strong></span> 
     </span>
    </p>
   </div>
   <div class='ocr_carea' id='block_1_36' title="bbox 1977 1393 3557 1460">
    <p class='ocr_par' dir='ltr' id='par_1_36' title="bbox 1977 1393 3557 1460">
     <span class='ocr_line' id='line_1_36' title="bbox 1977 1393 3557 1460; baseline 0.004 -16"><span class='ocrx_word' id='word_1_273' title='bbox 1977 1404 2118 1445; x_wconf 87' lang='lat' dir='ltr'><strong>mant</strong></span> <span class='ocrx_word' id='word_1_274' title='bbox 2157 1406 2314 1447; x_wconf 81' lang='lat' dir='ltr'><strong>:cuni</strong></span> <span class='ocrx_word' id='word_1_275' title='bbox 2348 1393 2559 1446; x_wconf 81' lang='lat' dir='ltr'><strong>tandem</strong></span> <span class='ocrx_word' id='word_1_276' title='bbox 2608 1401 2799 1460; x_wconf 73' lang='lat' dir='ltr'><strong>praeter</strong></span> <span class='ocrx_word' id='word_1_277' title='bbox 2843 1395 3149 1460; x_wconf 76' lang='lat' dir='ltr'><strong>sepulcrum</strong></span> <span class='ocrx_word' id='word_1_278' title='bbox 3181 1394 3315 1447; x_wconf 87' lang='lat' dir='ltr'><strong>nihil</strong></span> <span class='ocrx_word' id='word_1_279' title='bbox 3369 1409 3557 1450; x_wconf 82' lang='lat' dir='ltr'><strong>eorum</strong></span> 
     </span>
    </p>
   </div>
   <div class='ocr_carea' id='block_1_37' title="bbox 1976 1462 3557 1531">
    <p class='ocr_par' dir='ltr' id='par_1_37' title="bbox 1976 1462 3557 1531">
     <span class='ocr_line' id='line_1_37' title="bbox 1976 1462 3557 1531; baseline 0.006 -20"><span class='ocrx_word' id='word_1_280' title='bbox 1976 1462 2303 1531; x_wconf 86' lang='lat' dir='ltr'><strong>possideant.</strong></span> <span class='ocrx_word' id='word_1_281' title='bbox 2366 1464 2477 1517; x_wconf 91' lang='lat' dir='ltr'><strong>lloc</strong></span> <span class='ocrx_word' id='word_1_282' title='bbox 2524 1472 2698 1517; x_wconf 84' lang='lat' dir='ltr'><strong>autem</strong></span> <span class='ocrx_word' id='word_1_283' title='bbox 2756 1463 2873 1517; x_wconf 81' lang='lat' dir='ltr'><strong>ideo</strong></span> <span class='ocrx_word' id='word_1_284' title='bbox 2921 1465 3137 1527; x_wconf 80' lang='lat' dir='ltr'><strong>faciunt,</strong></span> <span class='ocrx_word' id='word_1_285' title='bbox 3169 1466 3287 1531; x_wconf 86' lang='lat' dir='ltr'><strong>quia</strong></span> <span class='ocrx_word' id='word_1_286' title='bbox 3317 1465 3557 1520; x_wconf 88' lang='lat' dir='ltr'><strong>intellec-</strong></span> 
     </span>
    </p>
   </div>
   <div class='ocr_carea' id='block_1_38' title="bbox 1976 1533 3355 1603">
    <p class='ocr_par' dir='ltr' id='par_1_38' title="bbox 1976 1533 3355 1603">
     <span class='ocr_line' id='line_1_38' title="bbox 1976 1533 3355 1603; baseline 0.001 -17"><span class='ocrx_word' id='word_1_287' title='bbox 1976 1543 2084 1587; x_wconf 92' lang='lat' dir='ltr'><strong>tttm</strong></span> <span class='ocrx_word' id='word_1_288' title='bbox 2116 1549 2269 1587; x_wconf 88' lang='lat' dir='ltr'><strong>suum</strong></span> <span class='ocrx_word' id='word_1_289' title='bbox 2294 1535 2607 1588; x_wconf 88' lang='lat' dir='ltr'><strong>amiserunt.</strong></span> <span class='ocrx_word' id='word_1_290' title='bbox 2642 1534 2707 1587; x_wconf 83' lang='lat' dir='ltr'><strong>Et</strong></span> <span class='ocrx_word' id='word_1_291' title='bbox 2729 1533 2829 1587; x_wconf 91' lang='lat' dir='ltr'><strong>hoc</strong></span> <span class='ocrx_word' id='word_1_292' title='bbox 2858 1543 2938 1587; x_wconf 88' lang='lat' dir='ltr'><strong>est</strong></span> <span class='ocrx_word' id='word_1_293' title='bbox 2967 1534 3104 1603; x_wconf 90' lang='lat' dir='ltr'><strong>quod</strong></span> <span class='ocrx_word' id='word_1_294' title='bbox 3133 1534 3311 1587; x_wconf 68' lang='lat' dir='ltr'><strong>Subilit</strong></span> <span class='ocrx_word' id='word_1_295' title='bbox 3343 1552 3355 1588; x_wconf 91' lang='lat'>:</span> 
     </span>
    </p>
   </div>
   <div class='ocr_carea' id='block_1_39' title="bbox 2045 1603 3556 1671">
    <p class='ocr_par' dir='ltr' id='par_1_39' title="bbox 2045 1603 3556 1671">
     <span class='ocr_line' id='line_1_39' title="bbox 2045 1603 3556 1671; baseline 0.003 -14"><span class='ocrx_word' id='word_1_296' title='bbox 2045 1603 2132 1657; x_wconf 73' lang='grc'><strong>15.</strong></span> <span class='ocrx_word' id='word_1_297' title='bbox 2168 1603 2337 1658; x_wconf 85' lang='lat' dir='ltr'><strong>Homo</strong></span> <span class='ocrx_word' id='word_1_298' title='bbox 2356 1622 2471 1657; x_wconf 81' lang='lat' dir='ltr'><strong>cum</strong></span> <span class='ocrx_word' id='word_1_299' title='bbox 2498 1606 2549 1658; x_wconf 82' lang='lat' dir='ltr'><strong>in</strong></span> <span class='ocrx_word' id='word_1_300' title='bbox 2583 1604 2776 1658; x_wconf 81' lang='lat' dir='ltr'><strong>honore</strong></span> <span class='ocrx_word' id='word_1_301' title='bbox 2801 1614 2952 1669; x_wconf 87' lang='lat' dir='ltr'><strong>esset,</strong></span> <span class='ocrx_word' id='word_1_302' title='bbox 2990 1620 3091 1657; x_wconf 86' lang='lat' dir='ltr'><strong>non</strong></span> <span class='ocrx_word' id='word_1_303' title='bbox 3134 1604 3401 1659; x_wconf 69' lang='lat' dir='ltr'><strong>nitellexit.</strong></span> <span class='ocrx_word' id='word_1_304' title='bbox 3426 1606 3556 1671; x_wconf 87' lang='lat' dir='ltr'><strong>Quis</strong></span> 
     </span>
    </p>
   </div>
   <div class='ocr_carea' id='block_1_40' title="bbox 1976 1673 3556 1744">
    <p class='ocr_par' dir='ltr' id='par_1_40' title="bbox 1976 1673 3556 1744">
     <span class='ocr_line' id='line_1_40' title="bbox 1976 1673 3556 1744; baseline 0.002 -17"><span class='ocrx_word' id='word_1_305' title='bbox 1976 1673 2147 1742; x_wconf 87' lang='lat' dir='ltr'><strong>major</strong></span> <span class='ocrx_word' id='word_1_306' title='bbox 2182 1675 2352 1728; x_wconf 90' lang='lat' dir='ltr'><strong>honor</strong></span> <span class='ocrx_word' id='word_1_307' title='bbox 2398 1675 2599 1728; x_wconf 87' lang='lat' dir='ltr'><strong>homini</strong></span> <span class='ocrx_word' id='word_1_308' title='bbox 2647 1675 2762 1729; x_wconf 90' lang='lat' dir='ltr'><strong>dari</strong></span> <span class='ocrx_word' id='word_1_309' title='bbox 2805 1674 2996 1744; x_wconf 83' lang='lat' dir='ltr'><strong>potuit,</strong></span> <span class='ocrx_word' id='word_1_310' title='bbox 3029 1689 3185 1742; x_wconf 91' lang='lat' dir='ltr'><strong>quam</strong></span> <span class='ocrx_word' id='word_1_311' title='bbox 3222 1677 3357 1728; x_wconf 87' lang='lat' dir='ltr'><strong>ratio</strong></span> <span class='ocrx_word' id='word_1_312' title='bbox 3387 1685 3443 1730; x_wconf 89' lang='lat' dir='ltr'><strong>et</strong></span> <span class='ocrx_word' id='word_1_313' title='bbox 3473 1678 3556 1730; x_wconf 79' lang='lat' dir='ltr'><strong>in-</strong></span> 
     </span>
    </p>
   </div>
   <div class='ocr_carea' id='block_1_41' title="bbox 1977 1744 3558 1815">
    <p class='ocr_par' dir='ltr' id='par_1_41' title="bbox 1977 1744 3558 1815">
     <span class='ocr_line' id='line_1_41' title="bbox 1977 1744 3558 1815; baseline 0.001 -18"><span class='ocrx_word' id='word_1_314' title='bbox 1977 1745 2243 1811; x_wconf 86' lang='lat' dir='ltr'><strong>tellectus,</strong></span> <span class='ocrx_word' id='word_1_315' title='bbox 2296 1745 2497 1814; x_wconf 87' lang='lat' dir='ltr'><strong>Deique</strong></span> <span class='ocrx_word' id='word_1_316' title='bbox 2541 1745 2878 1799; x_wconf 85' lang='lat' dir='ltr'><strong>similitudo?</strong></span> <span class='ocrx_word' id='word_1_317' title='bbox 2932 1745 2987 1799; x_wconf 92' lang='lat' dir='ltr'><strong>ln</strong></span> <span class='ocrx_word' id='word_1_318' title='bbox 3022 1754 3168 1798; x_wconf 90' lang='lat' dir='ltr'><strong>tanto</strong></span> <span class='ocrx_word' id='word_1_319' title='bbox 3212 1744 3414 1799; x_wconf 86' lang='lat' dir='ltr'><strong>honore</strong></span> <span class='ocrx_word' id='word_1_320' title='bbox 3462 1752 3558 1815; x_wconf 83' lang='lat' dir='ltr'><strong>po-</strong></span> 
     </span>
    </p>
   </div>
   <div class='ocr_carea' id='block_1_42' title="bbox 1979 1815 3552 1888">
    <p class='ocr_par' dir='ltr' id='par_1_42' title="bbox 1979 1815 3552 1888">
     <span class='ocr_line' id='line_1_42' title="bbox 1979 1815 3552 1888; baseline 0.003 -21"><span class='ocrx_word' id='word_1_321' title='bbox 1979 1819 2247 1888; x_wconf 85' lang='lat' dir='ltr'><strong>situs_&#39;non</strong></span> <span class='ocrx_word' id='word_1_322' title='bbox 2298 1817 2580 1879; x_wconf 68' lang='lat' dir='ltr'><strong>intellexit,</strong></span> <span class='ocrx_word' id='word_1_323' title='bbox 2636 1817 2796 1877; x_wconf 86' lang='lat' dir='ltr'><strong>idest,</strong></span> <span class='ocrx_word' id='word_1_324' title='bbox 2846 1832 2950 1869; x_wconf 89' lang='lat' dir='ltr'><strong>non</strong></span> <span class='ocrx_word' id='word_1_325' title='bbox 3012 1815 3370 1888; x_wconf 75' lang='lat' dir='ltr'><strong>intenigeitter</strong></span> <span class='ocrx_word' id='word_1_326' title='bbox 3400 1818 3552 1888; x_wconf 80' lang='lat' dir='ltr'><strong>egit:</strong></span> 
     </span>
    </p>
   </div>
   <div class='ocr_carea' id='block_1_43' title="bbox 292 1875 3559 1956">
    <p class='ocr_par' dir='ltr' id='par_1_43' title="bbox 292 1875 3559 1956">
     <span class='ocr_line' id='line_1_43' title="bbox 292 1875 3559 1956; baseline 0.001 -20"><span class='ocrx_word' id='word_1_327' title='bbox 292 1875 494 1953; x_wconf 80' lang='lat' dir='ltr'><strong>poterit</strong></span> <span class='ocrx_word' id='word_1_328' title='bbox 523 1885 685 1938; x_wconf 89' lang='lat' dir='ltr'><strong>Deum</strong></span> <span class='ocrx_word' id='word_1_329' title='bbox 719 1887 925 1951; x_wconf 85' lang='lat' dir='ltr'><strong>placare</strong></span> <span class='ocrx_word' id='word_1_330' title='bbox 952 1886 1144 1948; x_wconf 89' lang='lat' dir='ltr'><strong>malus,</strong></span> <span class='ocrx_word' id='word_1_331' title='bbox 1185 1875 1358 1953; x_wconf 68' lang='lat' dir='ltr'><strong>[itaque</strong></span> <span class='ocrx_word' id='word_1_332' title='bbox 1390 1900 1488 1956; x_wconf 83' lang='lat' dir='ltr'><strong>per</strong></span> <span class='ocrx_word' id='word_1_333' title='bbox 1515 1885 1867 1956; x_wconf 84' lang='lat' dir='ltr'><strong>oblationem,</strong></span> <span class='ocrx_word' id='word_1_334' title='bbox 1908 1875 1950 1934; x_wconf 87' lang='grc' dir='ltr'><strong>Β</strong></span> <span class='ocrx_word' id='word_1_335' title='bbox 1978 1887 2070 1956; x_wconf 81' lang='lat' dir='ltr'><strong>sed</strong></span> <span class='ocrx_word' id='word_1_336' title='bbox 2100 1884 2436 1949; x_wconf 75' lang='lat' dir='ltr'><strong>Compararus</strong></span> <span class='ocrx_word' id='word_1_337' title='bbox 2458 1896 2531 1939; x_wconf 83' lang='lat' dir='ltr'><strong>est</strong></span> <span class='ocrx_word' id='word_1_338' title='bbox 2556 1875 2797 1949; x_wconf 71' lang='lat' dir='ltr'><strong>iumentis</strong></span> <span class='ocrx_word' id='word_1_339' title='bbox 2824 1875 3335 1956; x_wconf 44' lang='lat' dir='ltr'><strong>insipientibusi&#39;Non</strong></span> <span class='ocrx_word' id='word_1_340' title='bbox 3365 1875 3559 1941; x_wconf 54' lang='lat' dir='ltr'><strong>sedun-</strong></span> 
     </span>
    </p>
   </div>
   <div class='ocr_carea' id='block_1_44' title="bbox 295 1955 1873 2023">
    <p class='ocr_par' dir='ltr' id='par_1_44' title="bbox 295 1955 1873 2023">
     <span class='ocr_line' id='line_1_44' title="bbox 295 1955 1873 2023; baseline 0.001 -16"><span class='ocrx_word' id='word_1_341' title='bbox 295 1970 470 2021; x_wconf 82' lang='lat' dir='ltr'><strong>neque</strong></span> <span class='ocrx_word' id='word_1_342' title='bbox 520 1969 614 2023; x_wconf 87' lang='lat' dir='ltr'><strong>per</strong></span> <span class='ocrx_word' id='word_1_343' title='bbox 664 1958 979 2022; x_wconf 86' lang='lat' dir='ltr'><strong>orationem,</strong></span> <span class='ocrx_word' id='word_1_344' title='bbox 1008 1970 1184 2023; x_wconf 86' lang='lat' dir='ltr'><strong>neque</strong></span> <span class='ocrx_word' id='word_1_345' title='bbox 1234 1971 1328 2023; x_wconf 91' lang='lat' dir='ltr'><strong>per</strong></span> <span class='ocrx_word' id='word_1_346' title='bbox 1356 1955 1697 2009; x_wconf 78' lang='lat' dir='ltr'><strong>sacriﬁcium.</strong></span> <span class='ocrx_word' id='word_1_347' title='bbox 1742 1955 1873 2009; x_wconf 85' lang='lat' dir='ltr'><strong>Hinc</strong></span> 
     </span>
    </p>
   </div>
   <div class='ocr_carea' id='block_1_45' title="bbox 290 2025 1870 2094">
    <p class='ocr_par' dir='ltr' id='par_1_45' title="bbox 290 2025 1870 2094">
     <span class='ocr_line' id='line_1_45' title="bbox 290 2025 1870 2094; baseline 0.001 -17"><span class='ocrx_word' id='word_1_348' title='bbox 290 2025 492 2079; x_wconf 71' lang='lat' dir='ltr'><strong>Paulus</strong></span> <span class='ocrx_word' id='word_1_349' title='bbox 522 2028 596 2078; x_wconf 86' lang='lat' dir='ltr'><strong>ait</strong></span> <span class='ocrx_word' id='word_1_350' title='bbox 626 2043 639 2078; x_wconf 85' lang='lat'><strong>:</strong></span> <span class='ocrx_word' id='word_1_351' title='bbox 674 2025 982 2080; x_wconf 79' lang='lat' dir='ltr'><strong>\‘oluntarie</strong></span> <span class='ocrx_word' id='word_1_352' title='bbox 1032 2026 1187 2080; x_wconf 91' lang='lat' dir='ltr'><strong>nobis</strong></span> <span class='ocrx_word' id='word_1_353' title='bbox 1236 2026 1579 2094; x_wconf 85' lang='lat' dir='ltr'><strong>peccantibus</strong></span> <span class='ocrx_word' id='word_1_354' title='bbox 1624 2027 1732 2089; x_wconf 89' lang='lat' dir='ltr'><strong>jam</strong></span> <span class='ocrx_word' id='word_1_355' title='bbox 1766 2041 1870 2079; x_wconf 91' lang='lat' dir='ltr'><strong>non</strong></span> 
     </span>
    </p>
   </div>
   <div class='ocr_carea' id='block_1_46' title="bbox 287 2095 1870 2167">
    <p class='ocr_par' dir='ltr' id='par_1_46' title="bbox 287 2095 1870 2167">
     <span class='ocr_line' id='line_1_46' title="bbox 287 2095 1870 2167; baseline 0.001 -19"><span class='ocrx_word' id='word_1_356' title='bbox 287 2096 614 2165; x_wconf 84' lang='lat' dir='ltr'><strong>relinquitur</strong></span> <span class='ocrx_word' id='word_1_357' title='bbox 645 2097 818 2149; x_wconf 87' lang='lat' dir='ltr'><strong>hostia</strong></span> <span class='ocrx_word' id='word_1_358' title='bbox 848 2111 944 2161; x_wconf 89' lang='lat' dir='ltr'><strong>pro</strong></span> <span class='ocrx_word' id='word_1_359' title='bbox 973 2106 1192 2165; x_wconf 71' lang='lat' dir='ltr'><strong>peccato</strong></span> <span class='ocrx_word' id='word_1_360' title='bbox 1216 2096 1409 2165; x_wconf 80' lang='lat' dir='ltr'><strong>(Hebr.</strong></span> <span class='ocrx_word' id='word_1_361' title='bbox 1444 2098 1578 2167; x_wconf 72' lang='lat'><strong>10.).</strong></span> <span class='ocrx_word' id='word_1_362' title='bbox 1609 2095 1870 2167; x_wconf 78' lang='lat' dir='ltr'><strong>Quamdiu</strong></span> 
     </span>
    </p>
   </div>
   <div class='ocr_carea' id='block_1_47' title="bbox 278 2166 1871 2234">
    <p class='ocr_par' dir='ltr' id='par_1_47' title="bbox 278 2166 1871 2234">
     <span class='ocr_line' id='line_1_47' title="bbox 278 2166 1871 2234; baseline -0.001 -15"><span class='ocrx_word' id='word_1_363' title='bbox 278 2168 439 2220; x_wconf 78' lang='lat' dir='ltr'><strong>enim</strong></span> <span class='ocrx_word' id='word_1_364' title='bbox 482 2168 641 2221; x_wconf 80' lang='lat' dir='ltr'><strong>homo</strong></span> <span class='ocrx_word' id='word_1_365' title='bbox 670 2177 751 2219; x_wconf 77' lang='lat' dir='ltr'><strong>est</strong></span> <span class='ocrx_word' id='word_1_366' title='bbox 783 2170 832 2220; x_wconf 86' lang='lat' dir='ltr'><strong>iu</strong></span> <span class='ocrx_word' id='word_1_367' title='bbox 867 2168 1139 2220; x_wconf 80' lang='lat' dir='ltr'><strong>\oluutate</strong></span> <span class='ocrx_word' id='word_1_368' title='bbox 1191 2167 1462 2234; x_wconf 85' lang='lat' dir='ltr'><strong>peccandi,</strong></span> <span class='ocrx_word' id='word_1_369' title='bbox 1514 2168 1674 2219; x_wconf 85' lang='lat' dir='ltr'><strong>nullis</strong></span> <span class='ocrx_word' id='word_1_370' title='bbox 1709 2166 1871 2219; x_wconf 88' lang='lat' dir='ltr'><strong>Dettm</strong></span> 
     </span>
    </p>
   </div>
   <div class='ocr_carea' id='block_1_48' title="bbox 285 2237 1873 2306">
    <p class='ocr_par' dir='ltr' id='par_1_48' title="bbox 285 2237 1873 2306">
     <span class='ocr_line' id='line_1_48' title="bbox 285 2237 1873 2306; baseline 0 -15"><span class='ocrx_word' id='word_1_371' title='bbox 285 2245 473 2304; x_wconf 76' lang='lat' dir='ltr'><strong>potest</strong></span> <span class='ocrx_word' id='word_1_372' title='bbox 527 2238 738 2306; x_wconf 88' lang='lat' dir='ltr'><strong>placate</strong></span> <span class='ocrx_word' id='word_1_373' title='bbox 792 2238 1125 2299; x_wconf 88' lang='lat' dir='ltr'><strong>muneribus,</strong></span> <span class='ocrx_word' id='word_1_374' title='bbox 1169 2237 1329 2290; x_wconf 89' lang='lat' dir='ltr'><strong>nullis</strong></span> <span class='ocrx_word' id='word_1_375' title='bbox 1380 2238 1676 2301; x_wconf 79' lang='lat' dir='ltr'><strong>saCriliriis,</strong></span> <span class='ocrx_word' id='word_1_376' title='bbox 1713 2238 1873 2291; x_wconf 71' lang='lat' dir='ltr'><strong>nuilis</strong></span> 
     </span>
    </p>
   </div>
   <div class='ocr_carea' id='block_1_49' title="bbox 287 2307 1239 2375">
    <p class='ocr_par' dir='ltr' id='par_1_49' title="bbox 287 2307 1239 2375">
     <span class='ocr_line' id='line_1_49' title="bbox 287 2307 1239 2375; baseline -0.001 -14"><span class='ocrx_word' id='word_1_377' title='bbox 287 2309 547 2375; x_wconf 88' lang='lat' dir='ltr'><strong>operibus</strong></span> <span class='ocrx_word' id='word_1_378' title='bbox 571 2309 740 2362; x_wconf 89' lang='lat' dir='ltr'><strong>bonis.</strong></span> <span class='ocrx_word' id='word_1_379' title='bbox 770 2307 839 2361; x_wconf 81' lang='lat' dir='ltr'><strong>Et</strong></span> <span class='ocrx_word' id='word_1_380' title='bbox 868 2309 986 2360; x_wconf 90' lang='lat' dir='ltr'><strong>ideo</strong></span> <span class='ocrx_word' id='word_1_381' title='bbox 1016 2308 1197 2361; x_wconf 84' lang='lat' dir='ltr'><strong>subdit</strong></span> <span class='ocrx_word' id='word_1_382' title='bbox 1227 2325 1239 2360; x_wconf 92' lang='lat'>:</span> 
     </span>
    </p>
   </div>
   <div class='ocr_carea' id='block_1_50' title="bbox 362 2377 1874 2449">
    <p class='ocr_par' dir='ltr' id='par_1_50' title="bbox 362 2377 1874 2449">
     <span class='ocr_line' id='line_1_50' title="bbox 362 2377 1874 2449; baseline 0.001 -18"><span class='ocrx_word' id='word_1_383' title='bbox 362 2380 417 2431; x_wconf 73' lang='lat' dir='ltr'><strong>ll.</strong></span> <span class='ocrx_word' id='word_1_384' title='bbox 444 2377 508 2430; x_wconf 84' lang='lat' dir='ltr'><strong>Et</strong></span> <span class='ocrx_word' id='word_1_385' title='bbox 538 2381 757 2449; x_wconf 86' lang='lat' dir='ltr'><strong>pretium</strong></span> <span class='ocrx_word' id='word_1_386' title='bbox 784 2380 1109 2432; x_wconf 75' lang='lat' dir='ltr'><strong>redemtionis</strong></span> <span class='ocrx_word' id='word_1_387' title='bbox 1136 2379 1450 2449; x_wconf 69' lang='lat' dir='ltr'><strong>attinuerit-az</strong></span> <span class='ocrx_word' id='word_1_388' title='bbox 1482 2393 1500 2431; x_wconf 91' lang='lat'><strong><em>:</em></strong></span> <span class='ocrx_word' id='word_1_389' title='bbox 1530 2394 1634 2431; x_wconf 81' lang='lat' dir='ltr'><strong>non</strong></span> <span class='ocrx_word' id='word_1_390' title='bbox 1676 2378 1874 2447; x_wconf 88' lang='lat' dir='ltr'><strong>poterit</strong></span> 
     </span>
    </p>
   </div>
   <div class='ocr_carea' id='block_1_51' title="bbox 285 2448 1871 2519">
    <p class='ocr_par' dir='ltr' id='par_1_51' title="bbox 285 2448 1871 2519">
     <span class='ocr_line' id='line_1_51' title="bbox 285 2448 1871 2519; baseline -0.001 -16"><span class='ocrx_word' id='word_1_391' title='bbox 285 2448 572 2519; x_wconf 79' lang='lat' dir='ltr'><strong>dare.Nou</strong></span> <span class='ocrx_word' id='word_1_392' title='bbox 601 2449 838 2503; x_wconf 89' lang='lat' dir='ltr'><strong>estenim</strong></span> <span class='ocrx_word' id='word_1_393' title='bbox 867 2449 983 2519; x_wconf 89' lang='lat' dir='ltr'><strong>ejus</strong></span> <span class='ocrx_word' id='word_1_394' title='bbox 1014 2450 1120 2507; x_wconf 84' lang='lat' dir='ltr'><strong>Deo</strong></span> <span class='ocrx_word' id='word_1_395' title='bbox 1150 2448 1478 2516; x_wconf 70' lang='lat' dir='ltr'><strong>lit-neplacita</strong></span> <span class='ocrx_word' id='word_1_396' title='bbox 1505 2449 1871 2518; x_wconf 81' lang='lat' dir='ltr'><strong>elcemosyna,</strong></span> 
     </span>
    </p>
   </div>
   <div class='ocr_carea' id='block_1_52' title="bbox 286 2518 1872 2587">
    <p class='ocr_par' dir='ltr' id='par_1_52' title="bbox 286 2518 1872 2587">
     <span class='ocr_line' id='line_1_52' title="bbox 286 2518 1872 2587; baseline -0.001 -13"><span class='ocrx_word' id='word_1_397' title='bbox 286 2518 445 2587; x_wconf 80' lang='lat' dir='ltr'><strong>cujus</strong></span> <span class='ocrx_word' id='word_1_398' title='bbox 472 2520 644 2573; x_wconf 86' lang='lat' dir='ltr'><strong>adhuc</strong></span> <span class='ocrx_word' id='word_1_399' title='bbox 668 2521 917 2573; x_wconf 79' lang='lat' dir='ltr'><strong>voluntas</strong></span> <span class='ocrx_word' id='word_1_400' title='bbox 940 2521 1201 2573; x_wconf 86' lang='lat' dir='ltr'><strong>retinetur</strong></span> <span class='ocrx_word' id='word_1_401' title='bbox 1231 2520 1286 2573; x_wconf 89' lang='lat' dir='ltr'><strong>iu</strong></span> <span class='ocrx_word' id='word_1_402' title='bbox 1315 2522 1489 2586; x_wconf 88' lang='lat' dir='ltr'><strong>culpa.</strong></span> <span class='ocrx_word' id='word_1_403' title='bbox 1526 2520 1588 2571; x_wconf 75' lang='lat' dir='ltr'><strong>lt‘t</strong></span> <span class='ocrx_word' id='word_1_404' title='bbox 1623 2519 1872 2572; x_wconf 80' lang='lat' dir='ltr'><strong>laborabit</strong></span> 
     </span>
    </p>
   </div>
   <div class='ocr_carea' id='block_1_53' title="bbox 286 2589 1873 2661">
    <p class='ocr_par' dir='ltr' id='par_1_53' title="bbox 286 2589 1873 2661">
     <span class='ocr_line' id='line_1_53' title="bbox 286 2589 1873 2661; baseline 0.001 -19"><span class='ocrx_word' id='word_1_405' title='bbox 286 2592 341 2642; x_wconf 71' lang='lat' dir='ltr'><strong>in</strong></span> <span class='ocrx_word' id='word_1_406' title='bbox 370 2598 614 2644; x_wconf 79' lang='lat' dir='ltr'><strong>teternum</strong></span> <span class='ocrx_word' id='word_1_407' title='bbox 640 2590 659 2661; x_wconf 72' lang='lat'>{</span> <span class='ocrx_word' id='word_1_408' title='bbox 684 2592 830 2645; x_wconf 76' lang='lat' dir='ltr'><strong>Vers.</strong></span> <span class='ocrx_word' id='word_1_409' title='bbox 868 2590 953 2645; x_wconf 73' lang='lat' dir='ltr'><strong>lt).</strong></span> <span class='ocrx_word' id='word_1_410' title='bbox 977 2589 1017 2659; x_wconf 92' lang='lat'><strong>],</strong></span> <span class='ocrx_word' id='word_1_411' title='bbox 1043 2601 1088 2644; x_wconf 84' lang='lat' dir='ltr'><strong>et</strong></span> <span class='ocrx_word' id='word_1_412' title='bbox 1119 2590 1241 2661; x_wconf 81' lang='lat' dir='ltr'><strong>tiret</strong></span> <span class='ocrx_word' id='word_1_413' title='bbox 1270 2590 1441 2643; x_wconf 80' lang='lat' dir='ltr'><strong>adhuc</strong></span> <span class='ocrx_word' id='word_1_414' title='bbox 1471 2589 1523 2642; x_wconf 84' lang='lat' dir='ltr'><strong>in</strong></span> <span class='ocrx_word' id='word_1_415' title='bbox 1553 2589 1727 2659; x_wconf 74' lang='lat' dir='ltr'><strong>ﬁnem.</strong></span> <span class='ocrx_word' id='word_1_416' title='bbox 1772 2590 1873 2655; x_wconf 89' lang='lat' dir='ltr'><strong>Qtti</strong></span> 
     </span>
    </p>
   </div>
   <div class='ocr_carea' id='block_1_54' title="bbox 288 2660 1874 2729">
    <p class='ocr_par' dir='ltr' id='par_1_54' title="bbox 288 2660 1874 2729">
     <span class='ocr_line' id='line_1_54' title="bbox 288 2660 1874 2729; baseline 0 -17"><span class='ocrx_word' id='word_1_417' title='bbox 288 2661 358 2713; x_wconf 87' lang='lat' dir='ltr'><strong>ad</strong></span> <span class='ocrx_word' id='word_1_418' title='bbox 386 2671 599 2729; x_wconf 80' lang='lat' dir='ltr'><strong>tempus</strong></span> <span class='ocrx_word' id='word_1_419' title='bbox 628 2660 924 2715; x_wconf 80' lang='lat' dir='ltr'><strong>deleCIatus</strong></span> <span class='ocrx_word' id='word_1_420' title='bbox 948 2668 1035 2715; x_wconf 88' lang='lat' dir='ltr'><strong>est</strong></span> <span class='ocrx_word' id='word_1_421' title='bbox 1062 2661 1111 2714; x_wconf 91' lang='lat' dir='ltr'><strong>in</strong></span> <span class='ocrx_word' id='word_1_422' title='bbox 1155 2660 1377 2721; x_wconf 86' lang='lat' dir='ltr'><strong>divitiis.</strong></span> <span class='ocrx_word' id='word_1_423' title='bbox 1411 2662 1460 2713; x_wconf 93' lang='lat' dir='ltr'><strong>in</strong></span> <span class='ocrx_word' id='word_1_424' title='bbox 1489 2671 1745 2714; x_wconf 80' lang='lat' dir='ltr'><strong>:eternum</strong></span> <span class='ocrx_word' id='word_1_425' title='bbox 1798 2664 1874 2713; x_wconf 85' lang='lat' dir='ltr'><strong>la-</strong></span> 
     </span>
    </p>
   </div>
   <div class='ocr_carea' id='block_1_55' title="bbox 288 2730 1870 2800">
    <p class='ocr_par' dir='ltr' id='par_1_55' title="bbox 288 2730 1870 2800">
     <span class='ocr_line' id='line_1_55' title="bbox 288 2730 1870 2800; baseline 0 -17"><span class='ocrx_word' id='word_1_426' title='bbox 288 2732 579 2785; x_wconf 84' lang='lat' dir='ltr'><strong>borabitiu</strong></span> <span class='ocrx_word' id='word_1_427' title='bbox 624 2733 903 2785; x_wconf 65' lang='lat' dir='ltr'><strong>tis-mentis</strong></span> <span class='ocrx_word' id='word_1_428' title='bbox 947 2733 1143 2800; x_wconf 78' lang='lat' dir='ltr'><strong>(Apoc.</strong></span> <span class='ocrx_word' id='word_1_429' title='bbox 1176 2730 1286 2800; x_wconf 89' lang='lat'><strong>9.).</strong></span> <span class='ocrx_word' id='word_1_430' title='bbox 1344 2730 1673 2785; x_wconf 90' lang='lat' dir='ltr'><strong>Desiderabit</strong></span> <span class='ocrx_word' id='word_1_431' title='bbox 1711 2731 1870 2797; x_wconf 91' lang='lat' dir='ltr'><strong>mori,</strong></span> 
     </span>
    </p>
   </div>
   <div class='ocr_carea' id='block_1_56' title="bbox 285 2802 1873 2868">
    <p class='ocr_par' dir='ltr' id='par_1_56' title="bbox 285 2802 1873 2868">
     <span class='ocr_line' id='line_1_56' title="bbox 285 2802 1873 2868; baseline -0.001 -11"><span class='ocrx_word' id='word_1_432' title='bbox 285 2805 385 2857; x_wconf 77' lang='lat' dir='ltr'><strong>sed</strong></span> <span class='ocrx_word' id='word_1_433' title='bbox 436 2817 540 2855; x_wconf 92' lang='lat' dir='ltr'><strong>non</strong></span> <span class='ocrx_word' id='word_1_434' title='bbox 593 2802 808 2865; x_wconf 81' lang='lat' dir='ltr'><strong>poterit.</strong></span> <span class='ocrx_word' id='word_1_435' title='bbox 847 2803 926 2857; x_wconf 79' lang='lat' dir='ltr'><strong>Ad</strong></span> <span class='ocrx_word' id='word_1_436' title='bbox 959 2804 1058 2857; x_wconf 85' lang='lat' dir='ltr'><strong>hoc</strong></span> <span class='ocrx_word' id='word_1_437' title='bbox 1107 2810 1309 2855; x_wconf 87' lang='lat' dir='ltr'><strong>tantum</strong></span> <span class='ocrx_word' id='word_1_438' title='bbox 1359 2803 1520 2866; x_wconf 84' lang='lat' dir='ltr'><strong>vivet,</strong></span> <span class='ocrx_word' id='word_1_439' title='bbox 1556 2812 1611 2855; x_wconf 89' lang='lat' dir='ltr'><strong>ut</strong></span> <span class='ocrx_word' id='word_1_440' title='bbox 1659 2816 1873 2868; x_wconf 83' lang='lat' dir='ltr'><strong>semper</strong></span> 
     </span>
    </p>
   </div>
   <div class='ocr_carea' id='block_1_57' title="bbox 290 2871 1872 2942">
    <p class='ocr_par' dir='ltr' id='par_1_57' title="bbox 290 2871 1872 2942">
     <span class='ocr_line' id='line_1_57' title="bbox 290 2871 1872 2942; baseline 0.002 -17"><span class='ocrx_word' id='word_1_441' title='bbox 290 2874 524 2928; x_wconf 69' lang='lat' dir='ltr'><strong>latex-ct.</strong></span> <span class='ocrx_word' id='word_1_442' title='bbox 559 2871 652 2927; x_wconf 76' lang='lat' dir='ltr'><strong>Va:</strong></span> <span class='ocrx_word' id='word_1_443' title='bbox 703 2872 817 2940; x_wconf 91' lang='lat' dir='ltr'><strong>tibi,</strong></span> <span class='ocrx_word' id='word_1_444' title='bbox 847 2874 991 2927; x_wconf 87' lang='lat' dir='ltr'><strong>mala</strong></span> <span class='ocrx_word' id='word_1_445' title='bbox 1041 2872 1325 2942; x_wconf 79' lang='lat' dir='ltr'><strong>cupiditas,</strong></span> <span class='ocrx_word' id='word_1_446' title='bbox 1356 2886 1518 2941; x_wconf 83' lang='lat' dir='ltr'><strong>quam</strong></span> <span class='ocrx_word' id='word_1_447' title='bbox 1564 2872 1704 2925; x_wconf 88' lang='lat' dir='ltr'><strong>male</strong></span> <span class='ocrx_word' id='word_1_448' title='bbox 1754 2882 1872 2928; x_wconf 85' lang='lat' dir='ltr'><strong>tuos</strong></span> 
     </span>
    </p>
   </div>
   <div class='ocr_carea' id='block_1_58' title="bbox 285 2944 1275 3013">
    <p class='ocr_par' dir='ltr' id='par_1_58' title="bbox 285 2944 1275 3013">
     <span class='ocr_line' id='line_1_58' title="bbox 285 2944 1275 3013; baseline 0.002 -16"><span class='ocrx_word' id='word_1_449' title='bbox 285 2944 498 3013; x_wconf 83' lang='lat' dir='ltr'><strong>decipis</strong></span> <span class='ocrx_word' id='word_1_450' title='bbox 520 2952 810 2997; x_wconf 82' lang='lat' dir='ltr'><strong>amatores.</strong></span> <span class='ocrx_word' id='word_1_451' title='bbox 1263 2944 1275 2955; x_wconf 86' lang='grc'><em>’</em></span> 
     </span>
    </p>
   </div>
   <div class='ocr_carea' id='block_1_59' title="bbox 365 3013 1875 3080">
    <p class='ocr_par' dir='ltr' id='par_1_59' title="bbox 365 3013 1875 3080">
     <span class='ocr_line' id='line_1_59' title="bbox 365 3013 1875 3080; baseline 0 -14"><span class='ocrx_word' id='word_1_452' title='bbox 365 3014 453 3066; x_wconf 85' lang='grc'><strong>11.</strong></span> <span class='ocrx_word' id='word_1_453' title='bbox 490 3014 609 3067; x_wconf 78' lang='lat' dir='ltr'><strong>Non</strong></span> <span class='ocrx_word' id='word_1_454' title='bbox 631 3014 811 3068; x_wconf 79' lang='lat' dir='ltr'><strong>videbit</strong></span> <span class='ocrx_word' id='word_1_455' title='bbox 836 3014 1118 3079; x_wconf 85' lang='lat' dir='ltr'><strong>interitum,</strong></span> <span class='ocrx_word' id='word_1_456' title='bbox 1146 3030 1261 3068; x_wconf 84' lang='lat' dir='ltr'><strong>cum</strong></span> <span class='ocrx_word' id='word_1_457' title='bbox 1284 3013 1461 3067; x_wconf 74' lang='lat' dir='ltr'><strong>viderit</strong></span> <span class='ocrx_word' id='word_1_458' title='bbox 1485 3013 1612 3080; x_wconf 85' lang='lat' dir='ltr'><strong>sapi-</strong></span> <span class='ocrx_word' id='word_1_459' title='bbox 1630 3022 1736 3067; x_wconf 81' lang='lat' dir='ltr'><strong>rites</strong></span> <span class='ocrx_word' id='word_1_460' title='bbox 1766 3029 1875 3066; x_wconf 87' lang='lat' dir='ltr'><strong>mo-</strong></span> 
     </span>
    </p>
   </div>
   <div class='ocr_carea' id='block_1_60' title="bbox 286 3084 1873 3153">
    <p class='ocr_par' dir='ltr' id='par_1_60' title="bbox 286 3084 1873 3153">
     <span class='ocr_line' id='line_1_60' title="bbox 286 3084 1873 3153; baseline -0.001 -14"><span class='ocrx_word' id='word_1_461' title='bbox 286 3085 498 3139; x_wconf 76' lang='lat' dir='ltr'><strong>rientes.</strong></span> <span class='ocrx_word' id='word_1_462' title='bbox 534 3084 725 3139; x_wconf 76' lang='lat' dir='ltr'><strong>V‘ltletat</strong></span> <span class='ocrx_word' id='word_1_463' title='bbox 765 3086 1033 3152; x_wconf 82' lang='lat' dir='ltr'><strong>sapientes</strong></span> <span class='ocrx_word' id='word_1_464' title='bbox 1068 3089 1224 3138; x_wconf 86' lang='lat' dir='ltr'><strong>mori.</strong></span> <span class='ocrx_word' id='word_1_465' title='bbox 1262 3086 1558 3138; x_wconf 70' lang='lat' dir='ltr'><strong>Attendunt</strong></span> <span class='ocrx_word' id='word_1_466' title='bbox 1609 3095 1873 3153; x_wconf 85' lang='lat' dir='ltr'><strong>tempora-</strong></span> 
     </span>
    </p>
   </div>
   <div class='ocr_carea' id='block_1_61' title="bbox 290 3155 1872 3217">
    <p class='ocr_par' dir='ltr' id='par_1_61' title="bbox 290 3155 1872 3217">
     <span class='ocr_line' id='line_1_61' title="bbox 290 3155 1872 3217; baseline -0.002 -6"><span class='ocrx_word' id='word_1_467' title='bbox 290 3157 398 3211; x_wconf 81' lang='lat' dir='ltr'><strong>iem</strong></span> <span class='ocrx_word' id='word_1_468' title='bbox 433 3156 797 3217; x_wconf 49' lang='lat' dir='ltr'><strong>unvrtem,sed</strong></span> <span class='ocrx_word' id='word_1_469' title='bbox 824 3161 1053 3209; x_wconf 89' lang='lat' dir='ltr'><strong>luturum</strong></span> <span class='ocrx_word' id='word_1_470' title='bbox 1078 3155 1433 3209; x_wconf 81' lang='lat' dir='ltr'><strong>damnationis</strong></span> <span class='ocrx_word' id='word_1_471' title='bbox 1464 3155 1732 3208; x_wconf 84' lang='lat' dir='ltr'><strong>interitum</strong></span> <span class='ocrx_word' id='word_1_472' title='bbox 1767 3171 1872 3208; x_wconf 75' lang='lat' dir='ltr'><strong>non</strong></span> 
     </span>
    </p>
   </div>
   <div class='ocr_carea' id='block_1_62' title="bbox 290 3225 1870 3296">
    <p class='ocr_par' dir='ltr' id='par_1_62' title="bbox 290 3225 1870 3296">
     <span class='ocr_line' id='line_1_62' title="bbox 290 3225 1870 3296; baseline -0.001 -16"><span class='ocrx_word' id='word_1_473' title='bbox 290 3226 595 3296; x_wconf 63' lang='lat' dir='ltr'><strong>provident.</strong></span> <span class='ocrx_word' id='word_1_474' title='bbox 647 3225 795 3296; x_wconf 80' lang='lat' dir='ltr'><strong>Talia</strong></span> <span class='ocrx_word' id='word_1_475' title='bbox 848 3227 1157 3294; x_wconf 82' lang='lat' dir='ltr'><strong>plerumque</strong></span> <span class='ocrx_word' id='word_1_476' title='bbox 1212 3229 1352 3296; x_wconf 85' lang='lat' dir='ltr'><strong>solet</strong></span> <span class='ocrx_word' id='word_1_477' title='bbox 1400 3225 1581 3279; x_wconf 76' lang='lat' dir='ltr'><strong>d‘ccre</strong></span> <span class='ocrx_word' id='word_1_478' title='bbox 1626 3242 1638 3277; x_wconf 91' lang='lat'><strong>:</strong></span> <span class='ocrx_word' id='word_1_479' title='bbox 1686 3225 1870 3279; x_wconf 80' lang='lat' dir='ltr'><strong>Nonne</strong></span> 
     </span>
    </p>
   </div>
   <div class='ocr_carea' id='block_1_63' title="bbox 290 3295 1862 3368">
    <p class='ocr_par' dir='ltr' id='par_1_63' title="bbox 290 3295 1862 3368">
     <span class='ocr_line' id='line_1_63' title="bbox 290 3295 1862 3368; baseline -0.001 -17"><span class='ocrx_word' id='word_1_480' title='bbox 290 3295 537 3351; x_wconf 85' lang='lat' dir='ltr'><strong>mortuus</strong></span> <span class='ocrx_word' id='word_1_481' title='bbox 578 3307 656 3368; x_wconf 90' lang='lat' dir='ltr'><strong>est</strong></span> <span class='ocrx_word' id='word_1_482' title='bbox 689 3295 851 3368; x_wconf 62' lang='grc'><strong>244,</strong></span> <span class='ocrx_word' id='word_1_483' title='bbox 894 3298 982 3352; x_wconf 91' lang='lat' dir='ltr'><strong>ille</strong></span> <span class='ocrx_word' id='word_1_484' title='bbox 1026 3297 1275 3362; x_wconf 78' lang='lat' dir='ltr'><strong>Sapiens?</strong></span> <span class='ocrx_word' id='word_1_485' title='bbox 1304 3295 1382 3368; x_wconf 51' lang='lat' dir='ltr'><strong>Si</strong></span> <span class='ocrx_word' id='word_1_486' title='bbox 1415 3296 1612 3364; x_wconf 88' lang='lat' dir='ltr'><strong>aliquid</strong></span> <span class='ocrx_word' id='word_1_487' title='bbox 1665 3307 1862 3368; x_wconf 79' lang='lat' dir='ltr'><strong>posset,</strong></span> 
     </span>
    </p>
   </div>
   <div class='ocr_carea' id='block_1_64' title="bbox 290 3366 1868 3438">
    <p class='ocr_par' dir='ltr' id='par_1_64' title="bbox 290 3366 1868 3438">
     <span class='ocr_line' id='line_1_64' title="bbox 290 3366 1868 3438; baseline 0 -18"><span class='ocrx_word' id='word_1_488' title='bbox 290 3369 386 3438; x_wconf 87' lang='lat' dir='ltr'><strong>qui</strong></span> <span class='ocrx_word' id='word_1_489' title='bbox 407 3367 605 3436; x_wconf 85' lang='lat' dir='ltr'><strong>aliquid</strong></span> <span class='ocrx_word' id='word_1_490' title='bbox 638 3366 837 3437; x_wconf 76' lang='lat' dir='ltr'><strong>sapuit,</strong></span> <span class='ocrx_word' id='word_1_491' title='bbox 865 3384 967 3421; x_wconf 92' lang='lat' dir='ltr'><strong>non</strong></span> <span class='ocrx_word' id='word_1_492' title='bbox 999 3378 1315 3422; x_wconf 86' lang='lat' dir='ltr'><strong>moreretur.</strong></span> <span class='ocrx_word' id='word_1_493' title='bbox 1347 3366 1559 3420; x_wconf 84' lang='lat' dir='ltr'><strong>Faciam</strong></span> <span class='ocrx_word' id='word_1_494' title='bbox 1584 3381 1710 3434; x_wconf 80' lang='lat' dir='ltr'><strong>ergo</strong></span> <span class='ocrx_word' id='word_1_495' title='bbox 1734 3366 1868 3421; x_wconf 89' lang='lat' dir='ltr'><strong>mihi</strong></span> 
     </span>
    </p>
   </div>
   <div class='ocr_carea' id='block_1_65' title="bbox 291 3438 1866 3506">
    <p class='ocr_par' dir='ltr' id='par_1_65' title="bbox 291 3438 1866 3506">
     <span class='ocr_line' id='line_1_65' title="bbox 291 3438 1866 3506; baseline -0.003 -11"><span class='ocrx_word' id='word_1_496' title='bbox 291 3439 455 3503; x_wconf 83' lang='lat' dir='ltr'><strong>bene,</strong></span> <span class='ocrx_word' id='word_1_497' title='bbox 506 3443 629 3492; x_wconf 91' lang='lat' dir='ltr'><strong>dum</strong></span> <span class='ocrx_word' id='word_1_498' title='bbox 676 3442 816 3491; x_wconf 76' lang='lat' dir='ltr'><strong>vivo.</strong></span> <span class='ocrx_word' id='word_1_499' title='bbox 848 3440 905 3491; x_wconf 91' lang='lat' dir='ltr'><strong>lli</strong></span> <span class='ocrx_word' id='word_1_500' title='bbox 934 3450 1056 3493; x_wconf 90' lang='lat' dir='ltr'><strong>sunt</strong></span> <span class='ocrx_word' id='word_1_501' title='bbox 1086 3438 1177 3506; x_wconf 89' lang='lat' dir='ltr'><strong>qui</strong></span> <span class='ocrx_word' id='word_1_502' title='bbox 1223 3439 1549 3505; x_wconf 89' lang='lat' dir='ltr'><strong>voluptatem</strong></span> <span class='ocrx_word' id='word_1_503' title='bbox 1600 3452 1866 3491; x_wconf 87' lang='lat' dir='ltr'><strong>sumntum</strong></span> 
     </span>
    </p>
   </div>
   <div class='ocr_carea' id='block_1_66' title="bbox 292 3508 1869 3578">
    <p class='ocr_par' dir='ltr' id='par_1_66' title="bbox 292 3508 1869 3578">
     <span class='ocr_line' id='line_1_66' title="bbox 292 3508 1869 3578; baseline -0.001 -14"><span class='ocrx_word' id='word_1_504' title='bbox 292 3510 491 3564; x_wconf 86' lang='lat' dir='ltr'><strong>bonum</strong></span> <span class='ocrx_word' id='word_1_505' title='bbox 511 3524 630 3563; x_wconf 87' lang='lat' dir='ltr'><strong>esse</strong></span> <span class='ocrx_word' id='word_1_506' title='bbox 653 3521 919 3578; x_wconf 75' lang='lat' dir='ltr'><strong>putantes,</strong></span> <span class='ocrx_word' id='word_1_507' title='bbox 942 3509 1149 3563; x_wconf 87' lang='lat' dir='ltr'><strong>cunctis</strong></span> <span class='ocrx_word' id='word_1_508' title='bbox 1171 3509 1409 3576; x_wconf 77' lang='lat' dir='ltr'><strong>corporis</strong></span> <span class='ocrx_word' id='word_1_509' title='bbox 1430 3508 1869 3562; x_wconf 78' lang='lat' dir='ltr'><strong>delectationibus</strong></span> 
     </span>
    </p>
   </div>
   <div class='ocr_carea' id='block_1_67' title="bbox 296 3578 1870 3647">
    <p class='ocr_par' dir='ltr' id='par_1_67' title="bbox 296 3578 1870 3647">
     <span class='ocr_line' id='line_1_67' title="bbox 296 3578 1870 3647; baseline -0.001 -14"><span class='ocrx_word' id='word_1_510' title='bbox 296 3582 587 3635; x_wconf 62' lang='lat' dir='ltr'><strong>iuha‘neut.</strong></span> <span class='ocrx_word' id='word_1_511' title='bbox 624 3581 683 3634; x_wconf 87' lang='lat' dir='ltr'><strong>lli</strong></span> <span class='ocrx_word' id='word_1_512' title='bbox 707 3591 831 3633; x_wconf 87' lang='lat' dir='ltr'><strong>sunt</strong></span> <span class='ocrx_word' id='word_1_513' title='bbox 877 3582 963 3647; x_wconf 85' lang='lat' dir='ltr'><strong>qui</strong></span> <span class='ocrx_word' id='word_1_514' title='bbox 995 3582 1193 3639; x_wconf 82' lang='lat' dir='ltr'><strong>dicunt.</strong></span> <span class='ocrx_word' id='word_1_515' title='bbox 1224 3578 1581 3633; x_wconf 86' lang='lat' dir='ltr'><strong>Comedamus</strong></span> <span class='ocrx_word' id='word_1_516' title='bbox 1621 3590 1677 3632; x_wconf 89' lang='lat' dir='ltr'><strong>et</strong></span> <span class='ocrx_word' id='word_1_517' title='bbox 1718 3580 1870 3631; x_wconf 85' lang='lat' dir='ltr'><strong>biba-</strong></span> 
     </span>
    </p>
   </div>
   <div class='ocr_carea' id='block_1_68' title="bbox 294 3648 1872 3719">
    <p class='ocr_par' dir='ltr' id='par_1_68' title="bbox 294 3648 1872 3719">
     <span class='ocr_line' id='line_1_68' title="bbox 294 3648 1872 3719; baseline -0.001 -14"><span class='ocrx_word' id='word_1_518' title='bbox 294 3667 435 3716; x_wconf 86' lang='lat' dir='ltr'><strong>mus,</strong></span> <span class='ocrx_word' id='word_1_519' title='bbox 482 3666 601 3706; x_wconf 86' lang='lat' dir='ltr'><strong>eras</strong></span> <span class='ocrx_word' id='word_1_520' title='bbox 642 3655 785 3704; x_wconf 88' lang='lat' dir='ltr'><strong>enim</strong></span> <span class='ocrx_word' id='word_1_521' title='bbox 846 3652 1135 3704; x_wconf 83' lang='lat' dir='ltr'><strong>moriemur</strong></span> <span class='ocrx_word' id='word_1_522' title='bbox 1167 3650 1399 3719; x_wconf 71' lang='lat' dir='ltr'><strong>(lt‘ccles.</strong></span> <span class='ocrx_word' id='word_1_523' title='bbox 1444 3651 1552 3717; x_wconf 83' lang='lat'><strong>7.).</strong></span> <span class='ocrx_word' id='word_1_524' title='bbox 1616 3648 1872 3704; x_wconf 85' lang='lat' dir='ltr'><strong>Viderunt</strong></span> 
     </span>
    </p>
   </div>
   <div class='ocr_carea' id='block_1_69' title="bbox 292 3720 1867 3793">
    <p class='ocr_par' dir='ltr' id='par_1_69' title="bbox 292 3720 1867 3793">
     <span class='ocr_line' id='line_1_69' title="bbox 292 3720 1867 3793; baseline -0.003 -17"><span class='ocrx_word' id='word_1_525' title='bbox 292 3720 403 3793; x_wconf 73' lang='lat' dir='ltr'><strong>(Ex</strong></span> <span class='ocrx_word' id='word_1_526' title='bbox 433 3720 736 3793; x_wconf 81' lang='lat' dir='ltr'><strong>Augustino)</strong></span> <span class='ocrx_word' id='word_1_527' title='bbox 772 3720 940 3774; x_wconf 76' lang='lat' dir='ltr'><strong>Juda-i</strong></span> <span class='ocrx_word' id='word_1_528' title='bbox 965 3721 1240 3775; x_wconf 72' lang='lat' dir='ltr'><strong>Chri~tum</strong></span> <span class='ocrx_word' id='word_1_529' title='bbox 1270 3721 1670 3793; x_wconf 53' lang='lat' dir='ltr'><strong>peudcnteutin</strong></span> <span class='ocrx_word' id='word_1_530' title='bbox 1689 3734 1867 3793; x_wconf 77' lang='lat' dir='ltr'><strong>cruce,</strong></span> 
     </span>
    </p>
   </div>
   <div class='ocr_carea' id='block_1_70' title="bbox 292 3790 1871 3851">
    <p class='ocr_par' dir='ltr' id='par_1_70' title="bbox 292 3790 1871 3851">
     <span class='ocr_line' id='line_1_70' title="bbox 292 3790 1871 3851; baseline -0.003 0"><span class='ocrx_word' id='word_1_531' title='bbox 292 3790 349 3851; x_wconf 81' lang='lat' dir='ltr'><strong>et</strong></span> <span class='ocrx_word' id='word_1_532' title='bbox 377 3790 783 3849; x_wconf 55' lang='lat' dir='ltr'><strong>contt&#39;einscrunt</strong></span> <span class='ocrx_word' id='word_1_533' title='bbox 830 3794 977 3846; x_wconf 84' lang='lat' dir='ltr'><strong>illum</strong></span> <span class='ocrx_word' id='word_1_534' title='bbox 1024 3796 1306 3846; x_wconf 81' lang='lat' dir='ltr'><strong>dicentes:</strong></span> <span class='ocrx_word' id='word_1_535' title='bbox 1341 3793 1434 3845; x_wconf 86' lang='lat' dir='ltr'><strong>llic</strong></span> <span class='ocrx_word' id='word_1_536' title='bbox 1478 3793 1521 3845; x_wconf 89' lang='lat' dir='ltr'><strong>si</strong></span> <span class='ocrx_word' id='word_1_537' title='bbox 1570 3790 1607 3843; x_wconf 82' lang='lat' dir='ltr'><strong>F</strong></span> <span class='ocrx_word' id='word_1_538' title='bbox 1614 3791 1736 3843; x_wconf 87' lang='lat' dir='ltr'><strong>ilius</strong></span> <span class='ocrx_word' id='word_1_539' title='bbox 1777 3791 1871 3846; x_wconf 81' lang='lat' dir='ltr'><strong>Dei</strong></span> 
     </span>
    </p>
   </div>
   <div class='ocr_carea' id='block_1_71' title="bbox 290 3858 1870 3931">
    <p class='ocr_par' dir='ltr' id='par_1_71' title="bbox 290 3858 1870 3931">
     <span class='ocr_line' id='line_1_71' title="bbox 290 3858 1870 3931; baseline -0.003 -10"><span class='ocrx_word' id='word_1_540' title='bbox 290 3875 459 3930; x_wconf 86' lang='lat' dir='ltr'><strong>esset,</strong></span> <span class='ocrx_word' id='word_1_541' title='bbox 487 3862 838 3917; x_wconf 75' lang='lat' dir='ltr'><strong>descenderet</strong></span> <span class='ocrx_word' id='word_1_542' title='bbox 887 3864 955 3917; x_wconf 89' lang='lat' dir='ltr'><strong>de</strong></span> <span class='ocrx_word' id='word_1_543' title='bbox 980 3877 1141 3917; x_wconf 88' lang='lat' dir='ltr'><strong>cruce</strong></span> <span class='ocrx_word' id='word_1_544' title='bbox 1170 3861 1398 3931; x_wconf 78' lang='lat' dir='ltr'><strong>(Matth.</strong></span> <span class='ocrx_word' id='word_1_545' title='bbox 1437 3858 1560 3931; x_wconf 71' lang='lat'><strong>27.)</strong></span> <span class='ocrx_word' id='word_1_546' title='bbox 1598 3880 1608 3915; x_wconf 94' lang='lat'><strong>:</strong></span> <span class='ocrx_word' id='word_1_547' title='bbox 1643 3876 1745 3915; x_wconf 88' lang='lat' dir='ltr'><strong>non</strong></span> <span class='ocrx_word' id='word_1_548' title='bbox 1789 3864 1870 3916; x_wconf 84' lang='lat' dir='ltr'><strong>vi-</strong></span> 
     </span>
    </p>
   </div>
   <div class='ocr_carea' id='block_1_72' title="bbox 292 3932 1871 4005">
    <p class='ocr_par' dir='ltr' id='par_1_72' title="bbox 292 3932 1871 4005">
     <span class='ocr_line' id='line_1_72' title="bbox 292 3932 1871 4005; baseline -0.002 -16"><span class='ocrx_word' id='word_1_549' title='bbox 292 3938 487 3989; x_wconf 85' lang='lat' dir='ltr'><strong>dentes</strong></span> <span class='ocrx_word' id='word_1_550' title='bbox 508 3933 633 4005; x_wconf 79' lang='lat' dir='ltr'><strong>quid</strong></span> <span class='ocrx_word' id='word_1_551' title='bbox 660 3935 732 4005; x_wconf 82' lang='lat' dir='ltr'><strong>sit</strong></span> <span class='ocrx_word' id='word_1_552' title='bbox 777 3933 1021 3988; x_wconf 83' lang='lat' dir='ltr'><strong>interitus</strong></span> <span class='ocrx_word' id='word_1_553' title='bbox 1051 3943 1099 3986; x_wconf 70' lang='grc' dir='ltr'><strong>θ.</strong></span> <span class='ocrx_word' id='word_1_554' title='bbox 1131 3934 1222 3989; x_wconf 84' lang='lat' dir='ltr'><strong>Ille</strong></span> <span class='ocrx_word' id='word_1_555' title='bbox 1254 3932 1579 4005; x_wconf 77' lang='lat' dir='ltr'><strong>moriebatur</strong></span> <span class='ocrx_word' id='word_1_556' title='bbox 1601 3942 1871 4001; x_wconf 88' lang='lat' dir='ltr'><strong>tempora-</strong></span> 
     </span>
    </p>
   </div>
   <div class='ocr_carea' id='block_1_73' title="bbox 294 4004 1874 4071">
    <p class='ocr_par' dir='ltr' id='par_1_73' title="bbox 294 4004 1874 4071">
     <span class='ocr_line' id='line_1_73' title="bbox 294 4004 1874 4071; baseline -0.004 -9"><span class='ocrx_word' id='word_1_557' title='bbox 294 4007 441 4071; x_wconf 85' lang='lat' dir='ltr'><strong>liter,</strong></span> <span class='ocrx_word' id='word_1_558' title='bbox 468 4017 531 4059; x_wconf 83' lang='lat' dir='ltr'><strong>ut</strong></span> <span class='ocrx_word' id='word_1_559' title='bbox 563 4004 909 4059; x_wconf 85' lang='lat' dir='ltr'><strong>revivisceret</strong></span> <span class='ocrx_word' id='word_1_560' title='bbox 937 4007 988 4058; x_wconf 90' lang='lat' dir='ltr'><strong>in</strong></span> <span class='ocrx_word' id='word_1_561' title='bbox 1020 4014 1298 4058; x_wconf 80' lang='lat' dir='ltr'><strong>a-tctnum.</strong></span> <span class='ocrx_word' id='word_1_562' title='bbox 1332 4004 1408 4058; x_wconf 79' lang='lat' dir='ltr'><strong>illi</strong></span> <span class='ocrx_word' id='word_1_563' title='bbox 1442 4005 1690 4057; x_wconf 78' lang='lat' dir='ltr'><strong>vivebant</strong></span> <span class='ocrx_word' id='word_1_564' title='bbox 1737 4012 1874 4057; x_wconf 88' lang='lat' dir='ltr'><strong>tein-</strong></span> 
     </span>
    </p>
   </div>
   <div class='ocr_carea' id='block_1_74' title="bbox 294 4073 1873 4147">
    <p class='ocr_par' dir='ltr' id='par_1_74' title="bbox 294 4073 1873 4147">
     <span class='ocr_line' id='line_1_74' title="bbox 294 4073 1873 4147; baseline -0.003 -17"><span class='ocrx_word' id='word_1_565' title='bbox 294 4079 587 4147; x_wconf 79' lang='lat' dir='ltr'><strong>poraliu-r,</strong></span> <span class='ocrx_word' id='word_1_566' title='bbox 636 4073 880 4147; x_wconf 67' lang='lat' dir='ltr'><strong>morituri</strong></span> <span class='ocrx_word' id='word_1_567' title='bbox 936 4076 1001 4147; x_wconf 90' lang='lat' dir='ltr'><strong>in</strong></span> <span class='ocrx_word' id='word_1_568' title='bbox 1043 4085 1352 4147; x_wconf 32' lang='lat' dir='ltr'><strong>arternum.‘</strong></span> <span class='ocrx_word' id='word_1_569' title='bbox 1384 4073 1460 4127; x_wconf 84' lang='lat' dir='ltr'><strong>De</strong></span> <span class='ocrx_word' id='word_1_570' title='bbox 1513 4075 1704 4147; x_wconf 76' lang='lat' dir='ltr'><strong>quibus</strong></span> <span class='ocrx_word' id='word_1_571' title='bbox 1743 4089 1873 4147; x_wconf 77' lang='lat' dir='ltr'><strong>_mo_x</strong></span> 
     </span>
    </p>
   </div>
   <div class='ocr_carea' id='block_1_75' title="bbox 294 4142 1876 4217">
    <p class='ocr_par' dir='ltr' id='par_1_75' title="bbox 294 4142 1876 4217">
     <span class='ocr_line' id='line_1_75' title="bbox 294 4142 1876 4217; baseline -0.004 -15"><span class='ocrx_word' id='word_1_572' title='bbox 294 4142 491 4202; x_wconf 65' lang='lat' dir='ltr'><strong>subinft</strong></span> <span class='ocrx_word' id='word_1_573' title='bbox 513 4159 627 4201; x_wconf 90' lang='lat' dir='ltr'><strong>rtur</strong></span> <span class='ocrx_word' id='word_1_574' title='bbox 657 4163 671 4197; x_wconf 85' lang='lat'>:</span> <span class='ocrx_word' id='word_1_575' title='bbox 705 4144 881 4199; x_wconf 83' lang='lat' dir='ltr'><strong>Simul</strong></span> <span class='ocrx_word' id='word_1_576' title='bbox 905 4146 1150 4217; x_wconf 74' lang='lat' dir='ltr'><strong>insipiens</strong></span> <span class='ocrx_word' id='word_1_577' title='bbox 1179 4154 1227 4198; x_wconf 89' lang='lat' dir='ltr'><strong>et</strong></span> <span class='ocrx_word' id='word_1_578' title='bbox 1248 4142 1435 4197; x_wconf 85' lang='lat' dir='ltr'><strong>stultus</strong></span> <span class='ocrx_word' id='word_1_579' title='bbox 1453 4144 1710 4217; x_wconf 66' lang='lat' dir='ltr'><strong>peribunt.</strong></span> <span class='ocrx_word' id='word_1_580' title='bbox 1743 4142 1876 4217; x_wconf 79' lang='lat' dir='ltr'><strong>lusi-</strong></span> 
     </span>
    </p>
   </div>
   <div class='ocr_carea' id='block_1_76' title="bbox 293 4212 1875 4289">
    <p class='ocr_par' dir='ltr' id='par_1_76' title="bbox 293 4212 1875 4289">
     <span class='ocr_line' id='line_1_76' title="bbox 293 4212 1875 4289; baseline -0.003 -19"><span class='ocrx_word' id='word_1_581' title='bbox 293 4221 451 4289; x_wconf 76' lang='lat' dir='ltr'><strong>pieus</strong></span> <span class='ocrx_word' id='word_1_582' title='bbox 478 4228 582 4280; x_wconf 88' lang='lat' dir='ltr'><strong>est,</strong></span> <span class='ocrx_word' id='word_1_583' title='bbox 613 4218 702 4289; x_wconf 90' lang='lat' dir='ltr'><strong>qui</strong></span> <span class='ocrx_word' id='word_1_584' title='bbox 732 4230 838 4269; x_wconf 89' lang='lat' dir='ltr'><strong>non</strong></span> <span class='ocrx_word' id='word_1_585' title='bbox 864 4212 1037 4272; x_wconf 72' lang='lat' dir='ltr'><strong>credit</strong></span> <span class='ocrx_word' id='word_1_586' title='bbox 1067 4218 1117 4269; x_wconf 84' lang='lat' dir='ltr'><strong>in</strong></span> <span class='ocrx_word' id='word_1_587' title='bbox 1149 4218 1643 4289; x_wconf 71' lang='lat' dir='ltr'><strong>l&#39;nturam_p(enatu.</strong></span> <span class='ocrx_word' id='word_1_588' title='bbox 1667 4212 1875 4289; x_wconf 79' lang='lat' dir='ltr'><strong>Stultus</strong></span> 
     </span>
    </p>
   </div>
   <div class='ocr_carea' id='block_1_77' title="bbox 295 4282 1868 4359">
    <p class='ocr_par' dir='ltr' id='par_1_77' title="bbox 295 4282 1868 4359">
     <span class='ocr_line' id='line_1_77' title="bbox 295 4282 1868 4359; baseline -0.005 -14"><span class='ocrx_word' id='word_1_589' title='bbox 295 4282 384 4359; x_wconf 74' lang='lat' dir='ltr'><strong>qui</strong></span> <span class='ocrx_word' id='word_1_590' title='bbox 418 4290 543 4344; x_wconf 87' lang='lat' dir='ltr'><strong>licet</strong></span> <span class='ocrx_word' id='word_1_591' title='bbox 572 4282 778 4351; x_wconf 66' lang='lat' dir='ltr'><strong>credat,</strong></span> <span class='ocrx_word' id='word_1_592' title='bbox 815 4296 989 4359; x_wconf 84' lang='lat' dir='ltr'><strong>tamen</strong></span> <span class='ocrx_word' id='word_1_593' title='bbox 1041 4302 1143 4339; x_wconf 89' lang='lat' dir='ltr'><strong>non</strong></span> <span class='ocrx_word' id='word_1_594' title='bbox 1175 4296 1347 4359; x_wconf 66' lang='lat' dir='ltr'><strong>esset.</strong></span> <span class='ocrx_word' id='word_1_595' title='bbox 1378 4282 1519 4338; x_wconf 83' lang='lat' dir='ltr'><strong>Cave</strong></span> <span class='ocrx_word' id='word_1_596' title='bbox 1566 4297 1705 4359; x_wconf 30' lang='lat' dir='ltr'><strong>ergo.</strong></span> <span class='ocrx_word' id='word_1_597' title='bbox 1743 4284 1868 4359; x_wconf 77' lang='lat' dir='ltr'><strong>insi-</strong></span> 
     </span>
    </p>
   </div>
   <div class='ocr_carea' id='block_1_78' title="bbox 296 4353 1877 4431">
    <p class='ocr_par' dir='ltr' id='par_1_78' title="bbox 296 4353 1877 4431">
     <span class='ocr_line' id='line_1_78' title="bbox 296 4353 1877 4431; baseline -0.006 -16"><span class='ocrx_word' id='word_1_598' title='bbox 296 4353 553 4431; x_wconf 77' lang='lat' dir='ltr'><strong>pientiam</strong></span> <span class='ocrx_word' id='word_1_599' title='bbox 587 4376 599 4411; x_wconf 91' lang='lat'>:</span> <span class='ocrx_word' id='word_1_600' title='bbox 634 4373 766 4431; x_wconf 81' lang='lat' dir='ltr'><strong>cave</strong></span> <span class='ocrx_word' id='word_1_601' title='bbox 804 4356 1078 4431; x_wconf 85' lang='lat' dir='ltr'><strong>stultitiam</strong></span> <span class='ocrx_word' id='word_1_602' title='bbox 1116 4373 1131 4412; x_wconf 89' lang='lat'><strong>:</strong></span> <span class='ocrx_word' id='word_1_603' title='bbox 1164 4353 1877 4431; x_wconf 58' lang='lat' dir='ltr'><strong>provideminuamimmi-</strong></span> 
     </span>
    </p>
   </div>
   <div class='ocr_carea' id='block_1_79' title="bbox 297 4423 1870 4495">
    <p class='ocr_par' dir='ltr' id='par_1_79' title="bbox 297 4423 1870 4495">
     <span class='ocr_line' id='line_1_79' title="bbox 297 4423 1870 4495; baseline -0.006 -10"><span class='ocrx_word' id='word_1_604' title='bbox 297 4423 432 4488; x_wconf 83' lang='lat' dir='ltr'><strong>ium.</strong></span> <span class='ocrx_word' id='word_1_605' title='bbox 464 4432 570 4487; x_wconf 85' lang='lat' dir='ltr'><strong>Fac</strong></span> <span class='ocrx_word' id='word_1_606' title='bbox 588 4430 684 4483; x_wconf 89' lang='lat' dir='ltr'><strong>tibi</strong></span> <span class='ocrx_word' id='word_1_607' title='bbox 708 4430 910 4483; x_wconf 88' lang='lat' dir='ltr'><strong>amicos</strong></span> <span class='ocrx_word' id='word_1_608' title='bbox 925 4423 1311 4483; x_wconf 85' lang='lat' dir='ltr'><strong>detnammona</strong></span> <span class='ocrx_word' id='word_1_609' title='bbox 1336 4426 1631 4490; x_wconf 85' lang='lat' dir='ltr'><strong>iniquitatis</strong></span> <span class='ocrx_word' id='word_1_610' title='bbox 1654 4423 1870 4495; x_wconf 77' lang='lat' dir='ltr'><strong>(Matth.</strong></span> 
     </span>
    </p>
   </div>
   <div class='ocr_carea' id='block_1_80' title="bbox 296 4496 1875 4574">
    <p class='ocr_par' dir='ltr' id='par_1_80' title="bbox 296 4496 1875 4574">
     <span class='ocr_line' id='line_1_80' title="bbox 296 4496 1875 4574; baseline -0.005 -17"><span class='ocrx_word' id='word_1_611' title='bbox 296 4499 401 4574; x_wconf 77' lang='grc'><strong>6.).</strong></span> <span class='ocrx_word' id='word_1_612' title='bbox 439 4502 585 4557; x_wconf 84' lang='lat' dir='ltr'><strong>Vade</strong></span> <span class='ocrx_word' id='word_1_613' title='bbox 612 4500 676 4553; x_wconf 84' lang='lat' dir='ltr'><strong>ad</strong></span> <span class='ocrx_word' id='word_1_614' title='bbox 708 4497 1370 4574; x_wconf 67' lang='lat' dir='ltr'><strong>formicam-(Prov.li.),et</strong></span> <span class='ocrx_word' id='word_1_615' title='bbox 1391 4496 1539 4574; x_wconf 78' lang='lat' dir='ltr'><strong>disce</strong></span> <span class='ocrx_word' id='word_1_616' title='bbox 1560 4496 1875 4564; x_wconf 84' lang='lat' dir='ltr'><strong>sapientiam</strong></span> 
     </span>
    </p>
   </div>
   <div class='ocr_carea' id='block_1_81' title="bbox 298 4567 1874 4647">
    <p class='ocr_par' dir='ltr' id='par_1_81' title="bbox 298 4567 1874 4647">
     <span class='ocr_line' id='line_1_81' title="bbox 298 4567 1874 4647; baseline -0.004 -23"><span class='ocrx_word' id='word_1_617' title='bbox 298 4567 443 4647; x_wconf 75' lang='lat' dir='ltr'><strong>(qua:</strong></span> <span class='ocrx_word' id='word_1_618' title='bbox 472 4582 659 4647; x_wconf 53' lang='lat' dir='ltr'><strong>a‘statc</strong></span> <span class='ocrx_word' id='word_1_619' title='bbox 686 4580 992 4647; x_wconf 69' lang='lat' dir='ltr'><strong>congregat,</strong></span> <span class='ocrx_word' id='word_1_620' title='bbox 1015 4567 1165 4623; x_wconf 82' lang='lat' dir='ltr'><strong>unde</strong></span> <span class='ocrx_word' id='word_1_621' title='bbox 1192 4569 1332 4647; x_wconf 80' lang='lat' dir='ltr'><strong>vivat</strong></span> <span class='ocrx_word' id='word_1_622' title='bbox 1357 4571 1405 4620; x_wconf 90' lang='lat' dir='ltr'><strong>in</strong></span> <span class='ocrx_word' id='word_1_623' title='bbox 1432 4567 1720 4647; x_wconf 52' lang='lat' dir='ltr'><strong>hyemeLet</strong></span> <span class='ocrx_word' id='word_1_624' title='bbox 1770 4580 1874 4647; x_wconf 80' lang='lat' dir='ltr'><strong>non</strong></span> 
     </span>
    </p>
   </div>
   <div class='ocr_carea' id='block_1_82' title="bbox 297 4634 1953 4717">
    <p class='ocr_par' dir='ltr' id='par_1_82' title="bbox 297 4634 1953 4717">
     <span class='ocr_line' id='line_1_82' title="bbox 297 4634 1953 4717; baseline -0.009 -16"><span class='ocrx_word' id='word_1_625' title='bbox 297 4634 498 4717; x_wconf 71' lang='lat' dir='ltr'><strong>peribis</strong></span> <span class='ocrx_word' id='word_1_626' title='bbox 522 4645 571 4697; x_wconf 87' lang='lat' dir='ltr'><strong>in</strong></span> <span class='ocrx_word' id='word_1_627' title='bbox 588 4634 869 4717; x_wconf 57' lang='lat' dir='ltr'><strong>agtcrnuin.</strong></span> <span class='ocrx_word' id='word_1_628' title='bbox 885 4634 1325 4717; x_wconf 18' lang='lat' dir='ltr'><strong>&#39;lliautem‘siinul</strong></span> <span class='ocrx_word' id='word_1_629' title='bbox 1352 4634 1697 4717; x_wconf 54' lang='lat' dir='ltr'><strong>peribuiit,_if3t</strong></span> <span class='ocrx_word' id='word_1_630' title='bbox 1719 4638 1877 4717; x_wconf 67' lang='lat' dir='ltr'><strong>reliir-</strong></span> <span class='ocrx_word' id='word_1_631' title='bbox 1906 4653 1953 4712; x_wconf 77' lang='grc' dir='ltr'><strong>ι)</strong></span> 
     </span>
    </p>
   </div>
   <div class='ocr_carea' id='block_1_83' title="bbox 291 4708 1873 4789">
    <p class='ocr_par' dir='ltr' id='par_1_83' title="bbox 291 4708 1873 4789">
     <span class='ocr_line' id='line_1_83' title="bbox 291 4708 1873 4789; baseline -0.008 -16"><span class='ocrx_word' id='word_1_632' title='bbox 291 4708 449 4789; x_wconf 53' lang='lat' dir='ltr'><strong>quem</strong></span> <span class='ocrx_word' id='word_1_633' title='bbox 479 4716 661 4789; x_wconf 75' lang='lat' dir='ltr'><strong>alienis</strong></span> <span class='ocrx_word' id='word_1_634' title='bbox 711 4714 914 4768; x_wconf 83' lang='lat' dir='ltr'><strong>divitias</strong></span> <span class='ocrx_word' id='word_1_635' title='bbox 952 4713 1322 4789; x_wconf 66' lang='lat' dir='ltr'><strong>s_uas._D_tnues</strong></span> <span class='ocrx_word' id='word_1_636' title='bbox 1362 4708 1529 4789; x_wconf 73' lang='lat' dir='ltr'><strong>iniqui</strong></span> <span class='ocrx_word' id='word_1_637' title='bbox 1558 4708 1873 4789; x_wconf 81' lang='lat' dir='ltr'><strong>relinquunt</strong></span> 
     </span>
    </p>
   </div>
   <div class='ocr_carea' id='block_1_84' title="bbox 297 4780 1874 4857">
    <p class='ocr_par' dir='ltr' id='par_1_84' title="bbox 297 4780 1874 4857">
     <span class='ocr_line' id='line_1_84' title="bbox 297 4780 1874 4857; baseline -0.009 -12"><span class='ocrx_word' id='word_1_638' title='bbox 297 4780 489 4845; x_wconf 73' lang='lat' dir='ltr'><strong>alienis</strong></span> <span class='ocrx_word' id='word_1_639' title='bbox 511 4785 727 4857; x_wconf 64' lang='lat' dir='ltr'><strong>divitias</strong></span> <span class='ocrx_word' id='word_1_640' title='bbox 749 4799 873 4838; x_wconf 87' lang='lat' dir='ltr'><strong>suas</strong></span> <span class='ocrx_word' id='word_1_641' title='bbox 898 4800 912 4837; x_wconf 91' lang='lat'><strong>:</strong></span> <span class='ocrx_word' id='word_1_642' title='bbox 944 4785 1060 4836; x_wconf 86' lang='lat' dir='ltr'><strong>sive</strong></span> <span class='ocrx_word' id='word_1_643' title='bbox 1089 4782 1180 4857; x_wconf 74' lang='lat' dir='ltr'><strong>l_i_lii</strong></span> <span class='ocrx_word' id='word_1_644' title='bbox 1196 4780 1455 4857; x_wconf 74' lang='lat' dir='ltr'><strong>siut,_sive</strong></span> <span class='ocrx_word' id='word_1_645' title='bbox 1474 4789 1740 4857; x_wconf 69' lang='lat' dir='ltr'><strong>parentes,</strong></span> <span class='ocrx_word' id='word_1_646' title='bbox 1759 4780 1874 4831; x_wconf 85' lang='lat' dir='ltr'><strong>sive</strong></span> 
     </span>
    </p>
   </div>
   <div class='ocr_carea' id='block_1_85' title="bbox 297 4848 1868 4927">
    <p class='ocr_par' dir='ltr' id='par_1_85' title="bbox 297 4848 1868 4927">
     <span class='ocr_line' id='line_1_85' title="bbox 297 4848 1868 4927; baseline -0.006 -15"><span class='ocrx_word' id='word_1_647' title='bbox 297 4861 483 4923; x_wconf 79' lang='lat' dir='ltr'><strong>vicini,</strong></span> <span class='ocrx_word' id='word_1_648' title='bbox 515 4848 708 4927; x_wconf 78' lang='lat' dir='ltr'><strong>quibus</strong></span> <span class='ocrx_word' id='word_1_649' title='bbox 739 4857 1066 4927; x_wconf 82' lang='lat' dir='ltr'><strong>relinquunt.</strong></span> <span class='ocrx_word' id='word_1_650' title='bbox 1102 4851 1299 4927; x_wconf 59' lang='lat' dir='ltr'><strong>famen</strong></span> <span class='ocrx_word' id='word_1_651' title='bbox 1332 4851 1383 4902; x_wconf 87' lang='lat' dir='ltr'><strong>itt</strong></span> <span class='ocrx_word' id='word_1_652' title='bbox 1409 4850 1508 4901; x_wconf 84' lang='lat' dir='ltr'><strong>hoc</strong></span> <span class='ocrx_word' id='word_1_653' title='bbox 1543 4848 1700 4902; x_wconf 88' lang='lat' dir='ltr'><strong>alieni</strong></span> <span class='ocrx_word' id='word_1_654' title='bbox 1724 4856 1868 4913; x_wconf 88' lang='lat' dir='ltr'><strong>sunt,</strong></span> 
     </span>
    </p>
   </div>
   <div class='ocr_carea' id='block_1_86' title="bbox 298 4922 1760 4987">
    <p class='ocr_par' dir='ltr' id='par_1_86' title="bbox 298 4922 1760 4987">
     <span class='ocr_line' id='line_1_86' title="bbox 298 4922 1760 4987; baseline -0.01 -1"><span class='ocrx_word' id='word_1_655' title='bbox 298 4950 422 4987; x_wconf 84' lang='lat' dir='ltr'><strong>auia</strong></span> <span class='ocrx_word' id='word_1_656' title='bbox 458 4922 566 4985; x_wconf 81' lang='lat' dir='ltr'><strong>illis</strong></span> <span class='ocrx_word' id='word_1_657' title='bbox 594 4928 661 4983; x_wconf 89' lang='lat' dir='ltr'><strong>de</strong></span> <span class='ocrx_word' id='word_1_658' title='bbox 690 4927 804 4981; x_wconf 88' lang='lat' dir='ltr'><strong>suis</strong></span> <span class='ocrx_word' id='word_1_659' title='bbox 830 4925 1024 4978; x_wconf 80' lang='lat' dir='ltr'><strong>divitiis</strong></span> <span class='ocrx_word' id='word_1_660' title='bbox 1062 4922 1348 4976; x_wconf 72' lang='lat' dir='ltr'><strong>subvenire</strong></span> <span class='ocrx_word' id='word_1_661' title='bbox 1380 4935 1483 4973; x_wconf 91' lang='lat' dir='ltr'><strong>non</strong></span> <span class='ocrx_word' id='word_1_662' title='bbox 1517 4926 1760 4987; x_wconf 87' lang='lat' dir='ltr'><strong>possunt.</strong></span> 
     </span>
    </p>
   </div>
   <div class='ocr_carea' id='block_1_87' title="bbox 374 4989 1875 5065">
    <p class='ocr_par' dir='ltr' id='par_1_87' title="bbox 374 4989 1875 5065">
     <span class='ocr_line' id='line_1_87' title="bbox 374 4989 1875 5065; baseline -0.01 -10"><span class='ocrx_word' id='word_1_663' title='bbox 374 5002 461 5056; x_wconf 69' lang='grc'><strong>12.</strong></span> <span class='ocrx_word' id='word_1_664' title='bbox 493 5001 553 5055; x_wconf 83' lang='lat' dir='ltr'><strong>Et</strong></span> <span class='ocrx_word' id='word_1_665' title='bbox 591 4998 828 5065; x_wconf 84' lang='lat' dir='ltr'><strong>sepulcra</strong></span> <span class='ocrx_word' id='word_1_666' title='bbox 853 5011 1047 5058; x_wconf 85' lang='lat' dir='ltr'><strong>eorum,</strong></span> <span class='ocrx_word' id='word_1_667' title='bbox 1074 4995 1229 5065; x_wconf 71' lang='lat' dir='ltr'><strong>idest,</strong></span> <span class='ocrx_word' id='word_1_668' title='bbox 1252 4989 1550 5061; x_wconf 79' lang='lat' dir='ltr'><strong>pyramides</strong></span> <span class='ocrx_word' id='word_1_669' title='bbox 1576 4999 1630 5043; x_wconf 90' lang='lat' dir='ltr'><strong>et</strong></span> <span class='ocrx_word' id='word_1_670' title='bbox 1661 5004 1875 5065; x_wconf 75' lang='lat' dir='ltr'><strong>mauso-</strong></span> 
     </span>
    </p>
   </div>
   <div class='ocr_carea' id='block_1_88' title="bbox 299 5060 1872 5140">
    <p class='ocr_par' dir='ltr' id='par_1_88' title="bbox 299 5060 1872 5140">
     <span class='ocr_line' id='line_1_88' title="bbox 299 5060 1872 5140; baseline -0.008 -13"><span class='ocrx_word' id='word_1_671' title='bbox 299 5074 406 5136; x_wconf 87' lang='lat' dir='ltr'><strong>lea,</strong></span> <span class='ocrx_word' id='word_1_672' title='bbox 439 5086 559 5140; x_wconf 75' lang='lat' dir='ltr'><strong>qua:</strong></span> <span class='ocrx_word' id='word_1_673' title='bbox 596 5060 744 5137; x_wconf 82' lang='lat' dir='ltr'><strong>quasi</strong></span> <span class='ocrx_word' id='word_1_674' title='bbox 777 5080 996 5135; x_wconf 81' lang='lat' dir='ltr'><strong>magnas</strong></span> <span class='ocrx_word' id='word_1_675' title='bbox 1037 5060 1312 5140; x_wconf 44' lang='lat' dir='ltr'><strong>aediﬁcant</strong></span> <span class='ocrx_word' id='word_1_676' title='bbox 1344 5064 1556 5140; x_wconf 77' lang='lat' dir='ltr'><strong>domos,</strong></span> <span class='ocrx_word' id='word_1_677' title='bbox 1586 5060 1736 5129; x_wconf 84' lang='lat' dir='ltr'><strong>quasi</strong></span> <span class='ocrx_word' id='word_1_678' title='bbox 1786 5061 1872 5114; x_wconf 89' lang='lat' dir='ltr'><strong>illa</strong></span> 
     </span>
    </p>
   </div>
   <div class='ocr_carea' id='block_1_89' title="bbox 297 5131 1872 5212">
    <p class='ocr_par' dir='ltr' id='par_1_89' title="bbox 297 5131 1872 5212">
     <span class='ocr_line' id='line_1_89' title="bbox 297 5131 1872 5212; baseline -0.008 -15"><span class='ocrx_word' id='word_1_679' title='bbox 297 5131 545 5212; x_wconf 74' lang='lat' dir='ltr'><strong>sepulcra</strong></span> <span class='ocrx_word' id='word_1_680' title='bbox 594 5131 824 5195; x_wconf 87' lang='lat' dir='ltr'><strong>debeant</strong></span> <span class='ocrx_word' id='word_1_681' title='bbox 861 5131 983 5212; x_wconf 74' lang='lat' dir='ltr'><strong>esse</strong></span> <span class='ocrx_word' id='word_1_682' title='bbox 1026 5136 1204 5212; x_wconf 71' lang='lat' dir='ltr'><strong>domus</strong></span> <span class='ocrx_word' id='word_1_683' title='bbox 1255 5132 1461 5212; x_wconf 70' lang='lat' dir='ltr'><strong>illorum</strong></span> <span class='ocrx_word' id='word_1_684' title='bbox 1494 5131 1560 5212; x_wconf 79' lang='lat' dir='ltr'><strong>_in</strong></span> <span class='ocrx_word' id='word_1_685' title='bbox 1606 5140 1872 5184; x_wconf 68' lang='lat' dir='ltr'><strong>aeternum.</strong></span> 
     </span>
    </p>
   </div>
   <div class='ocr_carea' id='block_1_90' title="bbox 301 5202 1869 5284">
    <p class='ocr_par' dir='ltr' id='par_1_90' title="bbox 301 5202 1869 5284">
     <span class='ocr_line' id='line_1_90' title="bbox 301 5202 1869 5284; baseline -0.009 -15"><span class='ocrx_word' id='word_1_686' title='bbox 301 5202 653 5284; x_wconf 66' lang='lat' dir='ltr'><strong>Eicipiuntur</strong></span> <span class='ocrx_word' id='word_1_687' title='bbox 680 5209 953 5284; x_wconf 63' lang='lat' dir='ltr'><strong>sepulcris</strong></span> <span class='ocrx_word' id='word_1_688' title='bbox 974 5206 1240 5275; x_wconf 52' lang='lat' dir='ltr'><strong>poetious,</strong></span> <span class='ocrx_word' id='word_1_689' title='bbox 1273 5212 1327 5256; x_wconf 80' lang='lat' dir='ltr'><strong>et</strong></span> <span class='ocrx_word' id='word_1_690' title='bbox 1362 5202 1716 5284; x_wconf 69' lang='lat' dir='ltr'><strong>involvuntur</strong></span> <span class='ocrx_word' id='word_1_691' title='bbox 1748 5216 1869 5284; x_wconf 85' lang='lat' dir='ltr'><strong>pre-</strong></span> 
     </span>
    </p>
   </div>
   <div class='ocr_carea' id='block_1_91' title="bbox 298 5273 1871 5348">
    <p class='ocr_par' dir='ltr' id='par_1_91' title="bbox 298 5273 1871 5348">
     <span class='ocr_line' id='line_1_91' title="bbox 298 5273 1871 5348; baseline -0.011 -9"><span class='ocrx_word' id='word_1_692' title='bbox 298 5273 455 5339; x_wconf 70' lang='lat' dir='ltr'><strong>littStS</strong></span> <span class='ocrx_word' id='word_1_693' title='bbox 485 5273 758 5338; x_wconf 64' lang='lat' dir='ltr'><strong>vestibus}</strong></span> <span class='ocrx_word' id='word_1_694' title='bbox 792 5273 1119 5348; x_wconf 74' lang='lat' dir='ltr'><strong>sepeliuntur</strong></span> <span class='ocrx_word' id='word_1_695' title='bbox 1141 5273 1496 5348; x_wconf 64' lang='lat' dir='ltr'><strong>unguentiset</strong></span> <span class='ocrx_word' id='word_1_696' title='bbox 1518 5275 1871 5348; x_wconf 71' lang='lat' dir='ltr'><strong>armaatilius.</strong></span> 
     </span>
    </p>
   </div>
   <div class='ocr_carea' id='block_1_92' title="bbox 302 5342 1875 5421">
    <p class='ocr_par' dir='ltr' id='par_1_92' title="bbox 302 5342 1875 5421">
     <span class='ocr_line' id='line_1_92' title="bbox 302 5342 1875 5421; baseline -0.011 -10"><span class='ocrx_word' id='word_1_697' title='bbox 302 5356 508 5411; x_wconf 90' lang='lat' dir='ltr'><strong>Deinde</strong></span> <span class='ocrx_word' id='word_1_698' title='bbox 536 5342 867 5407; x_wconf 76' lang='lat' dir='ltr'><strong>memoriam</strong></span> <span class='ocrx_word' id='word_1_699' title='bbox 900 5349 1109 5421; x_wconf 78' lang='lat' dir='ltr'><strong>qualem</strong></span> <span class='ocrx_word' id='word_1_700' title='bbox 1139 5342 1368 5401; x_wconf 84' lang='lat' dir='ltr'><strong>habent?</strong></span> <span class='ocrx_word' id='word_1_701' title='bbox 1398 5342 1749 5421; x_wconf 14' lang='lat' dir='ltr'><strong>Tabernar‘ula</strong></span> <span class='ocrx_word' id='word_1_702' title='bbox 1789 5358 1875 5395; x_wconf 82' lang='lat' dir='ltr'><strong>eo-</strong></span> 
     </span>
    </p>
   </div>
   <div class='ocr_carea' id='block_1_93' title="bbox 298 5419 1874 5493">
    <p class='ocr_par' dir='ltr' id='par_1_93' title="bbox 298 5419 1874 5493">
     <span class='ocr_line' id='line_1_93' title="bbox 298 5419 1874 5493; baseline -0.009 -14"><span class='ocrx_word' id='word_1_703' title='bbox 298 5443 415 5479; x_wconf 83' lang='lat' dir='ltr'><strong>rum</strong></span> <span class='ocrx_word' id='word_1_704' title='bbox 438 5428 490 5478; x_wconf 86' lang='lat' dir='ltr'><strong>in</strong></span> <span class='ocrx_word' id='word_1_705' title='bbox 522 5421 773 5493; x_wconf 75' lang='lat' dir='ltr'><strong>progenie</strong></span> <span class='ocrx_word' id='word_1_706' title='bbox 809 5428 855 5472; x_wconf 82' lang='lat' dir='ltr'><strong>et</strong></span> <span class='ocrx_word' id='word_1_707' title='bbox 890 5419 1152 5493; x_wconf 68' lang='lat' dir='ltr'><strong>progenie,</strong></span> <span class='ocrx_word' id='word_1_708' title='bbox 1182 5427 1484 5493; x_wconf 71' lang='lat' dir='ltr'><strong>vocaverunt</strong></span> <span class='ocrx_word' id='word_1_709' title='bbox 1528 5419 1733 5467; x_wconf 69' lang='lat' dir='ltr'><strong>nomina</strong></span> <span class='ocrx_word' id='word_1_710' title='bbox 1779 5429 1874 5493; x_wconf 67' lang='lat' dir='ltr'><strong>sua</strong></span> 
     </span>
    </p>
   </div>
   <div class='ocr_carea' id='block_1_94' title="bbox 300 5488 1872 5552">
    <p class='ocr_par' dir='ltr' id='par_1_94' title="bbox 300 5488 1872 5552">
     <span class='ocr_line' id='line_1_94' title="bbox 300 5488 1872 5552; baseline -0.01 -2"><span class='ocrx_word' id='word_1_711' title='bbox 300 5498 353 5550; x_wconf 86' lang='lat' dir='ltr'><strong>in</strong></span> <span class='ocrx_word' id='word_1_712' title='bbox 407 5488 557 5549; x_wconf 68' lang='lat' dir='ltr'><strong>terris</strong></span> <span class='ocrx_word' id='word_1_713' title='bbox 602 5488 727 5546; x_wconf 64' lang='lat' dir='ltr'><strong>suis.</strong></span> <span class='ocrx_word' id='word_1_714' title='bbox 765 5492 959 5543; x_wconf 70' lang='lat' dir='ltr'><strong>Daunus</strong></span> <span class='ocrx_word' id='word_1_715' title='bbox 1018 5499 1071 5542; x_wconf 85' lang='lat' dir='ltr'><strong>et</strong></span> <span class='ocrx_word' id='word_1_716' title='bbox 1117 5488 1330 5542; x_wconf 73' lang='lat' dir='ltr'><strong>lautitia:</strong></span> <span class='ocrx_word' id='word_1_717' title='bbox 1368 5500 1554 5539; x_wconf 89' lang='lat' dir='ltr'><strong>eorum</strong></span> <span class='ocrx_word' id='word_1_718' title='bbox 1606 5500 1772 5552; x_wconf 70' lang='lat' dir='ltr'><strong>usque</strong></span> <span class='ocrx_word' id='word_1_719' title='bbox 1822 5488 1872 5536; x_wconf 86' lang='lat' dir='ltr'><strong>in</strong></span> 
     </span>
    </p>
   </div>
   <div class='ocr_carea' id='block_1_95' title="bbox 303 5555 1875 5632">
    <p class='ocr_par' dir='ltr' id='par_1_95' title="bbox 303 5555 1875 5632">
     <span class='ocr_line' id='line_1_95' title="bbox 303 5555 1875 5632; baseline -0.011 -11"><span class='ocrx_word' id='word_1_720' title='bbox 303 5569 515 5621; x_wconf 89' lang='lat' dir='ltr'><strong>tertiam</strong></span> <span class='ocrx_word' id='word_1_721' title='bbox 543 5574 601 5619; x_wconf 91' lang='lat' dir='ltr'><strong>et</strong></span> <span class='ocrx_word' id='word_1_722' title='bbox 620 5574 858 5632; x_wconf 88' lang='lat' dir='ltr'><strong>quartam</strong></span> <span class='ocrx_word' id='word_1_723' title='bbox 889 5559 1291 5632; x_wconf 76' lang='lat' dir='ltr'><strong>generationem</strong></span> <span class='ocrx_word' id='word_1_724' title='bbox 1322 5571 1414 5611; x_wconf 88' lang='lat' dir='ltr'><strong>eos</strong></span> <span class='ocrx_word' id='word_1_725' title='bbox 1427 5556 1670 5632; x_wconf 68' lang='lat' dir='ltr'><strong>laudant,</strong></span> <span class='ocrx_word' id='word_1_726' title='bbox 1690 5555 1875 5632; x_wconf 77' lang='lat' dir='ltr'><strong>eisque</strong></span> 
     </span>
    </p>
   </div>
   <div class='ocr_carea' id='block_1_96' title="bbox 299 5624 1874 5701">
    <p class='ocr_par' dir='ltr' id='par_1_96' title="bbox 299 5624 1874 5701">
     <span class='ocr_line' id='line_1_96' title="bbox 299 5624 1874 5701; baseline -0.009 -9"><span class='ocrx_word' id='word_1_727' title='bbox 299 5624 650 5692; x_wconf 48' lang='lat' dir='ltr'><strong>sacriﬁcant.’</strong></span> <span class='ocrx_word' id='word_1_728' title='bbox 679 5624 1368 5701; x_wconf 53' lang='lat' dir='ltr'><strong>Tangit&#39;cmtsuetudiuetn</strong></span> <span class='ocrx_word' id='word_1_729' title='bbox 1419 5627 1735 5690; x_wconf 80' lang='lat' dir='ltr'><strong>Gentilium,</strong></span> <span class='ocrx_word' id='word_1_730' title='bbox 1784 5624 1874 5694; x_wconf 86' lang='lat' dir='ltr'><strong>qui</strong></span> 
     </span>
    </p>
   </div>
   <div class='ocr_carea' id='block_1_97' title="bbox 1894 3260 1943 3324">
    <p class='ocr_par' dir='ltr' id='par_1_97' title="bbox 1894 3260 1943 3324">
     <span class='ocr_line' id='line_1_97' title="bbox 1894 3260 1943 3324; baseline 0 0"><span class='ocrx_word' id='word_1_731' title='bbox 1894 3260 1943 3324; x_wconf 86' lang='lat' dir='ltr'>C</span> 
     </span>
    </p>
   </div>
   <div class='ocr_carea' id='block_1_98' title="bbox 1976 1954 3559 2026">
    <p class='ocr_par' dir='ltr' id='par_1_98' title="bbox 1976 1954 3559 2026">
     <span class='ocr_line' id='line_1_98' title="bbox 1976 1954 3559 2026; baseline 0.002 -17"><span class='ocrx_word' id='word_1_732' title='bbox 1976 1954 2292 2026; x_wconf 6' lang='lat' dir='ltr'><strong>dumpaliud</strong></span> <span class='ocrx_word' id='word_1_733' title='bbox 2345 1958 2446 2010; x_wconf 89' lang='lat' dir='ltr'><strong>uisi</strong></span> <span class='ocrx_word' id='word_1_734' title='bbox 2488 1957 2780 2010; x_wconf 68' lang='lat' dir='ltr'><strong>secundum</strong></span> <span class='ocrx_word' id='word_1_735' title='bbox 2834 1954 3216 2026; x_wconf 88' lang='lat' dir='ltr'><strong>insipientiam,</strong></span> <span class='ocrx_word' id='word_1_736' title='bbox 3258 1967 3311 2011; x_wconf 80' lang='lat' dir='ltr'><strong>et</strong></span> <span class='ocrx_word' id='word_1_737' title='bbox 3352 1957 3404 2008; x_wconf 92' lang='lat' dir='ltr'><strong>in</strong></span> <span class='ocrx_word' id='word_1_738' title='bbox 3432 1965 3559 2012; x_wconf 90' lang='lat' dir='ltr'><strong>actu</strong></span> 
     </span>
    </p>
   </div>
   <div class='ocr_carea' id='block_1_99' title="bbox 1977 2024 3559 2097">
    <p class='ocr_par' dir='ltr' id='par_1_99' title="bbox 1977 2024 3559 2097">
     <span class='ocr_line' id='line_1_99' title="bbox 1977 2024 3559 2097; baseline 0.003 -18"><span class='ocrx_word' id='word_1_739' title='bbox 1977 2024 2178 2079; x_wconf 79' lang='lat' dir='ltr'><strong>Similis</strong></span> <span class='ocrx_word' id='word_1_740' title='bbox 2210 2027 2376 2091; x_wconf 78' lang='lat' dir='ltr'><strong>factus</strong></span> <span class='ocrx_word' id='word_1_741' title='bbox 2397 2037 2467 2080; x_wconf 89' lang='lat' dir='ltr'><strong>est</strong></span> <span class='ocrx_word' id='word_1_742' title='bbox 2496 2028 2619 2081; x_wconf 83' lang='lat' dir='ltr'><strong>illis.</strong></span> <span class='ocrx_word' id='word_1_743' title='bbox 2652 2028 2783 2092; x_wconf 87' lang='lat' dir='ltr'><strong>Qnia</strong></span> <span class='ocrx_word' id='word_1_744' title='bbox 2815 2024 3214 2097; x_wconf 81' lang='lat' dir='ltr'><strong>sicutjumenta</strong></span> <span class='ocrx_word' id='word_1_745' title='bbox 3244 2041 3409 2095; x_wconf 85' lang='lat' dir='ltr'><strong>prona</strong></span> <span class='ocrx_word' id='word_1_746' title='bbox 3432 2038 3559 2083; x_wconf 83' lang='lat' dir='ltr'><strong>sunt</strong></span> 
     </span>
    </p>
   </div>
   <div class='ocr_carea' id='block_1_100' title="bbox 1976 2097 3559 2159">
    <p class='ocr_par' dir='ltr' id='par_1_100' title="bbox 1976 2097 3559 2159">
     <span class='ocr_line' id='line_1_100' title="bbox 1976 2097 3559 2159; baseline 0.004 -10"><span class='ocrx_word' id='word_1_747' title='bbox 1976 2104 2151 2159; x_wconf 75' lang='lat' dir='ltr'><strong>terrm,</strong></span> <span class='ocrx_word' id='word_1_748' title='bbox 2199 2108 2255 2150; x_wconf 88' lang='lat' dir='ltr'><strong>et</strong></span> <span class='ocrx_word' id='word_1_749' title='bbox 2308 2106 2512 2151; x_wconf 87' lang='lat' dir='ltr'><strong>tantum</strong></span> <span class='ocrx_word' id='word_1_750' title='bbox 2563 2097 2737 2151; x_wconf 84' lang='lat' dir='ltr'><strong>ventri</strong></span> <span class='ocrx_word' id='word_1_751' title='bbox 2784 2097 3107 2159; x_wconf 85' lang='lat' dir='ltr'><strong>obedientia,</strong></span> <span class='ocrx_word' id='word_1_752' title='bbox 3169 2098 3241 2152; x_wconf 90' lang='lat' dir='ltr'><strong>ita</strong></span> <span class='ocrx_word' id='word_1_753' title='bbox 3291 2106 3559 2156; x_wconf 80' lang='lat' dir='ltr'><strong>amatores</strong></span> 
     </span>
    </p>
   </div>
   <div class='ocr_carea' id='block_1_101' title="bbox 1977 2167 3229 2223">
    <p class='ocr_par' dir='ltr' id='par_1_101' title="bbox 1977 2167 3229 2223">
     <span class='ocr_line' id='line_1_101' title="bbox 1977 2167 3229 2223; baseline 0.002 -5"><span class='ocrx_word' id='word_1_754' title='bbox 1977 2170 2157 2219; x_wconf 90' lang='lat' dir='ltr'><strong>mundi</strong></span> <span class='ocrx_word' id='word_1_755' title='bbox 2189 2169 2415 2223; x_wconf 88' lang='lat' dir='ltr'><strong>terrenis</strong></span> <span class='ocrx_word' id='word_1_756' title='bbox 2441 2169 2598 2222; x_wconf 89' lang='lat' dir='ltr'><strong>rebus</strong></span> <span class='ocrx_word' id='word_1_757' title='bbox 2631 2178 2832 2221; x_wconf 84' lang='lat' dir='ltr'><strong>tantum</strong></span> <span class='ocrx_word' id='word_1_758' title='bbox 2865 2178 2991 2221; x_wconf 89' lang='lat' dir='ltr'><strong>sunt</strong></span> <span class='ocrx_word' id='word_1_759' title='bbox 3021 2167 3187 2222; x_wconf 90' lang='lat' dir='ltr'><strong>dediti</strong></span> <span class='ocrx_word' id='word_1_760' title='bbox 3216 2183 3229 2220; x_wconf 92' lang='lat'><strong>:</strong></span> 
     </span>
    </p>
   </div>
   <div class='ocr_carea' id='block_1_102' title="bbox 2047 2235 3499 2309">
    <p class='ocr_par' dir='ltr' id='par_1_102' title="bbox 2047 2235 3499 2309">
     <span class='ocr_line' id='line_1_102' title="bbox 2047 2235 3499 2309; baseline 0 -18"><span class='ocrx_word' id='word_1_761' title='bbox 2047 2235 2134 2291; x_wconf 77' lang='lat' dir='ltr'><strong>M.</strong></span> <span class='ocrx_word' id='word_1_762' title='bbox 2158 2237 2279 2309; x_wconf 68' lang='lat' dir='ltr'><strong>&quot;(BC</strong></span> <span class='ocrx_word' id='word_1_763' title='bbox 2299 2240 2382 2292; x_wconf 80' lang='lat' dir='ltr'><strong>via</strong></span> <span class='ocrx_word' id='word_1_764' title='bbox 2403 2239 2607 2291; x_wconf 86' lang='lat' dir='ltr'><strong>illorum</strong></span> <span class='ocrx_word' id='word_1_765' title='bbox 2640 2239 2937 2309; x_wconf 82' lang='lat' dir='ltr'><strong>scandalum</strong></span> <span class='ocrx_word' id='word_1_766' title='bbox 2962 2239 3106 2306; x_wconf 82' lang='lat' dir='ltr'><strong>ipsis.</strong></span> <span class='ocrx_word' id='word_1_767' title='bbox 3136 2238 3259 2291; x_wconf 67' lang='lat' dir='ltr'><strong>Hice</strong></span> <span class='ocrx_word' id='word_1_768' title='bbox 3284 2236 3367 2291; x_wconf 86' lang='lat' dir='ltr'><strong>via</strong></span> <span class='ocrx_word' id='word_1_769' title='bbox 3393 2238 3499 2309; x_wconf 63' lang='grc'><strong>24</strong></span> 
     </span>
    </p>
   </div>
   <div class='ocr_carea' id='block_1_103' title="bbox 1975 2308 3561 2378">
    <p class='ocr_par' dir='ltr' id='par_1_103' title="bbox 1975 2308 3561 2378">
     <span class='ocr_line' id='line_1_103' title="bbox 1975 2308 3561 2378; baseline 0.001 -17"><span class='ocrx_word' id='word_1_770' title='bbox 1975 2308 2265 2378; x_wconf 82' lang='lat' dir='ltr'><strong>secundum</strong></span> <span class='ocrx_word' id='word_1_771' title='bbox 2297 2309 2443 2378; x_wconf 90' lang='lat' dir='ltr'><strong>quod</strong></span> <span class='ocrx_word' id='word_1_772' title='bbox 2477 2310 2573 2377; x_wconf 89' lang='lat' dir='ltr'><strong>ipsi</strong></span> <span class='ocrx_word' id='word_1_773' title='bbox 2608 2309 2817 2363; x_wconf 85' lang='lat' dir='ltr'><strong>fuerunt</strong></span> <span class='ocrx_word' id='word_1_774' title='bbox 2848 2310 2898 2363; x_wconf 90' lang='lat' dir='ltr'><strong>in</strong></span> <span class='ocrx_word' id='word_1_775' title='bbox 2924 2308 3145 2374; x_wconf 86' lang='lat' dir='ltr'><strong>honore,</strong></span> <span class='ocrx_word' id='word_1_776' title='bbox 3176 2318 3230 2361; x_wconf 84' lang='lat' dir='ltr'><strong>et</strong></span> <span class='ocrx_word' id='word_1_777' title='bbox 3258 2323 3361 2361; x_wconf 90' lang='lat' dir='ltr'><strong>non</strong></span> <span class='ocrx_word' id='word_1_778' title='bbox 3396 2308 3561 2364; x_wconf 67' lang='lat' dir='ltr'><strong>intel-</strong></span> 
     </span>
    </p>
   </div>
   <div class='ocr_carea' id='block_1_104' title="bbox 1975 2376 3558 2448">
    <p class='ocr_par' dir='ltr' id='par_1_104' title="bbox 1975 2376 3558 2448">
     <span class='ocr_line' id='line_1_104' title="bbox 1975 2376 3558 2448; baseline 0.004 -19"><span class='ocrx_word' id='word_1_779' title='bbox 1975 2376 2247 2443; x_wconf 84' lang='lat' dir='ltr'><strong>lexerunt,</strong></span> <span class='ocrx_word' id='word_1_780' title='bbox 2281 2376 2728 2433; x_wconf 35' lang='lat' dir='ltr'><strong>terrena’tantum</strong></span> <span class='ocrx_word' id='word_1_781' title='bbox 2756 2379 3073 2448; x_wconf 88' lang='lat' dir='ltr'><strong>appetendo,</strong></span> <span class='ocrx_word' id='word_1_782' title='bbox 3107 2379 3209 2433; x_wconf 86' lang='lat' dir='ltr'><strong>erit</strong></span> <span class='ocrx_word' id='word_1_783' title='bbox 3244 2380 3558 2436; x_wconf 86' lang='lat' dir='ltr'><strong>scandalum</strong></span> 
     </span>
    </p>
   </div>
   <div class='ocr_carea' id='block_1_105' title="bbox 1977 2448 3555 2518">
    <p class='ocr_par' dir='ltr' id='par_1_105' title="bbox 1977 2448 3555 2518">
     <span class='ocr_line' id='line_1_105' title="bbox 1977 2448 3555 2518; baseline 0.005 -19"><span class='ocrx_word' id='word_1_784' title='bbox 1977 2448 2128 2518; x_wconf 79' lang='lat' dir='ltr'><strong>ipsis,</strong></span> <span class='ocrx_word' id='word_1_785' title='bbox 2158 2448 2208 2501; x_wconf 90' lang='lat' dir='ltr'><strong>id</strong></span> <span class='ocrx_word' id='word_1_786' title='bbox 2246 2459 2350 2512; x_wconf 88' lang='lat' dir='ltr'><strong>est,</strong></span> <span class='ocrx_word' id='word_1_787' title='bbox 2392 2451 2638 2518; x_wconf 83' lang='lat' dir='ltr'><strong>ollensio,</strong></span> <span class='ocrx_word' id='word_1_788' title='bbox 2668 2456 2786 2518; x_wconf 63' lang='lat' dir='ltr'><strong>quae</strong></span> <span class='ocrx_word' id='word_1_789' title='bbox 2814 2454 2974 2503; x_wconf 73' lang='lat' dir='ltr'><strong>duret</strong></span> <span class='ocrx_word' id='word_1_790' title='bbox 2999 2462 3091 2503; x_wconf 85' lang='lat' dir='ltr'><strong>eos</strong></span> <span class='ocrx_word' id='word_1_791' title='bbox 3144 2449 3208 2502; x_wconf 90' lang='lat' dir='ltr'><strong>ad</strong></span> <span class='ocrx_word' id='word_1_792' title='bbox 3258 2449 3555 2507; x_wconf 83' lang='lat' dir='ltr'><strong>interitum.</strong></span> 
     </span>
    </p>
   </div>
   <div class='ocr_carea' id='block_1_106' title="bbox 1972 2514 3559 2590">
    <p class='ocr_par' dir='ltr' id='par_1_106' title="bbox 1972 2514 3559 2590">
     <span class='ocr_line' id='line_1_106' title="bbox 1972 2514 3559 2590; baseline 0.004 -21"><span class='ocrx_word' id='word_1_793' title='bbox 1972 2514 2107 2590; x_wconf 69' lang='lat' dir='ltr'><strong>ipsis</strong></span> <span class='ocrx_word' id='word_1_794' title='bbox 2138 2522 2206 2590; x_wconf 88' lang='lat' dir='ltr'><strong>sit</strong></span> <span class='ocrx_word' id='word_1_795' title='bbox 2231 2519 2539 2573; x_wconf 87' lang='lat' dir='ltr'><strong>scandalum</strong></span> <span class='ocrx_word' id='word_1_796' title='bbox 2563 2514 3023 2590; x_wconf 39' lang='lat' dir='ltr'><strong>(Ex-Augustino),</strong></span> <span class='ocrx_word' id='word_1_797' title='bbox 3058 2533 3162 2573; x_wconf 86' lang='lat' dir='ltr'><strong>non</strong></span> <span class='ocrx_word' id='word_1_798' title='bbox 3193 2518 3306 2590; x_wconf 86' lang='lat' dir='ltr'><strong>tibi.</strong></span> <span class='ocrx_word' id='word_1_799' title='bbox 3332 2520 3559 2585; x_wconf 88' lang='lat' dir='ltr'><strong>Quando</strong></span> 
     </span>
    </p>
   </div>
   <div class='ocr_carea' id='block_1_107' title="bbox 1974 2588 3555 2660">
    <p class='ocr_par' dir='ltr' id='par_1_107' title="bbox 1974 2588 3555 2660">
     <span class='ocr_line' id='line_1_107' title="bbox 1974 2588 3555 2660; baseline 0.004 -21"><span class='ocrx_word' id='word_1_800' title='bbox 1974 2588 2090 2660; x_wconf 72' lang='lat' dir='ltr'><strong>erit</strong></span> <span class='ocrx_word' id='word_1_801' title='bbox 2106 2589 2233 2643; x_wconf 82' lang='lat' dir='ltr'><strong>tibi?</strong></span> <span class='ocrx_word' id='word_1_802' title='bbox 2262 2591 2317 2644; x_wconf 90' lang='lat' dir='ltr'><strong>Si</strong></span> <span class='ocrx_word' id='word_1_803' title='bbox 2347 2599 2518 2657; x_wconf 83' lang='lat' dir='ltr'><strong>putes,</strong></span> <span class='ocrx_word' id='word_1_804' title='bbox 2551 2588 2692 2660; x_wconf 86' lang='lat' dir='ltr'><strong>quod</strong></span> <span class='ocrx_word' id='word_1_805' title='bbox 2726 2590 2864 2643; x_wconf 87' lang='lat' dir='ltr'><strong>beati</strong></span> <span class='ocrx_word' id='word_1_806' title='bbox 2904 2589 3010 2644; x_wconf 89' lang='lat' dir='ltr'><strong>sint</strong></span> <span class='ocrx_word' id='word_1_807' title='bbox 3036 2590 3190 2643; x_wconf 87' lang='lat' dir='ltr'><strong>tales.</strong></span> <span class='ocrx_word' id='word_1_808' title='bbox 3225 2589 3280 2645; x_wconf 93' lang='lat' dir='ltr'><strong>Si</strong></span> <span class='ocrx_word' id='word_1_809' title='bbox 3312 2604 3439 2645; x_wconf 90' lang='lat' dir='ltr'><strong>vero</strong></span> <span class='ocrx_word' id='word_1_810' title='bbox 3471 2592 3555 2646; x_wconf 88' lang='lat' dir='ltr'><strong>in-</strong></span> 
     </span>
    </p>
   </div>
   <div class='ocr_carea' id='block_1_108' title="bbox 1984 2659 3560 2729">
    <p class='ocr_par' dir='ltr' id='par_1_108' title="bbox 1984 2659 3560 2729">
     <span class='ocr_line' id='line_1_108' title="bbox 1984 2659 3560 2729; baseline 0.005 -21"><span class='ocrx_word' id='word_1_811' title='bbox 1984 2659 2213 2729; x_wconf 76' lang='lat' dir='ltr'><strong>telligas,</strong></span> <span class='ocrx_word' id='word_1_812' title='bbox 2263 2662 2384 2729; x_wconf 90' lang='lat' dir='ltr'><strong>quia</strong></span> <span class='ocrx_word' id='word_1_813' title='bbox 2436 2675 2541 2715; x_wconf 91' lang='lat' dir='ltr'><strong>non</strong></span> <span class='ocrx_word' id='word_1_814' title='bbox 2591 2668 2719 2713; x_wconf 89' lang='lat' dir='ltr'><strong>sunt</strong></span> <span class='ocrx_word' id='word_1_815' title='bbox 2763 2660 2926 2726; x_wconf 88' lang='lat' dir='ltr'><strong>beati,</strong></span> <span class='ocrx_word' id='word_1_816' title='bbox 2964 2661 3091 2729; x_wconf 88' lang='lat' dir='ltr'><strong>ipsis</strong></span> <span class='ocrx_word' id='word_1_817' title='bbox 3121 2661 3220 2713; x_wconf 91' lang='lat' dir='ltr'><strong>erit</strong></span> <span class='ocrx_word' id='word_1_818' title='bbox 3248 2660 3560 2717; x_wconf 89' lang='lat' dir='ltr'><strong>scandalum</strong></span> 
     </span>
    </p>
   </div>
   <div class='ocr_carea' id='block_1_109' title="bbox 1974 2727 3559 2799">
    <p class='ocr_par' dir='ltr' id='par_1_109' title="bbox 1974 2727 3559 2799">
     <span class='ocr_line' id='line_1_109' title="bbox 1974 2727 3559 2799; baseline 0.004 -19"><span class='ocrx_word' id='word_1_819' title='bbox 1974 2727 2057 2782; x_wconf 81' lang='lat' dir='ltr'><strong>via</strong></span> <span class='ocrx_word' id='word_1_820' title='bbox 2109 2727 2366 2799; x_wconf 84' lang='lat' dir='ltr'><strong>ipsorum,</strong></span> <span class='ocrx_word' id='word_1_821' title='bbox 2420 2747 2524 2785; x_wconf 90' lang='lat' dir='ltr'><strong>non</strong></span> <span class='ocrx_word' id='word_1_822' title='bbox 2568 2732 2803 2796; x_wconf 77' lang='lat' dir='ltr'><strong>(Zhristo,</strong></span> <span class='ocrx_word' id='word_1_823' title='bbox 2855 2727 3267 2785; x_wconf 47' lang='lat' dir='ltr'><strong>non&#39;membris</strong></span> <span class='ocrx_word' id='word_1_824' title='bbox 3311 2731 3451 2798; x_wconf 86' lang='lat' dir='ltr'><strong>ejus.</strong></span> <span class='ocrx_word' id='word_1_825' title='bbox 3493 2733 3559 2786; x_wconf 77' lang='lat' dir='ltr'><strong>Et</strong></span> 
     </span>
    </p>
   </div>
   <div class='ocr_carea' id='block_1_110' title="bbox 1974 2800 3560 2870">
    <p class='ocr_par' dir='ltr' id='par_1_110' title="bbox 1974 2800 3560 2870">
     <span class='ocr_line' id='line_1_110' title="bbox 1974 2800 3560 2870; baseline 0.004 -19"><span class='ocrx_word' id='word_1_826' title='bbox 1974 2810 2151 2868; x_wconf 84' lang='lat' dir='ltr'><strong>postea</strong></span> <span class='ocrx_word' id='word_1_827' title='bbox 2179 2801 2232 2853; x_wconf 86' lang='lat' dir='ltr'><strong>in</strong></span> <span class='ocrx_word' id='word_1_828' title='bbox 2264 2818 2351 2854; x_wconf 87' lang='lat' dir='ltr'><strong>ore</strong></span> <span class='ocrx_word' id='word_1_829' title='bbox 2377 2818 2471 2854; x_wconf 82' lang='lat' dir='ltr'><strong>suo</strong></span> <span class='ocrx_word' id='word_1_830' title='bbox 2500 2802 2901 2870; x_wconf 83' lang='lat' dir='ltr'><strong>complacebunt.</strong></span> <span class='ocrx_word' id='word_1_831' title='bbox 2935 2801 3068 2855; x_wconf 87' lang='lat' dir='ltr'><strong>Cum</strong></span> <span class='ocrx_word' id='word_1_832' title='bbox 3108 2801 3229 2853; x_wconf 76' lang='lat' dir='ltr'><strong>farti</strong></span> <span class='ocrx_word' id='word_1_833' title='bbox 3263 2800 3458 2855; x_wconf 87' lang='lat' dir='ltr'><strong>fuerint</strong></span> <span class='ocrx_word' id='word_1_834' title='bbox 3481 2812 3560 2857; x_wconf 87' lang='lat' dir='ltr'><strong>ta-</strong></span> 
     </span>
    </p>
   </div>
   <div class='ocr_carea' id='block_1_111' title="bbox 1976 2870 3558 2939">
    <p class='ocr_par' dir='ltr' id='par_1_111' title="bbox 1976 2870 3558 2939">
     <span class='ocr_line' id='line_1_111' title="bbox 1976 2870 3558 2939; baseline 0.004 -17"><span class='ocrx_word' id='word_1_835' title='bbox 1976 2873 2073 2934; x_wconf 87' lang='lat' dir='ltr'><strong>les,</strong></span> <span class='ocrx_word' id='word_1_836' title='bbox 2106 2882 2160 2924; x_wconf 91' lang='lat' dir='ltr'><strong>ut</strong></span> <span class='ocrx_word' id='word_1_837' title='bbox 2188 2886 2290 2925; x_wconf 90' lang='lat' dir='ltr'><strong>non</strong></span> <span class='ocrx_word' id='word_1_838' title='bbox 2322 2881 2564 2939; x_wconf 69' lang='lat' dir='ltr'><strong>qurerant</strong></span> <span class='ocrx_word' id='word_1_839' title='bbox 2597 2872 2695 2925; x_wconf 90' lang='lat' dir='ltr'><strong>nisi</strong></span> <span class='ocrx_word' id='word_1_840' title='bbox 2732 2870 2866 2924; x_wconf 86' lang='lat' dir='ltr'><strong>bona</strong></span> <span class='ocrx_word' id='word_1_841' title='bbox 2899 2872 3231 2937; x_wconf 86' lang='lat' dir='ltr'><strong>temporalia,</strong></span> <span class='ocrx_word' id='word_1_842' title='bbox 3265 2871 3558 2928; x_wconf 85' lang='lat' dir='ltr'><strong>laudabunt</strong></span> 
     </span>
    </p>
   </div>
   <div class='ocr_carea' id='block_1_112' title="bbox 1974 2940 3561 3009">
    <p class='ocr_par' dir='ltr' id='par_1_112' title="bbox 1974 2940 3561 3009">
     <span class='ocr_line' id='line_1_112' title="bbox 1974 2940 3561 3009; baseline 0.003 -15"><span class='ocrx_word' id='word_1_843' title='bbox 1974 2952 2033 2994; x_wconf 84' lang='lat' dir='ltr'><strong>se</strong></span> <span class='ocrx_word' id='word_1_844' title='bbox 2074 2942 2343 3009; x_wconf 85' lang='lat' dir='ltr'><strong>placentes</strong></span> <span class='ocrx_word' id='word_1_845' title='bbox 2388 2940 2508 2995; x_wconf 87' lang='lat' dir='ltr'><strong>sibi.</strong></span> <span class='ocrx_word' id='word_1_846' title='bbox 2549 2941 2639 2995; x_wconf 74' lang='lat' dir='ltr'><strong>Vel</strong></span> <span class='ocrx_word' id='word_1_847' title='bbox 2684 2950 2865 3008; x_wconf 82' lang='lat' dir='ltr'><strong>postea</strong></span> <span class='ocrx_word' id='word_1_848' title='bbox 2895 2941 2945 2995; x_wconf 91' lang='lat' dir='ltr'><strong>in</strong></span> <span class='ocrx_word' id='word_1_849' title='bbox 2991 2956 3086 2993; x_wconf 88' lang='lat' dir='ltr'><strong>ore</strong></span> <span class='ocrx_word' id='word_1_850' title='bbox 3129 2956 3229 2994; x_wconf 89' lang='lat' dir='ltr'><strong>suo</strong></span> <span class='ocrx_word' id='word_1_851' title='bbox 3269 2942 3561 3009; x_wconf 58' lang='lat' dir='ltr'><strong>complaceu</strong></span> 
     </span>
    </p>
   </div>
   <div class='ocr_carea' id='block_1_113' title="bbox 1977 3009 3563 3081">
    <p class='ocr_par' dir='ltr' id='par_1_113' title="bbox 1977 3009 3563 3081">
     <span class='ocr_line' id='line_1_113' title="bbox 1977 3009 3563 3081; baseline 0.003 -18"><span class='ocrx_word' id='word_1_852' title='bbox 1977 3009 2129 3076; x_wconf 90' lang='lat' dir='ltr'><strong>bunt,</strong></span> <span class='ocrx_word' id='word_1_853' title='bbox 2183 3013 2395 3077; x_wconf 79' lang='lat' dir='ltr'><strong>quando</strong></span> <span class='ocrx_word' id='word_1_854' title='bbox 2432 3012 2609 3066; x_wconf 83' lang='lat' dir='ltr'><strong>dicent</strong></span> <span class='ocrx_word' id='word_1_855' title='bbox 2649 3012 2697 3063; x_wconf 90' lang='lat' dir='ltr'><strong>in</strong></span> <span class='ocrx_word' id='word_1_856' title='bbox 2722 3010 2950 3078; x_wconf 85' lang='lat' dir='ltr'><strong>judicio,</strong></span> <span class='ocrx_word' id='word_1_857' title='bbox 2996 3012 3217 3065; x_wconf 86' lang='lat' dir='ltr'><strong>Domine</strong></span> <span class='ocrx_word' id='word_1_858' title='bbox 3245 3009 3383 3064; x_wconf 87' lang='lat' dir='ltr'><strong>Deus</strong></span> <span class='ocrx_word' id='word_1_859' title='bbox 3410 3014 3563 3081; x_wconf 84' lang='lat' dir='ltr'><strong>aperi</strong></span> 
     </span>
    </p>
   </div>
   <div class='ocr_carea' id='block_1_114' title="bbox 1976 3081 3557 3151">
    <p class='ocr_par' dir='ltr' id='par_1_114' title="bbox 1976 3081 3557 3151">
     <span class='ocr_line' id='line_1_114' title="bbox 1976 3081 3557 3151; baseline 0.004 -20"><span class='ocrx_word' id='word_1_860' title='bbox 1976 3083 2129 3151; x_wconf 81' lang='lat' dir='ltr'><strong>nobis</strong></span> <span class='ocrx_word' id='word_1_861' title='bbox 2167 3081 2385 3151; x_wconf 81' lang='lat' dir='ltr'><strong>(Matth.</strong></span> <span class='ocrx_word' id='word_1_862' title='bbox 2434 3081 2573 3141; x_wconf 69' lang='lat'><strong>25.).</strong></span> <span class='ocrx_word' id='word_1_863' title='bbox 2608 3081 2713 3135; x_wconf 77' lang='lat' dir='ltr'><strong>Sed</strong></span> <span class='ocrx_word' id='word_1_864' title='bbox 2767 3091 2890 3135; x_wconf 79' lang='lat' dir='ltr'><strong>tunc</strong></span> <span class='ocrx_word' id='word_1_865' title='bbox 2935 3082 3041 3144; x_wconf 83' lang='lat' dir='ltr'><strong>fiet,</strong></span> <span class='ocrx_word' id='word_1_866' title='bbox 3099 3082 3235 3147; x_wconf 88' lang='lat' dir='ltr'><strong>quod</strong></span> <span class='ocrx_word' id='word_1_867' title='bbox 3272 3083 3511 3149; x_wconf 87' lang='lat' dir='ltr'><strong>sequitur</strong></span> <span class='ocrx_word' id='word_1_868' title='bbox 3538 3099 3557 3137; x_wconf 85' lang='lat'><strong>:</strong></span> 
     </span>
    </p>
   </div>
   <div class='ocr_carea' id='block_1_115' title="bbox 1976 3149 3556 3222">
    <p class='ocr_par' dir='ltr' id='par_1_115' title="bbox 1976 3149 3556 3222">
     <span class='ocr_line' id='line_1_115' title="bbox 1976 3149 3556 3222; baseline 0.003 -18"><span class='ocrx_word' id='word_1_869' title='bbox 1976 3149 2124 3207; x_wconf 87' lang='lat' dir='ltr'><strong>Sicut</strong></span> <span class='ocrx_word' id='word_1_870' title='bbox 2160 3149 2274 3205; x_wconf 83' lang='lat' dir='ltr'><strong>ores</strong></span> <span class='ocrx_word' id='word_1_871' title='bbox 2314 3153 2370 3205; x_wconf 89' lang='lat' dir='ltr'><strong>in</strong></span> <span class='ocrx_word' id='word_1_872' title='bbox 2397 3153 2600 3221; x_wconf 79' lang='lat' dir='ltr'><strong>inferno</strong></span> <span class='ocrx_word' id='word_1_873' title='bbox 2628 3152 2781 3222; x_wconf 77' lang='lat' dir='ltr'><strong>positi</strong></span> <span class='ocrx_word' id='word_1_874' title='bbox 2829 3161 2967 3215; x_wconf 82' lang='lat' dir='ltr'><strong>sunt,</strong></span> <span class='ocrx_word' id='word_1_875' title='bbox 3010 3168 3144 3203; x_wconf 88' lang='lat' dir='ltr'><strong>mors</strong></span> <span class='ocrx_word' id='word_1_876' title='bbox 3180 3151 3411 3220; x_wconf 78' lang='lat' dir='ltr'><strong>deposcet</strong></span> <span class='ocrx_word' id='word_1_877' title='bbox 3450 3169 3556 3208; x_wconf 85' lang='lat' dir='ltr'><strong>eos.</strong></span> 
     </span>
    </p>
   </div>
   <div class='ocr_carea' id='block_1_116' title="bbox 1975 3222 3556 3292">
    <p class='ocr_par' dir='ltr' id='par_1_116' title="bbox 1975 3222 3556 3292">
     <span class='ocr_line' id='line_1_116' title="bbox 1975 3222 3556 3292; baseline 0.003 -18"><span class='ocrx_word' id='word_1_878' title='bbox 1975 3222 2109 3286; x_wconf 88' lang='lat' dir='ltr'><strong>Quia</strong></span> <span class='ocrx_word' id='word_1_879' title='bbox 2140 3239 2298 3292; x_wconf 80' lang='lat' dir='ltr'><strong>grege</strong></span> <span class='ocrx_word' id='word_1_880' title='bbox 2326 3224 2464 3276; x_wconf 86' lang='lat' dir='ltr'><strong>l‘acto</strong></span> <span class='ocrx_word' id='word_1_881' title='bbox 2492 3223 2689 3276; x_wconf 90' lang='lat' dir='ltr'><strong>divitiis</strong></span> <span class='ocrx_word' id='word_1_882' title='bbox 2710 3224 2872 3286; x_wconf 85' lang='lat' dir='ltr'><strong>tonsi,</strong></span> <span class='ocrx_word' id='word_1_883' title='bbox 2907 3231 2960 3275; x_wconf 91' lang='lat' dir='ltr'><strong>et</strong></span> <span class='ocrx_word' id='word_1_884' title='bbox 2984 3224 3261 3289; x_wconf 66' lang='lat' dir='ltr'><strong>eXSjioliati</strong></span> <span class='ocrx_word' id='word_1_885' title='bbox 3293 3235 3322 3273; x_wconf 90' lang='lat' dir='ltr'><strong>a</strong></span> <span class='ocrx_word' id='word_1_886' title='bbox 3364 3236 3556 3289; x_wconf 78' lang='lat' dir='ltr'><strong>magna</strong></span> 
     </span>
    </p>
   </div>
   <div class='ocr_carea' id='block_1_117' title="bbox 1975 3292 3556 3362">
    <p class='ocr_par' dir='ltr' id='par_1_117' title="bbox 1975 3292 3556 3362">
     <span class='ocr_line' id='line_1_117' title="bbox 1975 3292 3556 3362; baseline 0.002 -17"><span class='ocrx_word' id='word_1_887' title='bbox 1975 3294 2247 3362; x_wconf 82' lang='lat' dir='ltr'><strong>nigrorum</strong></span> <span class='ocrx_word' id='word_1_888' title='bbox 2303 3294 2583 3361; x_wconf 89' lang='lat' dir='ltr'><strong>spirituum</strong></span> <span class='ocrx_word' id='word_1_889' title='bbox 2628 3293 2966 3362; x_wconf 88' lang='lat' dir='ltr'><strong>multitudine</strong></span> <span class='ocrx_word' id='word_1_890' title='bbox 3006 3292 3057 3344; x_wconf 88' lang='lat' dir='ltr'><strong>in</strong></span> <span class='ocrx_word' id='word_1_891' title='bbox 3090 3292 3337 3345; x_wconf 85' lang='lat' dir='ltr'><strong>tenebras</strong></span> <span class='ocrx_word' id='word_1_892' title='bbox 3385 3292 3556 3348; x_wconf 81' lang='lat' dir='ltr'><strong>dedu~</strong></span> 
     </span>
    </p>
   </div>
   <div class='ocr_carea' id='block_1_118' title="bbox 1967 3361 3552 3432">
    <p class='ocr_par' dir='ltr' id='par_1_118' title="bbox 1967 3361 3552 3432">
     <span class='ocr_line' id='line_1_118' title="bbox 1967 3361 3552 3432; baseline -0.001 -12"><span class='ocrx_word' id='word_1_893' title='bbox 1967 3361 2176 3420; x_wconf 89' lang='lat' dir='ltr'><strong>centur.</strong></span> <span class='ocrx_word' id='word_1_894' title='bbox 2235 3363 2299 3418; x_wconf 81' lang='lat' dir='ltr'><strong>Et</strong></span> <span class='ocrx_word' id='word_1_895' title='bbox 2345 3364 2552 3428; x_wconf 85' lang='lat' dir='ltr'><strong>merito,</strong></span> <span class='ocrx_word' id='word_1_896' title='bbox 2585 3364 2673 3432; x_wconf 92' lang='lat' dir='ltr'><strong>qui</strong></span> <span class='ocrx_word' id='word_1_897' title='bbox 2726 3361 2993 3415; x_wconf 66' lang='lat' dir='ltr'><strong>Christum</strong></span> <span class='ocrx_word' id='word_1_898' title='bbox 3035 3374 3301 3431; x_wconf 89' lang='lat' dir='ltr'><strong>pastorem</strong></span> <span class='ocrx_word' id='word_1_899' title='bbox 3353 3362 3552 3420; x_wconf 84' lang='lat' dir='ltr'><strong>habere</strong></span> 
     </span>
    </p>
   </div>
   <div class='ocr_carea' id='block_1_119' title="bbox 1972 3434 3558 3503">
    <p class='ocr_par' dir='ltr' id='par_1_119' title="bbox 1972 3434 3558 3503">
     <span class='ocr_line' id='line_1_119' title="bbox 1972 3434 3558 3503; baseline 0 -15"><span class='ocrx_word' id='word_1_900' title='bbox 1972 3436 2280 3500; x_wconf 81' lang='lat' dir='ltr'><strong>noluerunt,</strong></span> <span class='ocrx_word' id='word_1_901' title='bbox 2314 3448 2341 3486; x_wconf 88' lang='lat' dir='ltr'><strong>a</strong></span> <span class='ocrx_word' id='word_1_902' title='bbox 2365 3445 2542 3489; x_wconf 82' lang='lat' dir='ltr'><strong>morte</strong></span> <span class='ocrx_word' id='word_1_903' title='bbox 2570 3438 2944 3503; x_wconf 86' lang='lat' dir='ltr'><strong>depascentur,</strong></span> <span class='ocrx_word' id='word_1_904' title='bbox 2968 3443 3021 3486; x_wconf 87' lang='lat' dir='ltr'><strong>et</strong></span> <span class='ocrx_word' id='word_1_905' title='bbox 3049 3449 3078 3485; x_wconf 89' lang='lat' dir='ltr'><strong>a</strong></span> <span class='ocrx_word' id='word_1_906' title='bbox 3102 3435 3223 3501; x_wconf 86' lang='lat' dir='ltr'><strong>lupo</strong></span> <span class='ocrx_word' id='word_1_907' title='bbox 3252 3446 3441 3502; x_wconf 85' lang='lat' dir='ltr'><strong>rapace</strong></span> <span class='ocrx_word' id='word_1_908' title='bbox 3463 3434 3558 3489; x_wconf 86' lang='lat' dir='ltr'><strong>de-</strong></span> 
     </span>
    </p>
   </div>
   <div class='ocr_carea' id='block_1_120' title="bbox 1971 3506 3563 3561">
    <p class='ocr_par' dir='ltr' id='par_1_120' title="bbox 1971 3506 3563 3561">
     <span class='ocr_line' id='line_1_120' title="bbox 1971 3506 3563 3561; baseline -0.004 -2"><span class='ocrx_word' id='word_1_909' title='bbox 1971 3506 2319 3561; x_wconf 82' lang='lat' dir='ltr'><strong>vorabuntur.</strong></span> <span class='ocrx_word' id='word_1_910' title='bbox 3202 3550 3209 3555; x_wconf 84' lang='lat'><strong>.</strong></span> <span class='ocrx_word' id='word_1_911' title='bbox 3560 3560 3563 3561; x_wconf 22' lang='grc' dir='ltr'><em>ν</em></span> 
     </span>
    </p>
   </div>
   <div class='ocr_carea' id='block_1_121' title="bbox 2047 3570 3563 3646">
    <p class='ocr_par' dir='ltr' id='par_1_121' title="bbox 2047 3570 3563 3646">
     <span class='ocr_line' id='line_1_121' title="bbox 2047 3570 3563 3646; baseline 0 -17"><span class='ocrx_word' id='word_1_912' title='bbox 2047 3577 2133 3629; x_wconf 82' lang='grc'><strong>15.</strong></span> <span class='ocrx_word' id='word_1_913' title='bbox 2178 3575 2241 3629; x_wconf 80' lang='lat' dir='ltr'><strong>Et</strong></span> <span class='ocrx_word' id='word_1_914' title='bbox 2267 3574 2665 3629; x_wconf 85' lang='lat' dir='ltr'><strong>dominabuntur</strong></span> <span class='ocrx_word' id='word_1_915' title='bbox 2694 3590 2867 3646; x_wconf 85' lang='lat' dir='ltr'><strong>eorum</strong></span> <span class='ocrx_word' id='word_1_916' title='bbox 2885 3575 3021 3646; x_wconf 84' lang='lat' dir='ltr'><strong>just_i</strong></span> <span class='ocrx_word' id='word_1_917' title='bbox 3048 3574 3101 3627; x_wconf 89' lang='lat' dir='ltr'><strong>in</strong></span> <span class='ocrx_word' id='word_1_918' title='bbox 3121 3573 3390 3646; x_wconf 87' lang='lat' dir='ltr'><strong>matutino.</strong></span> <span class='ocrx_word' id='word_1_919' title='bbox 3424 3570 3563 3641; x_wconf 23' lang='lat' dir='ltr'><strong>Quia.</strong></span> 
     </span>
    </p>
   </div>
   <div class='ocr_carea' id='block_1_122' title="bbox 1968 3643 3556 3717">
    <p class='ocr_par' dir='ltr' id='par_1_122' title="bbox 1968 3643 3556 3717">
     <span class='ocr_line' id='line_1_122' title="bbox 1968 3643 3556 3717; baseline -0.003 -16"><span class='ocrx_word' id='word_1_920' title='bbox 1968 3647 2178 3717; x_wconf 73' lang='lat' dir='ltr'><strong>judict-s</strong></span> <span class='ocrx_word' id='word_1_921' title='bbox 2226 3662 2410 3701; x_wconf 91' lang='lat' dir='ltr'><strong>eorum</strong></span> <span class='ocrx_word' id='word_1_922' title='bbox 2445 3658 2600 3700; x_wconf 90' lang='lat' dir='ltr'><strong>erunt</strong></span> <span class='ocrx_word' id='word_1_923' title='bbox 2644 3646 2696 3700; x_wconf 87' lang='lat' dir='ltr'><strong>iit</strong></span> <span class='ocrx_word' id='word_1_924' title='bbox 2718 3643 2940 3714; x_wconf 79' lang='lat' dir='ltr'><strong>judicio.</strong></span> <span class='ocrx_word' id='word_1_925' title='bbox 2977 3643 3042 3697; x_wconf 86' lang='lat' dir='ltr'><strong>Et</strong></span> <span class='ocrx_word' id='word_1_926' title='bbox 3082 3645 3331 3717; x_wconf 74' lang='lat' dir='ltr'><strong>auxilium</strong></span> <span class='ocrx_word' id='word_1_927' title='bbox 3359 3661 3556 3717; x_wconf 80' lang='lat' dir='ltr'><strong>eorum,</strong></span> 
     </span>
    </p>
   </div>
   <div class='ocr_carea' id='block_1_123' title="bbox 1973 3714 3560 3788">
    <p class='ocr_par' dir='ltr' id='par_1_123' title="bbox 1973 3714 3560 3788">
     <span class='ocr_line' id='line_1_123' title="bbox 1973 3714 3560 3788; baseline -0.002 -17"><span class='ocrx_word' id='word_1_928' title='bbox 1973 3714 2113 3788; x_wconf 78' lang='lat' dir='ltr'><strong>quod</strong></span> <span class='ocrx_word' id='word_1_929' title='bbox 2144 3716 2342 3772; x_wconf 84' lang='lat' dir='ltr'><strong>habent</strong></span> <span class='ocrx_word' id='word_1_930' title='bbox 2375 3717 2425 3770; x_wconf 89' lang='lat' dir='ltr'><strong>in</strong></span> <span class='ocrx_word' id='word_1_931' title='bbox 2471 3716 2570 3770; x_wconf 91' lang='lat' dir='ltr'><strong>hoc</strong></span> <span class='ocrx_word' id='word_1_932' title='bbox 2600 3719 2801 3778; x_wconf 85' lang='lat' dir='ltr'><strong>seculo.</strong></span> <span class='ocrx_word' id='word_1_933' title='bbox 2854 3727 3144 3788; x_wconf 72' lang='lat' dir='ltr'><strong>veterascet,</strong></span> <span class='ocrx_word' id='word_1_934' title='bbox 3202 3714 3251 3768; x_wconf 91' lang='lat' dir='ltr'><strong>id</strong></span> <span class='ocrx_word' id='word_1_935' title='bbox 3280 3722 3384 3782; x_wconf 89' lang='lat' dir='ltr'><strong>est,</strong></span> <span class='ocrx_word' id='word_1_936' title='bbox 3424 3716 3560 3771; x_wconf 82' lang='lat' dir='ltr'><strong>deli-</strong></span> 
     </span>
    </p>
   </div>
   <div class='ocr_carea' id='block_1_124' title="bbox 1973 3786 3559 3857">
    <p class='ocr_par' dir='ltr' id='par_1_124' title="bbox 1973 3786 3559 3857">
     <span class='ocr_line' id='line_1_124' title="bbox 1973 3786 3559 3857; baseline -0.002 -12"><span class='ocrx_word' id='word_1_937' title='bbox 1973 3786 2099 3854; x_wconf 82' lang='lat' dir='ltr'><strong>ciet,</strong></span> <span class='ocrx_word' id='word_1_938' title='bbox 2132 3789 2183 3842; x_wconf 73' lang='lat' dir='ltr'><strong>in</strong></span> <span class='ocrx_word' id='word_1_939' title='bbox 2221 3790 2424 3851; x_wconf 76' lang='lat' dir='ltr'><strong>inferno</strong></span> <span class='ocrx_word' id='word_1_940' title='bbox 2449 3804 2479 3839; x_wconf 90' lang='lat' dir='ltr'><strong>a</strong></span> <span class='ocrx_word' id='word_1_941' title='bbox 2526 3788 2691 3857; x_wconf 81' lang='lat' dir='ltr'><strong>gloria</strong></span> <span class='ocrx_word' id='word_1_942' title='bbox 2739 3804 2931 3847; x_wconf 86' lang='lat' dir='ltr'><strong>eorum,</strong></span> <span class='ocrx_word' id='word_1_943' title='bbox 2979 3786 3033 3839; x_wconf 90' lang='lat' dir='ltr'><strong>ld</strong></span> <span class='ocrx_word' id='word_1_944' title='bbox 3065 3798 3165 3849; x_wconf 72' lang='grc' dir='ltr'><strong>εει,</strong></span> <span class='ocrx_word' id='word_1_945' title='bbox 3208 3794 3428 3857; x_wconf 83' lang='lat' dir='ltr'><strong>propter</strong></span> <span class='ocrx_word' id='word_1_946' title='bbox 3455 3788 3559 3842; x_wconf 89' lang='lat' dir='ltr'><strong>hoc</strong></span> 
     </span>
    </p>
   </div>
   <div class='ocr_carea' id='block_1_125' title="bbox 1973 3856 3559 3929">
    <p class='ocr_par' dir='ltr' id='par_1_125' title="bbox 1973 3856 3559 3929">
     <span class='ocr_line' id='line_1_125' title="bbox 1973 3856 3559 3929; baseline -0.001 -15"><span class='ocrx_word' id='word_1_947' title='bbox 1973 3859 2112 3929; x_wconf 86' lang='lat' dir='ltr'><strong>quod</strong></span> <span class='ocrx_word' id='word_1_948' title='bbox 2162 3859 2370 3929; x_wconf 79' lang='lat' dir='ltr'><strong>gloriati</strong></span> <span class='ocrx_word' id='word_1_949' title='bbox 2423 3856 2546 3911; x_wconf 90' lang='lat' dir='ltr'><strong>sunt</strong></span> <span class='ocrx_word' id='word_1_950' title='bbox 2594 3859 2649 3929; x_wconf 85' lang='lat' dir='ltr'><strong>in</strong></span> <span class='ocrx_word' id='word_1_951' title='bbox 2695 3858 2893 3912; x_wconf 87' lang='lat' dir='ltr'><strong>divitiis</strong></span> <span class='ocrx_word' id='word_1_952' title='bbox 2928 3859 3060 3911; x_wconf 89' lang='lat' dir='ltr'><strong>suis.</strong></span> <span class='ocrx_word' id='word_1_953' title='bbox 3114 3857 3279 3910; x_wconf 72' lang='lat' dir='ltr'><strong>[tecte</strong></span> <span class='ocrx_word' id='word_1_954' title='bbox 3323 3856 3559 3929; x_wconf 82' lang='lat' dir='ltr'><strong>dicitur,</strong></span> 
     </span>
    </p>
   </div>
   <div class='ocr_carea' id='block_1_126' title="bbox 1977 3927 3557 3998">
    <p class='ocr_par' dir='ltr' id='par_1_126' title="bbox 1977 3927 3557 3998">
     <span class='ocr_line' id='line_1_126' title="bbox 1977 3927 3557 3998; baseline -0.001 -15"><span class='ocrx_word' id='word_1_955' title='bbox 1977 3927 2237 3984; x_wconf 72' lang='lat' dir='ltr'><strong>Auxilium</strong></span> <span class='ocrx_word' id='word_1_956' title='bbox 2287 3945 2462 3983; x_wconf 82' lang='lat' dir='ltr'><strong>eorum</strong></span> <span class='ocrx_word' id='word_1_957' title='bbox 2506 3946 2536 3980; x_wconf 85' lang='grc' dir='ltr'><strong><em>(ι</em></strong></span> <span class='ocrx_word' id='word_1_958' title='bbox 2588 3928 2755 3998; x_wconf 82' lang='lat' dir='ltr'><strong>gloria</strong></span> <span class='ocrx_word' id='word_1_959' title='bbox 2805 3944 2981 3981; x_wconf 85' lang='lat' dir='ltr'><strong>eorum</strong></span> <span class='ocrx_word' id='word_1_960' title='bbox 3026 3936 3381 3998; x_wconf 83' lang='lat' dir='ltr'><strong>veterascere,</strong></span> <span class='ocrx_word' id='word_1_961' title='bbox 3432 3927 3557 3995; x_wconf 91' lang='lat' dir='ltr'><strong>quia</strong></span> 
     </span>
    </p>
   </div>
   <div class='ocr_carea' id='block_1_127' title="bbox 1974 3996 3645 4068">
    <p class='ocr_par' dir='ltr' id='par_1_127' title="bbox 1974 3996 3645 4068">
     <span class='ocr_line' id='line_1_127' title="bbox 1974 3996 3645 4068; baseline 0.001 -15"><span class='ocrx_word' id='word_1_962' title='bbox 1974 4001 2138 4068; x_wconf 80' lang='lat' dir='ltr'><strong>gloria</strong></span> <span class='ocrx_word' id='word_1_963' title='bbox 2173 4010 2229 4054; x_wconf 91' lang='lat' dir='ltr'><strong>et</strong></span> <span class='ocrx_word' id='word_1_964' title='bbox 2270 4001 2469 4053; x_wconf 62' lang='lat' dir='ltr'><strong>divitiae</strong></span> <span class='ocrx_word' id='word_1_965' title='bbox 2499 3996 2683 4052; x_wconf 74' lang='lat' dir='ltr'><strong>eorum</strong></span> <span class='ocrx_word' id='word_1_966' title='bbox 2729 4001 2779 4051; x_wconf 89' lang='lat' dir='ltr'><strong>in</strong></span> <span class='ocrx_word' id='word_1_967' title='bbox 2815 3997 3022 4052; x_wconf 81' lang='lat' dir='ltr'><strong>inferno</strong></span> <span class='ocrx_word' id='word_1_968' title='bbox 3049 3998 3248 4050; x_wconf 89' lang='lat' dir='ltr'><strong>nullum</strong></span> <span class='ocrx_word' id='word_1_969' title='bbox 3279 3996 3357 4049; x_wconf 86' lang='lat' dir='ltr'><strong>eis</strong></span> <span class='ocrx_word' id='word_1_970' title='bbox 3406 3999 3556 4053; x_wconf 83' lang='lat' dir='ltr'><strong>auxi-</strong></span> <span class='ocrx_word' id='word_1_971' title='bbox 3641 4050 3645 4055; x_wconf 83' lang='lat'><strong>.</strong></span> 
     </span>
    </p>
   </div>
   <div class='ocr_carea' id='block_1_128' title="bbox 1977 4072 2687 4139">
    <p class='ocr_par' dir='ltr' id='par_1_128' title="bbox 1977 4072 2687 4139">
     <span class='ocr_line' id='line_1_128' title="bbox 1977 4072 2687 4139; baseline -0.006 -13"><span class='ocrx_word' id='word_1_972' title='bbox 1977 4072 2105 4139; x_wconf 81' lang='lat' dir='ltr'><strong>lium</strong></span> <span class='ocrx_word' id='word_1_973' title='bbox 2136 4080 2385 4139; x_wconf 89' lang='lat' dir='ltr'><strong>poterunt</strong></span> <span class='ocrx_word' id='word_1_974' title='bbox 2413 4078 2687 4139; x_wconf 67' lang='lat' dir='ltr'><strong>prarstane.</strong></span> 
     </span>
    </p>
   </div>
   <div class='ocr_carea' id='block_1_129' title="bbox 2050 4136 3561 4199">
    <p class='ocr_par' dir='ltr' id='par_1_129' title="bbox 2050 4136 3561 4199">
     <span class='ocr_line' id='line_1_129' title="bbox 2050 4136 3561 4199; baseline -0.001 -7"><span class='ocrx_word' id='word_1_975' title='bbox 2050 4136 2149 4193; x_wconf 59' lang='grc'><strong>16.</strong></span> <span class='ocrx_word' id='word_1_976' title='bbox 2185 4136 2540 4192; x_wconf 76' lang='lat' dir='ltr'><strong>Verumtamen</strong></span> <span class='ocrx_word' id='word_1_977' title='bbox 2578 4137 2716 4190; x_wconf 80' lang='lat' dir='ltr'><strong>Deus</strong></span> <span class='ocrx_word' id='word_1_978' title='bbox 2761 4138 2972 4191; x_wconf 85' lang='lat' dir='ltr'><strong>redimet</strong></span> <span class='ocrx_word' id='word_1_979' title='bbox 3012 4136 3235 4189; x_wconf 85' lang='lat' dir='ltr'><strong>animam</strong></span> <span class='ocrx_word' id='word_1_980' title='bbox 3282 4151 3465 4199; x_wconf 84' lang='lat' dir='ltr'><strong>meant,</strong></span> <span class='ocrx_word' id='word_1_981' title='bbox 3498 4137 3561 4190; x_wconf 83' lang='lat' dir='ltr'><strong>de</strong></span> 
     </span>
    </p>
   </div>
   <div class='ocr_carea' id='block_1_130' title="bbox 1978 4207 3554 4277">
    <p class='ocr_par' dir='ltr' id='par_1_130' title="bbox 1978 4207 3554 4277">
     <span class='ocr_line' id='line_1_130' title="bbox 1978 4207 3554 4277; baseline -0.001 -14"><span class='ocrx_word' id='word_1_982' title='bbox 1978 4227 2157 4276; x_wconf 87' lang='lat' dir='ltr'><strong>manu,</strong></span> <span class='ocrx_word' id='word_1_983' title='bbox 2182 4210 2232 4263; x_wconf 92' lang='lat' dir='ltr'><strong>id</strong></span> <span class='ocrx_word' id='word_1_984' title='bbox 2262 4220 2369 4275; x_wconf 86' lang='lat' dir='ltr'><strong>est,</strong></span> <span class='ocrx_word' id='word_1_985' title='bbox 2401 4209 2466 4262; x_wconf 88' lang='lat' dir='ltr'><strong>de</strong></span> <span class='ocrx_word' id='word_1_986' title='bbox 2502 4216 2787 4277; x_wconf 83' lang='lat' dir='ltr'><strong>potestate,</strong></span> <span class='ocrx_word' id='word_1_987' title='bbox 2823 4207 2995 4276; x_wconf 77' lang='lat' dir='ltr'><strong>inferi,</strong></span> <span class='ocrx_word' id='word_1_988' title='bbox 3026 4222 3140 4258; x_wconf 85' lang='lat' dir='ltr'><strong>cum</strong></span> <span class='ocrx_word' id='word_1_989' title='bbox 3166 4208 3413 4276; x_wconf 78' lang='lat' dir='ltr'><strong>acceperit</strong></span> <span class='ocrx_word' id='word_1_990' title='bbox 3450 4222 3554 4261; x_wconf 73' lang='lat' dir='ltr'><strong>me.</strong></span> 
     </span>
    </p>
   </div>
   <div class='ocr_carea' id='block_1_131' title="bbox 1978 4276 3555 4345">
    <p class='ocr_par' dir='ltr' id='par_1_131' title="bbox 1978 4276 3555 4345">
     <span class='ocr_line' id='line_1_131' title="bbox 1978 4276 3555 4345; baseline -0.002 -11"><span class='ocrx_word' id='word_1_991' title='bbox 1978 4279 2035 4334; x_wconf 84' lang='lat' dir='ltr'><strong>Id</strong></span> <span class='ocrx_word' id='word_1_992' title='bbox 2065 4291 2167 4345; x_wconf 89' lang='lat' dir='ltr'><strong>est,</strong></span> <span class='ocrx_word' id='word_1_993' title='bbox 2214 4294 2387 4334; x_wconf 83' lang='lat' dir='ltr'><strong>meam</strong></span> <span class='ocrx_word' id='word_1_994' title='bbox 2435 4276 2836 4330; x_wconf 84' lang='lat' dir='ltr'><strong>humanitatem.</strong></span> <span class='ocrx_word' id='word_1_995' title='bbox 2890 4277 3044 4330; x_wconf 82' lang='lat' dir='ltr'><strong>Modo</strong></span> <span class='ocrx_word' id='word_1_996' title='bbox 3064 4276 3222 4345; x_wconf 86' lang='lat' dir='ltr'><strong>justis</strong></span> <span class='ocrx_word' id='word_1_997' title='bbox 3261 4287 3344 4330; x_wconf 67' lang='lat' dir='ltr'><strong>est</strong></span> <span class='ocrx_word' id='word_1_998' title='bbox 3384 4277 3555 4341; x_wconf 78' lang='lat' dir='ltr'><strong>labor,</strong></span> 
     </span>
    </p>
   </div>
   <div class='ocr_carea' id='block_1_132' title="bbox 1983 4348 3557 4420">
    <p class='ocr_par' dir='ltr' id='par_1_132' title="bbox 1983 4348 3557 4420">
     <span class='ocr_line' id='line_1_132' title="bbox 1983 4348 3557 4420; baseline -0.003 -15"><span class='ocrx_word' id='word_1_999' title='bbox 1983 4365 2251 4420; x_wconf 82' lang='lat' dir='ltr'><strong>pressura,</strong></span> <span class='ocrx_word' id='word_1_1000' title='bbox 2302 4349 2574 4420; x_wconf 83' lang='lat' dir='ltr'><strong>tribulatio</strong></span> <span class='ocrx_word' id='word_1_1001' title='bbox 2605 4366 2617 4399; x_wconf 83' lang='lat'><strong>:</strong></span> <span class='ocrx_word' id='word_1_1002' title='bbox 2650 4349 2702 4401; x_wconf 91' lang='lat' dir='ltr'><strong>in</strong></span> <span class='ocrx_word' id='word_1_1003' title='bbox 2738 4361 2844 4420; x_wconf 77' lang='lat' dir='ltr'><strong>spe</strong></span> <span class='ocrx_word' id='word_1_1004' title='bbox 2871 4348 3043 4420; x_wconf 84' lang='lat' dir='ltr'><strong>futura</strong></span> <span class='ocrx_word' id='word_1_1005' title='bbox 3090 4359 3172 4401; x_wconf 84' lang='lat' dir='ltr'><strong>est</strong></span> <span class='ocrx_word' id='word_1_1006' title='bbox 3201 4360 3386 4420; x_wconf 78' lang='lat' dir='ltr'><strong>verum</strong></span> <span class='ocrx_word' id='word_1_1007' title='bbox 3425 4362 3557 4417; x_wconf 82' lang='lat' dir='ltr'><strong>gau-</strong></span> 
     </span>
    </p>
   </div>
   <div class='ocr_carea' id='block_1_133' title="bbox 1980 4417 3559 4488">
    <p class='ocr_par' dir='ltr' id='par_1_133' title="bbox 1980 4417 3559 4488">
     <span class='ocr_line' id='line_1_133' title="bbox 1980 4417 3559 4488; baseline -0.003 -11"><span class='ocrx_word' id='word_1_1008' title='bbox 1980 4417 2147 4477; x_wconf 82' lang='lat' dir='ltr'><strong>dium.</strong></span> <span class='ocrx_word' id='word_1_1009' title='bbox 2183 4420 2340 4474; x_wconf 84' lang='lat' dir='ltr'><strong>Modo</strong></span> <span class='ocrx_word' id='word_1_1010' title='bbox 2362 4420 2450 4488; x_wconf 85' lang='lat' dir='ltr'><strong>qui</strong></span> <span class='ocrx_word' id='word_1_1011' title='bbox 2488 4419 2554 4472; x_wconf 88' lang='lat' dir='ltr'><strong>ad</strong></span> <span class='ocrx_word' id='word_1_1012' title='bbox 2606 4418 2840 4472; x_wconf 72' lang='lat' dir='ltr'><strong>lmtitiam</strong></span> <span class='ocrx_word' id='word_1_1013' title='bbox 2881 4417 3174 4471; x_wconf 87' lang='lat' dir='ltr'><strong>seculareiu</strong></span> <span class='ocrx_word' id='word_1_1014' title='bbox 3215 4417 3401 4488; x_wconf 80' lang='lat' dir='ltr'><strong>oculos</strong></span> <span class='ocrx_word' id='word_1_1015' title='bbox 3430 4432 3559 4484; x_wconf 85' lang='lat' dir='ltr'><strong>ape-</strong></span> 
     </span>
    </p>
   </div>
   <div class='ocr_carea' id='block_1_134' title="bbox 1980 4486 3559 4559">
    <p class='ocr_par' dir='ltr' id='par_1_134' title="bbox 1980 4486 3559 4559">
     <span class='ocr_line' id='line_1_134' title="bbox 1980 4486 3559 4559; baseline -0.003 -14"><span class='ocrx_word' id='word_1_1016' title='bbox 1980 4492 2145 4559; x_wconf 88' lang='lat' dir='ltr'><strong>riunt,</strong></span> <span class='ocrx_word' id='word_1_1017' title='bbox 2188 4501 2243 4545; x_wconf 92' lang='lat' dir='ltr'><strong>et</strong></span> <span class='ocrx_word' id='word_1_1018' title='bbox 2287 4486 2685 4553; x_wconf 39' lang='lat' dir='ltr'><strong>cor—claudunt,</strong></span> <span class='ocrx_word' id='word_1_1019' title='bbox 2736 4489 2924 4559; x_wconf 87' lang='lat' dir='ltr'><strong>transit</strong></span> <span class='ocrx_word' id='word_1_1020' title='bbox 2958 4501 3153 4559; x_wconf 4' lang='lat' dir='ltr'><strong>(eorum</strong></span> <span class='ocrx_word' id='word_1_1021' title='bbox 3197 4486 3463 4552; x_wconf 71' lang='lat' dir='ltr'><strong>lmlicitas,</strong></span> <span class='ocrx_word' id='word_1_1022' title='bbox 3503 4496 3559 4541; x_wconf 89' lang='lat' dir='ltr'><strong>et</strong></span> 
     </span>
    </p>
   </div>
   <div class='ocr_carea' id='block_1_135' title="bbox 1981 4558 3561 4629">
    <p class='ocr_par' dir='ltr' id='par_1_135' title="bbox 1981 4558 3561 4629">
     <span class='ocr_line' id='line_1_135' title="bbox 1981 4558 3561 4629; baseline -0.003 -13"><span class='ocrx_word' id='word_1_1023' title='bbox 1981 4564 2129 4616; x_wconf 82' lang='lat' dir='ltr'><strong>venit</strong></span> <span class='ocrx_word' id='word_1_1024' title='bbox 2156 4576 2328 4629; x_wconf 70' lang='lat' dir='ltr'><strong>(mna.</strong></span> <span class='ocrx_word' id='word_1_1025' title='bbox 2363 4561 2478 4625; x_wconf 86' lang='lat' dir='ltr'><strong>Quo</strong></span> <span class='ocrx_word' id='word_1_1026' title='bbox 2504 4569 2687 4613; x_wconf 88' lang='lat' dir='ltr'><strong>contra</strong></span> <span class='ocrx_word' id='word_1_1027' title='bbox 2722 4558 2919 4613; x_wconf 91' lang='lat' dir='ltr'><strong>transit</strong></span> <span class='ocrx_word' id='word_1_1028' title='bbox 2949 4558 3213 4627; x_wconf 65' lang='lat' dir='ltr'><strong>justorum</strong></span> <span class='ocrx_word' id='word_1_1029' title='bbox 3240 4572 3397 4626; x_wconf 66' lang='lat' dir='ltr'><strong>paena</strong></span> <span class='ocrx_word' id='word_1_1030' title='bbox 3428 4566 3561 4612; x_wconf 90' lang='lat' dir='ltr'><strong>tem-</strong></span> 
     </span>
    </p>
   </div>
   <div class='ocr_carea' id='block_1_136' title="bbox 1984 4628 3558 4703">
    <p class='ocr_par' dir='ltr' id='par_1_136' title="bbox 1984 4628 3558 4703">
     <span class='ocr_line' id='line_1_136' title="bbox 1984 4628 3558 4703; baseline -0.003 -16"><span class='ocrx_word' id='word_1_1031' title='bbox 1984 4635 2200 4703; x_wconf 84' lang='lat' dir='ltr'><strong>poralis,</strong></span> <span class='ocrx_word' id='word_1_1032' title='bbox 2228 4641 2283 4703; x_wconf 85' lang='lat' dir='ltr'><strong>et</strong></span> <span class='ocrx_word' id='word_1_1033' title='bbox 2311 4630 2472 4703; x_wconf 4' lang='lat' dir='ltr'><strong>(venit</strong></span> <span class='ocrx_word' id='word_1_1034' title='bbox 2502 4639 2699 4703; x_wconf 60' lang='lat' dir='ltr'><strong>aeterna</strong></span> <span class='ocrx_word' id='word_1_1035' title='bbox 2730 4629 3016 4703; x_wconf 71' lang='lat' dir='ltr'><strong>toelicitas.</strong></span> <span class='ocrx_word' id='word_1_1036' title='bbox 3051 4628 3257 4683; x_wconf 76' lang='lat' dir='ltr'><strong>Excitat</strong></span> <span class='ocrx_word' id='word_1_1037' title='bbox 3288 4642 3383 4684; x_wconf 88' lang='lat' dir='ltr'><strong>nos</strong></span> <span class='ocrx_word' id='word_1_1038' title='bbox 3430 4642 3558 4699; x_wconf 79' lang='lat' dir='ltr'><strong>ergo</strong></span> 
     </span>
    </p>
   </div>
   <div class='ocr_carea' id='block_1_137' title="bbox 1980 4700 2803 4773">
    <p class='ocr_par' dir='ltr' id='par_1_137' title="bbox 1980 4700 2803 4773">
     <span class='ocr_line' id='line_1_137' title="bbox 1980 4700 2803 4773; baseline -0.01 -14"><span class='ocrx_word' id='word_1_1039' title='bbox 1980 4700 2203 4773; x_wconf 66' lang='lat' dir='ltr'><strong>Spiritus</strong></span> <span class='ocrx_word' id='word_1_1040' title='bbox 2233 4701 2323 4758; x_wconf 88' lang='lat' dir='ltr'><strong>Dei</strong></span> <span class='ocrx_word' id='word_1_1041' title='bbox 2350 4715 2470 4754; x_wconf 88' lang='lat' dir='ltr'><strong>cum</strong></span> <span class='ocrx_word' id='word_1_1042' title='bbox 2489 4700 2768 4773; x_wconf 79' lang='lat' dir='ltr'><strong>subjungit</strong></span> <span class='ocrx_word' id='word_1_1043' title='bbox 2782 4718 2803 4773; x_wconf 21' lang='grc' dir='ltr'>λε</span> 
     </span>
    </p>
   </div>
   <div class='ocr_carea' id='block_1_138' title="bbox 2054 4768 3561 4839">
    <p class='ocr_par' dir='ltr' id='par_1_138' title="bbox 2054 4768 3561 4839">
     <span class='ocr_line' id='line_1_138' title="bbox 2054 4768 3561 4839; baseline -0.004 -12"><span class='ocrx_word' id='word_1_1044' title='bbox 2054 4776 2141 4831; x_wconf 84' lang='grc'><strong>17.</strong></span> <span class='ocrx_word' id='word_1_1045' title='bbox 2184 4772 2267 4827; x_wconf 82' lang='lat' dir='ltr'><strong>Ne</strong></span> <span class='ocrx_word' id='word_1_1046' title='bbox 2290 4771 2546 4834; x_wconf 76' lang='lat' dir='ltr'><strong>timueris,</strong></span> <span class='ocrx_word' id='word_1_1047' title='bbox 2590 4768 2713 4823; x_wconf 72' lang='lat' dir='ltr'><strong>cuni</strong></span> <span class='ocrx_word' id='word_1_1048' title='bbox 2738 4770 2879 4839; x_wconf 73' lang='lat' dir='ltr'><strong>dives</strong></span> <span class='ocrx_word' id='word_1_1049' title='bbox 2915 4772 3079 4837; x_wconf 76' lang='lat' dir='ltr'><strong>factus</strong></span> <span class='ocrx_word' id='word_1_1050' title='bbox 3099 4768 3249 4839; x_wconf 77' lang='lat' dir='ltr'><strong>fuerit</strong></span> <span class='ocrx_word' id='word_1_1051' title='bbox 3294 4770 3465 4823; x_wconf 79' lang='lat' dir='ltr'><strong>homo.</strong></span> <span class='ocrx_word' id='word_1_1052' title='bbox 3498 4769 3561 4823; x_wconf 80' lang='lat' dir='ltr'><strong>Et</strong></span> 
     </span>
    </p>
   </div>
   <div class='ocr_carea' id='block_1_139' title="bbox 1982 4837 3557 4910">
    <p class='ocr_par' dir='ltr' id='par_1_139' title="bbox 1982 4837 3557 4910">
     <span class='ocr_line' id='line_1_139' title="bbox 1982 4837 3557 4910; baseline -0.004 -13"><span class='ocrx_word' id='word_1_1053' title='bbox 1982 4858 2086 4899; x_wconf 91' lang='lat' dir='ltr'><strong>non</strong></span> <span class='ocrx_word' id='word_1_1054' title='bbox 2116 4855 2341 4906; x_wconf 90' lang='lat' dir='ltr'><strong>tantum,</strong></span> <span class='ocrx_word' id='word_1_1055' title='bbox 2372 4856 2493 4896; x_wconf 90' lang='lat' dir='ltr'><strong>cum</strong></span> <span class='ocrx_word' id='word_1_1056' title='bbox 2527 4841 2643 4910; x_wconf 77' lang='lat' dir='ltr'><strong>ipse</strong></span> <span class='ocrx_word' id='word_1_1057' title='bbox 2679 4840 2829 4894; x_wconf 88' lang='lat' dir='ltr'><strong>dives</strong></span> <span class='ocrx_word' id='word_1_1058' title='bbox 2858 4837 3030 4894; x_wconf 89' lang='lat' dir='ltr'><strong>factus</strong></span> <span class='ocrx_word' id='word_1_1059' title='bbox 3073 4837 3232 4910; x_wconf 72' lang='lat' dir='ltr'><strong>fuerit</strong></span> <span class='ocrx_word' id='word_1_1060' title='bbox 3257 4856 3271 4893; x_wconf 86' lang='lat'><strong>:</strong></span> <span class='ocrx_word' id='word_1_1061' title='bbox 3294 4842 3410 4904; x_wconf 90' lang='lat' dir='ltr'><strong>sed,</strong></span> <span class='ocrx_word' id='word_1_1062' title='bbox 3442 4855 3557 4892; x_wconf 86' lang='lat' dir='ltr'><strong>cum</strong></span> 
     </span>
    </p>
   </div>
   <div class='ocr_carea' id='block_1_140' title="bbox 1984 4906 3557 4985">
    <p class='ocr_par' dir='ltr' id='par_1_140' title="bbox 1984 4906 3557 4985">
     <span class='ocr_line' id='line_1_140' title="bbox 1984 4906 3557 4985; baseline -0.001 -18"><span class='ocrx_word' id='word_1_1063' title='bbox 1984 4913 2325 4985; x_wconf 82' lang='lat' dir='ltr'><strong>multiplicata</strong></span> <span class='ocrx_word' id='word_1_1064' title='bbox 2352 4906 2716 4985; x_wconf 39' lang='lat' dir='ltr'><strong>[ueritu&#39;gloria</strong></span> <span class='ocrx_word' id='word_1_1065' title='bbox 2764 4912 2942 4964; x_wconf 83' lang='lat' dir='ltr'><strong>domus</strong></span> <span class='ocrx_word' id='word_1_1066' title='bbox 2985 4910 3116 4980; x_wconf 84' lang='lat' dir='ltr'><strong>ejus.</strong></span> <span class='ocrx_word' id='word_1_1067' title='bbox 3148 4906 3205 4963; x_wconf 90' lang='lat' dir='ltr'><strong>ld</strong></span> <span class='ocrx_word' id='word_1_1068' title='bbox 3244 4921 3346 4977; x_wconf 88' lang='lat' dir='ltr'><strong>est,</strong></span> <span class='ocrx_word' id='word_1_1069' title='bbox 3387 4910 3557 4985; x_wconf 83' lang='lat' dir='ltr'><strong>honor</strong></span> 
     </span>
    </p>
   </div>
   <div class='ocr_carea' id='block_1_141' title="bbox 1981 4981 3556 5052">
    <p class='ocr_par' dir='ltr' id='par_1_141' title="bbox 1981 4981 3556 5052">
     <span class='ocr_line' id='line_1_141' title="bbox 1981 4981 3556 5052; baseline -0.003 -15"><span class='ocrx_word' id='word_1_1070' title='bbox 1981 4981 2284 5038; x_wconf 76' lang='lat' dir='ltr'><strong>divitiarum</strong></span> <span class='ocrx_word' id='word_1_1071' title='bbox 2315 4982 2453 5052; x_wconf 87' lang='lat' dir='ltr'><strong>ejus.</strong></span> <span class='ocrx_word' id='word_1_1072' title='bbox 2498 4981 2609 5034; x_wconf 84' lang='lat' dir='ltr'><strong>Non</strong></span> <span class='ocrx_word' id='word_1_1073' title='bbox 2649 4982 2926 5050; x_wconf 84' lang='lat' dir='ltr'><strong>desperes,</strong></span> <span class='ocrx_word' id='word_1_1074' title='bbox 2975 4996 3148 5050; x_wconf 84' lang='lat' dir='ltr'><strong>neque</strong></span> <span class='ocrx_word' id='word_1_1075' title='bbox 3193 4990 3345 5048; x_wconf 81' lang='lat' dir='ltr'><strong>putes</strong></span> <span class='ocrx_word' id='word_1_1076' title='bbox 3375 4997 3493 5036; x_wconf 85' lang='lat' dir='ltr'><strong>cuin</strong></span> <span class='ocrx_word' id='word_1_1077' title='bbox 3526 4984 3556 5034; x_wconf 88' lang='lat' dir='ltr'><strong>a‘</strong></span> 
     </span>
    </p>
   </div>
   <div class='ocr_carea' id='block_1_142' title="bbox 1982 5052 3557 5125">
    <p class='ocr_par' dir='ltr' id='par_1_142' title="bbox 1982 5052 3557 5125">
     <span class='ocr_line' id='line_1_142' title="bbox 1982 5052 3557 5125; baseline -0.003 -17"><span class='ocrx_word' id='word_1_1078' title='bbox 1982 5054 2093 5109; x_wconf 82' lang='lat' dir='ltr'><strong>Deo</strong></span> <span class='ocrx_word' id='word_1_1079' title='bbox 2114 5055 2279 5125; x_wconf 77' lang='lat' dir='ltr'><strong>diligi,</strong></span> <span class='ocrx_word' id='word_1_1080' title='bbox 2315 5053 2436 5122; x_wconf 89' lang='lat' dir='ltr'><strong>quia</strong></span> <span class='ocrx_word' id='word_1_1081' title='bbox 2477 5052 2711 5108; x_wconf 69' lang='lat' dir='ltr'><strong>abundat</strong></span> <span class='ocrx_word' id='word_1_1082' title='bbox 2738 5052 2970 5108; x_wconf 86' lang='lat' dir='ltr'><strong>divitiis:</strong></span> <span class='ocrx_word' id='word_1_1083' title='bbox 2995 5060 3049 5106; x_wconf 85' lang='lat' dir='ltr'><strong>et</strong></span> <span class='ocrx_word' id='word_1_1084' title='bbox 3079 5060 3149 5113; x_wconf 86' lang='lat' dir='ltr'><strong>te,</strong></span> <span class='ocrx_word' id='word_1_1085' title='bbox 3200 5052 3325 5121; x_wconf 86' lang='lat' dir='ltr'><strong>quia</strong></span> <span class='ocrx_word' id='word_1_1086' title='bbox 3360 5066 3557 5121; x_wconf 88' lang='lat' dir='ltr'><strong>panper</strong></span> 
     </span>
    </p>
   </div>
   <div class='ocr_carea' id='block_1_143' title="bbox 1978 5124 2615 5191">
    <p class='ocr_par' dir='ltr' id='par_1_143' title="bbox 1978 5124 2615 5191">
     <span class='ocr_line' id='line_1_143' title="bbox 1978 5124 2615 5191; baseline -0.005 -11"><span class='ocrx_word' id='word_1_1087' title='bbox 1978 5140 2055 5191; x_wconf 86' lang='lat' dir='ltr'><strong>es,</strong></span> <span class='ocrx_word' id='word_1_1088' title='bbox 2084 5141 2113 5179; x_wconf 90' lang='lat' dir='ltr'><strong>a</strong></span> <span class='ocrx_word' id='word_1_1089' title='bbox 2142 5124 2249 5180; x_wconf 86' lang='lat' dir='ltr'><strong>Deo</strong></span> <span class='ocrx_word' id='word_1_1090' title='bbox 2278 5124 2615 5180; x_wconf 89' lang='lat' dir='ltr'><strong>derelictum.</strong></span> 
     </span>
    </p>
   </div>
   <div class='ocr_carea' id='block_1_144' title="bbox 2055 5189 3560 5260">
    <p class='ocr_par' dir='ltr' id='par_1_144' title="bbox 2055 5189 3560 5260">
     <span class='ocr_line' id='line_1_144' title="bbox 2055 5189 3560 5260; baseline -0.009 -8"><span class='ocrx_word' id='word_1_1091' title='bbox 2055 5194 2141 5252; x_wconf 84' lang='grc'><strong>18.</strong></span> <span class='ocrx_word' id='word_1_1092' title='bbox 2184 5196 2438 5260; x_wconf 80' lang='lat' dir='ltr'><strong>Quoniam</strong></span> <span class='ocrx_word' id='word_1_1093' title='bbox 2467 5210 2583 5248; x_wconf 87' lang='lat' dir='ltr'><strong>cum</strong></span> <span class='ocrx_word' id='word_1_1094' title='bbox 2616 5194 2881 5256; x_wconf 74' lang='lat' dir='ltr'><strong>interie-it,</strong></span> <span class='ocrx_word' id='word_1_1095' title='bbox 2917 5210 3017 5247; x_wconf 88' lang='lat' dir='ltr'><strong>non</strong></span> <span class='ocrx_word' id='word_1_1096' title='bbox 3040 5203 3201 5247; x_wconf 88' lang='lat' dir='ltr'><strong>sumet</strong></span> <span class='ocrx_word' id='word_1_1097' title='bbox 3246 5192 3436 5244; x_wconf 87' lang='lat' dir='ltr'><strong>omnia.</strong></span> <span class='ocrx_word' id='word_1_1098' title='bbox 3469 5189 3560 5240; x_wconf 69' lang='grc' dir='ltr'><strong>γε-</strong></span> 
     </span>
    </p>
   </div>
   <div class='ocr_carea' id='block_1_145' title="bbox 1981 5261 3561 5334">
    <p class='ocr_par' dir='ltr' id='par_1_145' title="bbox 1981 5261 3561 5334">
     <span class='ocr_line' id='line_1_145' title="bbox 1981 5261 3561 5334; baseline -0.006 -13"><span class='ocrx_word' id='word_1_1099' title='bbox 1981 5267 2077 5322; x_wconf 85' lang='lat' dir='ltr'><strong>des</strong></span> <span class='ocrx_word' id='word_1_1100' title='bbox 2102 5267 2412 5323; x_wconf 82' lang='lat' dir='ltr'><strong>viventem?</strong></span> <span class='ocrx_word' id='word_1_1101' title='bbox 2448 5266 2630 5334; x_wconf 79' lang='lat' dir='ltr'><strong>Cogita</strong></span> <span class='ocrx_word' id='word_1_1102' title='bbox 2686 5267 3022 5319; x_wconf 74' lang='lat' dir='ltr'><strong>morientem.</strong></span> <span class='ocrx_word' id='word_1_1103' title='bbox 3053 5264 3191 5329; x_wconf 79' lang='lat' dir='ltr'><strong>Quid</strong></span> <span class='ocrx_word' id='word_1_1104' title='bbox 3245 5262 3328 5314; x_wconf 89' lang='lat' dir='ltr'><strong>hic</strong></span> <span class='ocrx_word' id='word_1_1105' title='bbox 3367 5261 3561 5334; x_wconf 78' lang='lat' dir='ltr'><strong>habeat</strong></span> 
     </span>
    </p>
   </div>
   <div class='ocr_carea' id='block_1_146' title="bbox 1982 5328 3556 5409">
    <p class='ocr_par' dir='ltr' id='par_1_146' title="bbox 1982 5328 3556 5409">
     <span class='ocr_line' id='line_1_146' title="bbox 1982 5328 3556 5409; baseline -0.007 -18"><span class='ocrx_word' id='word_1_1106' title='bbox 1982 5339 2258 5392; x_wconf 74' lang='lat' dir='ltr'><strong>attendis?</strong></span> <span class='ocrx_word' id='word_1_1107' title='bbox 2285 5353 2351 5391; x_wconf 89' lang='lat' dir='ltr'><strong>an</strong></span> <span class='ocrx_word' id='word_1_1108' title='bbox 2380 5328 2559 5392; x_wconf 76' lang='lat' dir='ltr'><strong>secum</strong></span> <span class='ocrx_word' id='word_1_1109' title='bbox 2578 5336 2747 5409; x_wconf 77' lang='lat' dir='ltr'><strong>tollat</strong></span> <span class='ocrx_word' id='word_1_1110' title='bbox 2782 5328 3267 5409; x_wconf 75' lang='lat' dir='ltr'><strong>attende.__Mnltum</strong></span> <span class='ocrx_word' id='word_1_1111' title='bbox 3298 5333 3432 5409; x_wconf 43' lang='lat' dir='ltr'><strong>auri.</strong></span> <span class='ocrx_word' id='word_1_1112' title='bbox 3462 5328 3556 5409; x_wconf 77' lang='lat' dir='ltr'><strong>ha-</strong></span> 
     </span>
    </p>
   </div>
   <div class='ocr_carea' id='block_1_147' title="bbox 1987 5402 3557 5478">
    <p class='ocr_par' dir='ltr' id='par_1_147' title="bbox 1987 5402 3557 5478">
     <span class='ocr_line' id='line_1_147' title="bbox 1987 5402 3557 5478; baseline -0.007 -16"><span class='ocrx_word' id='word_1_1113' title='bbox 1987 5410 2096 5473; x_wconf 81' lang='lat' dir='ltr'><strong>bet,</strong></span> <span class='ocrx_word' id='word_1_1114' title='bbox 2131 5411 2353 5463; x_wconf 88' lang='lat' dir='ltr'><strong>multum</strong></span> <span class='ocrx_word' id='word_1_1115' title='bbox 2386 5407 2865 5478; x_wconf 83' lang='lat' dir='ltr'><strong>argenti,_multnm</strong></span> <span class='ocrx_word' id='word_1_1116' title='bbox 2886 5402 3228 5478; x_wconf 79' lang='lat' dir='ltr'><strong>pra-diorum,</strong></span> <span class='ocrx_word' id='word_1_1117' title='bbox 3262 5402 3557 5478; x_wconf 75' lang='lat' dir='ltr'><strong>mancipio-</strong></span> 
     </span>
    </p>
   </div>
   <div class='ocr_carea' id='block_1_148' title="bbox 1981 5473 3555 5545">
    <p class='ocr_par' dir='ltr' id='par_1_148' title="bbox 1981 5473 3555 5545">
     <span class='ocr_line' id='line_1_148' title="bbox 1981 5473 3555 5545; baseline -0.006 -13"><span class='ocrx_word' id='word_1_1118' title='bbox 1981 5496 2121 5545; x_wconf 87' lang='lat' dir='ltr'><strong>rum,</strong></span> <span class='ocrx_word' id='word_1_1119' title='bbox 2146 5490 2196 5533; x_wconf 89' lang='lat' dir='ltr'><strong>et</strong></span> <span class='ocrx_word' id='word_1_1120' title='bbox 2227 5490 2416 5533; x_wconf 57' lang='lat' dir='ltr'><strong>caetera</strong></span> <span class='ocrx_word' id='word_1_1121' title='bbox 2442 5473 2564 5529; x_wconf 71' lang='lat' dir='ltr'><strong>alia.</strong></span> <span class='ocrx_word' id='word_1_1122' title='bbox 2590 5475 2717 5529; x_wconf 81' lang='lat' dir='ltr'><strong>Cum</strong></span> <span class='ocrx_word' id='word_1_1123' title='bbox 2744 5476 2864 5545; x_wconf 55' lang='lat' dir='ltr'><strong>inter</strong></span> <span class='ocrx_word' id='word_1_1124' title='bbox 2880 5473 2992 5525; x_wconf 86' lang='lat' dir='ltr'><strong>ierit</strong></span> <span class='ocrx_word' id='word_1_1125' title='bbox 3009 5508 3022 5535; x_wconf 85' lang='lat'><strong>,</strong></span> <span class='ocrx_word' id='word_1_1126' title='bbox 3051 5480 3347 5545; x_wconf 68' lang='lat' dir='ltr'><strong>nonsmnet</strong></span> <span class='ocrx_word' id='word_1_1127' title='bbox 3364 5473 3555 5522; x_wconf 83' lang='lat' dir='ltr'><strong>omnia.</strong></span> 
     </span>
    </p>
   </div>
   <div class='ocr_carea' id='block_1_149' title="bbox 1984 5541 3561 5619">
    <p class='ocr_par' dir='ltr' id='par_1_149' title="bbox 1984 5541 3561 5619">
     <span class='ocr_line' id='line_1_149' title="bbox 1984 5541 3561 5619; baseline -0.008 -16"><span class='ocrx_word' id='word_1_1128' title='bbox 1984 5550 2067 5602; x_wconf 82' lang='lat' dir='ltr'><strong>Ne</strong></span> <span class='ocrx_word' id='word_1_1129' title='bbox 2081 5541 2166 5619; x_wconf 57' lang='lat' dir='ltr'><strong>(ue</strong></span> <span class='ocrx_word' id='word_1_1130' title='bbox 2191 5548 2461 5601; x_wconf 82' lang='lat' dir='ltr'><strong>descendet</strong></span> <span class='ocrx_word' id='word_1_1131' title='bbox 2484 5563 2596 5619; x_wconf 82' lang='lat' dir='ltr'><strong>cum</strong></span> <span class='ocrx_word' id='word_1_1132' title='bbox 2616 5544 2864 5619; x_wconf 78' lang='lat' dir='ltr'><strong>eo_gl_or_ia</strong></span> <span class='ocrx_word' id='word_1_1133' title='bbox 2884 5546 3012 5619; x_wconf 77' lang='lat' dir='ltr'><strong>ejus.</strong></span> <span class='ocrx_word' id='word_1_1134' title='bbox 3036 5541 3174 5619; x_wconf 77' lang='lat' dir='ltr'><strong>Quid</strong></span> <span class='ocrx_word' id='word_1_1135' title='bbox 3200 5542 3407 5619; x_wconf 58' lang='lat' dir='ltr'><strong>habent</strong></span> <span class='ocrx_word' id='word_1_1136' title='bbox 3435 5554 3561 5619; x_wconf 79' lang='lat' dir='ltr'><strong>caro</strong></span> 
     </span>
    </p>
   </div>
   <div class='ocr_carea' id='block_1_150' title="bbox 1982 5610 3559 5692">
    <p class='ocr_par' dir='ltr' id='par_1_150' title="bbox 1982 5610 3559 5692">
     <span class='ocr_line' id='line_1_150' title="bbox 1982 5610 3559 5692; baseline -0.008 -19"><span class='ocrx_word' id='word_1_1137' title='bbox 1982 5610 2296 5692; x_wconf 50' lang='lat' dir='ltr'><strong>putiescens</strong></span> <span class='ocrx_word' id='word_1_1138' title='bbox 2324 5619 2377 5671; x_wconf 92' lang='lat' dir='ltr'><strong>in</strong></span> <span class='ocrx_word' id='word_1_1139' title='bbox 2408 5610 2861 5686; x_wconf 56' lang='lat' dir='ltr'><strong>sepulcroTQuid</strong></span> <span class='ocrx_word' id='word_1_1140' title='bbox 2895 5610 3110 5666; x_wconf 81' lang='lat' dir='ltr'><strong>habebit</strong></span> <span class='ocrx_word' id='word_1_1141' title='bbox 3151 5611 3327 5665; x_wconf 85' lang='lat' dir='ltr'><strong>anima</strong></span> <span class='ocrx_word' id='word_1_1142' title='bbox 3356 5610 3559 5677; x_wconf 84' lang='lat' dir='ltr'><strong>perdita</strong></span> 
     </span>
    </p>
   </div>
   <div class='ocr_carea' id='block_1_151' title="bbox 377 5771 3563 5867">
    <p class='ocr_par' dir='ltr' id='par_1_151' title="bbox 377 5771 3563 5867">
     <span class='ocr_line' id='line_1_151' title="bbox 377 5771 3563 5867; baseline -0.007 -20"><span class='ocrx_word' id='word_1_1143' title='bbox 377 5803 405 5829; x_wconf 83' lang='grc' dir='ltr'><strong>-ι</strong></span> <span class='ocrx_word' id='word_1_1144' title='bbox 425 5793 554 5859; x_wconf 81' lang='lat' dir='ltr'><strong>Qua:</strong></span> <span class='ocrx_word' id='word_1_1145' title='bbox 582 5790 697 5845; x_wconf 88' lang='lat' dir='ltr'><strong>heic</strong></span> <span class='ocrx_word' id='word_1_1146' title='bbox 724 5788 861 5858; x_wconf 82' lang='lat' dir='ltr'><strong>apud</strong></span> <span class='ocrx_word' id='word_1_1147' title='bbox 890 5774 1239 5856; x_wconf 74' lang='lat' dir='ltr'><strong>AuguStinmu</strong></span> <span class='ocrx_word' id='word_1_1148' title='bbox 1273 5786 1687 5867; x_wconf 76' lang='lat' dir='ltr'><strong>interscruutur,</strong></span> <span class='ocrx_word' id='word_1_1149' title='bbox 1725 5784 1783 5839; x_wconf 84' lang='lat' dir='ltr'><strong>Si</strong></span> <span class='ocrx_word' id='word_1_1150' title='bbox 1807 5783 2030 5838; x_wconf 79' lang='lat' dir='ltr'><strong>viderent</strong></span> <span class='ocrx_word' id='word_1_1151' title='bbox 2061 5778 2184 5849; x_wconf 82' lang='lat' dir='ltr'><strong>quid</strong></span> <span class='ocrx_word' id='word_1_1152' title='bbox 2215 5778 2279 5833; x_wconf 90' lang='lat' dir='ltr'><strong>sit</strong></span> <span class='ocrx_word' id='word_1_1153' title='bbox 2304 5776 2556 5843; x_wconf 86' lang='lat' dir='ltr'><strong>interitus,</strong></span> <span class='ocrx_word' id='word_1_1154' title='bbox 2586 5775 2629 5829; x_wconf 87' lang='lat' dir='ltr'><strong>si</strong></span> <span class='ocrx_word' id='word_1_1155' title='bbox 2671 5774 2894 5827; x_wconf 81' lang='lat' dir='ltr'><strong>riderent</strong></span> <span class='ocrx_word' id='word_1_1156' title='bbox 2916 5814 2929 5841; x_wconf 92' lang='lat'><strong>,</strong></span> <span class='ocrx_word' id='word_1_1157' title='bbox 2974 5772 3214 5829; x_wconf 84' lang='lat' dir='ltr'><strong>redolent</strong></span> <span class='ocrx_word' id='word_1_1158' title='bbox 3252 5771 3563 5844; x_wconf 74' lang='lat' dir='ltr'><strong>glossatoris</strong></span> 
     </span>
    </p>
   </div>
   <div class='ocr_carea' id='block_1_152' title="bbox 640 5910 1141 5971">
    <p class='ocr_par' dir='ltr' id='par_1_152' title="bbox 640 5910 1141 5971">
     <span class='ocr_line' id='line_1_152' title="bbox 640 5910 1141 5971; baseline -0.002 0"><span class='ocrx_word' id='word_1_1159' title='bbox 640 5913 913 5971; x_wconf 76' lang='grc' dir='ltr'><strong>ΡΑτιιοι..</strong></span> <span class='ocrx_word' id='word_1_1160' title='bbox 968 5910 1141 5970; x_wconf 69' lang='lat' dir='ltr'><strong>XXI.</strong></span> 
     </span>
    </p>
   </div>
   <div class='ocr_carea' id='block_1_153' title="bbox 3069 5933 3147 5993">
    <p class='ocr_par' dir='ltr' id='par_1_153' title="bbox 3069 5933 3147 5993">
     <span class='ocr_line' id='line_1_153' title="bbox 3069 5933 3147 5993; baseline 0.026 -2"><span class='ocrx_word' id='word_1_1161' title='bbox 3069 5933 3147 5993; x_wconf 70' lang='lat'><strong>27</strong></span> 
     </span>
    </p>
   </div>
  </div>
