4098 6356
312 341 421 397 845

1290 334 1355 389 ΙΝ
1395 330 1710 390 PSALMOS
1754 328 1943 386 LXXV
1981 328 2541 387 COMMENTARIUS.

3485 332 3582 391 84(

379 458 435 512 6.
472 457 541 510 Et
589 454 959 511 annuntiabunt
1013 453 1123 506 ctrli
1162 453 1417 523 justitiam
1461 454 1573 522 ejus
1604 465 1623 502 :
1650 452 1891 520 quoniam
1920 450 1970 507 Δ
1994 455 2051 502 ει
2080 448 2189 514 illa,
2228 464 2349 518 quas
2381 463 2485 503 non
2517 446 2784 518 possides,
2816 460 2933 503 mea
2962 453 3089 523 sunt
3116 449 3317 505 omnia.
3351 448 3409 506 Si
3436 451 3579 506 enim

312 528 450 581 Deus
476 528 635 597 indm:
657 536 751 597 est.
778 524 907 597 Cajli
933 525 1191 597 justitiam
1219 523 1309 576 Dei
1328 524 1662 597 annuntiaitt,
1683 524 1900 597 quando

307 590 620 661 spirituales
661 596 756 650 viri
788 590 947 649 ﬁdem
972 593 1181 647 Domini
1216 594 1381 646 nostri
1413 592 1538 646 Jesu
1569 590 1800 655 Christi,
1848 605 1903 650 et

306 670 447 721 bona
473 683 639 732 opera
660 667 973 733 praedicant.
998 664 1147 718 Unde
1170 663 1291 715 alibi
1315 663 1512 717 dicitur
1545 679 1558 714 :
1591 661 1717 733 Caeli
1744 679 1899 718 enar-

306 748 428 791 raut
455 731 681 805 gloriam
716 736 806 791 Dei
834 734 1007 802 (Psal.
1052 735 1187 798 18.).
1216 736 1346 800 Qua:
1374 732 1641 805 profecto
1693 731 1897 801 jusﬁtia

307 808 431 861 idco
458 809 615 861 nobis
663 807 998 875 praedicatur,
1057 815 1321 873 quatenus
1371 804 1513 875 illam
1563 816 1895 875 exequenti-5

306 878 441 931 iram
471 872 890 947 jitilicisevitare
921 891 1238 930 mercamur.
1274 874 1537 947 Quoniam
1570 873 1709 947 Deus
1735 872 1898 943 judex

303 960 385 1001 est
403 990 418 1013 ,
438 942 525 1016 qui
540 948 801 1016 indicabit
818 948 969 1001 vivos
988 958 1043 1001 et
1071 954 1309 999 mortuos
1353 944 1567 1012 (Matth.
1602 942 1713 1012 i6.)
1739 960 1754 997 :
1778 946 1899 1013 quia

302 1015 602 1073 secundum
633 1033 797 1087 opt-ra
828 1018 1108 1086 unicuique
1140 1018 1396 1070 retribuet
1422 1016 1654 1087 meritas
1675 1015 1783 1087 lloc
1813 1016 1895 1070 in-

300 1098 583 1143 cessanter
608 1084 804 1143 mentis
834 1088 1006 1141 oculis
1025 1084 1367 1141 attendentes
1399 1088 1570 1141 sancti
1605 1084 1729 1149 viri,
1758 1101 1895 1154 quo-

305 1158 451 1213 niam
484 1160 623 1214 Deus
648 1159 809 1229 juder
840 1168 944 1221 est,
974 1159 1136 1229 vitam
1165 1171 1314 1229 suam
1346 1156 1643 1223 inquirere,
1679 1168 1897 1223 peccata

301 1244 404 1286 sua
431 1228 659 1295 deﬂere,
683 1244 804 1285 sese
834 1243 1045 1297 semper
1072 1228 1138 1281 ad
1168 1228 1389 1280 meliora
1444 1240 1759 1293 promovvre
1790 1243 1894 1281 non

298 1310 523 1356 cessant
554 1320 569 1355 :
599 1310 657 1355 ut
680 1299 1015 1369 postmodum
1036 1309 1156 1369 ante
1178 1297 1477 1369 districtum
1498 1297 1728 1360 judicent
1755 1297 1893 1363 inju-

306 1370 570 1426 dicabiles
589 1368 847 1438 apparere
874 1370 1104 1423 valeant.
1135 1368 1247 1424 iluc
1274 1382 1441 1438 usque
1458 1368 1736 1438 Syuagoga
1749 1382 1896 1421 ειιιι·

307 1437 897 1504 mendavithristum,
932 1440 1016 1493 vel
1059 1455 1123 1493 cx
1164 1437 1375 1493 onendo
1414 1437 1656 1491 ordinent
1705 1440 1896 1504 prmiti-

305 1513 538 1565 cationis
568 1515 705 1577 ejus,
743 1512 826 1564 vel
855 1509 1144 1563 srcuizdutn
1175 1510 1459 1563 adventum
1494 1508 1888 1563 commendan-

303 1583 419 1638 do:
450 1583 646 1636 amodo
698 1582 984 1635 introducit
1013 1596 1133 1634 eum
1166 1581 1469 1645 loquentem
1504 1581 1580 1634 sic
1607 1596 1620 1632 :

377 1655 432 1708 7.
477 1653 647 1718 Audi,
688 1653 909 1722 populus
941 1668 1099 1709 meus.
1153 1663 1196 1705 et
1234 1651 1427 1722 loquar
1470 1648 1636 1703 Israel
1664 1664 1702 1722 εΔ
1733 1647 1893 1704 Israel

301 1740 504 1778 nomen
528 1718 804 1778 electionis
822 1730 926 1777 est.
958 1723 1068 1774 Non
1095 1721 1370 1775 vocaberis
1396 1721 1584 1781 Jacoh,
1610 1718 1704 1774 sed
1728 1734 1892 1775 voca-

307 1794 455 1850 beris
476 1795 636 1849 lsrael
660 1792 881 1865 (Cenes.
897 1792 1204 1865 32.).llrgo
1229 1792 1350 1845 audi
1374 1792 1512 1865 sicut
1542 1790 1724 1865 Israel,
1750 1790 1891 1865 sicut

300 1866 480 1919 videns
511 1860 679 1918 Deum'
705 1866 723 1933 (
741 1864 803 1918 Et
840 1864 887 1918 si
916 1860 1155 1917 nondum
1180 1877 1295 1928 spe,
1328 1862 1422 1933 sed
1453 1862 1558 1930 jam
1593 1860 1756 1933 ﬁde),
1790 1860 1892 1933 hoc

304 1937 453 1989 enim
500 1931 880 2003 interpretatur
910 1934 1096 2003 Israel,
1143 1933 1318 2003 videns
1367 1932 1551 1986 Deum.
1582 1932 1686 1999 Qui
1733 1931 1894 2003 habet

302 2021 468 2061 aures
494 2001 768 2073 audicndi,
815 2006 991 2059 audiat
1025 2002 1181 2075 (Luc.
1211 2001 1315 2074 8.).
1347 2003 1539 2068 Captat
1563 2001 1891 2075 autemejus

303 2072 761 2141 benevolentiam,
794 2091 914 2130 cum
944 2076 1019 2129 ait
1038 2072 1061 2127 'z
1102 2072 1334 2145 Populus
1357 2090 1516 2145 meus.
1559 2076 1651 2145 Ac_
1667 2075 1712 2127 si
1741 2073 1890 2145 dice-

304 2157 392 2200 ret
418 2166 431 2201 :
460 2147 693 2214 Populus
714 2151 932 2209 electus,
961 2142 1189 2215 populus
1213 2144 1489 2215 peculiaris-
1508 2144 1587 2213 (I.
1614 2142 1758 2197 Petr.
1782 2142 1887 2213 2.).

304 2218 376 2271 Et
419 2220 726 2283 testiﬁcabor
756 2217 865 2269 tibi.
902 2214 975 2269 Idi
999 2226 1103 2279 est,
1138 2214 1456 2269 testimoniis
1495 2215 1889 2283 Scripturarunt

302 2288 638 2358 approbabo.
680 2288 858 2355 Quid?
889 2286 1056 2349 Deus,
1110 2285 1242 2358 Deus
1275 2294 1392 2338 tuus
1421 2301 1513 2355 ego
1539 2301 1685 2358 s_um._
1724 2283 1778 2337 Id
1809 2294 1892 2339 est

298 2355 408 2429 ego
443 2360 582 2413 Deus
611 2375 751 2423 sum,
784 2359 922 2413 Deus
954 2368 1096 2411 tuus.
1144 2357 1455 2429 Quicunque
1485 2356 1628 2429 enim
1661 2355 1892 2429 Aposto-

306 2425 484 2484 lorum
528 2436 584 2485 et
618 2430 1005 2499 Pt'Opheiarum
1054 2428 1357 2492 Seripturas
1394 2426 1661 2499 intelligit,
1712 2425 1892 2478 Domi~

306 2516 436 2554 num
466 2501 648 2555 Jesuut
679 2495 798 2553 esse
829 2500 996 2553 Deum
1023 2508 1261 2551 |l0~lrtllll
1294 2498 1555 2566 agnoscit.
1586 2495 1721 2549 Deus
1749 2505 1887 2561 tuus,

302 2580 366 2625 et
398 2571 611 2641 proprie
635 2570 849 2635 dicitur,
884 2584 1042 2639 quem
1070 2568 1385 2622 latuiliarius
1419 2568 1579 2621 habet
1610 2566 1747 2641 Deus
1776 2574 1892 2619 tan-

305 2656 470 2708 quam
497 2638 571 2695 'in
626 2638 1059 2710 mancipio’suo,
1113 2648 1360 2707 tanquam
1410 2653 1473 2691 ex
1527 2638 1733 2710 peculio
1753 2649 1888 2710 _suo.

302 2705 449 2778 Quid
504 2712 584 2766 vis
633 2705 904 2780 amplius?
944 2708 1177 2762 Primum
1222 2705 1428 2780 quieris
1479 2723 1507 2780 a
1560 2708 1718 2780 Deo?‘
1751 2705 1893 2780 Ecce

305 2776 454 2851 Dcus
476 2824 492 2849 ,
532 2784 646 2851 ipse
677 2776 813 2835 Deus
854 2796 973 2835 tuus
1000 2790 1103 2851 est.
1148 2776 1285 2844 Quid
1326 2779 1434 2851 Deo
1460 2777 1723 2851 dicimus?
1753 2776 1890 2851 dona

307 2847 406 2908 t'ibi
444 2846 756 2923 qun-'rebas,
818 2854 990 2922 ipsum
1034 2850 1360 2923 donaturum
1406 2849 1606 2923 habes.
1649 2847 1717 2901 Et
1765 2846 1893 2923 quid

304 2917 479 2993 exigtt'
498 2940 527 2976 a
559 2925 714 2979 nobis
742 2917 997 2978 Dominus
1030 2922 1170 2977 Deus
1196 2917 1419 2975 noster?
1447 2920 1743 2974 Audiamus
1766 2917 1893 2987 quid

307 2994 565 3049 adiungat
592 3011 606 3049 :

374 3010 606 3120 inﬁcit;
626 3066 681 3119 in
702 3064 969 3133 sacriﬁciis
993 3066 1095 3116 luis
1125 3079 1341 3133 arguam
1369 3070 1435 3115 te.
1462 3059 1578 3114 Non
1602 3060 1693 3115 tibi
1717 3059 1893 3114 dicam

304 3134 423 3208 (Ea:
451 3136 802 3207 Augustino),
849 3136 1023 3208 Quare
1064 3132 1349 3187 non’ntilti
1394 3132 1639 3208 pinguem
1683 3139 1893 3208 tantum

309 3224 412 3261 mat
435 3210 595 3261 tasti?

310 3278 594 3332 obtulisti?
624 3273 801 3345 Quare
828 3276 967 3329 aries
1000 3275 1089 3327 ille
1117 3275 1354 3345 ambulat
1389 3274 1439 3326 iit
1470 3273 1657 3326 ovibus
1686 3274 1810 3335 tuis,
1840 3280 1893 3325 et

311 3349 366 3403 in
399 3362 493 3402 ara
527 3344 776 3403 meauou
808 3346 1139 3415 imponitur?
1175 3344 1487 3398 Holoeausta
1515 3353 1681 3396 autem
1712 3354 1801 3395 tua
1840 3345 1895 3396 in

312 3429 590 3489 conspectu
630 3434 740 3472 meo
768 3431 881 3489 sunt
913 3432 1127 3485 semper.
1177 3417 1367 3479 llolon,
1410 3425 1570 3467 totum
1610 3423 1695 3468 est
1725 3429 1741 3467 :
1772 3427 1897 3489 cau-

316 3483 483 3551 stutn,
519 3491 799 3543 incensum.
834 3483 1213 3542 llolocaustuot
1242 3495 1418 3539 autem
1451 3493 1618 3538 totum
1655 3488 1774 3555 igne
1803 3483 1899 3555 ab-

316 3571 579 3615 sumtum.
609 3561 747 3615 Sunt
775 3560 1015 3628 quaedam
1048 3557 1381 3619 holocausta,
1410 3554 1689 3628 qum__tton
1712 3554 1900 3628 recipit

321 3632 485 3693 Deus,
516 3631 584 3685 de
604 3624 805 3699 quibus
824 3630 873 3683 in
898 3630 1004 3682 alio
1032 3628 1235 3699 psalmo
1260 3624 1495 3699 dicitur}
1530 3624 1721 3695 Utique
1749 3627 1900 3699 boio-

315 3704 522 3755 caustis
547 3696 651 3755 non
682 3700 1037 3756 delcctaberis
1065 3696 1238 3767 (Psal.
1271 3696 1409 3764 50.).
1446 3696 1569 3751 llatc
1595 3706 1719 3751 sunt
1749 3696 1900 3749 holo-

312 3784 501 3826 causta
532 3772 810 3826 brutorum
836 3770 1170 3835 animalium,
1203 3770 1393 3834 quibus
1419 3769 1559 3822 Deus
1583 3782 1689 3823 non
1721 3768 1901 3821 delec-

314 3852 483 3897 tatur.
514 3842 644 3909 Qute
671 3852 793 3896 sunt
814 3857 941 3909 ergo
972 3840 1086 3910 illa,
1118 3854 1236 3907 qua:
1260 3842 1310 3892 in
1341 3850 1616 3910 conspectu
1650 3854 1759 3892 meo
1781 3846 1899 3890 sunt

314 3931 514 3985 semper
536 3915 561 3967 .9
588 3915 821 3982 Benigne
852 3912 957 3975 lac,
988 3909 1156 3985 inquit
1184 3910 1424 3985 Deus,iin
1457 3909 1593 3985 bona
1627 3910 1901 3985 voluntate

322 3979 596 4040 tua'Sion.
631 3979 779 4038 Tunc
812 3980 1116 4050 accepta-bis
1147 3980 1463 4035 Sacriﬁcium
1491 3981 1715 4049 justiti-.1:
1744 3979 1900 4034 obla-

321 4057 520 4122 tiones,
552 4064 607 4110 et
642 4049 973 4109 holocausta.
1018 4052 1113 4105 Est
1142 4050 1279 4120 ignis
1309 4051 1733 4122 ﬂagrantissimae
1760 4049 1899 4122 cari-

322 4130 469 4182 tatis.
506 4120 740 4182 VAnintus
782 4124 1141 4178 inﬂautmetur
1185 4120 1429 4186 caritate,
1478 4120 1642 4191 249
1682 4121 1903 4191 arripiat

320 4201 511 4256 eadem
540 4207 567 4235 ι
613 4197 838 4252 caritate
876 4192 1116 4248 membra
1164 4191 1217 4244 in
1260 4206 1415 4245 usum
1454 4190 1632 4245 suum.
1680 4190 1794 4244 Non
1836 4203 1901 4243 ea

319 4269 601 4352 permittat
642 4267 890 4352 .niiliiare.
932 4261 1903 4352 citpizdittitilititwiottisJexrariiescai

320 4331 446 4413 igne
484 4340 686 4395 amoris
726 4336 911 4393 divini.
954 4335 1101 4389 Talia
1144 4332 1446 4413 boiocaiista
1477 4332 1609 4413 dicit
1638 4331 1903 4413 Deus,_iiu

320 4402 595 4480 cbnspectu
621 4426 731 4463 meo
757 4420 874 4464 sunt
894 4420 1109 4480 semper:
1138 4403 1327 4480 Adhuc
1349 4403 1497 4480 forte
1512 4403 1672 4480 Israel
1702 4402 1903 4471 cogitat

320 4487 388 4542 de
414 4473 606 4549 bobus,
632 4481 699 4536 de
721 4480 932 4545 ovibus,
955 4473 1023 4530 de
1051 4474 1233 4549 hircis.
1266 4474 1391 4529 Ideo
1408 4473 1761 4549 subjuuctout
1787 4480 1872 4549 est_
1885 4487 1899 4523 :

390 4559 445 4612 9.
490 4543 610 4609 Non
657 4543 925 4620 accipiam.
949 4546 1199 4620 de__domo
1240 4555 1329 4620 tua
1372 4544 1559 4620 viiulos
1595 4559 1613 4598 :
1645 4559 1802 4620 neque
1839 4543 1902 4595 de

321 4628 557 4702 gregibus
594 4624 693 4678 tuis
736 4613 933 4702 Ιιῖιτοξ..
967 4618 993 4657 δ
1024 4613 1903 4702 Ρτξιιιιιιιιιιίιι-(ΕεᾲΑιιρλχΤεειιι-

326 4687 565 4756 ἶιιεῖιιιιιιι
597 4709 814 4760 novum,
846 4692 938 4747 ubi
964 4687 1144 4744 omnia
1171 4687 1255 4740 illa
1288 4696 1468 4760 vetera
1495 4687 1759 4760 sacriﬁcia
1788 4697 1905 4738 ces-

323 4778 598 4827 saverunt.
632 4765 759 4818 Erat
803 4758 951 4817 enim
1000 4769 1127 4813 tunc
1172 4758 1593 4826 przenunciatum
1647 4759 1901 4820 lutnrutn,

324 4841 593 4910 quoddam
624 4834 985 4910 sacriﬁcium,
1015 4831 1167 4910 cujus
1209 4827 1903 4910 εειιιεζιιίιιειιιιιιιιιξειιειιιιιι*Ϊ

324 4898 504 4981 Quare
536 4926 641 4964 non
668 4906 925 4981 accipiant
957 4905 1024 4957 de
1053 4903 1215 4963 domo
1246 4908 1331 4953 tua
1361 4898 1577 4966 vitulos,
1611 4898 1811 4964 hircos,
1854 4905 1909 4952 et

324 4980 519 5040 ctetcra
542 4980 702 5035 talia?
1319 5040 1337 5049 Δ
1491 5040 1523 5049 __
1773 5038 1786 5049 Α
1893 5038 1905 5049 υ

398 5056 489 5110 10.
526 5051 783 5118 Quoniam
811 5062 934 5100 mea
957 5052 1081 5118 sunt
1109 5040 1723 5118 omnesfertesilvarum.
1758 5038 1836 5118 ᾼε
1862 5038 1907 5091 si

328 5110 576 5183 diceret“:
601 5122 701 5188 Qui
726 5131 916 5174 omnes
948 5116 1089 5170 feras
1121 5111 1389 5188 possideo,
1422 5112 1526 5188 illo
1550 5110 1719 5188 quiin
1747 5110 1907 5188 domo

328 5178 552 5259 ῐιὶἔὲέι,
582 5178 773 5256 vitulo,
800 5189 882 5244 vel
916 5188 1066 5241 hirco
1079 5178 1203 5259 non
1233 5183 1465 5259 indigeo.
1495 5178 1604 5259 Sed
1636 5180 1777 5259 forte
1800 5178 1910 5248 (Ea:

327 5249 597 5338 iiaj‘du
626 5249 811 5338 Israel,
846 5260 1040 5338 Bestia:
1078 5256 1175 5312 Dei
1220 5249 1490 5309 sunt'illae
1528 5249 1905 5338 ιιεειὶιξινιειιιι1

330 5320 473 5408 quas,
493 5352 599 5391 non
630 5320 844 5390 includo
870 5332 925 5408 in
957 5341 978 5368 ο
1010 5338 1160 5384 certe
1182 5340 1322 5391 mea,
1353 5339 1488 5408 quas
1515 5337 1622 5377 non
1652 5322 1812 5408 aliigo
1842 5320 1909 5374 ad

368 5422 572 5477 rassepe
619 5420 817 5460 meum.
869 5404 943 5477 Ea
967 5414 1135 5477 veri),
1165 5411 1284 5477 quas
1313 5394 1452 5477 apud
1483 5402 1747 5477 mesunt,
1800 5408 1907 5477 non

378 5482 451 5547 ei,
484 5464 578 5534 sed
608 5491 726 5531 mea
747 5484 889 5529 sunt.
923 5472 1048 5525 ldeo
1075 5468 1334 5547 Dominus
1356 5466 1595 5547 adjungit
1620 5479 1636 5518 :
1666 5464 1909 5547 Iumenta

330 5536 662 5607 initiantibus
688 5556 734 5601 et
764 5548 930 5610 boves,
961 5558 1079 5597 mea
1107 5550 1250 5597 sunt.
1276 5540 1342 5593 Et
1368 5536 1476 5603 illa,
1503 5552 1623 5607 qua:
1647 5536 1909 5605 possides,

406 5700 433 5727 ι
463 5683 615 5756 Apud
645 5680 997 5756 Augustinum
1027 5678 1079 5756 in
1112 5688 1277 5742 recto,
1296 5676 1713 5756 _cadem_caritas.
1847 5742 1881 5756 Δ.

405 5758 435 5800 δ
467 5746 637 5812 Antea
666 5746 781 5810 erat
805 5750 1136 5813 Pronuntiat,
1167 5748 1309 5819 quod
1327 5763 1393 5801 es
1424 5747 1634 5826 vulgato
1661 5746 1911 5813 Augusti-

335 5844 409 5888 no
453 5827 823 5890 enteudamus,
872 5830 930 5877 ut
966 5828 1023 5876 et
1067 5833 1191 5875 mox
1235 5827 1667 5888 prtenunuatum,
1701 5831 1798 5886 pro
1843 5828 1911 5871 eo

1933 4578 1984 4638 D

2002 532 2192 575 servus
2236 535 2389 576 meus
2432 532 2492 575 es
2535 529 2612 588 tu,
2665 528 2834 575 totum
2878 518 3145 589 peculium
3197 528 3347 577 tuum
3407 535 3587 577 meum

2074 662 2163 718 11.
2203 660 2428 732 Cognovi
2465 662 2637 717 omnia
2664 659 2896 715 volatilia
2921 658 3056 732 cteli.
3098 660 3153 714 ιιι
3195 670 3313 728 est,
3351 663 3581 732 appendi

2000 734 2175 787 omnia
2206 743 2259 787 et
2284 731 2585 787 numeravi.
2625 733 2739 787 Alia
2772 743 2852 786 est
2884 731 3071 785 notitia
3102 732 3226 799 Dei,
3259 733 3365 787 alia
3392 731 3583 790 homi-

2003 804 2107 856 nis.
2159 801 2443 865 Sicut(Ex
2484 804 2625 872 eod.)
2675 802 2816 858 aliud
2848 811 2928 856 est
2961 802 3239 871 poesitlere
3271 804 3385 871 Dei,
3434 806 3579 860 aliud

2000 882 2083 928 est
2120 875 2395 938 possidere
2420 875 2669 929 hominis.
2714 873 2829 928 Non
2855 873 2997 929 enim
3021 882 3075 926 tu
3098 916 3111 939 ,
3152 873 3292 942 quod
3319 876 3579 943 possides,

2000 952 2170 997 totum
2224 945 2387 999 habes
2430 945 2480 997 in
2534 953 2795 1011 potestate
2850 960 2867 1000 :
2918 952 2977 997 ut
3018 945 3255 1011 quandiu
3296 946 3439 1000 vivat
3487 947 3584 1002 bos

2001 1020 2144 1076 tuus,
2198 1015 2250 1066 in
2298 1024 2565 1084 potestate
2610 1025 2697 1069 tua
2747 1024 2851 1070 est.
2905 1014 3031 1069 [late
3066 1016 3300 1071 volatilia
3348 1017 3468 1072 ειεΙί
3515 1020 3585 1071 de

2000 1095 2137 1151 aqua
2169 1093 2290 1137 nata
2333 1094 2460 1139 sunt
2498 1100 2527 1138 a
2557 1086 2720 1141 verbo
2747 1085 2955 1140 Domini
2987 1084 3251 1142 dicentis:
3285 1086 3587 1144 Producaut

1999 1166 2153 1229 aqua:
2192 1154 2429 1208 volatilia
2481 1156 2596 1209 cteli
2630 1154 2836 1229 (Getici.
2888 1155 3127 1229 l.)._Ubi
3174 1166 3433 1222 noverat,
3465 1175 3586 1229 qua:

2005 1223 2379 1291 imperaverat,
2419 1236 2479 1278 ut
2511 1223 2662 1295 aquas
2691 1223 3028 1295 proferrent?
3067 1226 3185 1282 iam
3228 1240 3375 1283 certe
3420 1223 3586 1285 nove-

1998 1304 2104 1365 rat,
2140 1295 2280 1365 quod
2322 1306 2598 1349 creaverat
2645 1306 2707 1351 et.
2740 1306 3023 1365 antequam
3071 1308 3301 1363 crearet,
3332 1312 3582 1356 noverat.

1999 1364 2171 1440 Tanta
2190 1379 2320 1440 ergo
2341 1365 2525 1440 notitia
2556 1367 2645 1421 Dei
2671 1385 2684 1420 :
2709 1377 2765 1420 ut
2794 1364 2932 1434 apud
2952 1370 3118 1435 ipsum
3143 1380 3322 1440 essent
3344 1371 3577 1440 quodam

1998 1435 2251 1490 inellabili
2284 1435 2466 1500 modo,
2507 1449 2795 1505 antequam
2818 1447 2996 1491 creata
3026 1447 3227 1493 essent.
3263 1435 3375 1494 Eta
3408 1450 3460 1495 te
3484 1458 3579 1496 ex-

1998 1514 2211 1577 pectati,
2241 1515 2300 1560 ut
2324 1507 2591 1577 accipiat,
2622 1507 2765 1577 quod
2794 1516 3077 1574 antequam
3108 1519 3382 1565 crearetur
3408 1510 3578 1567 habe-

1999 1578 2107 1630 bat.
2131 1575 2211 1649 iEt
2242 1575 2573 1649 pulchritudo
2614 1575 2728 1649 agri
2756 1592 2956 1632 mecum
2981 1587 3075 1631 est.
3120 1577 3174 1632 ld
3212 1590 3330 1646 est,
3364 1582 3578 1637 ubertas

1997 1647 2236 1702 omnium
2273 1648 2327 1702 in
2373 1657 2515 1703 terra
2543 1647 2873 1717 gignentium
2922 1664 3131 1704 mecum
3161 1662 3264 1705 est.
3308 1653 3438 1706 Cum
3483 1654 3577 1707 illo

1997 1733 2126 1788 ager
2146 1733 2315 1790 ,Acum
2348 1717 2438 1772 illo
2464 1720 2669 1788 species
2697 1730 2873 1784 terra.
2921 1734 3044 1775 cum
3074 1719 3166 1774 illo
3194 1722 3401 1789 species
3430 1725 3573 1790 caeli,

1998 1802 2117 1841 cum
2172 1788 2265 1842 illo
2317 1790 2496 1845 omnia
2546 1790 2779 1844 volatilia
2829 1790 2943 1844 ειειί
2999 1798 3052 1845 ει
3109 1793 3286 1846 omnis
3331 1788 3577 1850 creatura

1998 1856 2374 1933 (lereml23.),
2398 1861 2650 1933 quoniam
2669 1860 2782 1933 ipse
2811 1860 3005 1933 ubique
3030 1870 3120 1933 est
3147 1861 3329 1933 (Joan.
3360 1861 3466 1933 1.).

2068 1929 2158 1983 12.
2199 1929 2261 1985 Si
2281 1932 2536 2003 esuriem,
2555 1947 2655 2003 non
2685 1932 2853 1985 dicam
2874 1932 2994 2003 tibi.
3017 1930 3142 2003 Non
3160 1929 3378 1989 esuriat
3402 1929 3579 2003 neque

1993 1999 2162 2060 sit'et,
2200 2015 2305 2055 non
2338 2000 2631 2070 laborabit,
2661 2015 2835 2070 neque
2856 1999 3188 2068 dormitabit,
3221 2004 3309 2070 qui
3340 1999 3579 2060 custodit

1995 2070 2159 2125 Israel
2190 2071 2307 2141 (Ps.
2344 2068 2513 2142 ιεο.).
2558 2071 2665 2127 Sed
2690 2068 2716 2109 δ
2746 2068 2861 2126 haec
2889 2072 3181 2126 secundum
3212 2068 3581 2130 carnalitatem

1996 2147 2139 2193 tuam
2158 2141 2295 2195 dicta
2319 2152 2444 2195 sunt
2468 2158 2483 2195 :
2510 2144 2631 2210 quia
2658 2155 2712 2196 tu
2735 2150 3023 2212 antequam
3047 2142 3358 2211 manduces,
3385 2146 3580 2200 fantem

1998 2212 2216 2275 generis,
2257 2214 2393 2266 torte
2423 2222 2577 2281 putas
2597 2253 2615 2278 ,
2645 2222 2698 2268 et
2730 2213 2891 2268 Deum
2922 2213 3149 2278 esurire,
3186 2223 3243 2268 ut
3268 2216 3575 2271 manducet.

1998 2281 2171 2334 Etiam
2216 2285 2261 2335 si
2306 2297 2427 2337 esse
2467 2297 2669 2351 posset,
2712 2295 2767 2337 ut
2796 2286 3045 2349 esuriret,
3078 2298 3184 2338 non
3212 2284 3418 2341 diceret
3458 2286 3574 2339 tibi.

1994 2351 2184 2421 Untnia
2209 2368 2327 2421 ιιιιιε
2356 2361 2480 2407 ante
2506 2353 2656 2408 illum
2686 2362 2846 2417 sunt,
2877 2354 3017 2407 unde
3044 2354 3157 2409 vult
3180 2395 3209 2421 ,,
3230 2355 3388 2411 tollit.
3435 2355 3576 2411 Nihil

1996 2419 2072 2474 illi
2118 2419 2275 2477 neces
2306 2425 2474 2476 arium
2520 2432 2624 2479 est.
2673 2424 2737 2479 Et
2764 2424 2885 2477 idco
2922 2424 3139 2478 subdit:
3170 2419 3315 2480 Meus
3340 2435 3417 2481 est
3444 2428 3583 2482 enim

1995 2493 2130 2568 orbis
2154 2505 2322 2568 terrae,
2342 2503 2389 2568 et
2413 2494 2829 2568 plenitudoejus.
2855 2494 2972 2548 Noli
2997 2510 3127 2568 ergo
3145 2496 3411 2568 iaborare,
3436 2498 3579 2568 quod

2004 2562 2133 2615 tnilti
2164 2564 2299 2617 des:
2325 2566 2441 2618 sine
2465 2563 2646 2619 labore
2678 2562 2871 2628 habeo,
2900 2566 3039 2633 quod
3072 2562 3217 2619 volo.

2073 2632 2160 2688 15.
2203 2633 2455 2697 Nunquid
2474 2635 2791 2689 manducabo
2813 2632 2991 2688 carnes
3016 2637 3321 2690 taurorum?
3345 2646 3436 2692 aut
3463 2654 3583 2693 san-

1993 2704 2211 2776 guinem,
2241 2704 2503 2758 hircorum
2546 2705 2774 2775 putabo?
2811 2705 2945 2773 Quia
2972 2706 3069 2759 ista
3113 2722 3218 2761 non
3249 2710 3464 2776 quieris,
3496 2709 3585 2764 die

1998 2790 2127 2843 ergo
2153 2792 2167 2827 :
2201 2775 2423 2830 Domine
2455 2777 2594 2831 Deus
2622 2785 2825 2842 uoster,
2852 2777 2978 2844 quid
3001 2777 3155 2841 velis,
3191 2786 3249 2831 ut
3269 2775 3459 2834 ederat
3484 2779 3581 2836 tibi

1998 2845 2225 2915 populus
2257 2858 2378 2899 tuus
2407 2846 2589 2915 lsi'ael.
2623 2847 2873 2915 Sequitur
2890 2854 2949 2902 et
2974 2846 3104 2901 dicit
3132 2865 3150 2901 :

2070 2912 2156 2968 M.
2195 2912 2416 2969 Immola
2445 2913 2554 2969 Deo
2580 2912 2889 2985 sacriﬁviunt
2913 2917 3099 2970 laudis.
3130 2917 3384 2975 Interiora
3416 2921 3585 2975 sacri-

1998 2985 2117 3056 ﬁcia
2148 3000 2363 3053 semper
2396 2987 2514 3054 plus
2544 2988 2716 3056 diligit
2747 2987 2907 3041 Deus.
2958 2987 3126 3056 Magis
3164 2988 3311 3042 enim
3353 2991 3585 3047 attendit:

1997 3054 2268 3121 allectum,
2293 3072 2449 3125 quani
2472 3054 2711 3111 censum.
2738 3057 2860 3111 Ideo
2882 3054 3125 3124 protinus
3146 3058 3311 3112 addit.
3338 3058 3404 3113 Et
3425 3061 3583 3116 redde

1999 3126 2250 3180 altissimo
2276 3136 2392 3180 vota
2423 3136 2531 3181 tua.
2580 3129 2659 3181 Sit
2696 3142 2790 3199 ara
2825 3138 2911 3199 tua
2937 3129 3265 3199 conscientia
3297 3140 3404 3184 tua.
3440 3129 3580 3199 Ignis

625 3198 801 3274 Quare
843 3198 946 3260 non
993 3203 1060 3258 de
1088 3219 1249 3273 grege
1281 3214 1370 3257 ttto
1399 3198 1603 3274 hircum
1635 3202 1891 3270 optimum
1923 3207 1969 3269 (ζ
2002 3208 2121 3274 imis
2167 3213 2319 3274 amor
2351 3198 2582 3274 divinus.
2632 3198 2795 3269 250
2828 3198 3160 3274 Sacriﬁcium
3214 3210 3359 3254 tuum
3382 3198 3580 3274 laudes

2001 3266 2117 3339 Dei.
2165 3266 2256 3322 Sic
2295 3282 2424 3337 ergo
2455 3266 2809 3323 DeumTauda
2849 3268 2901 3321 iit
2941 3268 3103 3322 corde
3133 3278 3243 3335 tuo,
3294 3278 3350 3325 ut
3381 3272 3431 3324 in
3466 3273 3581 3339 ipsa

1999 3338 2273 3393 otilatioue
2324 3338 2493 3392 laudis
2524 3339 2804 3409 ispirituali
2856 3339 2976 3409 igne
3028 3353 3293 3409 accensus
3346 3338 3577 3409 teipsuttt

2001 3409 2245 3463 imtnoles
2272 3418 2327 3462 et
2350 3408 2659 3473 inortiﬁces,
2680 3420 2733 3463 et
2752 3408 3023 3462 sacriﬁcos
3054 3408 3183 3463 Deo.
3201 3410 3265 3463 Et
3295 3408 3435 3466 bene
3458 3426 3584 3468 cum

1998 3477 2262 3534 sacriﬁcio
2290 3480 2627 3549 praecipimus
2656 3491 2835 3532 votum
2875 3479 3100 3535 reddere
3126 3480 3410 3535 altissimo.
3443 3482 3579 3538 Nam

1998 3549 2293 3622 secundum
2314 3559 2447 3622 vota
2500 3558 2686 3617 pensat
2733 3551 2871 3622 Deus
2918 3550 3199 3607 sacriﬁcia.
3232 3551 3401 3607 Tanto
3431 3554 3578 3622 apud

2002 3619 2167 3674 Deum
2223 3620 2392 3689 majus
2439 3623 2541 3675 erit
2592 3620 2909 3674 sacrilicium
2960 3629 3147 3687 tuum,
3206 3633 3407 3690 quanto
3459 3619 3581 3678 ina-

1996 3690 2167 3760 jorem
2198 3690 2251 3746 in
2291 3692 2409 3759 ipso
2450 3690 2712 3746 sacriﬁcio
2752 3691 3004 3745 habueris
3031 3691 3393 3748 devotionem.
3428 3694 3582 3752 Unde

2000 3761 2256 3836 scriptum
2298 3773 2383 3836 est
2414 3779 2448 3836 ε*Δ
2465 3762 2593 3818 Fide
2631 3762 2913 3831 plurimam
2959 3763 3188 3816 bos:iain
3220 3764 3389 3836 Abel,
3416 3781 3576 3836 quam

2000 3831 2129 3886 Cain
2174 3832 2366 3887 obtulit
2421 3833 2562 3897 Deo,
2615 3849 2709 3901 per
2758 3847 2915 3901 quam
2968 3835 3331 3890 testimonium
3383 3831 3581 3893 conse-

2000 3848 2129 3886 ωιιι
2174 3848 2366 3887 υυιιιιιι
2421 3848 2562 3897 Deo,
2615 3849 2709 3901 per
2740 3848 2915 3955 [quam
2968 3848 3331 3890 tesutnontum
3383 3852 3581 3893 conse-

2000 3915 2158 3958 cutus
2206 3914 2291 3975 εει
2337 3918 2460 3958 esse
2510 3904 2755 3975 Ῑιιειιιο(
2794 3904 2901 3958 ebr.
2938 3904 3075 3975 ιι.).
3102 3905 3206 3959 Cor
3253 3921 3485 3975 namque
3527 3918 3583 3962 et

2002 3988 2109 4027 non
2141 3973 2491 4029 substantiam
2521 3988 2709 4041 pensat
2743 3974 2900 4029 Deus.
2942 3973 3049 4028 Nec
3080 3977 3379 4044 perpendit,
3400 3973 3581 4044 quan-

2002 4053 2113 4098 tum
2138 4044 2189 4097 in
2210 4046 2325 4112 ejus
2352 4044 2639 4107 sacriﬁcio,
2662 4044 2755 4098 sed
2785 4058 2849 4098 es
2873 4052 3072 4111 quanto
3099 4042 3582 4111 preferaturfllinc

2000 4114 2129 4167 alibi
2158 4114 2353 4184 dicitur
2391 4117 2440 4168 in
2474 4115 2720 4181 psalmo:
2764 4113 2821 4167 lit
2851 4129 2937 4168 me
2977 4124 3101 4184 sunt
3132 4114 3272 4184 Deus
3309 4124 3433 4169 vota
3470 4124 3579 4184 tua,

2004 4199 2122 4251 quae
2167 4183 2410 4249 reddant,
2441 4184 2810 4255 Alaudatioues
2848 4184 2942 4237 tibi
2996 4182 3169 4251 (Psal.
3222 4183 3358 4255 ἕξεί).
3412 4188 3491 4240 Ac
3535 4182 3581 4242 si

2004 4263 2189 4321 aperte
2214 4254 2351 4307 dicat
2380 4272 2392 4306 :
2441 4253 2505 4306 Et
2551 4254 2597 4307 si
2642 4253 2882 4308 exterius
2922 4267 3144 4307 munera
3172 4253 3444 4310 oll'erenda
3474 4272 3580 4311 nou

2006 4323 2198 4390 habeo,
2244 4325 2381 4379 intra
2434 4323 2806 4396 memetipsuin
2841 4334 3016 4396 tamen
3055 4325 3301 4396 invenio,
3343 4328 3487 4396 quod
3531 4345 3583 4381 in

2006 4410 2155 4449 aram
2198 4405 2302 4449 tua:
2352 4395 2522 4449 laudis
2569 4394 2805 4461 impono.
2859 4394 2993 4460 Quia
3030 4394 3120 4463 qui
3159 4403 3338 4450 nostra
3364 4394 3585 4453 datione

2007 4481 2113 4519 non
2147 4467 2398 4535 pasceris,
2431 4463 2702 4535 oblatione
2740 4464 2918 4519 cordis
2952 4467 3145 4520 melius
3184 4465 3431 4533 placaris.
3477 4467 3588 4522 Im-

2006 4533 2164 4601 mola,
2197 4536 2448 4604 inquam,
2482 4533 2587 4589 Deo
2615 4535 2925 4604 sacri/icium
2958 4536 3144 4601 laudis,
3183 4548 3240 4591 ut
3266 4538 3346 4592 sic
3388 4541 3589 4597 habeas

2011 4622 2132 4661 eum
2165 4608 2424 4674 placatum
2455 4615 2511 4661 et
2537 4605 2844 4674 propitium.
2879 4606 2944 4660 Et
2971 4607 3095 4675 quid
3125 4608 3359 4663 deinde?

2090 4676 2173 4729 15.
2217 4675 2494 4750 Elimiam
2520 4692 2597 4731 me
2609 4677 2680 4750 Ain
2709 4676 2792 4750 die
2821 4677 3161 4750 tribulationis
3192 4688 3289 4750 :et
3316 4696 3494 4734 eruam
3520 4689 3591 4750 te,

2010 4761 2059 4802 et
2089 4747 2449 4821 liouoriﬁcabis
2473 4763 2570 4821 me.
2595 4746 2822 4821 Quando
2848 4747 3116 4821 tribularis
3144 4749 3252 4821 noli
3279 4746 3589 4821 desperare,

2015 4834 2115 4873 nec
2155 4819 2287 4874 telis
2337 4820 2389 4872 iu
2437 4820 2539 4873 tuis
2580 4817 2780 4872 viribus
2821 4818 3117 4873 conlidere.
3168 4817 3506 4888 Invoca'me,
3545 4817 3594 4880 et

2014 4906 2190 4943 eruam
2218 4900 2285 4944 te.
2310 4889 2392 4944 Ad
2424 4889 2522 4942 hoc
2550 4888 2692 4944 enim
2723 4889 3012 4958 permissus
3038 4898 3123 4945 est
3152 4891 3266 4947 dies
3295 4893 3597 4950 tribulatio-

2016 4961 2102 5014 nis
2128 4960 2262 5022 ﬁeri,
2290 4961 2409 5028 quia
2433 4958 2571 5014 forte
2600 4959 2774 5014 sinon
2804 4960 3155 5028 tribulareris,
3186 4978 3292 5017 non
3316 4965 3596 5022 inVocares

2016 5047 2122 5085 me.
2154 5030 2288 5087 Cum
2321 5031 2590 5104 tribularis
2616 5041 2815 5104 autem,
2846 5032 3061 5087 invocas
3093 5050 3178 5089 me
3202 5051 3220 5088 :
3254 5044 3309 5088 et
3348 5038 3471 5104 quia
3500 5052 3596 5091 vo-

2012 5116 2125 5163 ces,
2156 5116 2339 5157 eruam
2365 5112 2437 5158 te.
2480 5102 2614 5156 Cum
2643 5101 2806 5157 lueris
2834 5111 3045 5169 erutus,
3075 5101 3455 5161 honorilicabis
3484 5123 3591 5173 me,

2012 5174 2200 5245 utjam
2223 5188 2327 5227 non
2353 5173 2600 5229 discedas
2625 5189 2653 5227 a
2685 5188 2790 5227 me.
2816 5174 3013 5245 Valent
3036 5190 3164 5245 ergo
3194 5178 3347 5229 nobis
3372 5176 3596 5230 tribula-

2015 5244 2209 5314 iiorres,
2240 5245 2361 5314 quia
2386 5259 2483 5299 nos
2505 5246 2742 5299 excitant
2761 5244 2827 5299 ad
2852 5244 3222 5299 honorandum
3257 5246 3448 5299 Deum.
3474 5246 3596 5300 Tri-

2013 5313 2183 5370 bulati
2216 5313 2487 5385 propriam
2522 5313 2888 5371 inlirmitatem
2918 5315 3313 5384 cognoscimus,
3346 5316 3484 5371 eruti
3509 5318 3595 5371 di-

2014 5385 2193 5455 vinam
2240 5387 2460 5455 gratiam
2510 5386 2787 5441 sentimus.
2820 5385 2990 5439 Tanto
3033 5387 3198 5451 magis
3243 5396 3419 5439 autem
3464 5400 3591 5441 eum

2015 5454 2366 5521 honor-auius,
2398 5473 2502 5525 quo
2534 5458 2899 5511 liberationem
2940 5463 3177 5508 nostram
3212 5472 3317 5508 non
3348 5471 3376 5507 a
3411 5458 3585 5519 nobis,

2013 5527 2109 5582 sed
2148 5528 2215 5581 ab
2258 5530 2371 5596 ipso
2420 5527 2708 5596 procedet:
2736 5527 2955 5579 scimus.
3006 5525 3072 5579 Et
3108 5526 3408 5593 sciendum,
3448 5528 3590 5596 quod

2016 5669 2156 5738 quod
2184 5676 2298 5720 erat
2326 5664 2729 5733 promouiutum.

2091 5748 2114 5776 ο
2144 5738 2492 5806 Augustinus,
2520 5745 2681 5806 curte.

2088 5806 2114 5847 ά
2146 5802 2312 5878 Ideni,
2334 5819 2481 5872 ecce;
2510 5802 2677 5873 magis
2706 5811 2944 5875 ptaceret
2974 5804 3158 5860 Iiwcce.
