4098 6356
280 330 384 387 857

1262 390 1265 391 ν
1299 323 1365 381 lN
1405 319 1714 379 PSALMOS
1753 316 1939 374 LXXV
1980 310 2545 369 COMMENTMUUS.

3436 311 3538 367 853

280 441 579 501 lat.t.).hoc
599 447 676 490 est
697 440 745 489 io
767 439 927 489 tinem.
950 436 1152 488 Materia
1171 440 1245 486 est
1266 437 1411 544 hujus
1432 436 1599 498 psalmi
1626 434 1859 493 insipiens
1888 427 1934 487 A
1966 425 2085 487 lica,
2119 425 2330 480 Salvum
2370 440 2448 477 me
2497 424 2598 492 fac,
2634 418 3020 503 resuscitando.
3056 420 3126 503 Et
3151 422 3201 475 in
3230 423 3410 476 virtute
3434 432 3540 502 .tun

283 504 508 544 linnlllllS_
536 515 631 544 non
650 514 948 544 cognoscens
966 500 1144 544 Deum.
1177 497 1337 544 Intent
1358 499 1393 544 it
1416 505 1580 544 autem
1609 497 1761 544 losum
1778 507 1859 542 ca-
1964 497 2139 544 iudica
2169 511 2268 544 me.
2303 496 2461 544 idest.
2491 492 2782 544 secundum
2808 502 2911 544 tute
2931 500 3142 544 Vlrlttlls
3165 492 3535 544 excellentiam

282 497 509 563 populus,
536 515 631 552 non
650 514 948 564 cognoscens
966 500 1144 564 Deum.
1177 497 1393 564 intendit
1416 497 1582 564 autem
1609 497 1761 564 ipsum
1778 507 1859 542 ca-

316 557 370 614 nt
415 557 635 615 nostrum
681 557 734 610 iii
770 563 861 611 hoc
885 560 1066 622 psalmo
1088 558 1343 609 confutare
1378 571 1465 607 eos
1502 560 1583 618 qui
1620 557 1859 604 Chris'um

316 579 370 614 Ul
415 579 635 615 ηοοιιιιιηι
682 579 728 610 ll]
771 579 861 611 IIOC
885 579 1066 622 psalmo
1088 579 1343 609 coutuwru
1378 579 1465 607 eos
1502 579 1583 618 qltl
1620 579 1859 604 I.lll'l8‘lllll

281 579 540 675 Dominum
566 639 677 675 esse
702 626 947 680 negabant
971 636 983 671 :
1006 621 1273 670 ostendens
1318 632 1403 668 eos
1447 630 1784 667 consummare
1807 622 1859 664 et

417 695 692 756 corruptos,
716 685 874 756 263
894 692 946 733 et
989 685 1055 733 ita
1090 683 1160 756 ab
1191 681 1445 730 minabiles
1488 692 1600 728 esse
1640 680 1762 756 Deo,
1805 685 1859 728 ut

281 755 446 805 nullus
469 755 662 805 illorum
687 751 1048 814 facia‘t'honum,
1072 754 1230 802 donec
1253 760 1595 802 convertantur
1618 751 1673 814 ad
1687 764 1853 814 unum,

280 818 473 868 scilicet
495 818 561 867 ad
573 819 748 869 Deum.
770 818 997 866 Ostendit
1019 812 1167 865 etiam
1197 823 1402 876 promet:
1425 812 1746 876 quorundam
1766 813 1855 859 ini-

247 925 253 931 .
281 882 519 942 quitates,
536 882 754 929 rationes
771 886 820 929 et
840 891 1011 928 eorum
1049 873 1300 942 arbitrium
1327 890 1352 942 a
1376 873 1483 924 Deo
1505 873 1854 942 dissipandum,

284 935 330 987 cl
359 942 484 994 ipsos
501 935 655 992 etiam
681 944 726 990 in
750 949 986 990 aeternum
1008 936 1278 1001 puniendos
1303 948 1316 984 :
1336 937 1489 1000 justos
1514 948 1632 985 vero
1650 935 1854 985 salutem

282 1012 650 1054 consecuturos.
669 1004 749 1053 Sic
772 1013 895 1064 ergo
916 1000 1084 1062 incipit
1109 1010 1122 1049 :

798 1124 1153 1188 PSALMUS
1207 1123 1336 1184 ιιι.

343 1245 407 1309 9.
424 1249 810 1316 Dixitinsipiens
830 1250 884 1302 in
903 1248 1054 1300 corde
1063 1261 1176 1309 suo,
1196 1246 1313 1300 Non
1326 1253 1398 1301 est
1416 1246 1568 1299 Deus.
1588 1245 1694 1302 Iste
1707 1246 1823 1304 Psal
1836 1280 1852 1293 -

276 1336 422 1389 mus,
450 1319 570 1389 quia
608 1320 717 1384 iam
760 1320 1004 1387 superius
1050 1319 1326 1389 expositus
1362 1327 1446 1370 est
1501 1316 1674 1387 (Psal.
1713 1319 1848 1389 15.),

274 1387 613 1457 expositione
634 1405 740 1443 non
773 1390 996 1458 indiget,
1026 1397 1219 1455 prteter
1250 1387 1391 1458 hunc
1422 1402 1581 1458 unum
1614 1387 1848 1456 versum,

273 1455 366 1522 qui
393 1476 501 1516 non
524 1469 605 1515 est
630 1459 683 1513 in
709 1455 966 1529 supcriori
1009 1458 1235 1527 psalmo.
1278 1457 1456 1529 [Vers.
1598 1455 1850 1526 Quoniam

274 1532 414 1586 Deus
448 1530 729 1598 dissipavit
768 1526 883 1584 ossa
938 1526 1114 1583 eorum
1142 1529 1246 1598 qui
1280 1526 1571 1582 hominibus
1625 1529 1846 1595 placent.

274 1602 568 1657 Voluerunt
596 1670 599 1671 ν
628 1600 935 1655 hominibus
973 1597 1151 1671 iudici
1184 1599 1418 1671 placere
1469 1599 1637 1671 magis
1690 1616 1847 1670 quam

274 1671 406 1737 Deo,
429 1670 644 1741 quando
667 1671 937 1735 dixerunt,
971 1669 1083 1741 Non
1107 1670 1365 1723 habemus
1395 1669 1578 1737 regem
1602 1669 1846 1727 nisiCac-

271 1740 472 1797 sarem.
508 1740 575 1794 Et
619 1743 811 1797 iterum
839 1758 853 1792 :
879 1742 932 1795 Si
982 1740 1205 1795 dimittis
1234 1754 1380 1805 eum,
1414 1753 1517 1793 non
1546 1756 1604 1795 es
1645 1743 1848 1797 amicus

1954 497 2139 565 judico
2169 511 2268 559 me,
2296 496 2461 565 idest,
2491 492 2782 547 secundum
2808 502 2911 546 tute
2931 492 3142 565 virtutis
3165 492 3535 546 excellentiam

1963 562 2170 620 crescat
2194 564 2450 633 judicium
2480 580 2653 617 meum
2686 581 2700 615 :
2730 573 2783 616 ut
2816 578 3004 633 omnes
3033 562 3343 633 discernant
3362 572 3414 616 et
3442 578 3536 616 co-

1997 631 2238 698 noacani,
2291 636 2412 703 quia
2457 646 2509 685 tu
2565 649 2650 688 me
2680 633 2870 688 misisti
2918 632 3101 705 (Joan.
3142 631 3282 705 11.).
3325 632 3389 686 Et
3430 633 3538 705 crit

1989 706 2153 772 inquit
2184 704 2470 772 Propheta)
2502 704 2821 773 quicumque
2851 703 3178 759 invocaverit
3206 718 3398 757 nomen
3428 704 3533 757 Do-

1959 773 2112 837 mini,
2152 777 2332 829 salvus
2372 776 2475 830 erit
2516 775 2689 842 (liam.
2724 773 2809 840 10;
2850 773 3023 830 Johet.
3076 773 3178 843 2.).
3224 774 3534 843 Invoccmns

1957 858 2084 913 ergo
2114 860 2305 899 nomen
2336 846 2569 915 Domini,
2606 854 2663 898 ut
2691 846 2958 900 salvemur
2987 842 3253 915 (Act.2.).
3293 842 3451 911 Deus,
3482 846 3536 915 in

1959 915 2163 969 nomine
2191 925 2298 980 tuo,
2332 914 2495 979 idest,
2525 930 2622 985 per
2657 914 3049 985 invocationem
3088 914 3258 972 sancti
3304 914 3535 985 nominis

1958 985 2051 1051 tui,
2085 986 2292 1038 salvum
2332 1001 2418 1039 me
2464 984 2543 1040 fac
2580 1000 2609 1039 a
2643 987 2912 1051 peccatis:
2939 984 3006 1039 Et
3032 987 3086 1040 in
3128 985 3328 1050 virtute,
3372 984 3534 1047 idest,

1957 1056 2010 1109 in
2037 1055 2268 1121 potentia
2301 1064 2409 1119 tua,
2441 1070 2544 1123 qua
2580 1056 2914 1124 judicaturus
2942 1071 3002 1111 es
3025 1056 3172 1107 vivos
3193 1064 3246 1108 et
3274 1064 3534 1119 mortuos,

1944 1126 2133 1198 judico
2177 1140 2284 1198 me,
2311 1124 2746 1198 idesttdiscerne
2780 1141 2809 1180 a
2837 1127 3034 1198 malis.‘
3065 1125 3363 1198 Notandum
3391 1127 3531 1198 quod

1956 1194 2279 1267 priuspetit
2303 1194 2498 1267 salvari
2531 1196 2581 1249 in
2616 1197 2852 1264 nomine,
2881 1196 3075 1267 deinde
3099 1196 3323 1265 judicari
3352 1196 3401 1249 itt
3426 1196 3535 1267 vir-

1957 1275 2088 1321 tute.
2123 1265 2250 1318 Nam
2274 1279 2435 1335 quem
2466 1265 2515 1319 in
2541 1267 2758 1320 nomine
2784 1266 3121 1335 praecedente
3141 1267 3453 1330 salvaverit,
3481 1265 3532 1320 in

1954 1337 2148 1390 virtute
2201 1334 2563 1406 subsequente
2621 1336 2911 1391 salubriter
2961 1337 3244 1406 judicabit.
3299 1339 3533 1391 Securus

1954 1414 2104 1461 esto:
2126 1405 2386 1474 judicium
2416 1405 2543 1458 illud
2574 1420 2679 1460 non
2705 1407 2797 1460 tibi
2819 1406 2921 1461 erit
2951 1405 3176 1475 punitio,
3206 1407 3299 1461 sed
3329 1407 3535 1461 discre-

1955 1479 2047 1530 tio.
2089 1476 2152 1530 Et
2193 1477 2328 1530 hanc
2376 1476 2675 1531 orationem
2741 1492 2899 1541 quam
2960 1477 3027 1532 ad
3076 1478 3287 1532 Patrem
3346 1478 3531 1545 mittit,

1952 1562 2000 1602 e-
2020 1547 2191 1618 audiri
2226 1546 2480 1614 postulat,
2507 1562 2627 1600 cum
2657 1546 2935 1618 subjuugit
2961 1565 2975 1601 :

2022 1616 2074 1673 4.
2110 1616 2268 1681 Deus,
2310 1618 2496 1670 exaudi
2543 1616 2823 1671 orationem
2864 1616 3049 1671 incum.
3101 1618 3248 1672 Hanc
3283 1616 3535 1672 videlicet

1950 1702 2110 1752 quam
2144 1688 2401 1755 praemisit
2427 1688 2499 1742 de
2522 1688 2692 1743 salute
2720 1696 2775 1742 et
2805 1688 3029 1757 judicio.
3064 1690 3285 1744 Auribus
3330 1689 3535 1756 percipe

1950 1758 2101 1811 verba
2117 1761 2217 1810 oris
2242 1758 2360 1821 mei,
2392 1758 2547 1825 idest,
2575 1760 2744 1826 ipsam
2767 1759 3062 1814 orationem
3088 1760 3321 1814 habitam
3344 1758 3531 1822 corde,

268 1811 497 1897 caesaris
525 1810 707 1897 (loqu.
748 1809 885 1897 1.9.).
928 1811 1214 1879 Apostolus
1244 1804 1423 1897 dicit;
1524 1811 1836 1897 hominibus

1950 1839 2000 1881 et
2035 1829 2296 1897 prolatam
2337 1804 2487 1883 iace.
2533 1804 2798 1883 Dominus
2828 1845 2932 1884 non
2969 1830 3128 1882 habet
3167 1832 3300 1884 alias
3347 1804 3529 1894 aures:

269 1885 558 1947 placet-em,
583 1880 784 1936 Christi
811 1878 998 1936 servus
1024 1897 1129 1935 non
1153 1896 1325 1936 essem
1358 1878 1555 1949 (Galat.
1588 1880 1688 1951 1.).
1712 1884 1845 1949 Quia

267 1968 398 2023 ergo
438 1953 742 2008 hominibus
786 1952 997 2018 placere
1034 1960 1370 2023 appetentes,
1405 1952 1686 2007 noluerunt
1724 1969 1848 2009 esse

264 2022 408 2094 servi
437 2022 638 2077 Christi
671 2042 685 2078 :
714 2032 992 2092 propterea
1030 2022 1170 2094 Deus
1194 2036 1313 2094 ossa
1338 2036 1521 2076 eorum
1544 2023 1843 2094 dissipavit,

267 2092 427 2160 idest,
468 2094 693 2149 virtutes
739 2094 930 2147 anima:
962 2108 975 2145 :
1012 2102 1063 2146 et
1124 2092 1406 2147 interiores
1442 2107 1655 2156 sensus,
1683 2092 1846 2150 ‘scili.

265 2174 355 2218 cet
381 2165 642 2219 rationem
670 2174 724 2219 et
773 2163 1126 2226 intellectum,
1159 2164 1474 2218 memoriam
1514 2173 1568 2219 et
1595 2165 1699 2218 alia
1744 2165 1843 2219 hu-

261 2232 497 2303 iusmodi
546 2236 598 2289 in
631 2236 711 2290 eis
752 2233 1015 2289 destruxit
1047 2250 1060 2286 :
1095 2249 1214 2303 quae
1257 2232 1377 2288 ideo
1403 2248 1525 2287 ossa
1566 2234 1843 2301 dicuntur,

261 2306 389 2373 quia
420 2306 563 2360 sicut
591 2305 806 2360 ossibus
835 2319 981 2365 caro,
1018 2305 1089 2358 ita
1120 2305 1405 2359 virtutibus
1435 2305 1611 2360 anima
1633 2315 1845 2361 susten-

263 2384 425 2430 tatur.
460 2375 674 2445 Confusi
702 2386 821 2429 sunt
839 2384 1016 2432 autem
1036 2376 1234 2429 amisso
1265 2374 1383 2430 loco
1404 2383 1457 2429 et
1480 2388 1661 2444 gente.
1686 2386 1846 2442 atque

262 2461 359 2510 per
388 2462 579 2501 omnes
622 2459 791 2502 terras
842 2448 891 2499 in
943 2448 1305 2514 captivitatem
1350 2446 1599 2512 dispersi.
1639 2447 1704 2501 Et
1744 2447 1847 2503 hoc

261 2516 381 2570 ideo
401 2516 663 2586 contingit
681 2520 780 2582 eis,
812 2518 1063 2583 Quoniam
1092 2516 1222 2570 Deus
1243 2518 1429 2585 sprevit
1456 2533 1559 2570 eos.
1579 2518 1681 2584 Ipsi
1701 2521 1843 2574 enim

260 2588 411 2655 prius
459 2604 581 2641 eum
621 2595 973 2655 spreverant,
1030 2587 1170 2641 sicut
1229 2588 1341 2653 ipse
1390 2603 1485 2656 per
1526 2589 1841 2657 Prophetam

257 2671 416 2712 suum
458 2658 632 2712 dixit:
672 2658 835 2712 Filios
878 2657 1111 2711 enutrivi
1134 2667 1186 2713 et
1230 2658 1483 2724 exaltavi,
1516 2660 1616 2725 ipsi
1665 2669 1842 2715 autem

259 2740 579 2801 spreverunt
598 2744 681 2783 me
705 2726 873 2801 (Ιειιίζ
890 2730 911 2780 1
927 2729 988 2801 ἶ).
1012 2728 1142 2801 Quia
1163 2744 1291 2796 ergo
1308 2741 1627 2796 Spreverunt
1650 2730 1838 2799 Deum,

255 2796 404 2867 justo
432 2796 817 2869 omnipotentis
847 2798 941 2854 Dei
969 2799 1173 2867 judicio
1203 2803 1369 2867 spreti
1402 2810 1545 2855 sunt.

677 2910 968 2968 TlTULUS
1010 2911 1253 2969 PSALMI
1296 2911 1424 2968 Llll.

321 3026 337 3072 t
353 3063 362 3072 .
379 3030 424 3074 et
440 3026 483 3073 ἐ.
504 3025 563 3092 _In
573 3022 797 3092 ﬁnnn._in
808 3022 1099 3092 carminibus
1119 3019 1380 3092 intellectus
1394 3022 1572 3092 Dauid,
1597 3023 1757 3092 [νεεδ.
1772 3025 1840 3092 2.]

253 3097 363 3137 cum
406 3084 641 3136 venissent
688 3084 891 3146 Zipluei,
938 3092 981 3134 et
1022 3084 1258 3134 dixissent
1282 3084 1438 3146 Sauli,
1476 3089 1649 3137 Nonne
1684 3084 1841 3138 David

253 3148 557 3199 absconditos
601 3157 669 3199 est
710 3144 840 3208 apud
876 3160 961 3209 nos
987 3146 1055 3208 (1.
1081 3150 1192 3209 Reg.
1219 3144 1679 3209 25.)?1ntellectus
1703 3149 1841 3209 hujus

255 3212 420 3271 psalmi
450 3207 789 3258 allrthttcndns
806 3218 881 3259 est
904 3208 1077 3269 David,
1105 3207 1166 3257 id"
1194 3217 1288 3270 est,
1309 3207 1523 3258 Christo
1547 3207 1775 3271 tondenti
1792 3214 1837 3259 in

253 3270 417 3331 liuent,
443 3272 485 3318 id
512 3279 608 3332 cs',
638 3272 683 3320 itt
711 3270 1062 3331 perfectionem
1100 3284 1200 3318 sum
1245 3270 1553 3321 obedientire.
1591 3270 1649 3319 Et
1675 3270 1830 3320 hocin

252 3336 569 3395 carminibus,
598 3334 643 3381 id
669 3343 761 3393 est,
790 3335 833 3380 in
854 3333 1195 3395 jucunditate:
1220 3334 1333 3394 quia
1352 3333 1448 3395 vita
1470 3333 1661 3380 Domini
1680 3336 1829 3381 nostri

252 3396 503 3451 disciplina
527 3394 617 3444 fuit
636 3408 819 3442 morum
850 3409 859 3440 :
887 3396 1001 3455 quia
1040 3394 1167 3454 quod
1204 3397 1307 3453 ipse
1332 3394 1597 3454 intellexit,
1624 3402 1669 3442 et
1696 3397 1833 3443 nobis

253 3456 626 3517 intelligendum
654 3459 922 3517 pr0posuit.
954 3458 1075 3514 Quid
1120 3462 1286 3504 autem
1334 3456 1612 3505 intellexit?
1656 3456 1835 3505 Perse-

252 3519 519 3583 verandum
542 3519 591 3567 itt
615 3516 852 3583 laudibus,
870 3530 1032 3583 usque
1061 3518 1108 3565 in
1143 3517 1304 3583 tinctu.
1340 3516 1540 3583 Quando
1573 3519 1665 3566 hoc
1689 3519 1835 3567 intel-

253 3579 412 3629 lexit?
457 3579 661 3637 Quando
684 3579 841 3629 Judaei
867 3580 915 3627 in
940 3580 1034 3628 hoc
1053 3578 1231 3627 szcculo
1248 3578 1440 3627 tantum
1464 3580 1699 3628 ﬂorentes
1722 3594 1835 3637 pro-

251 3640 484 3691 diderunt
504 3653 617 3689 eum
642 3642 802 3697 morti,
826 3649 877 3689 et
898 3641 1053 3689 Deum
1078 3643 1122 3688 in
1150 3640 1347 3689 homine
1366 3640 1601 3689 latentem
1625 3643 1833 3691 Credere

253 3701 535 3763 noluerunt.
582 3702 700 3761 Quae
740 3702 945 3763 proditio
984 3702 1073 3763 fuit
1098 3702 1423 3763 praeﬁgurata,
1450 3715 1557 3752 cum
1583 3705 1836 3753 venissent

250 3762 453 3823 Ziphaai,
478 3772 530 3812 et
551 3762 789 3813 dixissent
813 3764 966 3822 Sauli,
1012 3762 1185 3812 Nonne
1234 3762 1384 3812 David
1424 3764 1734 3813 absconditus
1759 3774 1835 3816 est

252 3826 376 3890 apud
426 3836 516 3872 nos
546 3825 619 3890 (1_.
656 3828 773 3890 Reg.
807 3825 958 3890 23.)?
992 3825 1139 3890 Vicus
1178 3826 1367 3890 quidam
1388 3833 1495 3875 erat
1511 3825 1629 3890 Ziph
1659 3840 1670 3890 ξ
1698 3829 1835 3890 cujus

250 3887 551 3936 habitatores
573 3886 752 3953 ijhaii
767 3888 849 3953 :_itt
870 3886 1007 3953 enjns
1018 3888 1298 3953 regionese
1320 3886 1636 3953 absconderat
1655 3886 1829 3953 David,

248 3960 355 3995 cum
380 3960 494 4011 eum
522 3947 673 3997 vellet
689 3949 800 3997 Saul
823 3947 1045 3998 invenire
1066 3956 1116 3997 et
1138 3950 1381 3995 occidere.
1403 3948 1486 3996 lsti
1510 3961 1631 4011 ergo
1651 3947 1833 4011 Ziphtci

248 4021 356 4075 cum
378 4010 470 4058 hoc
495 4013 855 4075 cognovissent,
883 4011 1194 4075 prodiderunt
1215 4022 1347 4075 eum”
1372 4014 1478 4070 regi
1506 4010 1587 4072 pei
1596 4010 1831 4075 secutori,

247 4071 514 4133 dicentes:
554 4071 725 4120 Nonne
757 4084 882 4133 ecce
931 4071 1078 4119 David
1122 4072 1432 4120 absconditus
1454 4071 1531 4119 est
1554 4074 1678 4133 apud
1704 4071 1832 4126 nos?

251 4131 377 4181 Nihil
419 4133 625 4193 quidem
666 4130 841 4192 proluit
886 4132 980 4182 illis
1022 4134 1229 4193 proditio
1257 4146 1423 4180 eorum
1456 4141 1537 4180 :et
1564 4130 1650 4193 ipsi
1677 4135 1830 4185 David

247 4192 364 4241 nihil
390 4192 563 4242 obluit.
588 4192 809 4254 Namque
832 4192 1029 4254 animus
1054 4205 1222 4241 eorum
1263 4194 1504 4253 malignus
1526 4192 1831 4244 demonstra-

246 4263 323 4303 ttts
344 4262 435 4317 est.
464 4254 582 4315 Ziph
608 4253 961 4317 interpretatur
984 4253 1085 4317 ﬂos.
1137 4254 1255 4302 lnde
1277 4255 1520 4317 dicuntur
1543 4255 1744 4313 Ziphaai,
1784 4260 1830 4306 id

247 4323 343 4378 est,
364 4314 588 4379 ﬂorcrttes
615 4330 629 4364 :
659 4314 890 4379 per‘quos
910 4314 1444 4379 desigttantuthudmi,
1485 4318 1565 4375 qui
1591 4318 1831 4379 ﬂorebant

244 4377 598 4440 temporalibus
647 4378 801 4440 bonis:
850 4378 947 4427 Per
972 4378 1085 4440 Saul
1128 4377 1420 4440 intelligitur
1460 4390 1605 4427 mors.
1647 4378 1829 4440 Zipha—i

243 4451 367 4499 ergo
409 4438 727 4501 prodiderunt
772 4438 927 4488 David
972 4439 1131 4491 Sauli.
1175 4437 1482 4501 quia’Judaei
1524 4437 1831 4492 tradiderunt

241 4500 487 4549 Christum
514 4501 656 4549 morti
700 4501 891 4557 (Matth.
930 4501 1052 4560 25.).
1102 4501 1194 4549 l'er
1225 4500 1451 4561 Ziphazos
1474 4502 1622 4549 etiam
1647 4502 1830 4552 intelli—

241 4571 424 4624 guntur
471 4570 729 4625 amatores
763 4563 904 4621 hujus
941 4563 1121 4614 mundi.
1170 4563 1252 4625 qui
1285 4562 1442 4611 adhuc
1465 4572 1830 4625 persequuntur

241 4623 420 4689 corpus
451 4623 658 4689 Christi.
687 4623 891 4689 Materia
917 4623 1260 4689 bujuswpsalmi
1285 4631 1358 4689 est
1382 4629 1531 4689 caput
1556 4630 1608 4673 et
1629 4623 1822 4689 corpus,

243 4684 373 4733 inter
396 4686 590 4744 iniquos
621 4686 932 4733 constitutum
959 4684 1010 4735 et
1035 4685 1275 4733 amictum.
1294 4684 1346 4731 In
1372 4686 1518 4745 prima
1546 4694 1680 4744 parte
1706 4684 1828 4745 psal-

241 4748 308 4819 mi
332 4753 434 4795 orat
462 4760 517 4794 se
543 4747 603 4794 ab
619 4746 809 4807 alienis,
836 4760 860 4794 a
885 4749 1059 4808 quibus
1083 4748 1329 4807 allligitur,
1347 4747 1560 4795 liberari.
1586 4748 1746 4819 264
1774 4749 1826 4798 ln

242 4818 409 4867 ultima
436 4826 576 4880 parte
599 4818 810 4866 ostendit
836 4830 922 4867 eos
939 4819 1203 4879 dispersos,
1225 4830 1278 4864 se
1305 4825 1465 4880 autem
1493 4830 1552 4866 ex
1581 4818 1825 4880 on'tni’tri-

242 4879 495 4928 bulatioue
514 4880 654 4941 eripi,
683 4886 734 4941 et
756 4893 905 4940 super
933 4881 1150 4927 inimicos
1187 4891 1301 4927 suos
1328 4879 1552 4928 exaltari.
1582 4879 1682 4927 Hoc
1706 4893 1827 4939 ergo

243 4942 451 4990 nobisin
481 4943 571 4988 hoc
594 4940 777 5001 psalmo
808 4940 1177 5002 intelligendum
1204 4944 1569 5000 proponitur,ut
1588 4942 1825 4999 quemad-

242 5004 433 5052 modum
459 5002 609 5050 Filius
632 5003 897 5052 voluntarie
916 5001 982 5050 se
998 5002 1128 5050 Patri
1155 5003 1329 5050 obtulit
1354 5001 1524 5063 (Hebr.
1541 5005 1636 5063 0.),
1659 5009 1710 5050 et
1729 5016 1823 5052 non

242 5066 761 5126 prosalutepraesenti,
777 5066 865 5112 scd
891 5076 975 5123 pro
992 5063 1147 5112 futura
1172 5064 1364 5112 Patrem
1385 5064 1637 5123 postulavit
1653 5065 1821 5126 (Joan.

244 5125 370 5187 17.):
404 5127 470 5173 ita
496 5123 532 5173 si
558 5125 793 5187 ﬂorentes
820 5128 866 5173 in
892 5126 1067 5173 mundo
1083 5132 1249 5173 contra
1276 5137 1360 5171 nos
1384 5138 1440 5173 se
1465 5123 1823 5186 crigant,illata

244 5186 539 5236 incommoda
566 5186 678 5235 Izeto
701 5188 859 5235 animo
886 5198 1245 5247 percurramus,
1274 5192 1322 5234 et
1350 5198 1404 5234 ea
1431 5187 1571 5234 nobis
1608 5187 1668 5235 ad
1692 5186 1823 5235 futu-

241 5260 338 5296 ram
365 5256 509 5296 vitam
538 5250 771 5307 prodesse
790 5247 1104 5309 postulemus.
1122 5247 1238 5296 Orat
1264 5248 1427 5308 itaque
1454 5248 1500 5295 in
1526 5250 1613 5295 hoc
1642 5247 1825 5308 psalmo

241 5310 395 5369 ipsutn
435 5314 600 5369 Caput,
638 5318 686 5357 et
727 5323 783 5356 se
826 5310 993 5356 orandi
1041 5309 1117 5369 (ut
1151 5309 1383 5370 diximus)
1406 5315 1456 5357 et
1477 5310 1823 5369 perseverandi

241 5371 494 5431 exetnplar
522 5372 743 5431 preponit
759 5386 765 5415 :
784 5371 1054 5430 pralvidens
1069 5385 1124 5419 se
1145 5381 1396 5431 passurum
1417 5383 1502 5430 pro
1525 5370 1822 5431 redemptio;

242 5443 300 5480 ne
327 5430 531 5479 humani
552 5434 773 5493 generis,
800 5438 853 5480 ttt
877 5446 900 5478 a
922 5438 1077 5493 morte
1096 5430 1441 5490 resuscitelur,
1483 5441 1533 5480 et
1554 5430 1821 5481 secundum

238 5495 469 5604 girtutem
492 5491 987 5603 dcttimtlipbleﬂliam
1023 5491 1116 5544 Dei
1146 5495 1298 5555 digne
1331 5494 1527 5543 tandem
1554 5495 1819 5545 exsltt-tur.

277 5569 318 5604 tc
343 5568 468 5604 eum
527 5568 593 5602 ιιι
644 5566 660 5600 :

277 5558 318 5604 ic
343 5568 468 5616 ergo
492 5556 616 5603 dixit
644 5566 660 5600 ξ

753 5646 1102 5709 PSALMUS
1147 5647 1306 5706 Llll.

396 5766 531 5819 Dens
562 5766 614 5818 in
653 5766 853 5818 nomine
884 5775 969 5816 tuo
995 5766 1190 5818 sulcum
1231 5785 1308 5820 me
1341 5774 1441 5834 fac.
1477 5768 1585 5820 Vox
1620 5769 1816 5823 tlhristi

241 5839 304 5894 ad
333 5841 549 5897 ι’..ιπ-εω
581 5854 591 5889 :
620 5852 678 5890 ac
724 5840 766 5888 si
798 5844 980 5905 aperte
1008 5836 1167 5903 dicat,
1201 5837 1254 5893 In
1282 5842 1494 5895 nomine
1538 5849 1627 5892 tuo
1653 5840 1812 5908 glutt-

1950 1899 2053 1952 nisi
2081 1899 2304 1966 gratiam
2333 1907 2387 1953 et
2414 1899 2833 1953 misericordiam
2866 1915 3037 1954 suam.
3072 1900 3136 1954 Et
3165 1916 3285 1954 cum
3310 1899 3529 1964 dicitur,

1952 1969 2166 2022 Auribus
2208 1971 2424 2039 percipe,
2460 1986 2562 2023 non
2596 1970 2910 2039 intelligitur
2950 1972 3092 2024 aliud
3127 1973 3250 2039 nisi,
3303 1970 3533 2024 Attende

1947 2051 1998 2093 et
2039 2041 2350 2093 memoriter
2399 2054 2461 2095 ac
2491 2040 2912 2095 misericorditer
2939 2042 3079 2096 audi.
3114 2045 3169 2097 Si
3213 2041 3355 2096 enim
3402 2054 3533 2095 aure

1947 2111 2227 2178 pcrcipiat,
2282 2118 2339 2163 ut
2388 2111 2809 2165 misericorditer
2852 2114 3052 2176 audiat,
3110 2112 3285 2168 securi
3344 2124 3532 2165 sumus

1946 2182 2087 2249 quot
2115 2180 2415 2235 orationem
2441 2191 2676 2235 nostram
2705 2182 2956 2236 exaudiet
2978 2182 3251 2237 Dominus.
3273 2182 3328 2236 lo
3356 2182 3531 2250 primo

1945 2264 2073 2318 ergo
2124 2266 2277 2304 versu
2318 2250 2375 2304 ﬁt
2428 2251 2599 2305 oratio
2649 2266 2744 2320 pro
2782 2253 2972 2319 salute,
3021 2254 3072 2307 itt
3122 2254 3359 2308 secundo
3400 2267 3531 2307 vero

1948 2335 2108 2374 versu
2142 2322 2199 2374 lit
2227 2322 2401 2375 oratio
2449 2321 2515 2376 ad
2559 2324 3037 2378 commendandam
3088 2324 3385 2377 orationem
3420 2323 3527 2376 fac-

1947 2399 2073 2457 tam,
2110 2401 2162 2446 et
2208 2392 2273 2444 ad
2326 2392 2638 2461 captandam
2680 2393 3105 2449 benevolentiam
3160 2394 3273 2449 Dei.
3324 2392 3528 2448 Deinde

1948 2464 2095 2530 ponit
2124 2476 2367 2515 caussam
2398 2477 2564 2529 quare
2592 2464 2660 2517 sit
2686 2466 2967 2528 orandum,
2993 2467 3177 2519 dicens
3202 2481 3217 2518 :

2016 2530 2068 2585 5.
2100 2533 2353 2596 Quoniam
2390 2533 2548 2587 aheni
2595 2535 2982 2589 insurrexerunt
3012 2535 3279 2589 adversum
3309 2552 3406 2589 me.
3440 2535 3527 2588 ln-

1945 2611 2296 2658 surrexerunt
2338 2603 2479 2656 enim
2530 2603 2725 2667 Judaei,
2774 2617 2829 2659 ut
2868 2607 3277 2661 adversarentur
3305 2605 3525 2659 Christo

1946 2671 2125 2746 (Joan.
2159 2673 2294 2741 10.).
2330 2675 2502 2728 Alieni
2527 2676 2766 2743 quidem,
2800 2677 2843 2731 si
2872 2692 2975 2730 non
3012 2692 3206 2746 genere
3233 2685 3283 2730 et
3310 2685 3519 2743 natura,

1944 2745 2377 2816 tnoribustztmcn
2399 2755 2453 2797 et
2472 2749 2598 2797 vita.
2627 2747 2690 2799 Et
2714 2761 2816 2800 non
2842 2745 3046 2801 tantum
3073 2750 3246 2801 minor
3269 2746 3521 2816 populus,

1945 2815 2036 2867 sed
2075 2824 2121 2867 et
2170 2814 2326 2883 fortes
2371 2818 2675 2883 quietior-unt
2718 2818 2944 2870 animam
2996 2835 3179 2873 meam.
3214 2814 3364 2872 Sicut
3389 2817 3525 2872 scri-

1946 2894 2093 2951 ptum
2122 2895 2205 2939 est
2234 2903 2244 2936 :
2276 2886 2449 2957 lteges
2480 2895 2635 2957 terra:
2672 2898 2733 2957 et
2763 2891 3028 2957 principes
3070 2896 3435 2942 convenerunt
3463 2888 3518 2941 itt

1947 2968 2108 3009 unum
2138 2963 2193 3008 et
2228 2955 2486 3010 adversus
2534 2956 2811 3011 Dominum
2859 2967 2913 3013 et
2936 2955 3204 3014 adversus
3251 2958 3523 3013 Christum

1945 3024 2063 3094 ejus
2093 3023 2264 3097 (Psal.
2296 3025 2414 3097 2.).)
2438 3025 2627 3097 Fortes
2655 3042 2784 3097 ergo
2811 3029 3103 3084 secundum
3134 3029 3437 3097 superbiant
3469 3035 3523 3083 ct

1948 3096 2233 3163 potentiam
2256 3096 2440 3150 seculi.
2482 3094 2546 3149 Et
2569 3113 2671 3149 tton
2692 3094 3062 3166 proposuerunt
3087 3094 3247 3151 Deum
3269 3107 3385 3151 ante
3403 3115 3521 3152 conv

1866 3191 1910 3249 ρ
1944 3176 2169 3246 spretum
2207 3183 2374 3249 suum.
2405 3167 2456 3220 Si
2498 3167 2640 3249 enim
2666 3170 3385 3249 cognovissentknunlquam
3420 3169 3517 3224 Do-

1943 3236 2143 3290 minum
2181 3238 2363 3306 gloria:
2394 3236 2783 3309 crucitixissent
2808 3240 2880 3309 (1.
2908 3238 3026 3293 Cor.
3060 3241 3159 3306 2.).
3195 3240 3314 3293 Fuit
3343 3240 3523 3308 itaque

1942 3322 2128 3361 caussa
2157 3309 2284 3361 tanti
2319 3307 2519 3374 peccati
2546 3310 2758 3363 caecitas
2787 3307 2966 3364 cordis
2992 3321 3045 3364 et
3074 3310 3383 3365 inﬁdelitas.
3406 3307 3521 3364 Cte-

1941 3378 2117 3431 citatis
2148 3393 2287 3449 vero
2302 3393 2490 3431 caussa
2523 3378 2617 3431 luit
2645 3381 2913 3448 superbia.
2948 3381 3038 3435 Va:
3078 3382 3274 3435 homini
3299 3381 3395 3446 illi,
3428 3381 3518 3449 qui

1942 3463 2046 3501 non
2078 3449 2225 3515 ponit
2271 3448 2437 3505 Deum
2475 3457 2598 3501 ante
2644 3460 2987 3516 conSpectnm
3024 3465 3198 3506 suum.
3235 3452 3365 3504 Nam
3418 3448 3519 3504 Do-

1939 3518 2607 3593 tninusAestuilluminatio
2655 3533 2851 3574 nostra.
2886 3522 3046 3593 265
3100 3523 3324 3589 Quando
3373 3523 3517 3575 enim

1939 3588 2099 3662 homo
2130 3589 2399 3662 intelligit,
2444 3589 2787 3644 illuminatnr.
2820 3588 3045 3659 0ιῆιῖύῦ
3087 3588 3380 3662 intelligere
3423 3608 3517 3646 ne-

1936 3660 2105 3727 gligit,
2137 3660 2446 3714 tenebratur
2476 3675 2490 3712 :
2515 3670 2567 3714 et
2601 3663 2678 3714 sic
2710 3662 2895 3717 incidit
2940 3665 2991 3717 itt
3021 3660 3277 3718 errorem
3304 3678 3517 3718 omnetn

1936 3739 1990 3783 et
2035 3730 2389 3803 iniquitatem.
2427 3728 2515 3803 lsti
2569 3739 2692 3785 sunt
2743 3734 2925 3798 alieni,
2982 3737 3071 3799 qui
3132 3743 3521 3803 jersequuntur

1935 3815 2129 3875 corpus
2174 3801 2411 3875 Christi._
2437 3802 2550 3875 Non
2596 3802 2738 3875 enim
2769 3816 2892 3858 sunt
2932 3820 2961 3858 a
2996 3801 3142 3870 Deo,’
3167 3806 3257 3859 sed
3297 3801 3324 3858 a
3372 3816 3520 3875 patre

1935 3870 2147 3926 diabolo
2179 3871 2357 3940 (Joan.
2388 3871 2488 3938 8.).
2528 3872 2630 3941 Ipsi
2662 3890 2747 3929 me
2774 3891 2878 3929 non
2914 3875 3140 3931 intcllevt
3165 3885 3286 3930 runt
3316 3870 3517 3937 Deum;

1934 3942 2027 4065 32d
2086 3957 2211 3997 ecce
2252 3944 2302 3995 in
2359 3942 2641 3999 manifesto
2678 3956 2930 4014 apparet,
2986 3946 3105 4015 quia
3159 3960 3345 4001 revera
3398 3962 3515 3999 sum

1983 4027 2098 4065 ens.

1983 4027 2098 4067 eus.

2005 4084 2059 4139 6.
2103 4081 2234 4135 Ecce
2287 4084 2422 4137 enim
2476 4082 2636 4147 Deus,
2693 4085 2850 4138 Pater
2888 4086 3180 4140 secundum
3220 4083 3360 4150 quod
3417 4100 3517 4154 ego

1936 4151 2098 4205 homo
2125 4167 2265 4214 sum,
2297 4156 2508 4221 adjuvat
2538 4168 2639 4218 me,
2673 4156 2724 4207 in
2758 4158 3022 4221 passione,
3062 4171 3128 4209 ne
3157 4155 3396 4209 deliciam
3432 4151 3517 4208 z'et

1938 4222 2205 4285 Dominus,
2239 4221 2406 4275 Filius
2428 4225 2565 4289 ejus,
2595 4234 2857 4292 susceptor
2884 4236 2957 4277 est
3002 4228 3185 4279 animo:
3214 4240 3356 4277 meat.
3382 4225 3515 4278 Sus-

1933 4292 2138 4359 cipiens
2168 4307 2283 4345 cam
2328 4292 2429 4345 sibi
2461 4293 2512 4345 in
2562 4292 2762 4347 unitate
2805 4310 3067 4362 personat.
3101 4295 3192 4350 Vel
3237 4305 3515 4363 susceptor

1933 4364 2123 4415 animm
2156 4376 2309 4427 mea),
2338 4364 2459 4430 quia
2492 4371 2611 4430 post
2633 4365 2932 4429 passionem
2966 4366 3016 4419 itt
3047 4381 3147 4430 qua
3180 4381 3263 4419 me
3286 4368 3513 4430 audivit,

1935 4432 2168 4485 animam
2206 4449 2375 4486 meam
2427 4436 2478 4504 in
2530 4432 2699 4501 gloria
2742 4438 2993 4503 suscepit.
3029 4436 3136 4489 Hoc
3183 4436 3510 4504 adjutorin'n

1934 4505 2195 4569 promittit
2212 4510 2265 4555 et
2287 4503 2543 4576 membris
2566 4508 2697 4570 suis,
2724 4506 2810 4557 ubi
2832 4504 2904 4559 ait
2928 4524 2938 4559 :
2967 4507 3102 4561 Ecce
3115 4521 3214 4576 ego
3237 4503 3509 4561 vobiscum

1932 4588 2049 4645 _s_um
2082 4586 2251 4645 usque
2279 4572 2344 4625 ad
2371 4576 2885 4645 consummationem
2924 4579 3087 4631 seculi
3129 4572 3342 4644 (Matth.
3368 4576 3509 4645 28.).

1934 4642 1997 4696 Et
2023 4645 2073 4696 in
2094 4643 2297 4712 psalmo
2319 4643 2440 4697 alibi
2465 4645 2536 4695 ait
2559 4644 2720 4697 :Cum
2773 4647 2889 4714 ipso
2926 4662 3043 4702 smn
3069 4642 3511 4713 intrihulatione,

1931 4714 2152 4788 eripiam
2191 4728 2331 4776 eum,
2368 4722 2421 4767 et
2462 4714 2770 4781 glorlticabo
2817 4732 2937 4770 eum
2983 4717 3157 4785 (Psal.
3212 4718 3347 4788 90.).
3398 4719 3513 4773 Noli

1932 4798 2061 4856 ergo
2092 4786 2289 4856 timere
2321 4794 2688 4856 persecutores
2732 4795 2871 4851 tuos,
2902 4791 3023 4856 q'tia
3061 4789 3197 4843 Dens
3231 4786 3405 4844 tecum
3429 4800 3510 4843 est

1935 4854 2379 4929 iu_tribulatione.
2410 4853 2525 4929 μιν]λὶ
2559 4855 2745 4929 timere
2770 4872 2885 4922 eos,
2919 4853 3007 4926 qui
3036 4859 3285 4914 occidunt
3314 4875 3509 4929 corpus

1931 4923 2146 4997 (Matth.
2174 4924 2307 4997 10.),
2332 4924 2455 4993 quia
2485 4925 2737 4979 Dominus
2764 4923 3040 4997 susceptor
3061 4941 3142 4984 est
3169 4931 3359 4985 anima:
3384 4923 3507 4985 ιεἰω.

1933 4992 2195 5048 Fortassis
2240 4992 2359 5048 ideo
2396 4997 2663 5050 convertit
2707 4998 2771 5051 ad
2822 4992 3125 5055 ttos'vueem
3178 5015 3350 5057 suam.
3381 5002 3510 5056 Nam

1931 5063 2033 5118 huc
2066 5079 2232 5131 ιιειμιθ
2271 5067 2334 5118 ad
2368 5065 2579 5119 Patrem
2610 5070 2813 5122 orando
2859 5070 3066 5125 locutus
3093 5084 3194 5127 est.
3238 5073 3387 5126 Nunc
3410 5087 3510 5126 au-

1930 5147 2035 5188 tem
2066 5138 2250 5189 volens
2272 5136 2557 5191 ostendere
2588 5138 2740 5192 nobis
2770 5155 2829 5195 se
2852 5156 2971 5195 esse
3002 5144 3305 5197 exauditum
3335 5152 3386 5197 et
3417 5145 3511 5194 ad-

1923 5206 2096 5273 jutum
2120 5224 2146 5257 a
2179 5206 2356 5277 Patre,
2382 5210 2611 5277 noujam
2640 5210 2705 5262 ad
2736 5213 2974 5276 Patrem,
3004 5213 3098 5267 sed
3129 5215 3195 5267 ad
3227 5228 3323 5267 nos
3345 5211 3509 5265 dicit:

1931 5277 2067 5330 Ecce
2104 5276 2246 5331 enim
2297 5278 2432 5330 Deus
2477 5279 2690 5347 adjuvat
2733 5296 2818 5335 me
2861 5292 2914 5337 et
2958 5292 3170 5337 cat-tera.
3203 5283 3316 5336 Non
3370 5284 3511 5335 enim

1927 5362 2060 5416 opus
2082 5358 2219 5420 erat,
2246 5360 2299 5400 ut
2328 5348 2527 5403 diceret
2559 5351 2722 5417 Patri,
2747 5353 2887 5420 quod
2912 5354 3134 5419 sciebat,
3160 5362 3215 5407 et
3233 5352 3373 5420 quod
3399 5352 3512 5418 ipse

1930 5418 2217 5489 praestabat
2248 5436 2258 5468 :
2289 5420 2380 5472 sed
2432 5421 2584 5473 nobis
2628 5418 2808 5489 utique
2836 5431 2952 5474 erat
2984 5423 3083 5475 hoc
3111 5418 3297 5476 audire
3325 5435 3509 5475 neces-

1929 5488 2154 5560 sarium,
2186 5497 2245 5541 ut
2277 5490 2543 5557 patientiae
2580 5488 2772 5544 Christi
2822 5491 3151 5544 disceremus
3180 5492 3502 5560 exemplum.

1928 5557 2005 5611 Ex
2039 5558 2121 5613 his
2150 5559 2294 5611 enim
2336 5560 2512 5615 verbis
2543 5560 2878 5622 instruimur,
2911 5560 3031 5627 quia
3065 5576 3184 5614 cum
3231 5562 3298 5615 ab
3334 5557 3509 5615 inimi-

1927 5628 2005 5681 cis
2046 5629 2181 5680 tnala
2220 5629 2383 5695 nobis
2409 5631 2729 5699 irrogautur,
2764 5644 2866 5683 non
2897 5631 3154 5684 debemus
3197 5632 3372 5699 irasci,
3415 5641 3509 5686 aut

1929 5700 2267 5762 maledicere,
2301 5711 2393 5753 aut
2420 5700 2705 5751 vindictam
2748 5704 3029 5766 exquirere
3057 5719 3069 5754 :
3100 5704 3191 5755 sed
3228 5718 3426 5765 Orare,
3453 5714 3507 5758 ct

1931 5771 2019 5842 llei
2043 5769 2703 5842 :ttljttto‘riunt‘expectare.
2733 5770 2854 5822 Μειιὶ
2881 5770 3190 5842 vindictam,
3223 5784 3274 5826 ct
3297 5790 3395 5842 ego
3423 5792 3504 5827 rc,-

1930 5840 2178 5905 ll‘lb'lttttt,
2207 5839 2330 5891 dicit
2366 5840 2491 5893 lium
2520 5855 2617 5894 nus
2650 5839 2825 5907 (brut.
2878 5840 2965 5897 δὲ
3020 5843 3168 5897 Rom.
3223 5845 3308 5911 12;
3335 5839 3493 5902 Hebr.
