4098 6356
624 344 726 402 839

627 463 759 520 18.).
794 460 947 518 Unde
974 475 1079 517 non
1113 468 1217 514 tam
1244 457 1466 519 orando,
1499 468 1656 524 quam
1684 447 2049 521 prapltctando
2070 443 2196 499 sub-
2227 443 2272 497 Α

681 544 789 587 nmt
814 551 828 586 :

626 549 955 657 tu"7g.ui4.tterte
969 603 1105 654 mala
1124 600 1338 654 inimicis
1359 597 1504 671 meis.
1528 595 1663 648 Ecce
1679 590 1890 671 qualern
1910 586 2195 671 vindictam

627 674 749 726 facit
777 674 938 728 Deus.
969 674 1103 727 Mala
1143 686 1261 737 quae
1290 668 1411 741 mali
1454 668 1710 741 irrogantﬁ
1728 663 2127 741 bonisnavertit
2167 671 2195 707 a

627 744 780 798 nobis
812 745 965 806 Deus,
996 754 1047 793 et
1075 732 1344 808 retorquet
1376 738 1426 791 in
1453 732 1640 808 malos.
1674 732 1815 808 Quid
1847 732 1987 785 enim
2009 742 2198 808 perse:

628 796 771 867 cutio
793 796 1155 867 et'tri'bulatio
1182 796 1338 865 nocet
1367 796 1722 878 martyribusil
1753 804 1863 856 lino
1894 796 2197 878 prodestad

630 884 874 936 salutem.
904 883 1011 935 Illis
1037 897 1164 934 Vero
1188 890 1342 953 nocet
1366 878 1431 931 ad
1455 868 1875 953 damnationem.
1896 868 2056 953 Linde
2077 868 2199 953 alibi

628 954 820 1005 dicitur
845 970 857 1004 :
884 955 1231 1005 Convertetur
1259 951 1410 1003 doAir
1454 948 1571 1016 ejus
1618 948 1668 999 in
1710 952 1871 1016 caput
1898 948 2046 1016 eius,
2066 949 2124 1016 et
2149 954 2199 1016 in

629 1024 877 1093 gerticcm
922 1023 1086 1089 ipsius
1134 1021 1381 1093 iniquitas
1424 1007 1540 1093 eius
1576 1007 1867 1093 descendet
1895 1007 2076 1093 (Psal.
2097 1007 2198 1093 7.).

628 1090 796 1163 Recte
842 1084 969 1161 ergo
1006 1084 1294 1145 subditur:
1332 1089 1393 1144 In
1435 1090 1617 1143 virtute
1654 1097 1768 1147 tua,
1816 1084 1869 1136 Id
1916 1084 2201 1163 .est,‘jttsto

628 1150 950 1234 iudiciotuo',
976 1164 1212 1231 disperde
1234 1164 1367 1234 illos.
1393 1163 1532 1234 Bene
1553 1167 1728 1234 autem
1754 1153 1952 1234 non_:tit
1974 1169 1986 1203 :
2010 1150 2200 1234 Ponte,

629 1221 722 1287 sed
749 1221 1029 1300 disperde:
1050 1221 1173 1301 quia
1201 1233 1365 1287 .ludrei
1394 1233 1445 1285 in
1468 1230 1695 1283 diversis
1722 1224 1961 1301 partibus
1991 1221 2199 1301 perditi,

630 1314 687 1375 et
713 1292 936 1371 dispersi
969 1292 1095 1375 sunt
1123 1322 1239 1375 per,
1264 1305 1505 1375 regiones
1554 1307 1772 1375 propter
1811 1297 2030 1375 malum,
2062 1292 2203 1375 quod

631 1368 869 1428 iecerunt
903 1375 954 1427 in
983 1368 1192 1429 Jesum.
1226 1368 1507 1441 Disperdet
1540 1373 1699 1446 etiam
1734 1368 1872 1446 Deus
1900 1368 1951 1416 iii
1986 1368 2208 1444 veritate

631 1457 729 1497 sua
763 1447 950 1509 malos,
986 1446 1199 1513 quando
1230 1447 1281 1497 in
1313 1438 1551 1513 extremo
1588 1438 1787 1513 judicio
1815 1438 2040 1488 diversis
2087 1447 2204 1502 pa:-

632 1514 716 1568 nis
745 1522 799 1566 et
840 1509 1116 1568 tormentis
1148 1516 1318 1568 tradet
1348 1512 1684 1568 cruciandos,
1718 1509 1917 1569 dicens,

708 1585 765 1639 8.
803 1583 1102 1637 Voluntarie
1130 1585 1443 1654 sacriﬁcabo
1471 1582 1582 1634 tibi.
1632 1579 1803 1654 Omne
1834 1589 1966 1654 opus
2012 1574 2206 1654 bonum

636 1654 873 1710 oblatum
903 1648 1366 1719 Deo,sacriticium
1398 1652 1499 1705 dici
1532 1660 1723 1719 potest.
1758 1649 1819 1719 Et
1843 1648 1976 1699 bene
2002 1648 2210 1712 praemi-

639 1725 710 1777 sit
745 1718 1062 1778 Voluntaria.
1101 1725 1435 1778 voluntatem
1481 1723 1624 1778 enim
1656 1729 1708 1772 et
1747 1718 1989 1771 allectum
2024 1723 2210 1780 pensat

1699 329 1953 389 RUFINO
1998 318 2454 383 PRESBYTERO
2492 313 2874 375 ASCRIPTUS

3779 311 3873 369 81:0

2300 449 2349 484 in
2373 442 2423 485 te
2447 437 2597 485 Deus.
2623 435 2757 484 inter
2780 446 2890 495 qua:
2909 434 3071 481 autem
3105 430 3583 495 adversagsperavtt,
3611 434 3663 476 et
3688 430 3796 487 quid
3817 430 3874 477 de

2300 512 2382 545 sua
2408 498 2722 558 liberatione,
2739 491 2873 545 et'de
2898 494 2974 542 adi
2990 496 3280 542 ersariornm
3303 491 3621 558 damnatione
3647 502 3817 558 sperati
3838 500 3875 538 ‘o

2298 562 2591 619 obtinuertt,
2632 561 2678 605 in
2709 549 2958 619 prioribus
2981 557 3193 619 pagtibus
3228 554 3394 619 psalmi
3433 550 3704 619 manifeste
3729 549 3756 587 δ
3778 566 3874 613 pro-

2298 621 2463 669 mittit.
2493 622 2551 669 Et
2578 616 2683 667 orat
2710 616 2795 679 pro
2833 631 2906 671 se,
2936 631 2996 665 ne
3023 616 3219 665 deﬁciat
3236 618 3291 679 in
3329 618 3558 679 passione
3588 627 3602 661 :
3630 620 3682 661 et
3701 626 3877 679 prore-

2298 686 2601 729 snrrectione
2622 675 2730 735 sua,
2756 688 2809 728 et
2832 679 3199 741 gloriﬁcatione.
3219 678 3335 732 Agit
3353 677 3505 723 etiam
3523 676 3589 723 de
3612 675 3878 741 repulsione

2300 743 2577 791 Judteorum
2615 736 2861 801 praisentiv,
2900 749 2949 789 et
2972 741 3035 787 de
3057 740 3367 801 damnatione
3409 743 3623 801 aeterna,
3654 743 3705 801 et
3728 736 3788 784 de
3811 751 3879 782 as-

2300 806 2541 853 sumtione
2582 796 2832 863 Gentium,
2853 796 2925 851 'et
2948 802 3011 849 de
3050 800 3402 861 gloriﬁcatione
3429 796 3649 848 ﬁdelium
3677 799 3726 846 iu
3746 805 3880 846 teter-

2301 879 2413 914 num
2437 879 2450 915 :
2474 869 2543 915 sic
2559 866 2727 913 dicens
2750 878 2763 911 :

2804 968 2940 1027 PSA
2952 965 3159 1027 LMUS
3223 965 3384 1025 LIV.

2374 1091 2532 1162 267
2558 1089 2614 1144 2.
2646 1089 2851 1143 Exaudi
2879 1087 3014 1142 Deus
3051 1090 3334 1162 orationem
3372 1102 3573 1162 meant,
3620 1094 3693 1162 et_
3716 1102 3776 1139 ne
3803 1088 3881 1162 de-

2303 1156 2530 1231 spﬁevri—s
2555 1162 2959 1231 deprecationem
2986 1157 3370 1231 meam_:[Vcrs_.
3503 1156 3525 1207 Ι
3535 1158 3734 1231 ntende_
3748 1158 3882 1231 mihi,

2306 1226 2352 1285 et
2386 1232 2571 1285 exaudi
2611 1226 2709 1284 nte.
2734 1230 2894 1297 Quasi
2926 1231 3065 1283 dicat
3097 1245 3111 1285 :
3144 1226 3312 1283 0"vos
3345 1229 3533 1281 ﬁdeles
3573 1227 3695 1297 mei
3721 1226 3775 1279 in
3802 1228 3885 1281 tri¢

2317 1302 2679 1356 bulationlbus
2708 1296 2863 1369 positi
2886 1345 2899 1363 ,
2934 1301 3097 1353 nolite
3125 1300 3356 1353 deﬁcere
3384 1314 3398 1349 :
3432 1299 3527 1352 sed
3574 1298 3631 1351 in
3674 1296 3883 1352 Domino

2311 1381 2612 1440 sperantes,
2636 1383 2687 1425 et
2710 1370 3194 1425 remunerationem
3216 1369 3285 1420 ab
3300 1383 3366 1421 eo
3385 1375 3762 1433 expectantes.
3779 1383 3884 1423 meo

2308 1443 2555 1511 exemplo
2598 1443 2930 1511 oratezquia
2978 1455 3078 1511 ego
3128 1440 3177 1493 in
3213 1440 3481 1511 passione
3537 1440 3780 1511 positus,
3818 1441 3885 1493 sic

2314 1508 2564 1567 oravi'ad
2616 1508 2897 1565 Dominum
2923 1528 2934 1562 :
2964 1511 3007 1564 Ο
3039 1510 3177 1563 Deus
3213 1508 3388 1570 Pater,
3436 1508 3637 1562 exaudi
3686 1519 3885 1578 propter

2312 1585 2625 1653 dignitatem
2658 1582 2775 1635 Filii
2823 1583 2893 1635 ttii
2935 1581 3235 1653 orationem
3280 1594 3487 1653 meam,
3523 1579 3886 1653 resuscitando

2315 1650 2400 1707 me
2427 1669 2453 1704 a
2480 1663 2673 1717 morte,
2706 1661 2759 1705 et
2787 1651 3133 1705 clariﬁcando
3164 1651 3215 1703 in
3249 1650 3523 1717 passione.
3562 1654 3644 1704 Ae
3672 1652 3717 1703 si
3750 1650 3885 1705 dice-

2315 1733 2397 1776 ret
2436 1741 2450 1776 :
2499 1723 2657 1776 Pater
2699 1722 2931 1775 clariﬁca
2978 1720 3167 1775 Filium
3219 1730 3404 1784 tuum,
3455 1730 3514 1775 ut
3564 1721 3739 1775 Filius
3782 1729 3889 1775 tuus

639 1794 781 1874 Deus
815 1795 883 1873 _in
936 1796 1080 1849 omni
1138 1795 1401 1874 sacriﬁcio
1428 1837 1440 1849 .
1494 1803 1649 1871 atque
1686 1787 1973 1874 offerentis
2015 1787 2207 1874 bimam
2240 1794 2569 1874 Bclariﬁcat
2619 1803 2667 1846 te
2715 1790 3084 1874 (Joan..i7.).
3138 1791 3204 1845 Et
3248 1804 3316 1844 ne
3362 1791 3689 1874 despexeris
3715 1791 3886 1872 deprec

638 1863 1012 1932 intentionem,
1046 1877 1097 1918 et
1126 1880 1231 1919 non
1272 1865 1395 1918 doni
1429 1856 1846 1932 magnitudinem
1880 1856 2201 1932 considerat.

636 1934 707 1989 Et
730 1946 924 2006 quanta
951 1930 1033 1989 est
1059 1936 1292 2000 devotio,
1321 1947 1374 1990 et
1399 1935 1642 1987 voluntas
1680 1930 1972 2006 elimentis,
2005 1934 2206 2006 tantum

636 2014 722 2073 est
749 2000 892 2071 apud
927 2006 1086 2061 Deum
1118 2006 1283 2073 ipsius
1324 2006 1662 2059 sacriﬁcium.
1698 2002 1831 2054 lliuc
1861 2000 2063 2073 Moyses
2094 2000 2169 2049 ait
2195 2013 2208 2049 :

636 2064 889 2147 nespétit
912 2064 1169 2129 Dominus
1199 2076 1263 2129 ad
1287 2076 1415 2130 Abel
1444 2084 1496 2127 et
1520 2074 1593 2147 ad
1615 2085 1829 2147 munera
1856 2064 1972 2147 ejus
2000 2064 2207 2147 (Cenes.

636 2140 757 2207 4.).7
790 2145 904 2199 Non
948 2149 1092 2215 prius
1123 2147 1187 2199 ad
1229 2161 1470 2205 munera,
1504 2143 1598 2200 sed
1653 2145 1717 2215 ad
1763 2140 1893 2192 Abel
1936 2140 2082 2206 prius
2123 2155 2209 2189 re-

636 2216 876 2283 spexisse
918 2214 1175 2269 Dominus
1219 2217 1557 2283 perhibetur:
1591 2214 1711 2269 ouia
1758 2218 2091 2283 nonpcnsat
2122 2224 2211 2283 vo:

636 2278 891 2339 lutitatem
930 2302 995 2340 ex
1046 2278 1287 2349 munere,
1332 2288 1423 2340 sed
1466 2300 1655 2338 munus
1686 2298 1751 2335 ex
1804 2281 2093 2333 voluntate.
2132 2278 2209 2332 Ad

637 2355 766 2409 Cain
800 2373 924 2409 vero
950 2369 997 2411 et
1034 2373 1253 2411 munera
1296 2359 1411 2423 ejus
1440 2374 1543 2409 non
1584 2353 1817 2419 reSpexit
1844 2349 2055 2419 (Ibid)
2089 2366 2211 2418 qtt'u

637 2428 884 2481 videlicet
923 2430 1083 2497 266
1119 2428 1310 2481 bonam
1369 2428 1419 2480 in
1460 2441 1524 2479 eo
1564 2426 1883 2497 voluntatem
1925 2435 2027 2473 non
2062 2423 2210 2497 vidit.

636 2498 884 2561 Seipsom
912 2491 1102 2549 «manu
1138 2498 1275 2550 Patri
1308 2498 1468 2550 Filius
1502 2499 1553 2548 in
1586 2492 1905 2548 sacriﬁcium
1940 2506 2036 2556 pro
2062 2491 2215 2543 nobis

640 2569 940 2620 voluntarie
982 2568 1220 2634 quidem,
1260 2569 1379 2634 quia
1423 2583 1525 2619 non
1555 2580 1621 2619 ex
1658 2565 1997 2625 ueCessitate,
2029 2562 2209 2634 sedex

640 2638 881 2689 caritate.
924 2632 1037 2689 Non
1085 2639 1227 2692 enim
1278 2632 1458 2690 coacta
1490 2637 1649 2695 dona,
1684 2644 1735 2686 et
1772 2646 1956 2684 coacta
1998 2632 2213 2685 servitia

640 2707 807 2775 diligit
838 2706 996 2760 Deus.
1034 2706 1095 2759 Et
1130 2708 1405 2771 conﬁtebor
1442 2707 1633 2759 nemini
1657 2715 1760 2767 tuo,
1793 2701 1945 2764 Deus,
1977 2703 2216 2775 quoniam

640 2773 825 2828 bonum
875 2789 968 2830 est.
1023 2778 1155 2832 Vere
1195 2779 1387 2831 bonum
1438 2786 1539 2841 est,
1580 2788 1633 2828 et
1672 2777 1883 2826 Sullllil‘c
1937 2773 2215 2825 animabus

640 2851 861 2907 nostris,
886 2858 941 2899 ttt
961 2857 1172 2911 cuncta,
1208 2864 1325 2915 qua:
1350 2848 1555 2917 agimus
1582 2847 1646 2898 ad
1681 2844 1886 2897 laudem
1916 2843 2213 2917 ct‘gloriam

639 2917 874 2969 nominis
908 2918 979 2969 tui
1016 2919 1291 2980 faciamus,
1336 2914 1525 2971 ut'tota
1557 2919 1821 2969 voluntate
1848 2914 2214 2967 sacriﬁcemus

642 2984 774 3047 Deo,
818 2996 926 3040 toto
975 2989 1136 3040 corde.
1175 2990 1523 3041 ennﬁteamur
1564 2986 1763 3039 nomini
1819 2984 2047 3038 Domini.
2106 2984 2217 3038 Hoc

639 3055 816 3119 dulce,
850 3057 949 3111 hoc
981 3059 1198 3120 Ιιοιιυιιι,
1235 3059 1331 3111 hoc
1354 3074 1515 3111 soave
1537 3066 1637 3111 est.
1676 3056 1742 3109 Et
1774 3054 1920 3123 ponit
1947 3070 2212 3119 caussam,

638 3142 804 3195 quare
834 3128 933 3183 hoc
965 3130 1258 3183 faciendum
1292 3130 1380 3196 sit,
1411 3144 1529 3183 cum
1555 3127 1733 3181 subdit
1759 3142 1770 3176 :

2314 1865 2577 1917 cationem
2642 1878 2849 1924 meam,
2917 1863 2968 1916 id
3027 1871 3151 1924 est,
3214 1872 3436 1930 pr0pter
3506 1862 3884 1916 humanitatem

2312 1944 2603 1987 assumtam
2645 1948 2712 1987 ne
2762 1933 2956 1987 habeas
3012 1934 3171 1986 vilem
3212 1931 3658 2000 deprecationem
3694 1945 3884 1993 meam,

2310 2019 2469 2071 quam
2520 2003 2657 2056 l'acio
2705 2019 2800 2072 pro
2852 2004 3115 2057 evitandis
3162 2003 3315 2056 malis
3374 2019 3386 2053 :
3430 2002 3526 2055 sed
3587 2003 3770 2068 pmius
3821 2007 3886 2056 in-

2316 2075 2472 2128 tende
2522 2074 2679 2135 mihi,
2737 2074 2785 2127 id
2826 2084 2935 2134 est,
2977 2076 3145 2142 ipsam
3189 2073 3582 2127 humanitatem
3616 2072 3703 2123 iac
3733 2075 3887 2126 inten-

2314 2158 2450 2207 sam,
2484 2143 2533 2196 id
2565 2154 2663 2207 est,
2694 2154 3122 2212 perseverantem
3154 2144 3205 2196 in
3237 2146 3505 2204 oratione,
3533 2142 3621 2195 vel
3656 2143 3710 2193 in
3736 2144 3885 2195 virtu-

2316 2215 2477 2277 tibus,
2512 2224 2566 2268 et
2589 2216 2639 2267 in
2664 2224 2950 2283 augmento
2974 2216 3227 2269 bonorum
3251 2228 3498 2280 operum.
3524 2212 3593 2264 Et
3618 2214 3695 2264 sic
3720 2216 3888 2266 exaudi

2314 2301 2414 2340 me.
2440 2285 2663 2350 Quando
2693 2287 2745 2337 in
2775 2286 2948 2339 divina
2998 2286 3185 2353 pagina
3234 2284 3443 2351 oratio,
3490 2292 3548 2338 et
3589 2284 3885 2353 deprecatio

2316 2357 2474 2410 simul
2516 2354 2747 2423 ponitur,
2788 2370 2815 2407 a
2860 2368 2921 2408 se
2957 2356 3183 2410 invicem
3223 2354 3515 2408 differunt:
3553 2355 3681 2422 quia
3728 2355 3882 2407 oratio

2316 2436 2434 2489 est,
2466 2426 2682 2494 quando
2724 2425 2919 2493 aliquid
2968 2429 3249 2480 honestum
3283 2425 3550 2492 petimus,
3593 2425 3803 2479 scilicet
3826 2425 3885 2479 de

2318 2496 2420 2559 his,
2452 2512 2570 2566 quae
2596 2497 2843 2549 volumus
2868 2501 3093 2563 assequi.
3134 2497 3453 2563 Deprecatio
3484 2509 3617 2549 vero
3664 2510 3760 2562 pro
3788 2498 3883 2549 evi-

2318 2566 2493 2619 tandis
2540 2566 2721 2630 malis,
2766 2567 2831 2621 de
2880 2567 2961 2619 his
2990 2568 3229 2633 scilicet,
3264 2581 3386 2635 qua:
3416 2581 3444 2618 a
3469 2566 3629 2619 nobis
3655 2568 3885 2619 volumus

2318 2637 2526 2705 repelli.
2562 2636 2848 2691 Sciendum
2881 2654 3093 2707 quoque
3114 2650 3215 2700 est,
3248 2637 3393 2704 quod
3427 2639 3737 2704 plerunque
3767 2651 3885 2704 quo-

2315 2709 2543 2761 rundam
2574 2708 2999 2774 deprecationem
3048 2710 3388 2776 omnipotens
3417 2707 3559 2761 Deus
3600 2716 3657 2761 et
3683 2708 3889 2761 exaudit

2318 2785 2373 2831 et
2401 2777 2645 2847 despicit.
2674 2777 2806 2831 Hinc
2830 2786 2946 2842 est,
2982 2780 3122 2845 quod
3155 2776 3468 2832 lsraeliticis
3484 2792 3693 2847 carnes
3720 2819 3733 2838 ,
3769 2792 3887 2847 quas

2319 2849 2458 2903 male
2491 2846 2774 2916 petierunt,
2808 2849 2971 2902 iratus
3000 2850 3180 2903 tribuit
3210 2848 3407 2919 (Exod.
3433 2846 3547 2915 16.)
3578 2848 3711 2902 :sed
3736 2863 3889 2917 quan-

2321 2927 2432 2971 tum
2480 2933 2666 2973 eorum
2714 2920 3000 2987 postulatio
3048 2921 3147 2973 sibi
3195 2919 3571 2987 displicuerit,
3606 2920 3771 2972 etiam
3804 2934 3886 2985 pu-

2320 2989 2521 3043 niendo
2554 2989 2892 3042 monstravit.
2918 2989 3070 3044 Unde
3096 2991 3351 3058 scriptum
3388 2997 3473 3042 est
3499 3006 3513 3040 :
3546 2990 3741 3042 Adhuc
3766 3002 3890 3043 escae

2320 3072 2507 3113 eorum
2531 3072 2683 3113 erant
2706 3060 2756 3113 in
2783 3075 2875 3113 ore
2899 3061 3151 3128 ipsorum.
3181 3072 3232 3113 et
3258 3063 3333 3112 ira
3360 3060 3451 3112 Dei
3475 3060 3723 3113 ascendit
3738 3075 3884 3126 super

2321 3143 2415 3182 eos
2446 3128 2635 3199 (Num.
2676 3130 2760 3195 ll;
2792 3128 2935 3185 Psal.
2962 3133 3099 3199 77.).
3130 3131 3217 3185 Sic
3244 3132 3407 3185 etiam
3434 3171 3449 3193 ,
3498 3132 3717 3197 quando
3754 3144 3891 3183 more

710 3199 761 3271 9.
790 3199 1044 3271 Quoniam
1076 3216 1141 3252 ex
1170 3201 1308 3252 omni
1337 3184 1667 3252 tiibututioue
1687 3196 1919 3264 eripuisti
1949 3212 2048 3250 me.
2084 3194 2215 3271 ideo
2242 3184 2290 3249 C
2319 3184 2632 3271 ceterarum
2664 3184 2929 3271 gentium,
2951 3184 3075 3271 quin
3097 3184 3331 3255 erantin
3365 3184 3593 3271 circuitu
3612 3242 3629 3265 ,
3660 3216 3835 3271 regem
3863 3215 3887 3251 a

637 3267 745 3340 dixi
779 3269 885 3340 (Ex
911 3271 1239 3340 Augustino),
1274 3272 1395 3338 quia
1428 3271 1620 3323 bonum
1654 3279 1845 3320 nomen
1881 3278 2048 3320 tuum.
2082 3266 2212 3340 Nam

638 3338 683 3393 si
742 3337 840 3393 hoc
888 3337 1097 3407 possem
1152 3337 1688 3395 anteitrihulationes
1726 3352 2035 3404 agnoscere,
2082 3337 2217 3391 forte

638 3407 768 3463 mihi
810 3410 1124 3464 necessaria:
1158 3424 1263 3462 non
1306 3410 1549 3465 fuissent.
1582 3410 1685 3463 Sed
1742 3407 1979 3461 adhibita
2009 3416 2092 3460 est
2123 3411 2215 3460 tri-

636 3478 837 3540 bulatio
884 3482 949 3532 ad
989 3481 1445 3545 admonitionem,
1485 3479 1780 3533 admonitio
1826 3476 1960 3531 facta
2006 3487 2090 3531 est
2147 3478 2212 3531 ad

638 3559 781 3603 tuam
825 3550 1207 3604 laudationem.
1247 3550 1362 3604 Non
1402 3551 1544 3605 enim
1592 3547 1968 3617 intelligerem,
2013 3550 2097 3600 ubi
2135 3563 2215 3600 es-

637 3631 774 3681 sem,
808 3620 907 3673 nisi
948 3620 1013 3675 de
1051 3622 1357 3674 inlirmitate
1396 3636 1509 3674 mea
1551 3619 1856 3674 admonitus
1894 3634 2087 3673 essittn.
2138 3619 2211 3673 Ex

638 3690 889 3742 omnibus
920 3706 1048 3761 ergo
1080 3692 1508 3745 tribulationibus
1546 3690 1787 3757 eripuisti
1829 3704 1933 3743 me.
1970 3689 2034 3741 Et
2063 3706 2215 3761 super

640 3760 870 3813 inimicos
898 3760 1034 3814 meos
1062 3771 1086 3797 α
1119 3762 1347 3829 despexit
1376 3763 1552 3813 oculus
1586 3777 1743 3813 meus.
1776 3762 1948 3825 Super
1983 3761 2101 3813 illos
2130 3760 2215 3812 Zi-

640 3830 820 3895 phzeos
868 3832 1109 3899 despexit
1138 3837 1321 3885 oculus
1355 3848 1524 3886 meus.
1560 3830 1771 3884 Florem
1803 3830 1999 3897 quippe
2027 3845 2210 3882 eorum

639 3902 846 3965 transii,
902 3904 1236 3956 altitudinem
1288 3902 1467 3956 cordis
1509 3902 1573 3955 ad
1618 3910 1669 3954 te
1698 3900 1888 3962 levavi,
1931 3910 1984 3953 et
2026 3915 2212 3967 perve-

641 3972 792 4024 niens
821 3973 941 4026 inde
974 3973 1187 4041 despexi
1231 3988 1395 4040 super
1427 3973 1566 4026 illos.
1617 3972 1682 4024 Et
1710 3971 1837 4032 vidi,
1867 3970 1987 4038 quia
2038 3972 2212 4041 omnis

635 4055 761 4095 caro
795 4041 1014 4110 fustium,
1046 4038 1101 4097 et
1128 4038 1342 4098 claritas
1392 4043 1642 4105 hominis,
1675 4051 1729 4095 ut
1769 4041 1865 4093 ﬂos
1900 4041 2026 4095 [teni
2058 4038 2207 4108 (lsai.

634 4110 777 4185 10.).
813 4112 925 4167 lloc
970 4116 1109 4183 agite
1147 4130 1296 4185 ergo,
1342 4114 1551 4185 fratres,
1586 4129 1707 4167 cum
1772 4112 1965 4185 animis
1998 4112 2207 4166 \’8§U‘i~‘.

635 4182 839 4251 Erigite
878 4182 1249 4238 cordavestra.
1287 4184 1533 4249 Expolite
1564 4185 1730 4237 aciem
1774 4183 1967 4236 mentis
1992 4194 2208 4238 VCall'Il.

638 4252 836 4306 Discite
863 4256 1028 4323 gratis
1077 4254 1302 4324 diligere
1344 4256 1526 4309 Deum.
1574 4254 1769 4308 Discite
1818 4268 2053 4324 phrStﬂlS
2083 4268 2212 4306 cou—

632 4332 874 4378 temnere
903 4324 1157 4379 secutum.
1183 4323 1399 4379 Discite
1441 4325 1735 4377 voluntarie
1775 4323 2076 4377 sacrilicare
2117 4324 2212 4375 ho-

632 4393 789 4446 stiam
821 4395 1008 4448 laudis.
1041 4395 1236 4450 Discite
1257 4397 1413 4449 etiam
1441 4410 1631 4446 nomen
1666 4393 1872 4446 Domini
1897 4392 2212 4451 admirabile

633 4477 697 4516 ac
726 4479 969 4532 magnum
1005 4466 1222 4519 laudare
1253 4477 1305 4518 et
1353 4467 1630 4527 inxocare,
1665 4472 1720 4515 ut
1774 4465 2212 4519 transcendentes

636 4532 820 4588 ﬂorem
851 4535 997 4601 finiti,
1026 4536 1318 4603 respiciatis
1347 4549 1505 4602 super
1526 4533 1771 4588 inimicos
1806 4544 2037 4588 vestros.

1026 4648 1323 4704 TITULUS
1386 4647 1631 4701 PSAIMI
1690 4646 1821 4701 LIV.

854 4737 1019 4799 finem,
1036 4736 1084 4787 iu
1109 4736 1399 4787 carminibus
1425 4734 1688 4785 intellectus
1712 4734 1863 4784 David
1884 4748 1899 4785 :
1926 4735 2217 4799 Intellectus

630 4798 776 4856 hujus
798 4800 962 4857 p~alini
993 4800 1334 4847 attrihuendus
1361 4806 1436 4846 est
1474 4800 1645 4855 David,
1691 4800 1734 4845 id
1761 4805 1856 4857 est,
1885 4798 2076 4846 Christo
2102 4813 2218 4859 per-

629 4861 876 4905 severanti
907 4860 953 4907 in
976 4861 1139 4916 ﬁnem,
1167 4862 1210 4907 id
1238 4868 1330 4918 est,
1375 4862 1421 4906 in
1466 4861 1923 4907 consummationem
1967 4873 2067 4906 sua:
2092 4862 2215 4907 obe-

628 4919 841 4980 dientite.
887 4920 947 4968 Et
983 4922 1074 4968 hoc
1114 4921 1163 4968 in
1200 4920 1511 4980 carminibus,
1541 4922 1584 4966 id
1622 4930 1715 4976 est,
1748 4922 1927 4967 mentis
1952 4921 2213 4970 hilaritate.

630 4979 835 5027 Materia
862 4982 1002 5041 hujus
1023 4982 1186 5041 psalmi
1210 4990 1285 5029 est
1308 4979 1525 5029 tLhristus
1566 4988 1712 5037 totus,
1738 4982 1923 5029 scilicet
1946 4982 2214 5030 secundum

628 5048 775 5104 caput
795 5049 846 5088 et
860 5054 1036 5104 corpus
1057 5043 1117 5089 ab
1144 5044 1319 5104 iniquis
1337 5047 1573 5090 aztlictutu.
1603 5043 1699 5089 Set
1722 5043 2001 5091 liberatum.
2029 5043 2216 5101 PrOpo-

629 5103 704 5148 nit
725 5108 886 5163 autem
907 5102 1045 5150 nobis
1068 5102 1302 5151 membris
1324 5106 1424 5151 suis
1444 5104 1661 5163 Christus
1680 5105 1725 5150 in
1753 5104 1842 5151 hoc
1866 5104 2046 5163 psalmo
2070 5104 2217 5151 intel-

630 5162 901 5229 ligendum,
930 5164 973 5211 id
1001 5171 1098 5223 est,
1128 5178 1220 5212 non
1244 5162 1473 5229 segniter
1490 5166 1735 5229 memoriae
1759 5162 2212 5229 commendandum,

626 5203 937 5285 utDexemp'lo
974 5203 1459 5274 suoqinterua’iﬁ-ers-a
1484 5203 1644 5287 positi,
1669 5203 1815 5285 {3.75
1832 5203 2215 5286 nunvquuuttmudtiali1

625 5287 843 5334 ciamus:
868 5289 955 5335 sed
982 5287 1268 5336 ﬁducialiter
1310 5295 1547 5336 tormenta
1582 5296 1950 5347 percurrentes,
1976 5294 2213 5338 :eternam

625 5360 651 5393 a
689 5348 793 5396 Deo
814 5360 1073 5410 speremus
1111 5352 1581 5409 remunerationem,
1619 5354 1669 5396 et
1694 5348 2070 5397 inrevorabilem
2098 5363 2211 5410 per-

624 5414 942 5471 sequentium
966 5411 1328 5459 damnationem
1350 5410 1621 5459 credamus.
1650 5410 1753 5459 Hoc
1795 5416 1889 5471 est,
1932 5412 2059 5471 quod
2084 5412 2213 5461 circa

625 5470 770 5520 tinem
799 5472 967 5533 psalmi
991 5473 1208 5522 breviter
1230 5475 1528 5530 continetur,
1558 5473 1643 5520 ubi
1664 5471 1843 5534 dicitur
1870 5485 1882 5519 :
1906 5470 2038 5520 Jacta
2062 5485 2212 5534 super

623 5534 868 5581 dominum
892 5546 1054 5583 curam
1079 5540 1229 5584 tuam.
1256 5535 1313 5584 Et
1338 5538 1445 5596 post
1468 5545 1619 5594 pauca
1647 5533 1779 5595 :Ego
1814 5539 1976 5582 autem
2017 5535 2209 5595 speravi

696 4736 739 4786 t.
776 4737 839 4785 In

701 5656 1105 5728 t{.Augustinrus,
1129 5659 1374 5727 respexit,
1407 5673 1526 5711 cum
1556 5656 1791 5728 antiquis
1822 5657 1940 5712 aliis
1961 5657 2205 5713 Psalterii

626 5725 900 5797 codicibus
929 5727 1071 5797 legit.
1122 5725 1337 5793 NoSter,
1361 5725 1453 5783 cui
1500 5725 1731 5797 Vulgath
1766 5730 2050 5795 versionis,
2084 5746 2205 5797 qua:

627 5793 897 5851 Gallicana
931 5793 1097 5869 addit,
1134 5799 1291 5855 lectio
1331 5801 1546 5869 placuit,
1581 5793 1741 5854 etiam
1774 5798 1825 5851 in
1866 5793 2204 5854 enarratione

2320 3269 2429 3325 Deo
2460 3271 2728 3339 petierunt
2759 3288 2773 3325 :
2801 3270 2877 3325 eis
2906 3269 3085 3339 regem
3118 3271 3315 3326 habere
3351 3270 3595 3336 permisit
3636 3269 3883 3338 quidem:

2316 3341 2411 3394 sed
2439 3350 2693 3409 quantum
2720 3356 2905 3395 eorum
2936 3342 3122 3409 petitio
3148 3342 3252 3395 sibi
3282 3340 3631 3408 displiceret,
3660 3342 3881 3395 Samueli

2316 3411 2637 3480 signiﬁcavit
2665 3411 2884 3465 dicens:
2918 3413 3052 3466 Audi
3086 3426 3271 3466 vocem
3306 3411 3488 3479 populi
3533 3412 3585 3463 in
3608 3413 3885 3472 omnibus,

2316 3495 2436 3549 qua:
2464 3482 2751 3549 loquuntur
2774 3484 2888 3535 tibi.
2914 3483 3026 3536 Non
3057 3482 3197 3536 enim
3225 3493 3275 3537 te
3300 3481 3648 3545 abiecerunt,
3675 3482 3767 3535 sed
3792 3495 3885 3541 me.

2318 3566 2386 3605 ne
2414 3566 2629 3620 regnem
2656 3565 2818 3624 super
2840 3567 2937 3608 eos
2960 3554 3035 3621 (l.
3057 3553 3192 3624 Reg.
3218 3552 3317 3620 8.).
3351 3551 3506 3624 Quod
3533 3554 3699 3624 etiam
3729 3561 3882 3624 testa-

2317 3630 2403 3675 tus
2430 3632 2513 3694 es_t
2535 3624 2746 3675 Samuel
2780 3622 2962 3677 dicens
2988 3641 3001 3676 :
3026 3621 3343 3678 Vos-autem
3380 3621 3693 3694 projecistis
3726 3622 3887 3675 Domi-

2316 3706 2441 3744 num
2474 3692 2640 3746 Deum
2672 3703 2905 3746 vestrum
2934 3694 3024 3760 qui
3048 3694 3192 3749 solus
3214 3692 3439 3748 salvavit
3473 3707 3569 3745 vos
3593 3693 3661 3744 de
3686 3695 3886 3744 univer-

2316 3762 2390 3814 sis
2415 3763 2591 3828 malis,
2623 3773 2673 3816 ct
2706 3763 3136 3819 tribulationibus
3162 3765 3354 3819 vestris
3379 3764 3453 3832 (l.
3489 3762 3622 3834 Reg.
3651 3764 3781 3834 10.).
3806 3762 3884 3834 Sic

2314 3845 2443 3900 ergo
2471 3849 2620 3886 suam
2651 3834 2951 3888 orationem
2982 3835 3223 3889 exaudiri
3256 3835 3523 3903 postulat,
3570 3832 3626 3887 ut
3656 3832 3777 3903 ejus
3804 3833 3887 3886 de-

2317 3908 2673 3970 precationem
2697 3903 2836 3957 Deus
2860 3920 2962 3958 non
2984 3902 3278 3971 despiciat:
3305 3904 3397 3958 sed
3422 3902 3701 3957 exauditio
3733 3903 3885 3971 ipsius

2314 3974 2534 4039 gratiam
2561 3974 2718 4027 simul
2747 3976 3035 4039 contineat,
3060 3986 3113 4029 et
3139 3976 3452 4029 utilitatem.
3481 3973 3580 4027 Cui
3611 3974 3887 4029 sententia:

2315 4044 2476 4096 verba
2511 4044 2758 4099 videntur
2784 4060 3108 4114 congruere,
3134 4062 3253 4115 qua:
3282 4054 3603 4115 sequuntur.

2384 4124 2435 4178 5.
2473 4122 2689 4178 Intende
2718 4128 2861 4191 milii,
2892 4138 2938 4179 et
2967 4127 3153 4179 exaudi
3183 4144 3280 4180 me.
3311 4125 3467 4180 Tunc
3488 4130 3632 4181 enim
3663 4124 3793 4178 mihi
3817 4123 3891 4176 in-

2315 4194 2485 4248 tendit
2520 4196 2796 4261 Dominus,
2828 4209 2880 4249 et
2912 4213 3014 4249 non
3047 4198 3219 4250 Stlllll“
3246 4197 3543 4250 orationem
3577 4211 3776 4257 meam,
3801 4193 3886 4247 sed

2316 4281 2402 4319 me
2429 4268 2681 4320 extundit:
2713 4267 2924 4336 quando
2956 4268 3003 4319 id
3032 4270 3172 4335 quod
3200 4282 3299 4334 ego
3330 4268 3565 4335 postulo,
3597 4266 3665 4318 ad
3693 4267 3886 4318 utilita-

2317 4346 2420 4388 tein
2452 4337 2642 4389 animte
2677 4353 2809 4391 mere
2838 4338 3041 4389 tribuit.
3074 4338 3138 4390 Et
3169 4337 3317 4404 quasi
3351 4345 3695 4405 quaereretur
3722 4355 3734 4386 :
3766 4336 3888 4401 Quae

2315 4406 2410 4459 tibi
2438 4407 2747 4468 necessitas,
2769 4417 2825 4459 ot
2852 4410 2928 4461 sic
2958 4417 3009 4461 te
3041 4409 3276 4473 postules
3302 4407 3580 4461 exaudiri?
3613 4405 3889 4459 Contrista-

2315 4486 2398 4527 tus
2426 4492 2539 4528 sum
2565 4478 2775 4546 (inquit)
2805 4479 2857 4530 in
2880 4479 3243 4531 exercitatione
3282 4493 3394 4530 mea
3418 4518 3431 4539 ,
3482 4486 3527 4529 et
3572 4479 3893 4530 conturbatus

2241 4574 2295 4635 Β
2318 4563 2427 4627 sum
2442 4547 2634 4635 r[\lers.
2660 4546 2737 4618 4.]
2765 4564 2796 4599 a
2815 4565 2932 4600 voce
2953 4549 3163 4635 inimici,
3190 4557 3236 4601 et
3239 4565 3292 4635 Ia.
3311 4546 3644 4629 tribulatione
3665 4554 3889 4635 peccato-

2320 4618 2409 4669 ris.
2441 4618 2721 4669 Dominum
2757 4628 2991 4670 nostrum
3024 4618 3206 4671 .Iesum
3237 4618 3510 4671 Christum
3549 4620 3601 4670 iii
3624 4618 3886 4671 exercita-

2323 4687 2466 4741 tione
2515 4688 2775 4754 passionis
2815 4701 2924 4739 sure
2975 4689 3177 4741 inimici
3214 4688 3383 4743 Judaei
3433 4687 3805 4742 tnaledicendo
3841 4693 3889 4739 et

2323 4757 2623 4810 tribulando
2652 4758 3126 4823 contristaverunt,
3151 4768 3201 4813 et
3225 4758 3715 4812 eonturbaverunt.
3744 4756 3889 4813 Unde

2321 4828 2435 4894 ipse
2463 4828 2574 4881 ait:
2609 4828 2800 4882 Tristis
2842 4838 2923 4882 est
2971 4831 3145 4882 anima
3179 4844 3295 4882 mea
3338 4828 3509 4895 usque
3551 4829 3621 4881 ad
3668 4838 3887 4883 mortem

2321 4896 2537 4963 (Matth.
2568 4897 2707 4967 26.).
2743 4900 2930 4953 Adhuc
2974 4898 3230 4953 Ecclesnae
3278 4899 3479 4952 inimici
3532 4915 3642 4953 non
3688 4904 3890 4953 cessant

2320 4968 2594 5035 membris,
2641 4978 2734 5023 aut
2779 4970 2916 5022 mala
2966 4969 3171 5032 facere,
3221 4969 3266 5023 si
3316 4978 3566 5037 possunt,
3592 4978 3687 5022 aut
3713 4973 3757 5023 si
3789 4981 3884 5021 non

2320 5048 2583 5105 possunt,
2618 5040 2703 5094 vel
2754 5040 3035 5110 detrahere
3072 5050 3127 5093 et
3176 5042 3458 5110 derogare.
3503 5038 3640 5093 illnc
3694 5042 3743 5110 in
3787 5038 3886 5091 alio

2318 5109 2524 5231 psalmo
2545 5110 2757 5190 dicitur,
2783 5109 3369 5191 Qui_retribuunt.tnal.i
3402 5111 3685 5191 probonis
3711 5109 3882 5163 detra-

2336 5179 2517 5231 iebant
2546 5183 2671 5231 mihi
2699 5178 2867 5231 (Psal.
2890 5180 3026 5231 07.).
3056 5180 3121 5231 Et
3159 5181 3280 5231 alibi
3308 5197 3323 5231 :
3357 5180 3413 5231 ln
3446 5181 3679 5231 idinsum
3710 5180 3882 5231 adver-

2336 5179 2517 5232 tebant
2546 5180 2671 5231 mihi
2699 5178 2867 5248 (Psat.
2890 5178 3026 5245 57.).
3056 5180 3121 5232 Et
3159 5181 3280 5233 alibi
3308 5197 3323 5233 :
3357 5180 3413 5233 ln
3446 5181 3679 5248 idipsum
3710 5180 3885 5233 adver-

2316 5263 2433 5302 sum
2466 5264 2550 5303 me
2580 5251 2931 5303 susurrabant
2958 5266 3142 5302 omnes
3177 5250 3378 5305 inimici
3418 5254 3521 5305 mei
3556 5268 3571 5304 :
3600 5253 3873 5304 adversum

2317 5333 2403 5372 me
2433 5319 2736 5390 cogitabant
2776 5321 2911 5373 mala
2945 5321 3096 5374 mihi.
3133 5319 3369 5374 Verbum
3408 5321 3649 5390 iniquum
3696 5318 3880 5375 consti-

2316 5396 2531 5461 tuerunt
2556 5388 2863 5461 adversum
2914 5406 3027 5454 me,
3078 5401 3180 5445 etc.
3214 5392 3387 5461 (l’sat.
3422 5388 3564 5461 ιοζ).
3601 5392 3678 5445 De
3700 5390 3878 5460 quibus

2317 5460 2479 5528 288
2504 5458 2680 5513 adhuc
2703 5461 2950 5515 subditur
2979 5477 2993 5512 :
3026 5458 3296 5525 Quoniam
3320 5458 3786 5515 declinaverunt‘in
3813 5471 3879 5509 uie

2314 5530 2628 5597 iniquitates.
2659 5529 2975 5586 Accusando
3002 5541 3055 5585 et
3083 5533 3443 5600 criminando,
3473 5534 3615 5588 sicut
3635 5534 3875 5601 scriptum

2312 5640 2549 5743 subnexa
2571 5662 3007 5743 Augustinianam
3036 5662 3320 5743 lectionem
3354 5666 3406 5719 in
3446 5667 3669 5743 despexit
3699 5669 3877 5725 mutat,

2311 5736 2519 5805 quin_et
2544 5736 2725 5786 sensui
2759 5748 2857 5787 suo
2884 5742 3036 5805 aptat
3081 5736 3134 5787 in
3165 5738 3641 5805 consequentibus.

2384 5800 2408 5838 ι’
2439 5802 2687 5859 Fortasse
2725 5800 2939 5873 promit,
2964 5804 3119 5871 idest,
3153 5817 3353 5862 narrat.
