4098 6356
226 285 239 293 ’
294 312 390 369 861

1292 317 1357 374 IN
1397 314 1711 375 PSALMOS
1750 311 1940 369 LXXV
1979 311 2539 371 COMMENTARIUS.

3441 323 3543 379 862

292 436 415 502 est:
444 427 801 502 Nonnerbene
827 429 1085 502 dicimus,
1104 429 1238 502 quia
1276 429 1644 502 Samaritanus
1675 442 1734 502 es
1756 472 1768 489 .
1812 436 1867 481 et
1897 424 1948 484 Α
1974 437 2306 502 nem,_atque
2336 429 2601 502 intimare
2630 428 2723 484 Dei
2745 431 3112 502 requiescere.
3145 432 3209 487 Et
3230 430 3538 502 frequenter

291 500 613 571 da‘nionium
646 501 808 554 habes
837 500 1019 571 (Joan.
1044 501 1159 569 8.)?
1186 499 1255 571 Et
1294 501 1347 552 in
1386 501 1464 551 ira
1494 500 1693 552 molesti
1721 510 1863 571 erant

289 571 437 623 mihi.
460 570 827 633 Verberando,
848 569 1233 639 Vcolapliizando
1259 578 1346 623 :et
1369 585 1472 622 non
1502 572 1663 635 juste,
1693 569 1784 621 sed
1812 570 1861 619 iii

291 641 395 704 ira,
428 641 479 694 id
501 649 604 705 est,
637 650 854 709 propter
880 641 1012 694 iram
1040 655 1211 693 suam.
1236 640 1502 705 Scriptum
1524 651 1601 709 est
1629 640 1824 705 quippe
1847 658 1860 694 :

292 712 393 764 Fili
445 707 711 765 accedens
737 707 805 763 ad
838 714 1152 763 servitutem
1185 709 1317 775 Dei,
1361 719 1439 761 sta
1492 710 1543 760 in
1572 707 1777 774 jttslilia
1810 716 1865 761 et

292 782 523 844 timore,
574 792 629 833 et
678 795 914 848 praepara
966 782 1195 832 animam
1237 790 1378 833 tuam
1404 777 1469 831 ad
1512 780 1862 830 tentationem

292 849 517 921 (Erclcs.
546 849 647 918 2.).
679 850 791 903 Non
821 850 895 902 ait
923 851 986 902 ad
1018 850 1327 921 qnietemiet
1358 850 1699 921 securitatem
1722 848 1861 921 ,‘sed

291 915 360 973 ad
392 915 636 974 timorem
664 930 715 973 et
746 921 810 972 ad
838 915 1204 972 tentationem.
1237 920 1434 973 Omnes
1461 917 1603 970 enim
1627 956 1640 975 .
1665 916 1756 981 qui
1782 915 1864 982 pic

295 991 488 1043 volunt
527 991 707 1043 vivere
756 990 809 1041 in
842 988 1059 1043 Christo
1087 1030 1100 1053 ,
1134 988 1563 1057 persecutionem
1595 988 1865 1057 patiuntur

293 1059 375 1128 (ὲ.
410 1060 544 1112 Tim.
572 1060 673 1128 3.).
710 1060 782 1112 De
802 1058 960 1125 justis
984 1062 1141 1112 etiam
1175 1059 1297 1112 alibi
1326 1060 1405 1111 sic
1432 1056 1656 1124 Sapiens
1688 1056 1864 1128 loqui-

294 1127 384 1183 tur
412 1145 429 1184 :
459 1127 738 1183 :Estintata
770 1136 851 1182 est
889 1129 1107 1182 afflictio
1131 1170 1145 1192 ,
1193 1133 1376 1181 exitus
1430 1129 1638 1181 illorum
1670 1144 1684 1180 :
1716 1139 1768 1179 et
1800 1127 1868 1180 ali

293 1200 490 1253 itinere
514 1200 657 1268 justo
687 1200 925 1252 abierunt
960 1199 1010 1251 in
1042 1199 1419 1253 exterminium
1450 1198 1604 1265 (Sap.
1636 1196 1737 1265 5.).
1775 1197 1863 1251 Si-

293 1271 498 1324 militer
527 1281 578 1324 et
611 1270 933 1333 Apostolus:
962 1269 1197 1335 Lapidaii
1230 1279 1377 1333 sunt,
1404 1270 1536 1321 secti
1569 1278 1714 1329 sunt,
1753 1277 1869 1319 ten-

296 1340 392 1392 tati
417 1350 563 1403 sunt,
596 1339 646 1392 in
674 1339 941 1393 occisione
962 1339 1119 1405 gladii
1147 1343 1336 1393 mortui
1368 1347 1516 1401 sunt,
1542 1338 1866 1391 circuierunt

294 1411 351 1463 in
384 1411 618 1474 meloiis,
646 1410 696 1462 in
731 1410 955 1474 pellibus
977 1411 1237 1475 caprinis,
1272 1420 1521 1478 egentes,
1552 1407 1863 1478 angustiati,

293 1480 479 1551 afﬂicti
509 1478 696 1551 (Hebr.
732 1479 872 1551 13.).
900 1479 1137 1547 Insuper,
1198 1488 1252 1532 et
1288 1476 1400 1551 ipse
1431 1476 1781 1551 SalvatorAde
1811 1492 1870 1530 se

296 1551 417 1616 ipso
447 1546 671 1617 loquens
705 1550 806 1602 ait:
833 1546 1157 1603 Noniielitec
1185 1549 1414 1617 oportuit
1440 1548 1546 1617 pati
1574 1546 1866 1611 Christum,

294 1633 348 1672 et
379 1620 450 1672 ita
483 1620 684 1673 intrare
725 1622 773 1671 in
814 1620 1035 1688 gloriam
1084 1636 1232 1673 suam
1280 1619 1432 1688 (Luc.
1473 1617 1626 1685 9.4.)?
1657 1618 1737 1669 Ad
1770 1621 1870 1670 hoc

296 1690 557 1761 pertin‘et,
582 1689 721 1756 quod
752 1690 1095 1756 subjunctnm
1127 1700 1203 1743 est
1241 1705 1254 1743 :
1472 1750 1481 1761 ,

367 1761 423 1813 5.
454 1757 553 1813 Cor
582 1776 747 1811 meum
772 1761 1118 1811 conturbatum
1145 1770 1215 1811 est
1233 1761 1282 1812 in
1305 1775 1402 1825 me,
1426 1757 1480 1809 et
1496 1758 1718 1824 formido
1734 1775 1871 1811 mor-

298 1830 364 1882 tis
385 1830 565 1882 cecidit
591 1847 744 1895 super
767 1845 862 1882 me.
899 1830 1032 1883 Hinc
1060 1832 1314 1895 Scriptum
1344 1842 1425 1881 est
1450 1830 1500 1880 irt
1535 1830 1825 1899 Evatigelio
1851 1846 1863 1880 :

298 1900 471 1966 Οωρὶι
506 1915 700 1969 pavere
719 1940 734 1965 ,
768 1901 965 1953 taedere
991 1912 1039 1953 et
1071 1900 1237 1952 tristis
1265 1915 1384 1952 esse
1411 1899 1565 1969 .Iesus
1588 1942 1601 1964 ,
1629 1910 1681 1952 et
1711 1914 1869 1967 ange-

298 1970 383 2022 lus
416 1968 624 2023 Domini
665 1969 1001 2022 confortabat
1039 1986 1159 2021 eum
1192 1969 1343 2038 (Luc.
1375 1968 1515 2034 29.).
1544 1971 1645 2023 Nec
1694 1980 1869 2022 tamen

300 2042 457 2094 nobis
485 2040 808 2094 credendum
851 2049 951 2103 est,
984 2048 1040 2092 ut
1064 2040 1391 2107 Redemptor
1431 2048 1630 2100 rio~ter,
1659 2040 1747 2107 qui
1780 2054 1870 2107 po-

302 2121 551 2164 testatem
586 2110 813 2162 habebat
846 2112 1070 2175 ponendi
1116 2110 1346 2161 animam
1379 2124 1527 2160 suam
1552 2148 1567 2171 ,
1595 2124 1643 2161 ci
1682 2119 1867 2161 iterum

298 2181 542 2234 sumendi
592 2194 709 2233 eam
755 2178 932 2240 (Joan.
982 2181 1113 2247 10.),
1168 2188 1421 2245 quantum
1472 2181 1534 2231 ad
1590 2195 1867 2243 personam

297 2264 450 2303 suam
484 2251 643 2302 ullam
674 2260 859 2303 mortis
880 2249 1150 2303 habuisset
1175 2250 1533 2302 formidinem.
1556 2248 1655 2301 Sed
1679 2263 1871 2303 secun-

297 2321 426 2374 dnin
450 2319 683 2374 membra
717 2334 810 2373 sua
845 2320 944 2373 hoc
972 2320 1167 2373 dictum
1194 2319 1479 2383 accipimus
1504 2336 1516 2370 :
1541 2334 1657 2387 qua:
1685 2334 1872 2386 quain-

299 2390 384 2443 vis
413 2392 464 2443 iri
492 2391 680 2458 spiritu
720 2390 873 2443 fortia
905 2390 1045 2454 sint,
1079 2400 1255 2443 tamen
1289 2390 1409 2456 quia
1450 2404 1576 2441 caro
1605 2397 1687 2440 est
1718 2390 1869 2443 infir-

298 2476 387 2514 ma
410 2461 624 2530 (illattli.
650 2459 787 2524 26.),
812 2460 1087 2513 turbantur
1104 2460 1388 2530 aliqiiando
1408 2460 1546 2530 inter
1574 2474 1631 2510 se
1656 2468 1873 2527 propter

299 2528 539 2598 poenam,
560 2542 613 2585 et
634 2530 821 2586 mortis
850 2532 1259 2585 amaritudinem
1284 2528 1489 2583 timent.
1524 2529 1748 2596 Propter
1772 2532 1871 2584 hoc

297 2601 481 2656 subdit
510 2619 523 2653 :

378 2671 430 2723 ti.
465 2670 637 2724 Timor
680 2679 725 2724 et
765 2682 955 2725 tremor
996 2679 1238 2725 tie-ierunt
1267 2686 1419 2737 super
1452 2685 1551 2721 me.
1595 2668 1778 2722 Timor
1806 2669 1873 2723 ad

302 2741 537 2793 animam
565 2757 578 2794 :
612 2753 810 2795 tremor
837 2742 903 2795 ad
932 2756 1126 2809 corpus
1156 2740 1342 2794 referri
1377 2748 1573 2806 potest.
1607 2739 1740 2792 Hinc
1763 2750 1868 2805 est,

302 2812 446 2877 quod
478 2814 591 2879 ipse
620 2812 690 2863 ait
724 2830 733 2863 ;
771 2813 835 2864 Mi
871 2812 1047 2869 f‘ater.
1090 2812 1134 2863 si
1176 2810 1426 2876 possibile
1474 2819 1557 2862 est
1581 2849 1596 2869 ,
1645 2809 1873 2863 transfer

299 2878 520 2935 calicem
551 2882 707 2934 isltllil
733 2897 760 2933 a
785 2898 866 2933 ine
893 2882 1105 2951 (Matth.
1125 2880 1267 2947 ‘26.).
1297 2878 1467 2945 Atque
1486 2889 1543 2930 ut
1563 2894 1619 2932 sc
1645 2880 1873 2933 maxime

302 2952 499 3004 timore
529 2953 789 3019 percitum
832 2956 993 3006 tuisse
1034 2952 1379 3012 ostenderet,
1411 2963 1514 3001 nor.
1552 2951 1872 3019 setnellan-

300 3030 446 3085 tum,
494 3021 587 3073 sed
639 3032 718 3073 ter
770 3026 982 3086 oravit,
1044 3024 1271 3074 eundern
1326 3034 1628 3072 Sermonem
1685 3018 1873 3073 dicens

299 3090 519 3158 (Matth.
567 3090 682 3159 26.)
712 3111 721 3141 :
754 3103 809 3145 et
852 3093 1011 3144 etiam
1064 3091 1115 3143 in
1169 3091 1353 3157 agonia
1410 3090 1578 3141 lactus
1617 3090 1874 3157 prolixius

299 3161 490 3215 (trahat
519 3178 533 3213 :
564 3170 617 3215 et
647 3165 812 3215 tactus
862 3173 943 3215 est
992 3166 1154 3215 sudor
1181 3176 1314 3225 ejus,
1344 3160 1480 3212 sicut
1528 3168 1688 3227 guttai
1741 3176 1868 3212 sau-

298 3231 478 3301 guinis
528 3230 859 3286 decorrentis
883 3233 934 3285 in
984 3242 1174 3286 terram
1209 3231 1360 3299 (Luc.
1388 3230 1527 3297 22.).
1558 3229 1680 3301 Haec
1709 3230 1869 3285 etiam

304 3303 466 3355 verba
518 3304 634 3369 plus
680 3306 947 3369 pertinent
980 3304 1045 3355 ad
1076 3308 1342 3365 rnenitira,
1371 3314 1527 3366 quam
1580 3300 1646 3352 ad
1692 3312 1867 3367 caput.

304 3371 372 3424 Et
402 3382 727 3425 contexerant
758 3388 833 3425 me
874 3376 1104 3425 teneone.
1152 3374 1203 3423 lil
1248 3381 1351 3437 est,
1388 3370 1553 3422 Judiei
1603 3372 1873 3423 tenebrosi

304 3452 354 3496 et
405 3445 554 3496 eieci.
594 3443 702 3495 Nisi
747 3447 886 3495 enim
936 3445 1063 3495 cmci
1094 3444 1350 3506 fuissent,
1383 3452 1436 3493 et
1472 3438 1752 3493 diabolicis
1796 3449 1874 3495 te-

302 3514 487 3565 nebris
544 3514 880 3576 oliunibrati,
924 3513 1110 3566 saltent
1156 3528 1220 3565 ex
1278 3510 1435 3562 tantis
1483 3512 1765 3563 Virtutibus
1819 3519 1874 3565 et

302 3583 578 3636 rniracul's
631 3583 902 3634 Christum
953 3598 1281 3651 cognoscere
1334 3580 1634 3647 potuissent
1689 3578 1867 3649 (Joan.

304 3654 444 3717 10.).
494 3652 582 3705 Vri
628 3656 677 3706 iii
736 3668 847 3713 eo,
910 3650 1047 3717 quod
1102 3655 1204 3716 ait,
1255 3650 1361 3705 Cur
1416 3664 1590 3702 rrieum
1657 3660 1873 3703 cuntur-

302 3722 484 3776 batum
543 3733 624 3777 est
682 3726 815 3775 intra
870 3742 987 3783 me,
1044 3736 1214 3792 potest
1263 3726 1339 3775 ira
1391 3721 1635 3789 intelligi,
1668 3724 1733 3774 de
1767 3738 1871 3791 qua

301 3793 502 3846 dicitur
549 3792 717 3845 alibi:
770 3794 1028 3845 Turbatus
1080 3802 1163 3847 est
1210 3808 1315 3861 pra:
1366 3792 1443 3844 ira
1483 3794 1666 3843 oculus
1722 3807 1872 3845 meus

301 3862 479 3932 (Psal.
506 3862 606 3921 6.).
642 3864 705 3917 Ει
735 3865 777 3915 si
812 3866 995 3916 oculus
1030 3866 1267 3916 turbatus
1293 3871 1375 3916 est
1400 3906 1414 3929 ,
1446 3864 1569 3928 quid
1602 3864 1873 3930 sequitur?

301 3936 371 3989 Et
394 3937 619 3988 formido
647 3936 833 3987 mortis
862 3938 1051 3987 cecidit
1081 3949 1240 4002 super
1285 3949 1368 3985 uie
1396 3951 1408 3984 :
1444 3933 1548 3984 vita
1583 3948 1759 3985 nostra
1792 3934 1874 3986 di-

306 4006 505 4068 lectio,
536 4020 678 4057 mors
709 4004 888 4055 odium
918 4015 1016 4057 est.
1056 4004 1186 4056 Cum
1236 4003 1459 4069 cmperit
1491 4003 1650 4054 homo
1683 4003 1871 4058 timere

301 4091 369 4129 ne
390 4076 567 4129 oderit
595 4090 749 4143 quem
791 4074 1060 4141 diligebat,
1094 4082 1315 4126 mortem
1342 4075 1510 4135 timet,
1540 4082 1593 4123 et
1615 4074 1871 4126 acriorem

302 4154 531 4199 mortem
564 4159 616 4199 et
648 4146 973 4207 interiorem,
1000 4158 1098 4211 qua
1129 4144 1396 4196 occiditur
1423 4144 1596 4193 anima
1628 4156 1731 4194 non
1756 4158 1873 4195 cor-

302 4231 426 4283 pus.
458 4216 583 4269 lude
629 4223 805 4279 timor,
858 4226 911 4268 et
957 4224 1157 4267 tremor
1187 4220 1445 4267 venerunt
1480 4226 1642 4283 super
1665 4227 1786 4283 tne,
1818 4220 1872 4266 et

304 4280 666 4341 contexerunt
696 4300 782 4339 ine
815 4285 1068 4338 tenebras.
1099 4284 1357 4348 Quoniam
1390 4283 1477 4351 qui
1509 4281 1617 4333 odit
1658 4280 1872 4335 fratrem

301 4372 457 4411 suum
490 4400 505 4423 ,
541 4356 593 4409 in
639 4354 871 4407 tenebris
905 4363 987 4408 est
1016 4357 1092 4420 (1.
1118 4353 1275 4410 Joan.
1300 4352 1403 4422 2.).
1435 4354 1497 4405 lit
1527 4352 1649 4420 quid
1681 4353 1779 4405 sibi
1802 4361 1877 4405 ait

304 4427 357 4479 in
388 4428 474 4480 illa
505 4426 907 4487 exercitatione,
940 4435 991 4477 et
1022 4425 1331 4478 infirmitate
1357 4423 1597 4493 positus?

375 4496 530 4585 7.1L}
561 4496 692 4585 duci,
720 4498 841 4575 Qus
868 4496 1161 4585 dubitantiht;
1193 4490 1567 4585 peiint'iE-hsicut
1590 4490 1867 4585 columbis,
1903 4528 1949 4585 Β

300 4578 348 4621 et
373 4570 574 4635 volabo,
604 4577 652 4620 ct
683 4584 719 4617 ri
738 4566 1035 4633 quiescam?
1064 4567 1118 4618 In
1150 4566 1247 4617 hac
1283 4565 1621 4617 tribulatione
1644 4577 1747 4614 non
1771 4564 1865 4635 de-

302 4641 549 4704 speravi,
582 4638 675 4691 sed
712 4637 821 4689 dixi
850 4678 863 4699 ,
908 4636 957 4688 id
988 4644 1096 4700 est,
1130 4636 1200 4689 ita
1232 4635 1441 4689 Patrem
1474 4646 1645 4686 meum
1678 4634 1825 4685 orati
1856 4650 1869 4687 :

302 4709 583 4763 liesuscita
607 4723 692 4761 inc
718 4708 869 4760 l‘ater
889 4708 1024 4773 apud
1058 4704 1411 4772 temetipsum.
1434 4704 1563 4755 Nam
1596 4705 1712 4765 quis
1738 4704 1873 4757 alius

304 4789 498 4841 praeter
529 4788 600 4843 te,
630 4778 756 4830 mihi
787 4777 1037 4830 existenti
1066 4780 1204 4828 sicut
1227 4774 1485 4827 columbi:
1511 4814 1525 4837 ,
1556 4775 1608 4825 id
1637 4783 1760 4837 est,
1794 4776 1873 4827 in-

304 4848 520 4903 nocenti
549 4859 599 4901 et
635 4848 752 4900 sine
789 4847 912 4899 lelle
940 4845 1309 4898 amaritudinis
1330 4888 1343 4908 ,
1374 4844 1520 4897 datiit
1547 4858 1747 4910 pennas
1766 4883 1781 4907 ,
1814 4844 1866 4899 id

304 4929 422 4983 est,
468 4918 759 4987 agilitatem
793 4927 844 4968 ct
883 4916 1317 4982 possibilitatem,
1341 4923 1395 4968 et
1431 4917 1651 4987 volabo,
1682 4915 1870 4987 idest,

304 4991 469 5059 269
496 4983 732 5059 transibo
758 4988 823 5039 de
847 4992 945 5039 hoc
974 4988 1168 5059 mundo
1194 4986 1260 5039 ad
1286 4987 1494 5059 Pati-ein
1528 4983 1705 5059 (loqu.
1732 4985 1869 5059 13.),

305 5054 624 5114 d—evl'udaico
654 5058 850 5125 populo
876 5059 941 5109 ad
971 5056 1235 5109 Gentilein
1256 5095 1271 5123 ,
1304 5067 1359 5110 et
1403 5055 1476 5107 ibi
1511 5054 1872 5122 requiescam?

309 5128 377 5181 Et
400 5144 505 5183 non
538 5129 873 5181 iI‘llSlf'ublllll’
895 5127 1067 5178 oratio
1096 5140 1231 5178 mea.

374 5200 429 5256 8.
463 5197 594 5251 Nam
616 5196 746 5249 Ecce
768 5197 997 5264 elongan
1014 5197 1231 5266 fugiens,
1247 5204 1293 5247 ct
1314 5196 1476 5249 mansi
1500 5195 1551 5247 it
1579 5194 1870 5250 solitudine.

290 5266 361 5324 In
392 5271 675 5323 manifesto
704 5278 807 5333 est,
839 5268 979 5335 quod
1006 5283 1105 5335 ego
1137 5267 1364 5335 fugiens,
1392 5266 1546 5331 idest,
1574 5266 1821 5335 celeriter
1841 5282 1872 5321 a

314 5352 483 5393 tnorte
530 5334 1122 5406 resurgetis,’elougavi
1167 5334 1419 5390 iiiuudnin
1472 5341 1555 5389 vel
1593 5334 1869 5391 Jndaicuut

315 5410 595 5488 populum,
614 5420 669 5462 et
699 5410 865 5488 iii-arisi
886 5408 951 5488 .in
975 5407 1278 5488 solitudine,
1308 5408 1480 5487 idest,
1513 5408 1563 5458 in
1586 5408 1747 5485 Caelo,
1783 5408 1865 5462 vel

312 5478 360 5531 in
384 5478 709 5533 Gentilitate.
744 5478 1055 5531 Desiderant
1080 5479 1245 5531 sancti
1271 5478 1368 5531 viri
1397 5492 1596 5545 pennas
1614 5478 1752 5531 sicut
1772 5492 1867 5531 co-

313 5548 529 5611 lumine,
565 5547 702 5601 idest
723 5588 737 5611 ,
765 5547 1067 5614 sjiirituales
1096 5548 1344 5614 virtutes,
1381 5560 1435 5602 ut
1458 5558 1637 5602 mente
1670 5549 1868 5603 relictis

315 5620 537 5673 terrenis
586 5622 763 5671 volare
796 5619 993 5685 possint
1025 5634 1116 5686 per
1140 5619 1406 5673 cariestetn
1451 5621 1861 5689 contemplatio-

1968 499 2091 618 Fins
2122 500 2375 553 Dominus
2398 499 2582 567 implet
2609 499 2928 554 desiderium
2961 517 3169 569 eorum,
3202 514 3258 556 ut
3288 499 3534 575 elongent

1992 569 2231 618 traietiles
2263 571 2521 618 tumultus
2543 571 2835 618 carnalium
2862 572 3260 618 cogitationum-
3290 585 3447 618 ntmm
3476 579 3527 618 in

1992 569 2231 643 ugieutes
2263 571 2521 623 tumultus
2543 571 2835 643 carnalium
2862 572 3262 641 cogitationum,
3290 569 3447 643 atqu};
3476 579 3527 631 in

1968 638 2257 709 solitudine
2288 649 2563 703 maneant,
2596 639 2760 703 idest,
2793 642 2842 694 in
2875 638 3052 709 quiete
3082 645 3274 697 mentis
3302 638 3411 699 sui:
3440 647 3526 701 des

1969 708 2287 785 lectabiliter
2310 711 2669 785 requiescant.
2703 712 2763 763 Et
2793 722 2847 765 ut
2872 708 2971 785 hoc
2999 713 3126 765 mihi
3166 714 3532 785 con'ingeret,

1969 792 2076 830 non
2107 779 2441 832 confidebam
2468 782 2520 833 in
2551 780 2753 834 viribus
2782 783 2935 834 meis.

2011 917 2022 927 .
2040 847 2094 927 9τ
2128 846 2501 927 Exspectabam
2527 866 2663 919 eum,
2693 852 2780 919 qui
2806 852 2996 927 salvum
3017 870 3092 906 nte
3120 854 3235 923 fecit
3266 871 3297 907 a
3326 855 3538 925 pusilla-

1967 918 2203 992 niinitate
2231 921 2465 992 spiritus.
2488 929 2543 992 et
2574 918 2895 987 tempestate,
2933 924 2981 977 id
3023 918 3134 989 esr,
3178 918 3335 992 spem'
3368 941 3538 980 meam

1971 987 2232 1062 ponebam
2263 988 2314 1041 in
2351 989 2589 1062 D_omino,
2625 992 2710 1057 qui
2738 994 2961 1045 salvavit
2990 1008 3096 1055 me,
3123 987 3412 1048 Vne‘fierein
3444 1012 3534 1062 pu-

1977 1056 2103 1129 sillo
2134 1056 2334 1129 animo.
2372 1057 2437 1111 Et
2468 1075 2498 1110 a
2524 1056 2830 1129 tempestate,
2862 1064 3015 1122 idest.
3042 1064 3109 1116 ab
3129 1065 3271 1118 omni
3303 1056 3538 1119 commo-

1971 1127 2135 1202 tione.
2170 1127 2670 1202 Pnsillanimitatein
2703 1133 2918 1199 spiritus
2940 1134 3121 1188 habuit
3145 1136 3351 1199 Petrus,
3371 1150 3539 1202 quan—

1970 1195 2039 1248 do
2084 1208 2297 1275 ve.ntu_r_n
2348 1198 2685 1275 validum_et
2729 1195 3306 1275 inarisgtenipestateni
3340 1195 3544 1257 videns

1970 1266 2206 1341 expavit.
2242 1266 2305 1320 Et
2336 1284 2454 1322 cum
2480 1270 2732 1341 cepisset
2758 1272 2947 1339 mergi,
2972 1266 3289 1341 adiutorium
3312 1276 3391 1327 sui
3422 1276 3539 1327 Sal-

1970 1337 2174 1390 vatoris
2227 1344 2591 1405 exspectabat.
2642 1340 2797 1393 Unde
2845 1337 2899 1395 et
2942 1337 3245 1397 clamabat:
3282 1345 3543 1408 Domine,

1970 1409 2177 1481 salvum
2232 1422 2319 1461 me
2367 1409 2469 1462 fac.
2506 1410 2569 1463 Et
2596 1410 2896 1464 extendens
2928 1411 3081 1466 Iesus
3110 1430 3322 1468 manum
3355 1429 3546 1481 appre-

1971 1475 2157 1529 hendit
2178 1494 2299 1531 eum
2329 1488 2495 1547 atque
2524 1494 2553 1532 a
2596 1481 3033 1547 pusillanimitate
3083 1484 3301 1549 spiritus
3329 1475 3546 1538 et't'em-

1971 1556 2181 1619 pestate
2209 1549 2441 1619 salvavit
2474 1564 2616 1603 eum.
2649 1551 2713 1602 Et
2745 1560 2917 1603 tamen
2947 1554 3292 1619 reprehendit
3320 1556 3543 1612 dicens:

1972 1616 2196 1669 Modica;
2228 1618 2348 1692 fidei
2385 1633 2555 1692 quare
2583 1620 2834 1692 dubitasti
2869 1616 3081 1690 (Matth.
3120 1622 3269 1687 14.)?
3296 1626 3383 1678 Sic
3424 1626 3541 1692 ple-

1973 1701 2207 1760 rumque
2242 1688 2396 1760 electi
2426 1702 2545 1740 cum
2579 1690 2780 1744 validas
2813 1688 3159 1745 tentationum
3203 1688 3545 1760 impulsiones

1972 1755 2173 1832 viderit,
2200 1772 2262 1832 ex
2290 1758 2596 1813 inﬁrmitate
2618 1760 2776 1812 animi
2801 1769 3164 1832 tempestatem
3183 1772 3235 1817 et
3254 1755 3545 1832 periculurn

1973 1826 2159 1880 salutis
2183 1829 2388 1890 timent,
2418 1837 2471 1881 et
2495 1832 2575 1882 sic
2603 1832 2764 1897 mergi
2793 1826 3050 1898 incipiunt
3077 1850 3089 1883 :
3114 1834 3207 1887 sed
3235 1826 3406 1886 tamen
3434 1848 3539 1887 non

1977 1908 2219 1964 pereunt,
2242 1900 2378 1970 quia
2404 1908 2781 1970 exspectantes
2808 1911 2861 1953 et
2889 1911 3129 1970 petentes
3171 1905 3431 1956 auxilium
3467 1905 3546 1957 di-

1976 1969 2098 2018 viiiu
2126 1985 2151 2017 ii
2183 2009 2198 2033 ,
2251 1968 2381 2020 salvi
2434 1969 2583 2020 fiunt.
2634 1969 2737 2024 Sed
2784 1968 2921 2023 sicut
2972 1974 3070 2039 ipsi
3120 1976 3414 2037 salvantur,
3469 1976 3545 2026 ita

1973 2039 2519 2113 econtrarioreprolii
2546 2040 2949 2113 tleirierguutnr.
2978 2044 3051 2095 De
3089 2045 3282 2111 quibus
3314 2042 3545 2113 prophe-

1980 2109 2141 2179 tando
2172 2106 2434 2179 protinus,
2466 2120 2520 2162 et
2550 2106 2753 2161 orando
2782 2111 3053 2179 subjungit
3080 2128 3092 2163 :

2051 2177 2138 2251 10.
2176 2177 2453 2245 Praecipua
2471 2220 2495 2251 ,γ
2531 2178 2778 2245 Domine,
2819 2177 3069 2234 elidivide
3116 2184 3315 2251 linguas
3350 2199 3543 2236 eorum.

1975 2245 2072 2309 Qui
2102 2262 2161 2301 se
2192 2252 2327 2323 male
2356 2250 2683 2323 extulerunt.
2719 2251 2948 2323 Expedit
2986 2253 3063 2303 eis
3097 2245 3206 2319 (Εαὶ
3238 2255 3544 2323 Augits'ino)

1977 2326 2033 2367 ut
2063 2317 2477 2391 praecipitentur
2502 2322 2639 2391 :__qiii
2662 2317 2814 2374 male
2837 2317 3299 2391 conspiraverunt,
3319 2317 3545 2389 expedit

1978 2395 2035 2439 ut
2062 2390 2251 2456 lingua:
2285 2402 2469 2462 eorum
2500 2388 2825 2443 dividantur.
2851 2388 3075 2457 Quidam
3118 2408 3209 2459 per
3239 2388 3542 2462 superbiam

1975 2458 2583 2527 construxeruntaltam
2619 2463 2828 2527 turrim,
2859 2471 2913 2514 et
2945 2458 3200 2515 Dominus
3228 2458 3403 2516 divisit
3443 2465 3545 2517 lin—

1974 2541 2102 2598 guis
2130 2544 2312 2582 eorum
2344 2526 2498 2598 (Gen.
2526 2532 2659 2597 11.).
2686 2526 2833 2585 'l‘inic
2856 2546 2913 2584 sc
2943 2544 3226 2598 cmpernnt
3254 2550 3357 2587 non
3384 2533 3543 2587 intel-

1978 2597 2161 2663 ligere.
2216 2597 2361 2651 llinc'
2395 2599 2527 2652 facta
2569 2611 2651 2653 est
2693 2603 2842 2668 origo
2886 2597 3184 2665 linguarum
3236 2606 3543 2657 multarum.

1978 2671 2143 2739 Antea
2172 2670 2313 2723 enim
2349 2685 2446 2721 una
2480 2671 2653 2737 lingua
2683 2683 2817 2723 erat.
2842 2673 2945 2725 Sed
2974 2674 3145 2739 lingua
3176 2689 3277 2726 una
3309 2682 3334 2709 ι
3367 2676 3546 2727 cordi-

1978 2738 2074 2791 bus
2107 2739 2391 2792 huniilibus
2421 2744 2694 2807 proderat.
2737 2744 2805 2795 At
2848 2743 2934 2795 tibi
2983 2738 3069 2795 illa
3112 2744 3356 2798 collectio
3410 2753 3549 2798 inter

1976 2810 2735 2882 conspirationemsiiperbiie
2788 2812 3113 2881 praecipitata
3157 2822 3278 2875 est,
3312 2817 3549 2882 pepercit

1978 2879 2080 2930 illis
2113 2879 2279 2943 Deus,
2325 2890 2380 2931 ut
2406 2879 2665 2933 divideret
2699 2879 2903 2947 linguas
2934 2900 3121 2936 eorum
3145 2929 3159 2949 ,
3191 2899 3257 2939 ne
3307 2879 3428 2938 sese
3460 2884 3545 2937 iii-

1979 2950 2293 3015 telligendo,
2350 2950 2704 3017 perniciosam
2751 2956 2983 3005 facerent
3017 2956 3292 3006 unitatem.
3318 2954 3419 3006 Per
3457 2966 3547 3005 su-

1980 3020 2461 3091 perboshomines
2512 3020 2697 3073 divisa:
2745 3031 2870 3073 sunt
2920 3023 3129 3091 lingu».
3182 3023 3283 3076 Per
3313 3023 3543 3076 humiles

1980 3089 2265 3161 Apostolus
2287 3100 2622 3161 congregata-
2646 3102 2767 3144 snnt
2796 3089 3011 3161 linguae.
3028 3093 3256 3160 Spiritus
3277 3093 3544 3159 superbiae

1900 3167 1943 3228 (ζ
1978 3160 2225 3225 diSpersit
2266 3158 2515 3231 linguam.
2547 3162 2773 3227 Spiritus
2821 3158 3035 3215 sanctus
3072 3158 3414 3231 congregavit
3450 3163 3546 3214 lin~

1976 3246 2106 3298 gua~
2136 3232 2272 3296 (Act.
2304 3228 2406 3299 2.).
2433 3231 2531 3293 Qui
2563 3231 2742 3283 volunt
2774 3246 2929 3283 unaiii
2966 3228 3216 3299 Iiiignanf.
3241 3228 3455 3285 veniant
3479 3232 3545 3284 ad

1979 3302 2268 3354 Lcclesiain
2294 3316 2308 3352 :
2332 3302 2450 3367 quia
2481 3303 2530 3351 in
2560 3301 2864 3353 d.versitate
2896 3302 3189 3367 linguarum
3216 3306 3409 3365 carnis,
3444 3318 3544 3353 una

1972 3383 2049 3423 est
2111 3372 2284 3438 lingua
2345 3373 2395 3422 in
2451 3369 2551 3422 fide
2606 3378 2800 3424 C-tl'rilS.
2868 3369 3143 3437 Praecipiti:
3193 3383 3238 3424 et
3264 3372 3429 3424 divide
3451 3373 3547 3424 tin-

1971 3459 2096 3510 gnos
2147 3456 2341 3493 eorum.
2392 3441 2595 3505 Quare?
2648 3442 2900 3504 Quoniam
2956 3443 3053 3493 vidi
3119 3443 3433 3511 iniquitatem
3500 3450 3547 3495 et

1970 3512 2420 3564 contradictionem
2475 3511 2525 3561 in
2576 3512 2779 3563 civitate
2830 3526 2848 3563 :
2903 3511 3233 3580 Iniquitatein
3278 3514 3329 3566 iii
3385 3520 3546 3567 actu:

1971 3582 2443 3636 coiitradictionem
2513 3582 2565 3633 in
2632 3583 2836 3646 verbis,
2894 3583 2944 3635 iri
3000 3584 3232 3649 civitate,
3288 3582 3441 3648 idest,
3492 3584 3547 3637 in

1971 3653 2228 3707 societate
2289 3665 2567 3717 pravorum
2620 3654 2743 3705 vidi.
2807 3652 2901 3705 Est
2961 3655 3200 3722 qumdam
3232 3654 3417 3707 civitas
3441 3664 3550 3707 tur-

1972 3724 2207 3793 buleuta.
2257 3724 2368 3791 Ipsa
2415 3733 2531 3775 erat
2580 3739 2696 3789 quae
2751 3722 2936 3776 turrim
2993 3723 3372 3777 tediiicaverat.
3432 3725 3548 3793 Ipsa

1972 3791 2191 3848 confusa
2251 3802 2369 3858 est,
2432 3801 2486 3845 et
2548 3795 2814 3861 appellata
2879 3804 2987 3864 est,
3026 3795 3308 3864 Babylonia
3362 3810 3375 3847 :
3432 3791 3544 3862 ipsa

1974 3880 2069 3932 per
2099 3869 2404 3917 innumeras
2433 3876 2620 3929 gentes
2647 3866 2887 3930 dspersa
2925 3863 3078 3933 (Gen.
3110 3863 3243 3933 {1.).
3272 3865 3546 3921 Indecon-

1974 3944 2222 4004 gregatur
2249 3933 2482 3987 Ecclesia
2512 3934 2560 3985 in
2588 3933 2857 3987 de-ertiim
2885 3932 3034 3987 boiiie
3054 3932 3412 3989 conseientire.
3440 3932 3546 4004 Ye-

1975 4002 2049 4059 nit
2082 4002 2365 4057 Christus:
2398 4004 2717 4055 contradixit
2746 4006 2792 4056 ei
2823 4006 3015 4058 civitas
3046 4006 3247 4072 iniqua.
3273 4002 3543 4057 Exrende-

1976 4078 2064 4129 bat
2093 4079 2177 4125 ille
2207 4088 2393 4127 manus
2422 4073 2582 4141 270
2610 4072 2674 4125 ad
2703 4074 2950 4140 populum
3004 4090 3107 4127 rion
3154 4074 3460 4128 credentem
3490 4081 3546 4126 et

1974 4148 2447 4199 contradicenieiii.
2481 4146 2632 4205 Quod
2662 4160 2789 4207 ergo
2818 4143 2902 4194 hic
2932 4144 3026 4204 ait,
3052 4144 3400 4210 lniquttatcm,
3427 4156 3545 4208 pcr-

1978 4218 2100 4267 lidia
2144 4216 2352 4265 illorum
2404 4228 2434 4277 p
2458 4221 2577 4265 itest
2620 4211 2858 4279 intelligi.
2891 4212 2944 4264 Si
2977 4214 3118 4265 enim
3145 4214 3318 4281 justus
3345 4220 3427 4265 est
3454 4212 3544 4277 qui

1976 4301 2042 4337 ex
2071 4284 2175 4336 fide
2210 4286 2335 4334 VlVll
2360 4322 2374 4345 ,
2401 4281 2611 4348 iniquus
2640 4293 2719 4334 est
2747 4283 2832 4347 qui
2859 4297 2960 4333 nun
2992 4282 3151 4335 habet
3178 4283 3355 4336 fidem.
3381 4282 3543 4350 Igitur

1976 4356 2258 4410 infidelitas
2303 4365 2383 4406 est
2432 4352 2701 4415 iniquitas.
2748 4352 2852 4403 Nec
2894 4355 3039 4406 solus
3085 4352 3300 4419 iniquus
3331 4352 3537 4418 estqui

1977 4442 2083 4478 non
2114 4425 2307 4481 credit,
2340 4424 2429 4474 sed
2459 4422 2622 4474 etiam
2656 4424 2701 4475 is
2726 4461 2739 4485 ,
2783 4421 2872 4483 qui
2904 4422 3044 4475 male
3070 4423 3216 4475 vivit.
3251 4424 3324 4475 De
3354 4421 3546 4474 talibus

1980 4497 2120 4549 enim
2171 4495 2399 4559 loquitur
2430 4493 2739 4558 Apostolus,
2784 4490 2887 4555 Qui
2934 4494 3254 4546 conlitentur
3281 4508 3341 4546 se
3385 4505 3550 4544 nosse

1976 4570 2141 4619 Deum
2169 4605 2182 4625 ,
2212 4564 2361 4615 lactis
2395 4572 2571 4614 autem
2605 4574 2797 4632 negant
2837 4560 3013 4632 (liam.
3052 4563 3151 4632 1.).
3193 4565 3381 4616 Adhuc
3420 4576 3548 4614 sane

1977 4638 2119 4689 illius
2148 4634 2377 4686 civitatis
2418 4633 2651 4699 ieliquia:
2693 4632 2919 4687 sieviunt
2946 4640 3000 4685 et
3025 4633 3401 4686 contradicitur
3429 4648 3442 4683 :
3476 4634 3545 4685 de

1977 4722 2079 4774 qua
2109 4704 2281 4757 adhuc
2311 4703 2647 4774 subjungitur
2673 4721 2686 4757 :

2050 4778 2131 4829 11.
2163 4774 2252 4825 Die
2281 4789 2341 4825 ac
2368 4784 2545 4835 nocte,
2584 4773 2751 4840 idest,
2798 4774 3010 4829 assidue
3057 4771 3386 4827 circumdabit
3434 4786 3548 4824 eam

1975 4863 2127 4913 super
2176 4860 2376 4907 muros,
2428 4844 2593 4907 idest,
2643 4860 2803 4912 super
2844 4848 3071 4913 majores
3112 4843 3225 4912 ejus
3276 4843 3546 4909 iniquitas.

1978 4912 2296 4979 Plerumque
2325 4916 2507 4967 dicunt
2534 4912 2775 4969 homines
2801 4932 2815 4971 :
2846 4916 3012 4969 Neirio
3054 4924 3356 4967 remaneret
3388 4927 3547 4981 paga-

1978 5002 2097 5047 nus,
2129 4986 2173 5038 si
2208 4986 2281 5038 illi
2312 4984 2503 5037 tierent
2530 4983 2833 5038 Christiani.
2857 4985 2957 5051 Qui
2984 5000 3111 5053 ergo
3142 4985 3374 5038 nonduin
3412 4986 3549 5036 tlunt

1974 5056 2301 5122 Christiani,
2331 5055 2481 5124 quasi
2511 5055 2646 5109 inuri
2689 5066 2813 5110 sunt
2856 5060 2995 5109 iliius
3037 5056 3294 5118 civitatis,
3343 5062 3398 5107 et
3441 5068 3546 5124 non

1976 5128 2245 5182 credentis
2272 5134 2326 5180 et
2346 5122 2781 5181 coiitradicentis.
2808 5129 3138 5194 Quicumque
3176 5122 3545 5194 aliun}_deleii-

1975 5199 2053 5251 dit
2080 5200 2130 5250 in
2165 5206 2404 5265 peccato,
2437 5210 2619 5249 murus
2664 5205 2748 5251 est
2787 5191 3019 5251 civitatis
3048 5191 3263 5264 iniquae.
3306 5191 3376 5265 Et
3399 5192 3542 5265 labor

1976 5270 2029 5321 in
2070 5261 2233 5340 medio
2264 5270 2403 5340 ejus,
2437 5276 2481 5340 et
2509 5267 2787 5340 injustitia.
2825 5268 2945 5340 Ideo
2973 5261 3265 5340 Iabor'ibi,
3290 5263 3413 5340 quia
3444 5261 3547 5340 ini-

1976 5340 2152 5407 quitas
2174 5332 2424 5405 ibi,'quia
2452 5332 2712 5405 iriju'sntia
2740 5340 2830 5391 ibi.
2859 5338 3186 5407 Ubicumque
3212 5332 3413 5407 videris
3448 5332 3519 5382 iui

1974 5403 2263 5477 quitatem,
2316 5403 2385 5461 ibi
2437 5403 2673 5477 intelligi:
2722 5411 2979 5462 laborem.
3022 5407 3119 5471 Qui
3154 5403 3382 5477 iniquus
3425 5407 3544 5462 est,

1972 5474 2258 5548 numquam
2303 5492 2482 5545 pacein
2531 5474 2765 5533 habebit.
2798 5480 3027 5544 'l'Oi-qnet
3080 5474 3385 5548 enim/eum
3416 5484 3541 5548 conv

1971 5544 2191 5603 scientia
2239 5563 2377 5611 sua,
2426 5560 2478 5600 et
2529 5549 2641 5616 ipse
2691 5556 2773 5600 est
2829 5549 3005 5617 IiOstis
3044 5558 3190 5617 suos.
3234 5544 3541 5617 Semper__i_it

1972 5623 2219 5689 Superbia
2248 5622 2398 5673 labor
2426 5628 2501 5670 est
2527 5612 2706 5681 {sicut
2741 5616 3045 5669 econti'ario
3068 5614 3224 5681 quies
3252 5613 3305 5665 in
3330 5612 3542 5664 humili-

380 5763 406 5790 ἰ
430 5752 579 5820 Apud
612 5752 984 5820 Augustinum,
1016 5769 1115 5805 una
1141 5753 1316 5822 lingua
1348 5761 1674 5813 concentibus
1702 5764 1968 5830 proderat,
1999 5783 2100 5819 una
2124 5765 2298 5833 lingua
2323 5756 2601 5811 [taurilibus
2632 5753 2887 5821 proderat,
