4098 6356
636 365 734 420 365

635 490 761 535 tatc.
792 478 923 533 llinc
953 478 1193 533 Salvator
1245 491 1341 530 nos
1390 475 1640 529 admonet
1683 472 1907 527 dicens:
1941 471 2134 525 Discite
2175 486 2202 521 a
2232 474 2281 531 Α
2312 488 2393 523 nia
2425 472 2488 523 atl
2525 472 2685 523 Deum
2731 490 2743 525 :

636 567 720 605 me
750 552 869 618 quia
903 551 1043 620 mitis
1074 565 1188 603 sum
1218 560 1272 601 ct
1302 548 1466 620 humil
1486 560 1531 620 _s_
1565 546 1763 620 corde,
1798 541 2201 620 _et__in_vettie_tis

637 612 871 689 requiem
922 619 1199 672 animabus
1235 616 1423 689 vestris
1452 614 1664 679 (Matth.
1698 613 1722 664 1
1734 615 1835 689 _l.).
1868 612 2019 689 Unde
2057 612 2200 689 enim

638 681 727 743 itti'
764 691 1037 755 laborant,
1070 689 1171 743 nisi
1214 688 1337 757 quia
1379 700 1483 739 non
1524 693 1650 739 sunt
1676 683 1834 738 miles
1880 690 1935 737 et
1975 681 2203 735 humiles

638 761 795 814 eorile
818 762 840 811 ?

710 831 793 882 li.
828 827 892 882 Et
935 845 1033 881 non
1075 827 1254 895 defecit
1291 828 1351 878 de
1398 825 1579 891 plateis
1615 828 1727 895 ejus
1770 839 1928 877 usura
1957 831 2002 895 et
2030 820 2198 874 dolus.

642 898 865 953 Attende
897 893 1147 966 populum
1167 898 1494 958 lintteorutn,
1526 904 1579 949 et
1607 893 1730 950 vide
1756 893 2199 966 quoniodo_sem-

640 984 735 1036 per
781 970 833 1020 iit
878 962 1209 1034 eis'regnent
1242 968 1353 1018 lia-c
1395 965 1503 1018 duo
1533 966 1693 1028 vitia,
1726 962 1938 1036 scilicet
1966 962 2204 1036 doluset

640 1031 820 1111 usura.
853 1031 1221 1111 Plateie'liujus
1245 1036 1475 1090 civitatis
1501 1045 1623 1111 sunt
1648 1033 1932 1111 superbia,
1966 1031 2202 1111 luxuria,

640 1107 920 1175 cupiditas,
946 1102 1189 1171 avaritia,
1213 1115 1267 1160 et
1287 1114 1479 1159 caetera
1507 1106 1655 1159 talia.
1677 1105 1769 1156 Via
1790 1103 2020 1175 civititis
2051 1102 2206 1175 hujus

642 1172 750 1231 lata
771 1186 822 1230 et
850 1178 1089 1245 spatiosa
1113 1186 1215 1242 est,
1239 1191 1357 1245 qua:
1379 1177 1520 1229 dm-it
1542 1176 1607 1229 ad
1633 1184 1856 1228 mortem
1880 1172 2200 1245 (Matttt.7.).

640 1244 921 1327 Esura_est
950 1248 1163 1327 quando
1212 1244 1330 1315 plus
1354 1247 1589 1327 exigitur
1626 1244 2204 1327 quantcottuuodiitur.

640 1316 737 1370 Est
763 1317 863 1371 alia
898 1313 1045 1386 pejor
1076 1313 1263 1378 usura,
1296 1313 1509 1386 quando
1540 1330 1644 1386 non
1685 1314 1913 1369 dimittis
1942 1313 2080 1380 quod
2116 1313 2204 1366 tibi

640 1386 901 1441 debetur:
926 1398 979 1441 ct
1005 1389 1193 1441 oculus
1229 1388 1408 1442 cordis
1438 1385 1509 1439 tui
1546 1385 1791 1439 turbatur
1828 1386 1879 1437 in
1911 1399 1977 1439 co
2006 1399 2163 1437 versu
2188 1426 2201 1449 ,

642 1471 744 1532 quo
768 1456 997 1532 dicitur:
1026 1458 1239 1512 Dimitte
1263 1456 1414 1532 nobis
1435 1455 1610 1510 debita
1633 1465 1835 1532 nostra,
1858 1465 1963 1532 etc.
1988 1452 2201 1532 (Matth.

642 1524 745 1594 6.).
793 1527 1024 1581 Verbum
1069 1528 1512 1581 contumeliosum
1562 1524 1799 1579 audisti?
1858 1524 1947 1578 Vis
1991 1524 2207 1593 exigere

642 1596 999 1667 damnationis
1032 1596 1345 1667 supplicium
1376 1615 1389 1650 :
1425 1596 1715 1667 [mactator
1762 1595 2075 1662 iniuriarum
2124 1609 2202 1649 es.

644 1665 829 1734 Pugno
870 1665 1157 1737 percussus
1185 1669 1279 1721 θεῖ
1318 1666 2013 1737 luteilectionetu‘qua-ris:
2046 1679 2205 1737 usura

646 1739 782 1790 mala
812 1735 913 1791 est.
940 1738 1099 1793 Tales
1127 1755 1302 1793 usura:
1336 1737 1607 1791 abundant
1638 1739 1687 1789 in
1720 1735 1806 1789 illa
1836 1736 2073 1789 civitate.
2104 1736 2203 1787 llo-

648 1807 733 1860 lus
774 1819 876 1871 est,
929 1810 1143 1876 quando
1188 1811 1326 1862 a'iutl
1358 1807 1519 1861 corde
1545 1809 1760 1874 tegitur,
1794 1806 1933 1858 aliud
1960 1822 2053 1860 ore
2085 1822 2207 1873 pro—

644 1879 939 1931 nuntiatur.
966 1879 1131 1945 Iniqui
1153 1890 1326 1932 autem
1346 1893 1555 1945 semper
1577 1879 1756 1930 volunt
1773 1876 2043 1931 occultare
2065 1879 2206 1945 quod

645 1959 799 2017 sunt,
826 1960 878 2003 et
906 1951 1276 2003 dennmstrare
1308 1950 1451 2017 quod
1490 1962 1593 2000 neu
1624 1957 1767 2000 sunt.
1815 1947 2013 2001 Deinde
2043 1962 2207 2014 pupu-

643 2016 752 2072 lum
786 2020 931 2071 illmtt
955 2020 1223 2075 ostenditi
1246 2016 1471 2073 leuiesse
1496 2033 1610 2071 mer
1636 2027 1689 2072 to
1714 2018 2059 2085 puniendum,
2085 2018 2205 2085 quia

644 2091 791 2154 prius
829 2088 1104 2144 familiaiis
1133 2091 1336 2153 extitit,
1379 2099 1434 2143 et
1482 2099 1763 2157 posunouu
1788 2108 1818 2138 n
1849 2087 2075 2141 Domino
2108 2103 2207 2142 suo

642 2159 940 2279 iiizrtledixit.
967 2158 1220 2215 Graviora
1251 2172 1426 2215 autent
1452 2171 1575 2215 sunt
1606 2160 1765 2224 mala,
1795 2174 1912 2227 qua:
1934 2159 1999 2212 ab
2019 2159 2207 2213 amicis

642 2242 693 2279 In
719 2240 958 2279 υῒυιιιιιτ.

641 2240 958 2284 Inlcl‘uutttr.

711 2298 798 2353 15.
831 2301 1083 2367 Quoniam
1103 2304 1147 2355 si
1169 2302 1398 2355 inimicus
1426 2317 1585 2360 meus.
1611 2298 1765 2358 idest.
1789 2298 2014 2353 Getttilis
2042 2314 2206 2368 popu-

640 2368 722 2423 lus
744 2373 1084 2426 maledixisset
1107 2374 1251 2439 milii,
1282 2374 1417 2427 sicut
1438 2372 1689 2428 .ludaicus
1713 2370 1987 2424 maledixit
2010 2386 2024 2423 :
2051 2375 2207 2424 susti-

639 2441 861 2495 nuissent
894 2444 1095 2506 utique,
1128 2445 1455 2498 tolerabilius
1485 2452 1537 2496 et
1574 2441 1749 2495 mitius
1770 2440 2111 2509 judicassem.
2142 2441 2205 2494 Et

638 2512 681 2563 si
711 2513 752 2563 is
780 2515 865 2581 qui
891 2514 1067 2566 oderat
1096 2531 1191 2569 nte.
1224 2514 1436 2582 quando
1464 2512 1602 2567 idola
1625 2512 1911 2582 adorabat,
1942 2527 2091 2581 super
2129 2530 2207 2567 me

639 2596 824 2653 magna
844 2584 1079 2651 loquutus
1108 2581 1305 2653 fuisset,
1331 2585 1485 2647 idest,
1512 2597 1603 2651 per
1625 2581 1925 2651 superbiam
1956 2583 2205 2637 insultas-

638 2660 723 2705 set
751 2670 763 2703 :
795 2658 1159 2722 maguiticaret
1185 2670 1245 2709 se
1265 2669 1425 2722 super
1450 2668 1554 2715 uie,
1578 2663 1736 2721 atque
1766 2654 2056 2705 minaretur
2077 2654 2203 2708 mihi

638 2724 891 2791 quicquid
927 2735 1105 2791 posset
1138 2742 1151 2780 :
1186 2725 1590 2786 Abscondissem,
1618 2728 1783 2785 idest,
1816 2722 2202 2779 subtraxissetn

642 2808 720 2844 me
739 2793 953 2861 forsitan
984 2801 1047 2848 ab
1067 2812 1144 2849 eo.
1174 2798 1294 2851 Haec
1323 2807 1498 2849 autem
1529 2794 1688 2847 verba
1717 2792 1785 2846 de
1816 2793 1949 2846 Juda
1989 2794 2204 2849 tradito-

643 2878 702 2916 re
728 2867 1010 2931 specialius
1040 2868 1260 2935 intelligi
1288 2875 1532 2935 possunt,
1554 2866 1676 2933 quia
1706 2879 1736 2917 a
1765 2864 1965 2918 Judxis
1990 2880 2049 2919 se
2085 2867 2204 2920 abs-

638 2936 824 2989 condit
867 2937 1022 2991 Jesus
1053 2955 1065 2989 :
1098 2953 1127 2991 a
1153 2937 1287 2992 Jnda
1337 2949 1512 2991 autem
1554 2936 1771 2989 minime
1812 2951 1875 2989 se
1901 2936 2198 2992 abscondit.

637 3004 742 3077 Sed
769 3006 893 3075 quid
916 3016 999 3062 est
1020 3014 1155 3077 quoi
1182 3011 1253 3063 ait
1280 3007 1839 3076 Forsitan?Numqnid
1868 3013 2007 3076 apud
2036 3010 2199 3064 Dcutn

636 3075 834 3144 aliquid
860 3092 995 3149 esse
1037 3075 1211 3147 potest
1244 3079 1540 3134 incertum?
1585 3078 1690 3133 Sed
1734 3075 1847 3133 lucc
1883 3075 2204 3149 ambiguitas

634 3148 898 3217 sermonis
936 3150 1229 3205 secundum
1267 3166 1418 3204 usum
1452 3151 1621 3217 posita
1660 3162 1741 3203 est
1775 3153 2020 3204 humana:
2038 3148 2203 3206 iocu-

1663 358 1917 416 RUFINO
1958 354 2253 411 I‘RESllY'I
2272 356 2404 411 ERO
2443 354 2815 415 ASCRIPTUS
3292 410 3297 415 .
3781 352 3873 410 3M

2791 480 2845 526 et
2891 472 3111 525 salvabit
3148 480 3217 527 lc.
3253 471 3385 525 Ilinc
3435 473 3489 524 in
3528 470 3634 525 alio
3688 472 3881 539 psalmo

2307 542 2377 592 ait
2418 560 2427 594 :
2476 544 2659 594 litvuca
2712 559 2796 596 utc
2846 543 2896 595 in
2929 543 3014 597 die
3069 541 3466 606 tribulationis,
3522 552 3577 596 et
3605 558 3788 596 eruam
3834 556 3877 598 te

2304 612 2475 681 (l’sal.
2505 616 2642 675 δελ).

2379 682 2463 735 18.
2509 681 2725 749 l'cspere
2753 692 2800 734 et
2824 699 2993 741 mane.
3022 693 3068 736 et
3092 684 3299 735 meridie
3339 681 3563 736 narrabo
3610 692 3658 735 et
3687 700 3880 737 annuu-

2256 796 2259 799 .
2307 752 2463 814 tiabo,
2490 762 2535 804 et
2558 754 2799 805 'cxaudiet
2823 769 2994 806 vocem
3014 770 3199 805 meant.
3236 752 3473 819 Vespere
3502 751 3613 817 (Ex
3649 756 3879 820 August.)

2308 822 2565 874 Dominus
2596 822 2648 874 in
2673 832 2845 876 morte
2878 841 2889 874 :
2926 838 3080 876 mane
3109 824 3160 875 iii
3190 823 3587 877 resurrectione
3621 841 3632 873 :
3668 827 3879 879 meridie

2308 893 2361 943 in
2390 893 2727 946 ascensione.
2778 893 3016 945 Narrabo
3063 907 3285 959 vespere
3318 894 3634 959 patientiam
3684 897 3877 947 mortis.

2308 963 2652 1031 Annuutiabo
2677 977 2834 1015 ntaue
2855 964 3015 1015 vitam
3040 965 3391 1031 resurgentis.
3425 963 3609 1018 Oratio
3639 974 3697 1016 ut
3727 978 3877 1017 exan~

2306 1030 2421 1086 diat
2448 1033 2699 1097 meridie,
2752 1034 2818 1086 ad
2851 1033 3089 1087 dextram
3122 1030 3315 1087 Patris.
3350 1033 3619 1087 Esaudiet
3670 1049 3758 1087 me
3800 1038 3877 1102 qui

2309 1102 2612 1170 interpellat
2639 1119 2731 1172 pro
2754 1104 2929 1157 nobis.
2959 1106 3135 1169 Itaque
3159 1103 3352 1157 fratres
3371 1119 3511 1170 quos
3542 1103 3597 1157 in
3629 1105 3747 1172 ipsa
3766 1120 3880 1157 cozi.

2307 1176 2621 1241 grcgatiune
2680 1176 2938 1240 parietum
3004 1172 3189 1227 horum
3248 1174 3442 1227 videtis
3500 1176 3875 1239 turbulentus,
3968 1202 3973 1207 ι

2308 1243 2497 1307 elatos,
2523 1259 2832 1310 perversos:
2852 1244 2961 1311 ipsa
2988 1252 3069 1298 est
3093 1244 3240 1312 palea
3264 1245 3549 1300 dominica:
3570 1260 3737 1299 area}.
3760 1245 3878 1300 Cum

2310 1312 2410 1384 ille,
2428 1314 2476 1365 iit
2501 1314 2689 1367 ultimo
2710 1314 3002 1377 ventilabit,
3028 1324 3131 1367 toti
3160 1315 3305 1382 palea
3328 1316 3530 1369 volabit
3550 1314 3875 1384 (Matth.3.).

2309 1381 2415 1437 Sed
2438 1398 2544 1457 nos
2586 1385 2865 1457 quid,nisi
2906 1381 3168 1457 cuingisto
3211 1395 3509 1451 cantemus,
3552 1381 3609 1439 et
3650 1402 3874 1457 oremus,

2309 1463 2361 1506 et
2400 1455 2710 1523 plangamus
2738 1456 2787 1507 iu
2818 1455 3055 1511 psalmo?
3087 1457 3150 1510 Et
3199 1464 3374 1509 tamen
3427 1456 3674 1510 dicamus
3718 1455 3876 1515 securi

2309 1525 2449 1597 quod
2482 1529 2743 1597 sequitur,
2778 1526 2915 1579 Vere
2941 1528 3176 1581 exaudiet
3206 1542 3376 1579 vocem
3396 1543 3599 1582 meam:
3632 1531 3779 1597 quia,

2384 1592 2469 1646 19.
2508 1593 2740 1665 Redimel
2770 1596 2821 1647 iu
2847 1612 2969 1664 pace
2999 1599 3221 1650 animant
3257 1612 3440 1650 meam.
3468 1597 3588 1665 Ipse
3616 1592 3702 1653 est
3748 1603 3881 1655 enim

2312 1678 2410 1737 pax
2440 1678 2589 1737 vera.
2617 1664 2671 1717 In
2703 1680 2829 1737 pace
2858 1666 3035 1720 anima
3062 1668 3361 1730 redimitur,
3394 1664 3613 1737 quando
3641 1670 3712 1724 de
3746 1675 3878 1727 vitiis

2310 1734 2375 1785 ad
2405 1734 2648 1808 virtutes,
2672 1736 2785 1789 sive
2805 1736 2872 1789 de
2901 1738 3002 1789 hoc
3031 1738 3228 1791 mundo
3249 1742 3313 1790 ad
3343 1734 3557 1792 Patrem
3592 1756 3688 1808 per
3713 1746 3872 1797 omni-

2314 1804 2544 1877 potentis
2571 1806 2662 1859 Det
2704 1810 2926 1874 gratiam
2955 1808 3289 1861 transfertur.
3322 1809 3365 1862 Α
3394 1804 3604 1877 (ιιιίΙηις⁷
3627 1812 3876 1870 redimet?

2314 1875 2387 1927 Ab
2411 1874 2489 1928 Itis
2510 1877 2595 1945 qui
2624 1878 3037 1953 appropinquant
3060 1878 3367 1953 milii._l_Vant
3398 1874 3466 1933 ab
3493 1880 3576 1953 hi_s
3604 1884 3697 1949 qui
3739 1885 3877 1953 longe

2308 1956 2435 1997 sunt
2462 1964 2489 2023 a
2525 1946 3052 2023 mehlaciliscaussa
3082 1958 3180 2023 est.
3201 1949 3346 2023 _Non_
3379 1966 3465 2023 me
3492 1950 3605 2017 (Ea:
3626 1946 3887 2023 Augusti).

2310 2025 2414 2067 tam
2442 2018 2548 2070 cito
2578 2016 2732 2081 fallit,
2764 2018 2854 2086 qui
2886 2017 3014 2071 dicit
3046 2018 3213 2073 :Veni
3234 2058 3250 2084 ,
3297 2015 3872 2079 idoluntadurafﬂnl;

2311 2094 2421 2138 tum
2455 2087 2607 2159 longe
2636 2098 2718 2141 est
2745 2104 2772 2140 a
2804 2104 2918 2153 me,
2948 2092 3069 2157 quia
3096 2105 3341 2159 paganus
3380 2100 3483 2144 est.
3522 2092 3872 2150 Periculosius

2308 2166 2389 2211 est
2416 2158 2542 2210 tuini
2581 2159 2646 2211 tle
2669 2159 2994 2225 Christiano,
3018 2158 3107 2230 qui
3132 2177 3338 2214 mecum
3373 2161 3579 2216 habitat
3604 2164 3656 2216 in
3680 2165 3873 2219 domo:

2309 2234 2365 2306 et
2389 2230 2737 2306 sub-imagine
2770 2230 3038 2306 religionis
3076 2232 3320 2306 laqueum
3361 2232 3489 2306 mihi
3524 2234 3689 2306 272
3739 2248 3876 2304 parat

2307 2296 2661 2372 deceptionis.
2698 2296 3008 2372 Bette_'dico
3038 2343 3053 2365 ,
3106 2296 3209 2367 Qui
3254 2296 3688 2372 appmpiuq7tan—t
3722 2296 3873 2363 milii:

2311 2369 2568 2431 Quoniam
2596 2370 2728 2423 inter
2754 2370 2954 2446 inultas
2984 2384 3127 2425 erant
3157 2369 3375 2425 mecum.
3410 2369 3571 2427 Multa
3609 2384 3695 2431 est
3739 2380 3875 2446 palea

2306 2451 2779 2510 etgpaucagrana.
2815 2441 2957 2495 Multi
2987 2452 3111 2496 sunt
3138 2446 3332 2509 vocati,
3381 2446 3535 2510 pauci
3568 2461 3700 2500 vero
3727 2441 3872 2504 electi

2300 2508 2521 2583 (litauit:
2552 2508 2695 2583 2).).
2732 2512 2817 2565 lsti
2849 2523 3024 2565 autem
3057 2528 3159 2566 non
3185 2508 3339 2567 erant
3364 2508 3433 2569 de
3463 2517 3649 2583 paucis
3677 2520 3876 2573 salvan-

2307 2582 2407 2657 dis,
2430 2581 2523 2657 sed
2551 2581 2687 2633 inter
2715 2582 2933 2657 multos,
2950 2584 3093 2657 idest
3124 2586 3264 2637 inter
3295 2587 3419 2640 illos
3438 2581 3580 2654 {qui
3617 2590 3877 2657 pertinent

2307 2652 2371 2703 ad
2405 2651 2610 2719 paleatn
2634 2660 2687 2705 et
2716 2653 2780 2705 ad
2813 2653 3197 2720 perditionem,
3232 2665 3388 2709 erant
3417 2651 3651 2712 mecum.
3685 2659 3739 2713 In
3795 2671 3877 2714 tri-

2310 2720 2413 2793 tico
2444 2738 2549 2774 non
2581 2732 2732 2776 erant
2756 2738 2992 2788 meeum,
3024 2725 3119 2779 sed
3151 2727 3202 2778 iit
3236 2728 3382 2793 palea
3415 2738 3572 2781 erant
3621 2744 3826 2785 mecum
3864 2752 3873 2783 :

2306 2792 2430 2860 quia
2461 2796 2851 2862 appropinquat
2873 2800 3016 2862 palea
3054 2792 3246 2850 tritico.
3283 2797 3334 2850 ln
3358 2801 3714 2856 sacramentis
3736 2816 3877 2856 erant

2308 2877 2537 2928 mecum,
2574 2864 2624 2916 in
2656 2873 2878 2918 cantate
2903 2883 3006 2919 ttott
3036 2878 3189 2920 erant
3219 2883 3450 2922 mecum.

2375 2932 2464 2985 20.
2500 2934 2763 3006 Exaudiet
2787 2935 2953 2999 Deus,
2988 2948 3033 2990 et
3074 2938 3362 2991 Itumiltabit
3393 2940 3515 2994 illo;
3546 2942 3634 3006 qui
3672 2951 3745 2994 est
3773 2954 3879 2996 ante

2304 3007 2513 3078 saicula.
2540 3006 2671 3075 Quia
2696 3005 2801 3078 (Ex
2831 3011 3072 3077 August.)
3112 3010 3210 3063 etsi
3241 3025 3303 3065 ex
3339 3005 3584 3078 tempore
3636 3014 3877 3069 Cllllsllli

2310 3076 2680 3155 Deus__iio_ster
2706 3076 2781 3132 ex
2810 3076 2967 3155 biaria
3010 3081 3257 3147 Virgine.
3312 3076 3495 3155 tanien
3530 3085 3581 3136 in
3622 3084 3890 3155 principio;

2306 3158 2422 3201 erat
2451 3148 2702 3215 Verbum,
2734 3159 2786 3203 et
2816 3149 3045 3205 Verbum
3085 3160 3201 3205 erat
3232 3153 3369 3219 apud
3403 3152 3573 3206 Deum
3593 3148 3696 3216 {et
3746 3148 3877 3211 DI-us

634 3214 813 3300 tionis:
838 3218 926 3300 Sic
956 3222 1097 3300 enim
1131 3223 1286 3300 271
1319 3214 1723 3300 δοιςιίιιμεψιειιξὶ
1758 3221 2047 3300 :_Forsitan
2075 3224 2200 3300 illuc
2229 3236 2275 3299 ο
2305 3228 2421 3272 erat
2452 3219 2681 3300 Verbum
2706 3218 2884 3300 (lauti.
2916 3222 3011 3300 l._).
3043 3214 3300 3300 blxaudiet
3329 3222 3561 3300 humiles
3590 3214 3641 3277 in
3674 3237 3877 3300 a:_term-

634 3285 997 3359 ib«_i,rl‘orsitan
1030 3285 1363 3346 hoe—ta'ciTun.
1403 3296 1472 3345 llo
1505 3285 1759 3357 inimicis,
1789 3294 2027 3359 inquam,
2062 3294 2200 3348 tole-

634 3357 851 3431 rabilius
876 3362 1136 3431 agendqu
1160 3372 1320 3417 esset.

708 3428 791 3482 H.
825 3428 1058 3498 Tuiero,
1086 3451 1118 3487 o
1142 3434 1294 3497 Juda,
1325 3432 1477 3485 homo
1498 3432 1787 3488 scentulum
1810 3432 2203 3499 carnalitatcm,

636 3501 921 3568 unanimis,
954 3519 1047 3572 per
1076 3506 1499 3567 simulationem,
1532 3503 1653 3556 Dux
1681 3519 1817 3554 meus
1837 3545 1849 3563 ,
1884 3518 1975 3570 per
2007 3505 2213 3570 prwdix

635 3582 899 3625 cntionem
920 3613 935 3636 ,
964 3584 1006 3625 .t
1037 3588 1205 3638 notus,
1237 3589 1330 3641 per
1361 3574 1516 3627 [idem
1550 3590 1562 3627 :
1592 3576 1677 3642 qui
1700 3572 1854 3627 sintul
1877 3588 2202 3630 conversaris

636 3654 855 3713 merum,
904 3648 1076 3697 dulces
1100 3646 1336 3712 capiebas
1366 3646 1535 3709 cibos,
1572 3657 1676 3698 tam
1706 3645 2012 3711 corporales
2042 3660 2201 3713 quam

636 3710 964 3783 spiritu‘th-s.
995 3718 1094 3779 τυ,
1125 3710 1175 3767 in
1199 3730 1359 3781 luam,
1384 3728 1416 3766 ο
1444 3714 1599 3783 luda,
1632 3732 1664 3768 υ
1692 3710 1884 3783 pupule
1929 3710 2199 3780 perverse,

636 3794 756 3852 cuiu
791 3781 841 3852 in
881 3791 1025 3836 tanto
1053 3784 1191 3837 malo
1221 3800 1527 3846 perseveres
1546 3825 1559 3847 ,
1587 3781 1859 3852 rlllllillqruid
1895 3789 2201 3841 tolerandos

637 3850 728 3924 es?
781 3851 946 3905 Judas
986 3866 1038 3907 et
1079 3854 1304 3919 populus
1333 3855 1451 3923 ejus
1482 3850 1781 3924 signiﬁcat—1
1818 3856 1980 3908 falsos
2012 3856 2199 3911 fratres

638 3920 773 3972 intra
811 3932 1050 3978 sanctam
1084 3920 1398 3987 Ecclesium,
1431 3920 1668 3992 quicum
1700 3925 1946 3977 simulato
1978 3937 2195 3993 vivunt,

637 3998 784 4044 tanto
806 3996 1041 4061 gravius,
1064 4006 1263 4064 quattto
1293 3996 1514 4049 interius
1536 4006 1679 4063 sunt,
1702 3997 1901 4050 electos
1928 4010 2194 4064 preumut.

633 4067 779 4137 Quos
810 4071 984 4137 tamen
1016 4067 1260 4137 exemplo
1289 4081 1385 4118 suo
1414 4066 1671 4121 Dominus
1700 4066 1968 4121 suSIinete
1998 4068 2152 4122 docet
2182 4087 2194 4121 :

634 4130 727 4184 ted
786 4134 879 4201 ipsi
923 4152 1132 4204 pennam
1175 4130 1434 4193 attentam
1468 4155 1571 4190 non
1620 4139 1869 4191 evadent.
1918 4137 2018 4205 Qui
2068 4142 2198 4195 tales

633 4212 776 4274 sunt,
809 4207 1025 4261 audiant
1052 4210 1239 4262 mortis
1266 4209 1604 4271 sententiam,
1638 4224 1738 4274 qua
1762 4207 2006 4263 subditur
2038 4228 2050 4261 :

705 4272 791 4326 15.
824 4275 1015 4349 Veniat
1044 4295 1179 4333 mors
1204 4296 1355 4348 super
1385 4281 1519 4345 illos,
1551 4290 1597 4333 et
1627 4272 1935 4332 descendant
1956 4279 2006 4333 in
2038 4281 2194 4349 iuler~

631 4358 755 4418 num
786 4346 1018 4403 viventes.
1051 4352 1191 4405 Mors
1242 4346 1403 4418 super
1450 4351 1568 4404 itlos
1599 4353 1801 4413 veniet,
1848 4352 2061 4418 quando
2095 4346 2198 4406 eos

630 4414 902 4492 damnatio
923 4432 1120 4492 aeterna
1143 4414 1367 4490 operiet.
1402 4422 1648 4475 Viventes
1674 4420 1779 4490 (Ea:
1806 4414 2111 4492 Augustino)
2144 4425 2194 4476 in

631 4486 905 4561 inlicitum
942 4486 1303 4557 descendunt,
1344 4491 1431 4561 qui
1477 4486 1689 4545 nialum'
1728 4506 1847 4544 esse
1885 4486 2198 4561 intelligunt

630 4559 774 4631 quod
809 4558 1028 4625 faciunt,
1062 4577 1161 4616 nec
1194 4558 1375 4617 tamen
1400 4564 1468 4616 ab
1499 4565 1612 4631 ipso
1640 4562 1922 4616 desistunt.
1947 4558 2089 4626 Quid
2115 4575 2195 4617 est

632 4628 905 4702 viventes?
938 4634 1181 4686 Scientcs
1200 4636 1319 4702 quia
1367 4628 1607 4702 pereunt.
1640 4634 1857 4685 'l‘altbus
1883 4635 2051 4685 multo
2076 4648 2186 4701 gra-

630 4698 747 4751 vior
767 4700 1035 4773 damnatio
1056 4698 1443 4773 quatn't-aate'ris
1477 4705 1763 4773 incumbit,
1780 4702 1915 4756 sicut
1937 4698 2191 4771 scripiuttt

626 4778 752 4843 est:
799 4771 994 4843 Servus
1022 4771 1111 4843 qui
1144 4779 1243 4829 scit
1270 4775 1596 4828 voluntatem
1627 4772 1827 4827 domini
1870 4778 1972 4838 sui,
2006 4789 2059 4826 et
2088 4791 2193 4828 non

627 4837 772 4914 iacit,
799 4842 964 4914 plagis
988 4837 1256 4911 vapulabit
1277 4846 1456 4898 multis
1478 4844 1632 4913 (Luc.
1661 4844 2050 4912 12.).'l‘iuieant
2068 4860 2196 4914 ergo

629 4908 746 4983 lalsi
790 4908 1003 4977 t'raui'es,
1051 4908 1423 4979 Sittiulatores,
1470 4908 1833 4979 detracturos,
1879 4908 2194 4983 religionein

627 4979 811 5054 habitu
842 4994 1193 5049 ostentantes,
1224 4987 1274 5037 itt
1306 4986 1563 5054 religione
1588 4997 1763 5041 tamen
1794 5002 1899 5040 non
1931 4979 2193 5040 viventes.

625 5049 704 5125 {id
740 5048 859 5103 illos
888 5054 1027 5106 enim
1072 5058 1300 5120 pertinet
1349 5048 1463 5109 ltaTc
1491 5061 1753 5110 sententia
1776 5094 1790 5120 ,
1821 5072 1922 5125 qua
1954 5057 2148 5111 dicitur
2179 5074 2193 5110 :

637 5118 813 5173 Veniat
864 5138 998 5177 mors
1040 5118 1191 5196 super
1220 5127 1334 5179 illos
1411 5138 1457 5180 et
1499 5118 1801 5179 descvudant
1838 5118 1891 5179 in
1942 5127 2196 5196 infernum

622 5194 855 5245 t'tt'entcs.
887 5195 1092 5259 Quare?

692 5265 778 5316 16.
815 5266 1069 5329 Quoniam
1093 5266 1326 5335 nequitia:
1350 5268 1401 5320 in
1424 5267 1729 5321 habitaculis
1760 5284 1955 5322 eorum.
1990 5268 2056 5321 Et
2088 5284 2190 5324 non

617 5336 787 5387 solum
842 5337 895 5405 in
947 5338 1184 5405 angulis,
1217 5338 1313 5392 sed
1351 5342 1509 5393 edam
1534 5339 1584 5388 in
1608 5340 1769 5391 medio
1798 5355 1995 5392 eorum.
2043 5341 2117 5393 Ac
2146 5342 2190 5394 si

617 5407 761 5480 dicat
811 5422 824 5458 :
868 5404 1263 5480 Usquequaque
1310 5411 1450 5477 plent
1502 5419 1627 5462 sunt
1682 5411 1960 5480 nequitia:
2011 5412 2091 5464 vel
2139 5428 2189 5465 in

616 5476 973 5550 habitaculis,
1005 5476 1257 5544 ittest,’in
1298 5476 1613 5549 eonpnribus
1650 5476 1856 5543 eorum,
1905 5483 1955 5534 in
1996 5484 2187 5550 quibus

616 5547 983 5622 tetnporaliter
1014 5547 1419 5622 peregrinantur
1446 5565 1499 5606 et
1537 5554 1765 5605 tttilitattt
1795 5551 1873 5621 t2.
1926 5547 2046 5607 Cor.
2084 5551 2183 5622 5.),

613 5628 737 5671 sunt
774 5619 1046 5688 nequititc.
1082 5618 1148 5673 Et
1176 5624 1226 5674 in
1257 5625 1419 5677 medio
1465 5639 1660 5688 eorum,
1695 5618 1865 5688 idest,
1904 5624 1954 5676 itt
1987 5618 2182 5683 corde.

613 5691 878 5757 nequitias
902 5706 1036 5760 quas
1066 5693 1282 5757 iaciunt,
1314 5711 1376 5747 ex
1411 5704 1522 5749 toto
1554 5697 1716 5748 t'ordu
1746 5698 1961 5747 faciunt.
1997 5696 2073 5747 lllt
2098 5711 2185 5759 qui

614 5761 747 5834 tales
773 5770 919 5834 sunt,
953 5774 1191 5830 pereunt.
1228 5764 1335 5834 ls'go
1365 5777 1531 5816 autem
1555 5769 1620 5815 at!
1653 5766 1925 5817 Dominum
1949 5766 2184 5827 clamavi,

613 5838 660 5881 et
693 5826 1168 5887 Dominussulvarit
1200 5826 1293 5888 me.
1327 5838 1381 5890 Si
1417 5848 1463 5890 te
1497 5837 1744 5895 allltxetit
1776 5836 2042 5901 iuiuueus,
2080 5836 2186 5887 clav

2309 3300 2414 3361 tate
2445 3306 2457 3341 :
2491 3291 2791 3343 liunttliatiit
2821 3292 2939 3345 illos
2964 3293 3014 3345 iit
3046 3294 3408 3358 damnatione,
3441 3295 3532 3361 qui
3566 3298 3735 3350 creeti
3760 3307 3874 3350 sunt

2308 3360 2359 3413 iii
2384 3360 2743 3417 d.Ssensionc.
2778 3362 2840 3415 Et
2863 3365 3051 3417 merito
3082 3381 3094 3416 :
3126 3362 3246 3417 Non
3276 3366 3408 3417 enim
3435 3360 3507 3417 est
3532 3366 3641 3419 illis
3662 3384 3872 3421 commn-

2306 3433 2450 3483 tatio.
2485 3432 2615 3497 Quia
2660 3449 2763 3485 non
2797 3444 3067 3487 mutantur
3090 3434 3141 3487 iit
3169 3436 3387 3499 melius,
3428 3436 3525 3489 sed
3553 3438 3878 3491 descendunt

2306 3502 2357 3553 iit
2412 3502 2578 3569 pejus.
2614 3501 2676 3553 Et
2710 3519 2809 3555 non
2840 3506 3115 3557 timuerunt
3164 3504 3347 3557 Deum.
3391 3504 3539 3560 Sicut
3587 3509 3752 3562 timor
3786 3509 3877 3561 Βυ-

2305 3572 2433 3648 mini
2463 3574 2667 3648 initium
2698 3576 2972 3648 sapientia:
3016 3575 3189 3648 (Psal.
3244 3576 3365 3641 HO;
3403 3575 3562 3631 Prov.
3616 3580 3642 3632 1
3677 3590 3726 3631 et
3756 3578 3834 3648 9.)
3863 3596 3876 3632 ;

2308 3642 2379 3693 ita
2404 3657 2507 3695 non
2542 3645 2725 3697 timere
2751 3646 2912 3698 Deum
2930 3642 3116 3699 mortis
3138 3646 3344 3699 iuitiutn
3372 3656 3476 3701 est.
3504 3648 3701 3702 Beatus
3724 3642 3877 3703 homo

2302 3714 2395 3781 qui
2422 3727 2635 3782 semper
2663 3725 2743 3786 est
2776 3716 3015 3786 pavidus.
3045 3717 3145 3782 Qui
3174 3733 3299 3771 vero
3349 3719 3549 3771 mentis
3578 3732 3661 3771 εει
3698 3720 3875 3786 dune,

2302 3787 2594 3856 eorructin
2618 3785 2813 3837 malum
2847 3784 3026 3851 (Prov.
3049 3786 3185 3856 28.).
3219 3787 3370 3842 Unde
3398 3797 3453 3841 ct
3481 3790 3729 3843 subditur
3761 3810 3776 3845 :

2371 3852 2461 3907 21.
2496 3853 2744 3908 Extendat
2773 3872 2977 3908 manum
3004 3852 3156 3910 suam
3195 3862 3248 3911 in
3291 3858 3637 3913 retribuendo.
3682 3862 3791 3915 Huc
3830 3863 3879 3915 in

2299 3924 2502 3992 judicio
2555 3927 2694 3992 erit,
2741 3930 2953 3995 quando
2996 3930 3133 3982 Deus
3185 3930 3429 3983 ultricem
3476 3947 3694 3985 manum
3734 3948 3875 3986 suam

2300 3995 2715 4067 antpliticabitin
2740 3998 3052 4053 vindictam.
3084 3999 3216 4053 Hinc
3239 4001 3361 4054 alibi
3388 4003 3650 4067 minatur,
3678 4002 3875 4061 dicens.

2304 4065 2514 4141 Levalio
2538 4074 2602 4119 al
2633 4069 2822 4121 catlum
2852 4083 3064 4123 manuni
3090 4086 3283 4127 meam.
3317 4072 3368 4124 Si
3402 4086 3603 4125 acuero
3632 4065 3689 4126 ut
3714 4073 3877 4141 fulgur

2301 4137 2532 4210 gladiuvn
2566 4155 2765 4203 meum,
2798 4151 2851 4193 et
2874 4142 3159 4209 arripuerit
3187 4143 3442 4210 judicium
3493 4158 3687 4196 manus
3740 4137 3873 4207 mea,

2300 4208 2519 4261 reddam
2569 4210 2823 4263 ultionem
2870 4208 3107 4265 hostibus
3140 4208 3302 4279 meis,
3336 4222 3389 4266 et
3422 4214 3503 4265 liis
3533 4213 3623 4281 qni
3652 4214 3877 4267 oderunt

2302 4292 2409 4343 me,
2461 4283 2752 4353 retribuam
2809 4283 2991 4349 (Deut.
3024 4280 3161 4353 52.).
3216 4284 3279 4337 Et
3308 4298 3435 4338 vere
3478 4280 3624 4349 digni
3672 4294 3795 4337 sunt
3824 4298 3875 4338 ut

2302 4354 2586 4416 puniantur
2621 4368 2635 4405 :
2675 4352 3162 4407 Contaminaveiunt
3191 4356 3326 4406 enim
3358 4363 3717 4407 testamentum
3747 4356 3869 4419 eius.

2300 4424 2431 4495 Quia
2475 4421 2622 4474 illuni
2653 4422 2739 4490 qui
2775 4434 3095 4478 testamento
3125 4426 3255 4494 legis
3284 4425 3347 4478 ad
3379 4424 3608 4481 salutem
3642 4442 3874 4495 pronun-

2301 4490 2465 4544 tiatits
2499 4504 2600 4555 est,
2632 4505 3055 4549 eontetnseru..t.
3088 4490 3231 4560 Ideo,

2369 4562 2460 4616 22.
2496 4563 2655 4616 Divisi
2682 4575 2798 4616 sunt
2844 4564 2907 4616 ab
2937 4566 3013 4617 ira
3038 4565 3205 4619 vultus
3234 4568 3364 4633 ejus.
3402 4565 3480 4619 Ita
3527 4566 3673 4620 enim
3715 4577 3767 4620 ct
3796 4582 3874 4621 sc-

2306 4636 2501 4687 veritas
2536 4634 2652 4695 Dei,
2688 4646 2902 4703 propter
2934 4641 3034 4690 lioc
3065 4646 3337 4705 peccatum
3365 4676 3379 4701 ,
3428 4638 3611 4690 divisit
3656 4653 3752 4691 eos'
3785 4653 3874 4705 per.

2297 4706 2535 4759 diversas
2569 4715 2745 4772 partes
2776 4707 2977 4759 mundi.
3017 4708 3114 4760 Ista
3144 4710 3303 4760 etiam
3334 4708 3490 4761 verba
3527 4709 3774 4763 videntur
3810 4708 3872 4764 ad

2300 4775 2467 4828 lueret
2490 4790 2582 4827 ους
2633 4786 2916 4843 pertinere.
2965 4778 3063 4846 Ipsi
3110 4778 3252 4832 enim
3292 4778 3665 4835 contaminare
3719 4792 3872 4834 testa-

2301 4854 2536 4899 mentum
2573 4847 2660 4898 Dei
2708 4862 2812 4899 nou
2842 4849 3139 4911 desistunt,
3165 4849 3292 4902 dum
3326 4848 3631 4917 Scripturas
3661 4862 3872 4905 sanctas

2303 4931 2465 4984 prave
2514 4916 2812 4989 intelligunt
2867 4929 2921 4972 et
2977 4930 3268 4988 exponunt.
3330 4919 3420 4973 Dei
3498 4928 3869 4977 testamentum

2299 4989 2666 5041 centaniinaut
2712 5004 2723 5039 :
2758 4989 2878 5058 quia
2909 5005 2972 5043 cx
3029 4990 3145 5058 ipso
3181 4990 3516 5043 mendacium
3560 5002 3615 5044 et
3635 5008 3867 5045 errorem

2300 5060 2596 5127 approbare
2650 5074 2753 5111 non
2792 5070 3028 5114 cessant.
3077 5061 3143 5113 Et
3190 5061 3309 5114 ideo
3349 5062 3501 5113 divisi
3540 5073 3660 5115 sunt
3709 5063 3771 5115 ab
3798 5064 3868 5115 ira

2299 5136 2469 5183 vultus
2498 5132 2626 5198 ejus.
2684 5130 2766 5182 Ab
2798 5131 2873 5182 ira
2910 5131 3216 5184 severitatis
3249 5131 3340 5183 Dei
3373 5141 3496 5184 sunt
3536 5132 3719 5190 divisi.
3760 5136 3864 5187 Non

2298 5200 2441 5274 enim
2472 5206 2611 5274 quod
2641 5200 2770 5274 dicit
2814 5202 3081 5274 Donatus,
3113 5202 3241 5274 dicit
3287 5202 3645 5257 Sabellianus.
3691 5206 3875 5274 Neque

2298 5273 2438 5339 quod
2486 5273 2617 5325 dicit
2674 5272 3042 5338 Sabellianus,
3084 5272 3212 5326 dii-it
3265 5273 3512 5326 Arianus.
3555 5274 3638 5327 Ab
3671 5272 3863 5328 unitate

2298 5342 2573 5396 catholica:
2618 5344 2867 5396 Ecca-sia:
2896 5345 3123 5412 separati
3142 5385 3156 5407 ,
3198 5358 3289 5411 )cr
3318 5344 3514 5396 inultos
3542 5360 3759 5399 errores
3789 5345 3864 5398 di-

2298 5413 2396 5466 visi
2442 5422 2582 5487 sunt.
2622 5412 2684 5463 Et
2714 5416 3142 5487 appropinquavit
3175 5430 3262 5466 cor
3292 5412 3456 5487 illius.
3494 5414 3558 5487 Ut
3608 5417 3861 5487 intelliga-

2298 5497 2415 5536 mus
2442 5486 2772 5536 viilutitatem
2806 5485 2992 5539 ilius.
3017 5486 3236 5538 Multum
3267 5485 3410 5538 valet
3441 5486 3595 5537 nobis
3622 5486 3687 5539 ad
3716 5487 3858 5541 intel-

2298 5554 2563 5636 ligendum
2599 5555 2804 5636 Deum,
2840 5555 3206 5636 lignreticorum
3237 5556 3453 5635 divisio.
3516 5556 3675 5610 Multa
3727 5558 3857 5636 enini

2296 5625 2404 5692 (Ex
2432 5626 2698 5695 Augstin).
2733 5626 2968 5679 latebant
2996 5629 3048 5679 in
3077 5627 3395 5692 Scriptnris,
3427 5636 3481 5678 ct
3509 5642 3631 5680 cum
3658 5627 3856 5695 prun-isi

2295 5708 2472 5747 essent
2505 5696 2737 5748 haeretici
2773 5697 3161 5762 quaestionibus
3193 5700 3527 5765 agitavernnt
3570 5699 3857 5753 Ecclesiam

2300 5766 2411 5820 Dei.
2444 5769 2637 5833 Aperta
2677 5779 2936 5836 suntquae
2966 5768 3231 5831 latebant,
3256 5778 3310 5821 et
3342 5766 3605 5821 intellecta
3646 5779 3727 5823 est
3776 5786 3855 5821 vo-

2297 5837 2471 5894 lunt-5
2531 5838 2641 5892 Dei.
2702 5836 2966 5910 Numquid
3015 5840 3155 5894 enitr
3199 5839 3266 5893 de
3317 5837 3575 5895 Trinitate
3628 5840 3852 5909 perfecte
