4098 6356
256 366 358 424 86:3

1221 368 1286 422 ΙΝ
1330 368 1644 425 PSALMUS
1684 368 1867 432 LXXV
1902 364 2465 422 COMMENTARIUS.

3415 371 3511 424 870

256 486 385 549 sari,
422 485 599 555 imago
640 483 731 538 Dei
775 482 1026 555 reddatur
1053 484 1163 555 Deo
1194 484 1406 552 (Matth.
1440 484 1578 553 9.2.).
1626 484 1692 538 Et
1731 486 1831 539 hoc
1861 492 1907 546 Α
1939 484 2130 538 tientes
2164 484 2335 555 (Rom.
2373 484 2512 554 12.).
2545 482 2609 537 Et
2642 482 2873 538 iterum:
2913 481 2970 537 Si
2996 492 3175 539 autem
3222 488 3360 555 quod
3407 505 3511 543 non

253 557 470 627 quidem
490 554 703 627 justum
734 564 841 627 est.
874 553 1091 627 Quare?

328 624 417 679 15.
467 626 723 689 Quoniam
752 624 997 693 eripuisti
1050 623 1271 677 animam
1327 642 1491 680 meam
1539 626 1602 677 de
1648 635 1828 678 morte.

258 696 598 751 Prmteritum
639 692 788 763 ponit
820 692 914 761 pro
943 693 1142 748 futuro.
1174 695 1273 761 Qui
1305 699 1447 749 enim
1476 698 1830 749 aeternitatem

257 776 438 821 mente
458 765 795 827 considerat,
820 764 1071 833 quicquid
1096 766 1323 819 transire
1346 774 1544 834 potest,
1570 766 1679 833 jam
1706 777 1833 819 tam-

261 851 422 906 quam
457 834 790 906 praeteritum
845 845 1049 906 pensat.
1081 837 1158 888 Ac
1198 836 1243 888 si
1292 836 1531 890 diceret:
1573 836 1831 900 Quoniam

256 903 309 959 in
332 907 437 959 alia
470 905 573 959 vita
602 903 796 973 eripies
825 904 1057 957 animam
1086 920 1256 958 meam
1306 922 1334 959 a
1388 917 1559 960 morte
1602 919 1829 960 arterna.

257 975 324 1029 Et
351 976 506 1045 pedes
539 991 677 1027 meos
702 992 737 1027 a
762 975 935 1045 lapsu.
962 976 1095 1041 Quia
1127 976 1198 1029 ibi
1229 976 1372 1029 nullo
1402 977 1560 1029 modo
1591 977 1831 1030 movebi-

256 1044 434 1100 tur’ad
466 1047 666 1099 malum
700 1059 816 1098 mea
864 1044 1093 1114 aliectio.
1129 1045 1205 1098 lbi
1257 1046 1435 1099 nullus
1486 1048 1668 1114 lapsus
1693 1048 1827 1110 erit,

256 1118 345 1171 ubi
372 1118 596 1170 tentatio
626 1131 731 1168 non
758 1116 894 1169 erit:
926 1113 997 1168 ibi
1025 1117 1393 1186 nulluslapsus
1416 1113 1645 1181 erit,ubi
1676 1117 1830 1170 beata

255 1188 494 1240 Trinitas
519 1190 657 1241 erit.
676 1187 816 1239 Bene
842 1199 969 1254 ergo
1002 1186 1294 1257 subditur:
1321 1198 1377 1240 ut
1403 1190 1629 1257 placeam
1661 1202 1832 1238 coram

257 1257 368 1311 Deo
399 1261 452 1310 in
502 1258 693 1310 lumine
742 1258 1031 1311 viventium.
1061 1256 1251 1310 Coram
1290 1256 1482 1312 Deoin
1514 1259 1711 1311 lumine
1757 1257 1832 1309 vi-

255 1327 496 1383 ventium
523 1327 847 1396 placebimus
864 1371 878 1393 ,
902 1327 1114 1398 quando
1138 1328 1469 1383 immortales
1493 1339 1546 1381 et
1570 1329 1688 1382 sine
1713 1344 1833 1395 pec-

254 1410 378 1453 cato
405 1400 485 1453 illi
519 1398 920 1464 apparehimus.
947 1398 1163 1452 Similes
1193 1401 1335 1453 enim
1366 1402 1413 1452 ei
1446 1401 1668 1460 erimus,
1702 1416 1834 1467 quo-

260 1470 401 1523 niam
426 1469 724 1523 videbimus
748 1483 869 1522 eum
901 1469 1056 1523 sicuti
1094 1480 1176 1525 est
1220 1470 1300 1536 (l.
1327 1468 1481 1522 Joan.
1516 1470 1616 1537 5.).
1650 1471 1722 1523 lbi
1752 1472 1832 1522 lu-

255 1554 381 1593 men
411 1554 597 1593 veruin
638 1548 692 1592 et
718 1549 912 1593 aeterna
938 1541 1063 1591 vita.
1128 1540 1203 1593 lhi
1234 1540 1510 1609 fulgebunt
1535 1542 1659 1608 justi
1695 1541 1833 1594 sicot

256 1617 337 1663 sol
382 1611 435 1663 in
464 1625 633 1679 regno
660 1609 829 1663 Patris
859 1624 1042 1682 eorum
1068 1610 1224 1678 (Sap.
1254 1613 1354 1682 5.).
1390 1614 1528 1679 Ergo
1554 1613 1709 1664 nobis
1738 1626 1833 1663 va-

256 1682 398 1734 leant
444 1681 560 1734 haec
588 1682 797 1745 omnia,
846 1690 901 1733 ut
928 1680 1095 1735 Deum
1137 1680 1628 1751 gratis'diligamus,
1663 1684 1713 1735 in
1740 1682 1833 1735 illo

255 1764 534 1815 speremus
562 1768 574 1802 :
610 1765 710 1805 nec
737 1751 1039 1815 hominem,
1089 1767 1188 1805 nec
1217 1754 1488 1807 diabolum
1522 1756 1827 1806 timeamus.

255 1822 571 1876 Toleremus
614 1823 802 1887 malos,
837 1820 1004 1876 simus
1035 1823 1195 1876 honi:
1230 1822 1297 1877 de
1340 1824 1554 1877 neruine
1578 1824 1831 1890 deSpere-

255 1906 397 1945 mus.
453 1895 555 1945 l’ro
607 1892 855 1945 erunibus
903 1892 1012 1962 (Ea:
1042 1892 1351 1963 Augustino)
1382 1910 1516 1961 quos
1563 1900 1830 1961 patimur,

254 1976 475 2017 oremus
503 1980 513 2013 :
549 1972 606 2016 ut
635 1973 689 2015 et
717 1963 803 2015 hic
834 1964 887 2015 in
934 1966 1132 2018 lumine
1173 1963 1291 2017 lidei
1316 2006 1329 2030 ,
1359 1975 1414 2019 et
1445 1963 1516 2017 ibi
1547 1966 1597 2016 in
1633 1964 1840 2019 lumine

254 2032 455 2101 speciei
485 2045 753 2101 tamquam
791 2033 845 2086 in
893 2033 1091 2088 lumine
1138 2035 1428 2089 viventium
1462 2038 1513 2088 in
1542 2045 1835 2104 conspectu

255 2104 352 2159 Dei
378 2106 703 2173 placeamus.
736 2105 927 2157 Anien.
1285 2120 1288 2123 λ

570 2222 733 2292 278
759 2220 1056 2277 TITULUS
1096 2222 1344 2278 PSALMI
1385 2222 1519 2278 LVI.

321 2313 366 2360 1.
412 2313 473 2360 In
495 2310 642 2373 linem
659 2310 1019 2376 nedisperdas,
1065 2313 1219 2376 David
1265 2314 1314 2363 in
1357 2313 1481 2364 tituli
1511 2313 1838 2376 inscriptione,

253 2387 364 2439 cum
386 2372 574 2439 fugeret
594 2387 624 2422 a
646 2372 772 2437 facie
807 2372 925 2439 Saul
945 2376 992 2425 in
1015 2373 1291 2435 speluncam
1312 2378 1377 2439 (l.
1402 2380 1521 2439 Reg.
1549 2378 1623 2425 ‘22.
1651 2372 1695 2427 et
1720 2372 1838 2436 24.).

253 2435 478 2484 Psalrnus
504 2438 600 2500 iste
629 2435 787 2486 tendit
806 2438 853 2483 in
880 2440 1043 2496 linem,
1086 2439 1133 2484 id
1171 2438 1356 2500 estLin
1385 2435 1647 2500 Christum,
1674 2435 1841 2487 admu-

252 2508 382 2566 nens
404 2507 475 2557 te,
498 2499 793 2566 quicumque
818 2510 890 2565 es,
920 2499 1263 2566 ri.e_disp_erdas
1279 2499 1449 2559 David,
1481 2502 1528 2550 id
1548 2510 1641 2558 est,
1670 2516 1730 2566 ne
1750 2512 1842 2548 de-

253 2559 472 2623 honores
496 2558 739 2607 t;hristum
758 2558 808 2608 in
831 2558 957 2608 tituli
981 2558 1288 2623 inscriptione
1312 2558 1490 2611 mutata
1516 2577 1540 2610 a
1568 2571 1635 2623 te,
1677 2563 1719 2609 id
1748 2571 1838 2619 est,

253 2621 592 2685 subtrahendo
632 2624 844 2681 teipsum
880 2633 914 2685 τι
946 2635 1100 2683 regno
1137 2622 1346 2683 Christi,
1392 2623 1581 2672 scilicet
1618 2621 1842 2685 negando

253 2682 499 2732 Christum
520 2695 711 2745 regem
755 2695 866 2732 esse
894 2682 1171 2733 Judaéorum
1201 2698 1211 2729 :
1240 2686 1553 2745 inscriptione
1586 2682 1711 2733 tituli
1741 2699 1842 2733 inu-

254 2752 358 2807 tata
383 2758 409 2807 a
433 2744 716 2807 quibusdam
743 2750 874 2801 tunc,
897 2760 1007 2795 eum
1026 2747 1222 2807 lugeret
1248 2745 1421 2807 David,
1440 2748 1483 2791 id
1512 2755 1585 2795 est
1603 2748 1840 2807 Christus,

256 2820 286 2853 a
312 2805 457 2867 facie,
483 2806 530 2854 id
557 2813 652 2868 est,
679 2820 705 2853 a
730 2809 1012 2868 cognitione
1044 2805 1177 2867 saul,
1220 2809 1264 2855 id
1312 2805 1625 2868 esl,diabo|i,
1656 2810 1731 2857 vel
1752 2805 1843 2855 Ju4

255 2869 494 2931 daeoruin,
520 2869 570 2916 in
587 2868 891 2931 speluncam,
917 2870 962 2918 id
982 2876 1080 2930 est,
1128 2869 1176 2931 in
1200 2871 1549 2921 humanitatem
1577 2872 1651 2919 vel
1675 2871 1843 2931 sepul-

255 2942 411 2977 crum.
434 2929 641 2990 Pr0pter
666 2930 756 2977 hoc
780 2929 910 2977 enim
936 2929 1074 2990 quod
1113 2930 1257 2978 solam
1281 2932 1631 2981 humanitatem
1666 2929 1842 2980 Clit’iSll

256 3001 616 3052 «ignoverunt,
640 2997 694 3040 et
714 2992 761 3037 in
782 2992 1007 3051 sepulcro
1028 3001 1267 3040 mortuum
1289 2995 1532 3049 iideruiit,
1551 2993 1682 3041 nullo
1702 2998 1844 3042 modo

256 3056 578 3101 attendentes
601 3066 713 3101 esse
734 3053 892 3116 Deum
919 3067 929 3100 :
954 3056 1152 3114 quidam
1188 3052 1313 3102 tituli
1348 3055 1710 3116 inscriptione-iii
1736 3069 1843 3103 niu-

261 3120 516 3175 taveront,
537 3114 1031 3176 uegantesChristum
1056 3129 1168 3163 esse
1192 3129 1363 3175 regem
1387 3114 1659 3165 Judaeorum
1675 3119 1841 3173 (Joan.

262 3176 382 3238 19:).
415 3176 625 3238 Materia,
656 3186 731 3225 est
756 3177 991 3226 Christus.
1040 3177 1094 3224 In
1141 3179 1290 3238 prima
1333 3188 1470 3238 parte
1504 3184 1629 3227 sicut
1662 3179 1710 3225 in
1735 3179 1843 3228 aliis

258 3237 459 3299 psalmis
482 3239 561 3287 ubi
600 3237 665 3286 de
690 3241 912 3296 passione
944 3240 1060 3300 agit,
1109 3237 1355 3298 przcmittit
1373 3241 1656 3288 orationem.
1688 3241 1738 3287 In
1765 3254 1841 3289 se-

258 3301 415 3348 cunda
451 3305 591 3361 parte
630 3310 739 3359 qua
778 3301 966 3362 incipit,
1011 3301 1227 3350 Misitde
1252 3301 1372 3348 caalo
1397 3308 1450 3350 et
1471 3301 1695 3350 liberavit
1718 3314 1840 3351 me:

260 3363 422 3422 tangit
446 3362 666 3409 breviter
690 3364 753 3410 de
793 3364 1017 3422 passione
1043 3376 1129 3411 alia
1155 3371 1204 3411 et
1223 3362 1588 3422 gloviticatione.
1617 3362 1669 3411 In
1696 3367 1841 3414 tertia

259 3399 378 3483 qua?
420 3425 605 3483 incipit,
646 3399 872 3485 Paratiim
916 3438 999 3472 cor
1023 3438 1184 3472 meum
1212 3399 1344 3473 Betis
1371 3437 1381 3470 :
1407 3399 1642 3485 Ostendit,
1663 3399 1719 3474 se
1744 3399 1844 3473 ina:

261 3495 405 3543 gnam
444 3485 637 3532 laudem
665 3484 782 3546 Deo
804 3498 866 3533 ex
899 3499 983 3534 sua
1022 3486 1374 3546 gloriliczitioue
1419 3487 1599 3536 facere.
1623 3484 1847 3537 Ostendit

261 3545 483 3613 Christus
501 3549 549 3593 in
575 3547 667 3595 hoc
690 3545 871 3613 psalmo
908 3561 993 3608 per
1032 3545 1312 3609 mysterium
1357 3560 1459 3613 sua:
1480 3550 1843 3613 incarnationis,

263 3610 499 3671 passionis
523 3620 575 3657 et
596 3611 989 3671 resurrectionis,
1013 3617 1161 3671 atque
1192 3611 1486 3658 ascensionis
1529 3618 1681 3659 totum
1706 3610 1847 3659 muri-

261 3667 378 3733 dum
401 3670 682 3719 Christianae
706 3669 817 3719 lidei
836 3667 1210 3733 Subjiciendum.
1258 3671 1355 3720 Per
1398 3673 1488 3721 hoc
1513 3672 1746 3722 videlicet
1773 3675 1848 3721 in-

263 3731 475 3787 tendens
498 3746 668 3796 omnes
690 3731 975 3796 admonere,
996 3742 1047 3782 ut
1070 3734 1230 3781 nullus
1255 3736 1319 3796 sit
1336 3734 1420 3795 qui
1444 3735 1565 3784 velit
1588 3747 1644 3784 se
1664 3736 1725 3783 ab
1743 3732 1851 3794 ejus

264 3804 426 3857 regno
446 3808 535 3853 per
559 3792 896 3843 inﬁdelitatem
914 3792 1226 3844 subtrahere.
1248 3795 1307 3844 Et
1327 3792 1417 3845 hoc
1436 3797 1550 3844 facit
1574 3792 1847 3857 proponen-

263 3852 494 3921 do’nobis
515 3857 895 3921 incarnationem
919 3870 1073 3915 suam,
1089 3861 1383 3921 passionem,
1409 3852 1846 3921 resurrectionem,

266 3919 607 3967 ascensionem
629 3929 779 3965 suam.
806 3917 885 3967 Sic
910 3932 1032 3981 ergo
1057 3917 1224 3979 incipit
1253 3935 1263 3969 :

776 4024 1132 4085 PSALMUS
1178 4026 1335 4085 LVI.

334 4150 391 4203 2.
436 4149 679 4204 Miserere
720 4148 835 4212 mei,
872 4147 1030 4212 Deus,
1058 4149 1296 4202 miserere
1338 4150 1457 4201 mei.
1492 4150 1659 4204 Audis
1686 4150 1851 4216 magi—

265 4230 435 4275 slrum
464 4229 738 4273 orantem:
781 4220 926 4272 disce
947 4234 1120 4272 orare.
1147 4222 1226 4272 Ad
1260 4218 1359 4272 hoc
1384 4222 1526 4273 enim
1558 4221 1752 4281 oravit.
1786 4230 1845 4273 ut

267 4292 490 4346 doce‘rct
534 4306 707 4343 orare.
746 4290 824 4343 Ad
858 4290 955 4342 hoc
1008 4303 1193 4357 passus
1234 4301 1348 4351 est,
1384 4300 1439 4343 ut
1468 4289 1691 4345 doceret
1721 4292 1848 4357 pati.

268 4366 348 4415 Ad
375 4363 479 4414 hoc
506 4361 796 4415 resurrexit
821 4368 878 4413 ut
897 4361 1109 4413 doceret
1134 4374 1351 4426 Sperare
1381 4364 1847 4414 resurrectionem.

267 4433 605 4488 Geminando
645 4432 971 4494 orationem,
1015 4446 1256 4499 magnam
1303 4432 1455 4484 nobis
1492 4431 1727 4485 insinuat
1758 4447 1853 4486 ne-

270 4504 602 4558 cessitatem.
630 4501 811 4554 Potest
836 4503 993 4553 ctiam
1020 4501 1134 4553 limo
1164 4501 1420 4553 orationis
1470 4503 1761 4569 geminatio
1785 4502 1851 4556 ad

268 4574 482 4653 diversa
508 4570 729 4651 referri,
765 4571 866 4653 hoc
890 4572 1077 4649 modo:
1104 4571 1346 4653 Miserere
1365 4573 1461 4625 mei
1490 4571 1852 4653 Deushdaondo
1879 4593 1929 4653 ο

264 4646 394 4699 mihi
419 4644 774 4698 constantiam
806 4644 855 4695 in
892 4644 1140 4709 passione
1166 4682 1179 4703 ,
1218 4642 1461 4695 Miserere
1491 4643 1619 4702 mei,
1651 4642 1843 4696 facien-

263 4717 333 4769 do
363 4730 451 4769 me
475 4728 773 4782 resurgere.
811 4714 874 4765 Et
902 4715 1066 4766 debes
1095 4711 1335 4767 misereri
1360 4753 1375 4776 ,
1412 4713 1666 4778 Quoniam
1696 4714 1748 4765 in
1775 4723 1844 4777 te,

264 4802 373 4840 non
421 4787 473 4838 in
516 4784 643 4847 alio,
687 4784 895 4849 conﬁdit
928 4783 1102 4835 anima
1133 4800 1265 4837 mea.
1314 4787 1392 4836 Ac
1437 4784 1482 4836 si
1527 4783 1700 4848 dicat,
1734 4784 1847 4837 Non

266 4866 472 4910 tantum
520 4855 729 4907 conlltlo
764 4855 813 4906 in
857 4864 908 4908 te
953 4853 1002 4905 io
1035 4853 1315 4920 prmsenti,
1351 4854 1443 4907 sed
1487 4856 1647 4908 etiam
1687 4858 1738 4908 in
1771 4856 1848 4907 lu-

265 4936 405 4981 turo.
440 4924 555 4979 Non
588 4923 885 4979 secundum
915 4940 1111 4992 corpus
1163 4934 1388 4987 tantum,
1422 4925 1514 4978 sed
1547 4926 1843 4978 secundum

264 4997 526 5050 animant.
571 4996 634 5048 Et
663 4994 784 5048 ideo
827 4995 1001 5048 adhuc
1031 4996 1243 5059 subdit,
1279 5004 1323 5047 et
1357 4996 1408 5047 in
1436 4998 1614 5047 umbra
1641 4997 1844 5048 alarum

262 5076 471 5120 tuarum
510 5067 740 5130 sperabo.
774 5069 814 5119 A
865 5065 1024 5120 simili
1059 5066 1257 5119 dictum
1301 5074 1383 5118 est
1430 5066 1566 5120 hoc:
1602 5067 1739 5119 sicut
1787 5070 1836 5119 in

265 5136 555 5205 Evangelio
608 5136 864 5191 Dominus
914 5136 1207 5191 Jerusalem
1245 5136 1350 5190 ait;
1397 5136 1654 5199 Quotiens
1696 5137 1837 5188 Vititll

262 5221 598 5279 congregare
623 5206 897 5279 liliostuos
921 5206 1373 5279 quemadmodum
1387 5208 1595 5279 gallina
1610 5222 1840 5279 congre-

260 5290 349 5345 gat
372 5275 518 5332 filios
542 5292 667 5331 suos
697 5278 798 5332 sub
826 5275 958 5343 alis,
991 5287 1043 5331 et
1076 5278 1289 5329 noluisti
1322 5276 1537 5344 (Matth.
1570 5275 1721 5346 25.)?
1755 5277 1844 5330 Di-

262 5351 383 5402 vina
414 5349 631 5417 quidem
685 5348 894 5402 bonitas
925 5346 1154 5416 quodam
1186 5347 1335 5414 quasi
1377 5356 1620 5401 materno
1650 5347 1843 5401 allecto

264 5421 367 5473 alis
398 5436 510 5473 sua:
543 5419 921 5472 misericordia:
945 5429 999 5472 et
1031 5418 1279 5485 potenti.»
1303 5418 1558 5486 protegit,
1591 5428 1754 5488 atque
1777 5421 1844 5471 ab

264 5500 399 5543 astu
428 5489 680 5557 vitiorum
709 5488 948 5543 defendit
973 5498 1250 5555 sperantes
1284 5489 1336 5542 iu
1367 5502 1447 5541 se.
1481 5489 1622 5543 Bene
1660 5502 1837 5542 autem

264 5562 607 5628 subjuncuim
656 5570 774 5613 est:
826 5557 999 5612 Donec
1030 5568 1249 5611 transeat
1278 5561 1537 5625 iniquitas.
1592 5561 1746 5613 Modo
1789 5575 1840 5611 in

268 5632 369 5685 hoc
400 5631 598 5683 saeculo
619 5630 868 5697 quamdiu
899 5629 1055 5682 durat
1086 5631 1355 5698 iniquitas,
1382 5631 1664 5699 unicuique
1694 5631 1840 5699 justo

265 5716 390 5770 spes
420 5702 728 5770 necessaria
764 5709 878 5761 est,
910 5710 967 5751 ut
1011 5700 1276 5766 sperando
1320 5715 1514 5756 aeterna
1558 5704 1695 5754 bona
1747 5717 1837 5767 pa-

267 5769 465 5825 tienter
497 5769 635 5822 mala
676 5772 972 5823 sustineant
997 5771 1326 5835 temporalia.
1361 5771 1490 5824 lliiit:
1523 5773 1715 5824 Paulos
1745 5772 1839 5824 ad-

263 5849 445 5897 monet
488 5839 705 5896 dicens:
754 5840 858 5911 Spe
890 5842 1206 5908 gaudentes.
1252 5841 1303 5894 iii
1354 5842 1697 5896 tribulatione
1747 5859 1836 5910 pa-

1938 555 2179 609 videmus
2234 570 2552 623 speramus,
2624 570 2718 621 per
2766 555 3074 622 patientiam
3143 569 3514 623 eitSpectatnus

1933 625 2113 695 (llam.
2145 625 2247 697 8.).
2283 626 2437 679 Modo
2470 639 2597 694 ergo
2638 625 2875 697 abundat
2924 626 3176 694 iniquitas
3223 642 3467 693 premens
3492 673 3509 697 ,

1933 694 2017 749 cui
2052 694 2253 749 resistit
2296 697 2500 761 justitia
2553 696 2793 760 patiens,
2825 705 2879 749 et
2920 710 3042 763 spes
3076 697 3407 751 indeliciens.
3449 694 3507 753 In

1934 777 2106 818 morte
2126 766 2249 827 jusn
2272 806 2288 829 ,
2330 767 2444 820 sive
2477 770 2527 819 ιιι
2556 768 2659 821 line
2680 766 2864 821 saaculi
2895 766 3144 835 iniquitas
3184 767 3428 822 transibit
3455 780 3513 825 et

1935 837 2096 906 279
2120 834 2228 903 jam
2264 851 2387 904 spes
2413 852 2515 891 non
2544 840 2668 896 erit.
2717 837 2838 907 quia
2874 834 3290 906 jampossidere
3330 838 3515 908 incipit

1933 916 2073 973 quod
2107 908 2369 970 patienter
2400 909 2745 976 exspectavit.
2781 908 2913 961 Hinc
2943 917 3025 961 est
3053 910 3191 975 quod
3222 911 3509 976 Apostolus

1935 977 2042 1028 ait:
2101 977 2293 1030 Beatus
2340 977 2419 1029 vir
2446 978 2536 1046 qui
2578 976 2763 1031 solYert
2819 981 3194 1033 tentationem:
3256 982 3506 1046 quoniam

1934 1060 2052 1098 eum
2073 1047 2338 1118 probatus
2384 1048 2575 1112 fuerit,
2614 1049 2839 1118 accipiet
2864 1063 3116 1102 coronam
3145 1051 3266 1103 vitae
3296 1049 3499 1118 (Jacob.

1935 1117 2038 1185 1.).
2071 1117 2282 1190 Interim
2313 1117 2363 1169 in
2408 1117 2751 1172 tribulatione
2775 1119 3094 1173 constitutus
3124 1120 3250 1189 quid
3281 1117 3507 1190 subjun-

1932 1198 2041 1257 gat,
2068 1186 2378 1257 audiamus:

2004 1258 2055 1309 5.
2086 1256 2328 1310 Clamnbo
2352 1258 2419 1309 ad
2446 1257 2612 1310 Deum
2640 1257 2973 1312 Altissimum.
3004 1259 3354 1313 Commendat
3403 1276 3502 1316 no-

1936 1327 2016 1383 bis
2051 1329 2212 1380 llcum
2242 1340 2505 1395 nostrum,
2538 1342 2656 1399 cum
2688 1327 2817 1399 dicit
2862 1329 3213 1392 Altissiinum,
3248 1339 3509 1399 quatenus

1936 1399 2183 1467 exemplo
2207 1412 2304 1451 suo
2335 1413 2432 1453 nos
2462 1398 2657 1452 excitet
2687 1400 2749 1450 ad
2773 1398 3128 1463 Clamondurit,
3158 1401 3365 1455 scilicet
3385 1404 3509 1469 quia

1934 1469 2243 1523 Altissimus
2271 1478 2371 1532 est,
2402 1469 2526 1538 quia
2577 1469 2978 1536 potentissimus
3008 1481 3085 1523 est
3111 1511 3126 1537 ,
3183 1471 3304 1537 quia
3344 1486 3506 1539 super

1934 1553 2127 1593 omnes
2156 1548 2257 1593 est.
2291 1540 2504 1593 Clamor
2533 1546 2708 1591 autem
2758 1540 2822 1590 ad
2860 1539 3022 1591 Deum
3069 1550 3151 1594 est
3188 1539 3510 1596 desiderium

1936 1620 2201 1663 nostrum.
2236 1610 2446 1675 Quanto
2475 1611 2591 1677 plus
2632 1610 2856 1675 quisque
2883 1610 3173 1673 desiderat,
3204 1619 3349 1663 tanto
3394 1628 3509 1665 am-

1938 1682 2073 1747 plius
2102 1680 2321 1733 clamat.
2359 1680 2494 1733 Dicit
2530 1680 2883 1742 Altissimuin,
2913 1679 3041 1733 dicit
3087 1694 3137 1732 et
3185 1680 3506 1748 benignum,

1937 1766 2059 1804 cuni
2090 1752 2271 1804 subdit
2306 1767 2320 1804 :
2354 1749 2519 1802 Deum
2566 1751 2650 1818 qui
2698 1750 2939 1817 benefecit
2969 1750 3115 1802 mihi.
3150 1750 3286 1803 Audi
3315 1764 3509 1816 quanta

1866 1854 1912 1912 Β
1938 1821 2195 1875 beneﬁcia
2221 1862 2237 1887 ,
2268 1830 2325 1875 ut
2350 1823 2577 1890 amplius
2612 1821 2799 1889 diligas
2829 1820 3018 1887 Deunt,
3054 1829 3109 1875 et
3134 1820 3376 1877 devotius
3405 1824 3513 1877 ela-

1943 1907 2077 1946 mes.

2016 1964 2069 2017 4.
2104 1961 2246 2014 Misit
2272 1962 2334 2014 de
2361 1961 2507 2024 ca'lo,
2540 1960 2699 2023 idest,
2746 1963 2815 2017 de
2838 1960 3053 2016 excelso
3094 1961 3175 2015 vel
3202 1961 3269 2016 de
3306 1970 3514 2017 secreto

1942 2048 2059 2086 suo.
2090 2032 2155 2085 Et
2180 2032 2409 2085 liberavit
2436 2048 2535 2097 me,
2564 2033 2706 2084 dedit
2733 2034 2784 2086 in
2809 2033 3135 2101 approttrium
3156 2035 3509 2095 conculcantes

1942 2120 2038 2157 me.
2078 2103 2307 2169 Distiersi
2336 2111 2461 2155 sunt
2491 2118 2582 2169 per
2608 2117 2795 2157 omnes
2823 2115 3006 2170 gentes
3035 2101 3141 2173 (Ea:
3184 2102 3512 2172 Augustino),

1945 2188 2200 2243 nusquam
2258 2173 2516 2227 habentes
2568 2175 2952 2236 stabilitatem,
3012 2188 3268 2242 nusquam
3310 2186 3513 2229 certam

1944 2245 2148 2297 sedem.
2175 2244 2458 2311 Propterea
2491 2254 2666 2297 autem
2699 2247 2871 2298 adhuc
2893 2243 3059 2298 Judaei
3090 2255 3230 2307 sunt,
3264 2254 3319 2295 tit
3348 2245 3513 2299 libros

1947 2322 2157 2381 pnitent
2184 2316 2248 2367 ad
2279 2313 2646 2369 confusionem
2699 2328 2870 2368 suam.
2904 2314 2957 2366 lii
2994 2314 3132 2382 quali
3184 2313 3318 2368 libro
3344 2328 3464 2367 sunt
3495 2356 3511 2379 ,

1942 2386 2158 2449 attende
2188 2401 2201 2435 :
2233 2384 2484 2451 Codicctn
2520 2385 2951 2453 portatJudteus,
2985 2384 3123 2438 unde
3150 2390 3333 2437 crelat
3361 2386 3516 2437 Chri-

1943 2456 2165 2509 stianus.
2196 2455 2415 2509 Librarti
2446 2456 2611 2507 nostri
2633 2456 2755 2508 facti
2779 2465 2920 2509 sunt.
2960 2453 3159 2508 Deinde
3204 2456 3327 2522 quid
3357 2458 3516 2507 misc-

1946 2526 2017 2579 rit
2061 2526 2128 2579 de
2158 2529 2291 2580 ctnlo
2321 2527 2458 2581 Deus
2482 2568 2495 2590 ,
2531 2533 2623 2578 aut
2651 2540 2679 2577 a
2710 2527 2898 2594 quibus
2943 2541 3062 2578 eum
3106 2526 3371 2589 liberavit,
3402 2528 3516 2578 evi-

1942 2598 2133 2650 denter
2164 2596 2417 2660 insinuat,
2452 2612 2571 2650 cum
2619 2596 2887 2665 subjungit
2918 2612 2930 2646 :
2981 2594 3119 2646 Misit
3152 2594 3283 2647 Deus
3314 2596 3514 2648 miseri-

1907 2700 1911 2704 ~
1945 2669 2182 2719 cordtam
2216 2684 2365 2720 suam
2386 2680 2431 2720 et
2455 2668 2713 2720 veritatem
2742 2683 2905 2721 suam.
2943 2665 3013 2719 De
3044 2668 3138 2717 hac
3164 2665 3413 2719 missione
3434 2666 3518 2719 di-

1942 2738 2018 2807 cit
2044 2739 2233 2791 Paulus
2262 2756 2275 2791 :
2307 2739 2591 2807 Postquam
2631 2738 2780 2791 venit
2809 2737 3079 2805 plenitudo
3110 2737 3383 2807 tenuioris,
3416 2736 3515 2807 nii-

1944 2806 2011 2860 sit
2066 2807 2205 2861 Deus
2259 2804 2465 2861 Filium'
2494 2823 2647 2860 suum
2699 2810 2747 2859 in
2801 2804 2976 2868 terris,
3011 2818 3114 2860 etc.
3166 2805 3360 2874 (Galat.

1943 2879 2186 2930 Christus
2214 2887 2297 2931 est
2316 2894 2442 2945 ergo
2476 2878 2564 2931 Dei
2601 2877 2985 2941 misericordia,
3019 2878 3139 2945 quia
3172 2887 3386 2943 peceata
3431 2879 3513 2930 di-

1945 2948 2131 3001 mittit.
2163 2947 2406 3001 Clirstus
2436 2959 2518 3000 est
2549 2949 2745 3000 veritas
2776 2947 2952 3017 (Joan.
2991 2948 3125 3015 in),
3180 2949 3298 3015 quia
3334 2949 3518 3015 implet

1944 3020 2084 3085 quod
2117 3019 2378 3085 promisit.
2411 3017 3069 3071 Attendemisei-icortliain
3100 3020 3163 3068 ad
3198 3028 3247 3069 te
3279 3019 3518 3081 missam,

1944 3100 1996 3141 et
2025 3097 2337 3142 converto-re
2376 3104 2406 3141 a
2437 3088 2687 3157 peccatis.
2731 3089 2963 3143 Attende
2994 3091 3293 3150 veritatem,
3328 3095 3383 3141 et
3421 3103 3513 3142 sc-

1948 3172 2111 3212 curus
2137 3168 2253 3212 esto
2282 3161 2347 3213 de
2377 3160 2673 3226 promissis.

1867 3224 1913 3287 C
2016 3226 2070 3283 5.
2113 3228 2177 3282 Et
2200 3224 2625 3299 eripuilanimam
2653 3244 2813 3281 meam
2833 3230 2897 3282 de
2918 3231 3082 3281 medio
3107 3229 3389 3282 catulorum
3413 3229 3515 3281 leo-

1947 3315 2086 3352 num.
2128 3301 2227 3364 Qui
2276 3312 2395 3353 sunt
2427 3301 2587 3353 catuli
2618 3300 2866 3351 leonum?
2903 3299 3133 3365 Populus
3179 3304 3314 3354 male
3358 3302 3520 3353 sedu-

1946 3378 2063 3423 ctus
2089 3387 2118 3424 a
2148 3371 2474 3440 principibus
2496 3370 2851 3423 sacerdotum.
2875 3370 2948 3422 Illi
2971 3371 3172 3435 leones,
3200 3372 3282 3424 isti
3308 3372 3520 3424 leonum

1946 3442 2128 3494 catuli.
2160 3445 2357 3494 Unities
2407 3441 2754 3495 fremuerunt.
2805 3442 3001 3494 Omnes
3051 3442 3523 3495 circumdederunt

1946 3526 2088 3575 eum,
2124 3512 2188 3565 de
2214 3527 2438 3577 quorum
2493 3513 2668 3565 medio
2694 3512 2867 3564 anima
2900 3524 3082 3577 erepta
3131 3523 3211 3563 est
3233 3553 3246 3572 ,
3278 3511 3373 3565 sed
3403 3527 3522 3565 cor-

1949 3596 2047 3648 pus
2078 3583 2334 3637 occisum.
2374 3583 2522 3636 Unde
2563 3593 2618 3636 et
2641 3584 2819 3636 subdit
2846 3599 2860 3635 :
2893 3580 3117 3635 Dorntivi
3148 3582 3475 3635 conturbatus
3505 3597 3521 3634 :

1950 3653 2121 3706 Nolite
2172 3653 2370 3725 (inquit
2433 3653 2708 3713 Dominus)
2762 3653 2950 3706 timere
2997 3667 3091 3706 eos
3128 3652 3228 3725 qui
3273 3652 3526 3725 occidunt

1950 3737 2165 3789 corpus,
2183 3722 2428 3778 animam
2453 3735 2629 3778 autent
2652 3739 2755 3776 non
2780 3731 3001 3792 possunt
3025 3723 3273 3777 occidere
3304 3722 3520 3793 (Matth.

1954 3794 2083 3863 10.).
2117 3796 2252 3861 Quid
2281 3796 2423 3849 enim
2456 3810 2650 3849 nocere
2676 3802 2899 3862 possunt
2926 3794 3111 3861 bonis,
3156 3792 3528 3847 tantummodo

1950 3879 2144 3934 corpus
2174 3866 2507 3921 occidendo?
2535 3866 2646 3919 lmo
2675 3866 2946 3934 adjuvant,
2979 3865 3103 3918 dtiiii
3134 3863 3289 3919 citius
3310 3865 3528 3918 mittunt

1950 3938 2015 3988 ad
2048 3952 2291 4003 regnum.
2318 3938 2516 4003 Aperte
2551 3946 2729 3990 autem
2759 3935 2904 3995 dicit,
2942 3935 3187 3987 Dormivi.
3214 3935 3354 3988 Mors
3378 3936 3525 3987 enim

1952 4004 2001 4059 ei
2031 4022 2251 4061 somnus
2283 4006 2381 4059 fuit
2413 4024 2425 4058 :
2451 4008 2575 4075 quia
2606 4021 2761 4074 quam
2795 4005 2945 4058 facile
2965 4006 3197 4073 'quisque
3221 4013 3399 4072 potest
3424 4019 3526 4056 ex-

1951 4077 2100 4128 citari
2128 4093 2156 4130 a
2178 4092 2387 4138 somno,
2406 4087 2507 4130 tam
2540 4078 2689 4130 facile
2720 4076 2816 4129 fuit
2846 4075 3072 4128 Domino
3096 4087 3275 4127 nostro
3300 4090 3326 4127 a
3353 4083 3528 4127 morte

1953 4160 2253 4215 resurgere.
2287 4148 2435 4201 Unde
2466 4148 2578 4213 ipse
2606 4146 2680 4199 ait
2705 4164 2715 4197 :
2746 4148 3068 4215 Potestatem
3101 4146 3270 4215 habeo
3294 4143 3525 4215 ponendi

1953 4212 2180 4269 animam
2212 4215 2414 4279 meam,
2445 4212 2499 4269 et
2528 4219 2718 4269 iterum
2758 4214 3005 4269 sumendi
3033 4229 3148 4267 eain
3173 4212 3351 4282 (Joan.
3390 4212 3527 4282 10.).

1953 4284 2185 4339 Dormivi
2214 4287 2430 4356 (inquit)
2467 4288 2607 4351 tritis
2641 4285 2691 4356 in
2727 4283 2972 4350 passione
3013 4285 3362 4356 conturbatus.
3393 4284 3529 4356 '_l‘ur-

1956 4353 2337 4420 baverunt'illi,
2370 4353 2623 4410 dormivit
2649 4355 2756 4407 ille.
2791 4357 2979 4422 Magna
3009 4355 3282 4407 humilitas
3309 4353 3526 4407 turbati.

1956 4426 2143 4498 Magna
2203 4436 2438 4496 potestas
2486 4425 2819 4498 dormientis.
2874 4423 3003 4498 Nec
3039 4424 3531 4498 peierantturbare

1956 4493 2068 4559 illi:
2098 4493 2479 4565 nisi—quantum
2510 4497 2720 4551 volebat
2770 4496 2879 4549 ille.
2910 4496 3007 4559 Qui
3041 4496 3253 4549 fuerunt
3290 4493 3364 4548 illi
3393 4510 3528 4549 con-

1961 4568 2295 4623 ttirbatores?
2328 4567 2454 4620 Filii
2479 4568 2739 4619 hominum
2760 4606 2775 4632 ,
2809 4567 2966 4631 idest,
2994 4565 3162 4620 Judaei
3193 4565 3282 4634 qui
3323 4565 3525 4619 debue-

1958 4649 2080 4693 runt
2125 4653 2243 4693 esse
2271 4639 2568 4692 imitatores
2597 4637 3019 4704 patriarcharum
3067 4646 3119 4691 et
3151 4637 3532 4704 preplietai-um

1954 4708 2343 4764 rationabiliter
2374 4712 2685 4761 viventium.
2728 4708 3006 4771 Quomodo
3054 4707 3387 4768 occiderunt,
3438 4706 3530 4773 qui

1952 4781 2149 4833 lci-rum
2185 4795 2291 4834 non
2345 4777 2680 4833 habuerunt?
2721 4776 2905 4830 Dentes
2949 4793 3120 4831 eorum
3168 4791 3315 4830 arma
3363 4785 3410 4829 et
3448 4791 3533 4830 sa-

1948 4852 2107 4918 gittw,
2138 4860 2185 4903 et
2216 4850 2392 4921 lingua
2416 4865 2612 4921 eorum,
2636 4848 2837 4919 gladius
2869 4857 3069 4921 acutus.
3104 4850 3296 4903 Dentes
3329 4846 3535 4921 signiti-

1949 4932 2075 4976 cant
2116 4919 2425 4975 mordentes
2472 4920 2768 4973 locutiones
2795 4960 2809 4982 ,
2841 4919 3035 4988 quibus
3070 4928 3339 4987 tamquam
3369 4920 3534 4973 armis

1949 5002 2001 5045 ct
2028 4992 2233 5057 sagittis
2290 4991 2449 5044 modo
2499 4992 2783 5053 cominus,
2815 4990 2974 5043 modo
3021 4990 3091 5046 de
3140 4991 3319 5060 longe,
3369 4989 3532 5060 modo

1948 5060 2249 5125 manifeste,
2280 5061 2440 5115 modo
2469 5063 2679 5116 occulte
2702 5062 2989 5115 vulnerare
3019 5062 3193 5115 moliti
3232 5058 3375 5114 sunt.
3404 5058 3527 5114 Noli

1946 5134 2224 5186 attendere
2276 5135 2507 5186 inermes
2564 5148 2771 5197 manus,
2830 5133 2925 5185 sed
2977 5148 3039 5186 os
3084 5142 3370 5191 armatum.
3405 5130 3533 5185 lnde

1946 5204 2154 5271 gladius
2186 5203 2447 5270 proceSsit
2471 5242 2484 5266 ,
2544 5203 2688 5257 unde
2715 5203 2965 5257 Christus
3011 5203 3370 5271 occideretur,
3400 5214 3535 5265 quo-

1946 5270 2108 5328 modo
2137 5284 2191 5326 et
2235 5275 2300 5327 de
2347 5288 2440 5325 ore
2485 5272 2707 5337 Christi,
2762 5278 2902 5325 unde
2931 5274 3099 5327 Judaei
3131 5270 3527 5325 occiderentur.

1947 5345 2078 5398 Nam
2110 5343 2275 5399 habet
2302 5344 2465 5413 280
2494 5344 2582 5397 ille
2609 5346 2844 5411 gladium
2864 5343 2957 5413 bis
2981 5353 3193 5396 acutum
3221 5349 3323 5413 εει
3368 5352 3537 5413 resur-

1947 5430 2080 5483 gens
2104 5409 2505 5481 percussTt'eos,
2532 5424 2590 5468 ut
2615 5409 2816 5468 faceret
2851 5412 3196 5466 iidelessuos.
3223 5410 3302 5483 Illi
3332 5409 3532 5483 malum

1949 5479 2205 5555 gladium,
2240 5486 2330 5541 ille
2355 5486 2550 5539 bonum
2582 5503 2592 5536 :
2638 5484 2713 5555 illi
2752 5484 2973 5555 sagittas
3004 5480 3311 5555 malas,ille
3343 5479 3530 5543 bonas,

1949 5550 2158 5610 scilicet
2186 5557 2348 5610 verba
2378 5555 2539 5619 bona,
2568 5553 2710 5608 unde
2738 5554 2957 5619 sagittat
2983 5566 3075 5604 cor
3097 5550 3274 5613 litlele,
3308 5559 3365 5602 ut
3392 5564 3536 5603 ame-

1944 5636 2057 5681 tur.
2090 5626 2317 5692 Quando
2369 5640 2498 5693 ergo
2548 5620 3535 5693 percusserunt,__nisi_quaiitdo_cl.t-

1944 5684 2274 5751 maverunt:
2324 5684 2618 5761 CruEtlige,
2665 5690 2916 5760 crucifige
2964 5684 3321 5761 (Matt/tiri;
3372 5684 3532 5761 Joan.

1944 5769 2091 5833 19.)?
2127 5769 2190 5820 Et
2225 5767 2367 5835 quid,
2398 5765 2489 5835 tibi
2521 5759 2789 5835 lect-runt,
2818 5759 2871 5835 ἐι
2897 5761 3163 5835 Doinine‘l
3193 5759 3405 5835 Exultat
3447 5760 3534 5814 hic

1947 5829 2204 5909 Propheta
2244 5829 2276 5885 ’ς
2335 5834 2473 5888 Vidit
2520 5834 2569 5889 in
2603 5832 2788 5901 spititu
2818 5829 3099 5887 Dominum
3153 5832 3539 5899 liuiniliatum,~
