4098 6356
340 377 447 435 9ίῦ

1372 374 1435 431 ΙΝ
1476 374 1785 431 PSALMOS
1825 374 2010 429 LXXV
2051 374 2609 430 COMMENTAIHUS.

3503 372 3607 425 914

342 505 504 557 ομοω
531 490 724 556 quibus
742 489 922 545 educit
946 490 997 543 in
1028 487 1347 542 fortitudine
1367 490 1700 557 compeditos
1730 506 1741 541 :
1772 488 1920 542 simi~
1953 491 1998 549 A
2028 506 2145 552 qu:e
2172 498 2254 543 est
2282 491 2333 542 in
2367 490 2582 542 CII-isto
2630 489 2754 541 Jesu
2801 488 2974 557 (Rom.
3008 487 3112 554 8.).
3167 486 3302 555 Quia
3346 485 3609 543 Dominus

344 563 465 616 liter
487 570 892 628 exasperantes,
922 562 1010 627 qui
1043 560 1284 613 habitant
1312 563 1363 612 in
1389 560 1649 625 sepulcris
1684 578 1697 611 :
1722 559 1923 613 etfacit

339 646 441 688 eos
471 632 635 685 unius
672 632 837 685 moris
863 632 915 685 in
944 630 1123 684 domo.
1158 632 1245 684 Sic
1283 630 1585 691 egredietur
1615 644 1794 682 coram
1829 645 1923 698 po-

345 702 472 767 pulo
500 716 620 764 suo,
668 702 829 765 idest,
859 717 1038 755 coram
1070 704 1170 765 eis,
1212 700 1301 770 qui
1343 702 1496 754 istam
1538 702 1762 767 gratiam
1806 702 1924 766 ejus

345 771 675 842 intelligunt.
728 772 966 841 Denique
998 772 1260 839 sequitur,
1307 770 1442 823 Dum
1479 772 1721 842 tra_naires
1749 771 1800 823 in
1831 771 1923 823 de-

344 850 506 908 serto,
529 838 687 895 'terra
730 838 1001 897 mota'est.
1052 838 1327 896 Desertum
1357 850 1508 895 erant
1537 838 1755 901 Gentes,
1805 856 1925 910 quin

344 912 667 982 ignorabant
700 914 886 968 Deum.
937 912 1244 982 Desertum_
1261 922 1398 972 erat,
1433 910 1540 982 ubi,
1570 910 1655 982 lex
1688 910 1827 964 nulla
1858 911 1925 965 ab

348 980 467 1051 ipso
492 983 601 1037 Deo
627 984 746 1037 data
776 995 912 1046 erat,
943 983 1032 1036 ubi
1059 980 1188 1035 nulli
1217 980 1500 1049 Propheta:
1534 980 1922 1051 habitaverant,

344 1049 450 1124 qui
471 1053 751 1109 Dominum
784 1064 1064 1124 venturum
1092 1066 1213 1107 esse
1243 1051 1618 1124 prrdixerant.
1649 1049 1778 1124 Cum
1799 1067 1927 1124 ergo

349 1120 594 1178 transire:
632 1127 689 1179 in
724 1126 939 1180 deserto.
972 1121 1103 1178 Cum
1135 1121 1508 1189 przedicareris
1554 1124 1604 1174 in
1638 1120 1920 1186 Gentbns,

350 1204 491 1248 terra
532 1206 670 1249 mota
710 1204 785 1249 est
818 1213 831 1247 :
866 1193 1063 1250 terreni
1110 1194 1355 1261 homines
1398 1193 1462 1246 ad
1512 1191 1667 1245 ﬁdem
1710 1193 1927 1246 excitati

348 1275 495 1319 sunt.
524 1264 628 1319 Sed
653 1266 797 1319 unde
826 1274 968 1318 mota
997 1263 1115 1319 est?
1145 1264 1345 1316 Etenim
1367 1262 1478 1316 caeli
1504 1262 1875 1316 distiiluverunt
1897 1279 1929 1316 α

351 1335 487 1404 facie
513 1335 603 1388 Dei
631 1336 798 1391 Sinai.
830 1335 1043 1391 Etenim
1067 1347 1121 1388 ut
1149 1345 1288 1389 terra
1312 1342 1452 1386 mota
1476 1341 1620 1387 esset
1648 1333 1712 1386 ad
1743 1335 1924 1393 iidem.

348 1421 475 1459 cum
501 1406 552 1459 in
582 1406 797 1462 deserto
833 1407 1082 1460 Gentium
1113 1404 1365 1459 transiret
1398 1404 1771 1471 Evangelium,
1812 1405 1926 1457 ca-li

351 1476 749 1535 distillaverunt
779 1491 806 1529 a
839 1476 973 1532 facie
1003 1475 1117 1530 Dei.
1159 1474 1219 1529 ili
1256 1484 1380 1529 sunt
1409 1474 1521 1528 caeli
1552 1474 1618 1528 de
1648 1474 1843 1543 qubus
1875 1476 1927 1528 in

350 1545 460 1600 alio
504 1548 712 1613 psalmo
750 1558 992 1602 cantatur
1027 1563 1041 1600 :
1071 1546 1198 1600 (ΣαεΙὶ
1245 1553 1500 1598 enarrant
1552 1544 1777 1613 gloriam
1836 1545 1930 1600 Dei

354 1562 460 1600 ano
543 1562 712 1602 sanno
750 1562 992 1602 cantatur
1027 1563 1041 1600 :
1071 1562 1198 1600 tuen
1245 1562 1500 1598 enarraut
1552 1562 1777 1613 gloriam
1836 1562 1927 1600 vei

354 1562 538 1686 (ι)εαῖ
562 1618 694 1688 18.).
720 1618 795 1672 De
820 1618 902 1673 his
931 1618 1125 1686 quippe
1153 1616 1311 1685 paulo
1339 1624 1458 1682 post
1486 1613 1558 1668 ibi
1579 1615 1794 1688 dicitur.
1820 1630 1927 1669 non

306 1684 313 1691 ’
353 1684 483 1742 sunt
512 1684 736 1758 loquela:
768 1684 1245 1755 neqtteserinones
1267 1699 1492 1758 quorum
1522 1699 1627 1758 non
1651 1685 1931 1758 audiantur

351 1772 514 1812 voces
553 1754 759 1814 eorum.
812 1758 926 1813 Non
971 1766 1148 1812 autem
1195 1756 1309 1811 ctuti
1353 1771 1381 1809 a
1413 1757 1606 1821 seipsis
1635 1754 1931 1811 distillare-

351 1837 481 1882 runt
513 1847 526 1882 :
552 1831 654 1912 sed
682 1846 711 1915 ρ
741 1830 873 1915 facie
904 1829 995 1915 Dei
1030 1829 1203 1915 Sinai,
1228 1826 1402 1915 (idest,
1428 1825 1543 1915 _Dei
1584 1827 1930 1915 inhabitari-tis
1963 1858 2006 1915 Β

351 1913 471 1966 eos,
522 1901 659 1954 sicut
688 1900 893 1961 habitat
930 1900 985 1955 in
1018 1907 1200 1953 monte
1228 1896 1380 1952 Sina.
1426 1897 1529 1964 Ipsi
1567 1907 1694 1951 sunt
1722 1907 1930 1952 montes

350 1969 424 2023 de
461 1970 655 2036 quibus
698 1971 893 2025 dicitur
924 1989 937 2024 :
972 1970 1159 2023 Levavi
1205 1967 1390 2022 oculos
1432 1981 1580 2022 meos
1620 1968 1673 2021 in
1719 1978 1932 2023 montes

355 2038 532 2111 (Psal.
566 2040 733 2112 120.).
767 2042 833 2093 Et
860 2040 1101 2112 iterum;
1130 2039 1452 2112 illuminans
1472 2047 1526 2090 tu
1557 2037 1876 2112 mirabiliter
1901 2054 1930 2091 a

350 2107 626 2166 inmitibus
665 2107 881 2167 alternis
907 2112 923 2180 (
958 2110 1101 2163 Psal.
1129 2108 1217 2180 75.
1255 2112 1291 2171 ).
1340 2109 1404 2163 lit
1427 2109 1554 2180 _ipse
1582 2118 1663 2163 est
1694 2107 1834 2180 Deus
1861 2109 1936 2166 is-

353 2182 490 2253 rael,
524 2182 680 2248 idest,
713 2182 897 2253 populi
917 2178 1169 2253 'vi_dentisg
1194 2179 1392 2253 Deum.
1425 2178 1492 2232 Et
1523 2180 1655 2253 sicut
1683 2178 1800 2253 eteli
1824 2180 1935 2253 dis-

355 2251 666 2307 tillaverunt
708 2247 898 2306 manna
928 2251 1126 2323 (Exod.
1152 2247 1268 2323 {6.)
1294 2292 1308 2315 ,
1341 2251 1421 2304 sic
1449 2262 1502 2323 tu
1534 2250 1672 2304 Deus
1705 2250 1934 2323 pluviam

354 2324 713 2378 voluntariam
740 2364 755 2389 ,
812 2319 967 2388 idest,
1015 2321 1298 2390 gratuitam
1338 2319 1595 2391 gratiam,
1631 2320 1937 2391 segregabis

351 2392 516 2464 332
545 2393 843 2449 litereditati
871 2402 993 2456 tuae,
1024 2393 1184 2461 idest,
1217 2390 1539 2464 segregatim
1568 2390 1720 2464 dabis
1741 2391 1938 2464 hcc-le—

356 2459 603 2519 s'neﬁue.
648 2464 832 2518 Plutia
859 2464 1152 2518 voluntaria
1172 2459 1377 2515 merito
1405 2459 1575 2530 gratia
1606 2459 1701 2513 Dei
1741 2460 1940 2515 intelli-

355 2535 524 2603 gitur,
575 2534 697 2605 quia
744 2534 904 2589 nullis
934 2532 1611 2605 prmcedentibusmeritis,
1643 2532 1810 2599 gratis
1846 2531 1938 2585 da-

352 2602 465 2657 tur.
491 2606 547 2661 Si
578 2602 721 2659 enim
748 2606 917 2674 gratia
936 2602 1056 2675 '(Ea:
1081 2602 1415 2673 Augustino),
1434 2602 1542 2675 jam
1576 2616 1680 2675 no_n
1706 2617 1771 2655 ex
1802 2616 1935 2675 ope-

353 2674 506 2731 ribus
530 2691 545 2732 :
569 2672 803 2745 alioquin
827 2672 991 2745 gratia
1021 2674 1131 2744 jam
1163 2672 1269 2726 non
1295 2682 1378 2726 est
1406 2673 1574 2745 gratia
1593 2672 1935 2745 (Rom._lt.).

357 2744 488 2800 Haec
532 2742 710 2814 pluvia
753 2742 1056 2800 voluntaria
1098 2745 1279 2815 genuit
1324 2758 1423 2815 nos
1467 2742 1644 2815 verbo»
1677 2742 1937 2815 veritatis.

356 2815 507 2871 Hanc
534 2812 767 2885 pluviam
816 2812 1121 2885 segregavit
1166 2814 1306 2868 Deus
1350 2812 1830 2885 ltzereditatiusute.
1877 2813 1941 2866 Et

355 2881 625 2957 inﬁrmata
657 2898 748 2941 est.
792 2881 1022 2957 Agnovit
1053 2885 1194 2939 enim
1236 2900 1339 2937 non
1378 2898 1436 2937 se
1467 2898 1599 2957 esse
1623 2881 1823 2957 aliquid
1850 2898 1943 2952 per

352 2956 617 3025 seipsam,
671 2973 777 3011 non
812 2953 1011 3011 viribus
1042 2960 1173 3021 suis,
1211 2956 1304 3009 sed
1347 2953 1530 3025 gratia:
1573 2953 1664 3007 Dei
1698 2953 1945 3007 tribuen-

354 3024 487 3080 dum
519 3044 639 3083 esse
682 3029 822 3098 quod
855 3036 955 3081 est.
1007 3027 1236 3098 Agnovit
1276 3024 1438 3098 quod
1473 3024 1686 3098 dictum
1723 3032 1805 3098 est
1840 3040 1854 3098 ζ
1883 3025 1938 3082 In

354 3094 757 3152 inﬁrmitatibus
807 3101 940 3152 neis
968 3097 1237 3167 gloriabor
1266 3096 1366 3167 (2.
1401 3094 1522 3167 Cor.
1576 3094 1715 3167 12.).
1747 3094 1810 3147 Et
1844 3096 1943 3149 ite-

358 3184 481 3221 rum
508 3186 522 3221 :
551 3170 671 3225 Noli
700 3170 865 3224 altum
896 3165 1104 3236 sapere,
1152 3168 1245 3221 sed
1281 3166 1406 3220 time
1435 3166 1610 3233 (Rom.
1660 3165 1793 3236 'll.),
1829 3167 1942 3235 Ipsa

2027 561 2174 614 dabit
2199 561 2421 613 verbum
2450 560 2963 630 evangelizautibns.

2102 630 2187 683 15.
2218 631 2324 684 Rex
2353 629 2789 683 virtutnui’ditecti
2820 630 3013 690 dilecti,
3057 630 3213 693 ids',
3257 631 3395 683 Deus
3424 629 3605 696 Pater,

2027 702 2114 768 qui
2148 711 2230 756 est
2264 701 2371 756 iter
2407 702 2680 754 virtutum.
2715 703 2844 765 Qua:
2876 704 3098 754 virtutes
3142 709 3267 754 Sltlll.
3305 701 3475 753 dilecti
3523 701 3607 754 di-

2028 771 2164 833 lecti,
2199 772 2356 835 ideSI,
2391 772 2511 825 Filii
2552 775 2653 826 sui.
2698 772 2932 826 Dilectus
2961 773 3101 825 enim
3135 772 3349 835 quando
3380 786 3484 824 non
3513 786 3608 838 po-

2028 844 2170 895 nitur
2200 843 2319 911 quis
2348 842 2576 896 dilertus
2597 884 2611 903 ,
2641 844 3069 896 antonomastice
3112 840 3275 896 Filius
3304 842 3490 895 unicus
3522 842 3609 895 in.

2029 914 2301 976 telligitur.
2365 913 2514 978 Quod
2566 921 2743 968 autem
2785 913 2912 968 dicit
2960 911 3147 966 Dilecti
3182 913 3378 974 dilecti,
3434 913 3606 979 ipsum

2030 998 2220 1036 nomen
2254 983 2477 1049 replicat
2510 985 2627 1037 loco
2657 985 2994 1053 pronominis
3027 1002 3039 1035 :
3072 998 3132 1036 ac
3165 983 3207 1034 si
3239 983 3383 1037 dicat
3427 982 3608 1036 dilecti

2029 1054 2306 1123 sui.'l'alis
2333 1054 2532 1108 locutio
2566 1056 2617 1108 in
2662 1055 2933 1121 Scriptura
2977 1054 3153 1108 divina
3188 1053 3498 1123 frequenter
3528 1053 3609 1105 itt-

2030 1122 2263 1195 venitur,
2316 1133 2371 1195 ut
2406 1133 2487 1176 est
2536 1124 2665 1195 ειψά
2692 1142 2704 1177 :
2735 1125 2885 1195 Fecit
2924 1125 3131 1195 hltines
3174 1122 3308 1177 sicut
3356 1125 3611 1192 przeccpit

2033 1193 2291 1248 Dominus
2324 1192 2488 1264 Moysi
2540 1193 2735 1260 (Exod.
2763 1194 2906 1264 25.),
2942 1192 3098 1258 idost,
3126 1195 3226 1249 sibi
3262 1212 3273 1246 :
3300 1195 3383 1250 vel
3411 1195 3481 1249 ita
3514 1209 3611 1260 po-

2030 1271 2134 1319 test
2180 1264 2323 1333 legi:
2355 1263 2433 1318 Tu
2474 1264 2609 1321 dicis
2648 1263 2897 1319 virtutum
2944 1266 3156 1320 dilecti:
3186 1266 3347 1334 Cujus
3390 1265 3612 1321 dilecti?

2030 1335 2269 1401 omnino,
2321 1336 2527 1406 inquit,
2560 1344 2614 1388 et
2644 1350 2804 1401 super
2831 1337 3007 1389 omnia
3043 1334 3384 1406 semperque
3408 1335 3609 1406 dilecti.

2034 1406 2107 1459 De
2151 1421 2257 1474 quo
2305 1405 2431 1460 dicit
2470 1410 2583 1474 ipse
2614 1406 2769 1459 Pater
2802 1424 2815 1458 :
2848 1406 2944 1460 [lic
2992 1417 3075 1460 est
3118 1405 3284 1463 Filius
3332 1423 3483 1461 meus
3530 1405 3612 1460 di-

2028 1476 2223 1538 lectus,
2276 1477 2325 1530 in
2365 1491 2471 1545 quo
2511 1477 2641 1531 mihi
2675 1478 2810 1530 bene
2832 1477 3155 1543 enmplacui.
3192 1477 3356 1544 Ilujns
3388 1476 3609 1546 quidem

2031 1546 2205 1601 dilecti
2229 1556 2349 1600 sunt
2372 1548 2597 1601 virtutes
2620 1561 2806 1601 omnes
2838 1547 3054 1615 (Matth.
3078 1548 3132 1600 '5.
3164 1558 3208 1599 et
3241 1547 3323 1613 l7;
3358 1546 3481 1601 Luc.
3509 1546 3611 1609 3.).

2034 1618 2099 1689 Et
2129 1616 2244 1689 ipse
2268 1628 2350 1689 est
2382 1618 2471 1689 Dei
2502 1620 2668 1673 virtus
2694 1627 2745 1671 et
2772 1620 3032 1689 sapientia
3062 1618 3138 1688 (ι.
3173 1616 3288 1673 Cor.
3328 1618 3427 1685 1.).
3454 1619 3613 1689 333

2033 1688 2097 1742 Et
2127 1687 2364 1757 quisquis
2403 1687 2555 1743 fortis
2585 1698 2684 1753 est,
2735 1703 2830 1756 per
2860 1687 3130 1742 Christum
3177 1698 3258 1742 est
3289 1687 3482 1743 fortisf
3504 1690 3611 1744 Sed

2032 1762 2153 1825 quia
2198 1758 2358 1813 Filius
2389 1759 2519 1813 nihil
2553 1760 2709 1813 habet
2739 1775 2766 1810 a
2796 1774 2873 1821 se,
2925 1762 3024 1814 nisi
3065 1774 3092 1811 a
3120 1758 3274 1813 Patre
3315 1760 3506 1827 (Joan.
3552 1760 3605 1813 8.

2039 1829 2123 1884 15.
2158 1838 2202 1881 et
2236 1828 2347 1897 lii.)
2379 1870 2391 1892 ,
2440 1831 2629 1885 merito
2657 1830 2797 1882 Deus
2828 1831 2984 1884 Pater
3011 1846 3103 1885 rex
3134 1829 3325 1885 dicitur
3353 1830 3608 1883 virtutum

2035 1900 2213 1953 dilecti
2241 1898 2360 1953 Filii
2399 1902 2500 1954 Siti.
2532 1899 2625 1953 Cui
2666 1900 2797 1953 dicit
2818 1899 2930 1964 ipse
2960 1901 3187 1955 dilectus
3215 1918 3226 1953 :
3257 1900 3443 1955 Omnia
3495 1915 3614 1954 mea

2037 1980 2125 2024 tua
2158 1980 2283 2024 sunt
2312 1970 2463 2039 (Luc.
2498 1970 2630 2040 15.).
2669 1970 2732 2024 Et
2775 1971 2965 2025 iterum
3001 1989 3014 2025 :
3046 1987 3144 2037 ego
3182 1986 3210 2023 a
3240 1987 3323 2025 me
3361 1970 3495 2026 facio
3534 1973 3617 2023 ni-

2036 2041 2132 2094 hil.
2174 2041 2329 2094 Pater
2364 2056 2513 2095 meus
2553 2057 2720 2109 usque
2750 2041 2909 2095 modo
2950 2050 3221 2108 oneratur,
3262 2055 3312 2096 et
3343 2057 3440 2110 ego
3487 2056 3615 2106 ope-

2040 2127 2129 2165 ror
2158 2110 2335 2179 (Joan.
2368 2111 2471 2181 6.).
2504 2113 2637 2165 Cum
2668 2111 2845 2181 itaque
2883 2113 3136 2175 dixisset,
3180 2112 3435 2167 Dominus
3465 2112 3616 2169 dabit

2038 2183 2256 2236 vet-bum
2298 2183 2787 2251 evangelizantibus
2835 2184 3034 2237 virtute
3084 2186 3249 2237 mu'ta
3283 2200 3297 2237 :
3328 2184 3448 2251 quia
3498 2184 3612 2251 ipsa

2038 2252 2207 2306 virtus
2235 2253 2302 2305 ab
2330 2270 2395 2307 eo
2423 2255 2642 2323 regitur,
2666 2253 2823 2321 eique
2859 2254 3049 2309 militat
3075 2270 3103 2308 a
3136 2270 3241 2318 quo
3270 2254 3445 2311 datur.
3500 2253 3616 2319 Ipse

2040 2322 2272 2392 (inquit)
2309 2322 2558 2377 Dominus
2580 2331 2661 2378 est
2691 2340 2780 2377 rea:
2806 2324 3047 2379 virtutum
3078 2324 3269 2388 dilec‘i,
3314 2324 3507 2378 deinde
3534 2339 3617 2378 se-

2039 2396 2252 2463 quitur:
2288 2393 2354 2446 Et
2395 2396 2578 2460 speciei
2608 2395 2792 2448 domus
2841 2396 3062 2449 diridere
3105 2397 3288 2463 spolia.
3322 2397 3399 2449 Ac
3425 2394 3508 2463 si(
3538 2393 3617 2448 Ea:

2040 2468 2329 2536 Augustino
2360 2467 2377 2533 )
2421 2466 2688 2536 diceretur
2718 2482 2730 2516 :
2768 2465 2957 2520 Dilecti
3002 2467 3161 2521 etiam
3192 2464 3390 2519 Christi
3418 2506 3434 2529 ,
3482 2466 3617 2520 divi-

2042 2534 2218 2591 dendo
2270 2536 2462 2605 spolia.
2519 2534 2824 2604 Speciosam
2873 2536 3070 2605 quippe
3125 2536 3366 2600 domum,
3408 2536 3460 2590 id
3510 2547 3615 2595 est.

2044 2605 2340 2660 Ecclesiam
2372 2606 2619 2661 Christus
2661 2605 2785 2659 lrcit
2814 2606 3101 2660 dividendo
3142 2606 3216 2660 illi
3257 2608 3448 2674 spolia,
3483 2607 3618 2661 sicut

2042 2676 2345 2741 Speciosam
2399 2688 2483 2732 est
2538 2690 2736 2744 corpus
2795 2676 3172 2731 disnibutione
3231 2678 3616 2731 membrorum.

2042 2747 2218 2813 Spolia
2252 2763 2410 2815 porro
2430 2748 2700 2808 dicmitnr,
2736 2763 2853 2811 qua:
2882 2749 3037 2801 victis
3060 2748 3299 2801 hostibus
3326 2747 3617 2803 detrahuuo

2045 2827 2150 2873 tur.
2188 2818 2295 2871 lloc
2323 2819 2445 2884 quid
2480 2818 2569 2880 sit,
2605 2817 2955 2886 Evangeliutn
2989 2836 3083 2870 nos
3114 2818 3383 2881 admonet,
3411 2819 3499 2873 ubi
3533 2818 3619 2875 le-

2043 2891 2217 2959 gimus
2249 2907 2260 2941 :
2293 2886 2424 2943 Cum
2465 2885 2621 2944 fortis
2657 2885 2896 2944 operatus
2930 2887 3162 2959 custodit
3200 2891 3396 2943 atrium
3439 2903 3618 2945 suum.

2050 2957 2097 3010 in
2144 2972 2273 3026 pace
2313 2968 2436 3013 sunt
2464 2973 2523 3011 ea
2554 2973 2673 3027 qua:
2706 2959 2961 3023 possidet.
3009 2957 3064 3013 Si
3104 2968 3289 3016 autem
3329 2959 3516 3027 fortior
3557 2974 3621 3010 eo

2045 3029 2426 3095 superveniens
2459 3028 2645 3084 vicerit
2672 3044 2815 3091 eum,
2867 3029 3111 3084 universa
3140 3045 3286 3082 arma
3330 3026 3532 3086 auferet
3564 3027 3619 3082 iu

2046 3101 2234 3165 quibus
2256 3098 2651 3166 eonlidebat,et
2673 3100 2840 3164 spoh‘a
2865 3102 2978 3168 ejus
2998 3097 3452 3167 dtstribuet(L1tc.
3481 3100 3499 3151 l
3523 3101 3537 3153 l
3558 3098 3620 3169 .).

2052 3170 2225 3223 Fortis
2254 3179 2490 3224 armatus
2513 3168 2757 3222 diabolus
2780 3180 2884 3234 est,
2911 3170 2999 3238 qui
3028 3170 3170 3226 hunc
3209 3170 3461 3224 mundum
3498 3185 3619 3238 pos-

362 3240 631 3294 iniirmata
663 3251 763 3295 est.
811 3239 887 3293 Tu
917 3232 1032 3309 vero
1052 3232 1310 3309 perfecisti
1339 3253 1469 3309 eain!
1506 3238 1627 3302 quia
1668 3232 1863 3309 virtus
1890 3239 1941 3290 in
1974 3232 2018 3293 C
2050 3241 2273 3293 sidehat.
2305 3239 2412 3295 Sed
2434 3238 2677 3296 Christus
2706 3253 2771 3293 eo
2803 3232 2991 3294 fortior
3018 3241 3405 3309 superveniens
3444 3232 3617 3308 ipsum

362 3309 673 3365 inlirmitate
700 3306 1062 3381 perlicitur('2.
1079 3306 1199 3365 Car.
1224 3307 1358 3378 12.).
1381 3306 1649 3364 infirmata
1677 3308 1831 3361 estin
1861 3322 1942 3375 se,

363 3391 425 3435 ut
453 3384 759 3447 perliciatur
786 3381 839 3435 in
874 3390 944 3435 te.

438 3445 527 3507 il.
564 3451 824 3505 Animalia
852 3461 938 3505 tua
973 3450 1272 3505 habitabant
1299 3449 1350 3502 in
1382 3463 1463 3502 ea.
1496 3446 1550 3501 lit
1583 3446 1682 3501 hac
1719 3445 1945 3503 hmredi-

364 3531 477 3576 tate
502 3522 751 3577 animalia
802 3522 1118 3586 inhabitant,
1170 3520 1290 3589 quia
1324 3521 1461 3575 inter
1489 3528 1725 3571 sanctam
1764 3518 1946 3575 Eccle-

362 3594 499 3647 siam
526 3596 680 3647 mites
703 3604 755 3648 et
785 3596 1044 3663 mansueti
1080 3590 1497 3663 (quibusjugum
1533 3589 1623 3663 Dei
1649 3603 1810 3663 suave
1838 3600 1940 3657 est,

363 3674 421 3717 et
462 3678 598 3717 onus
627 3665 742 3733 ejus
771 3664 893 3718 leve
938 3660 1149 3734 [Matt/t.
1199 3661 1346 3734 il.))
1376 3661 1673 3734 humiliter
1719 3660 1943 3734 vivendo

366 3731 736 3803 perseverant.
778 3735 903 3789 Sive
942 3731 1195 3791 animalia
1238 3731 1334 3785 ne:
1373 3731 1628 3803 Ductores
1657 3741 1707 3803 et
1739 3733 1944 3799 pra'lati

368 3801 621 3859 Ecclesia:
651 3813 873 3874 possunt
905 3805 1144 3875 intelligi,
1179 3806 1266 3873 qui
1305 3805 1356 3859 iu
1390 3805 1485 3856 hac
1516 3801 1827 3859 haereditate
1858 3803 1941 3855 iu-

367 3874 609 3928 habitant
642 3891 655 3927 :
685 3884 842 3945 atque
863 3889 1022 3943 super
1044 3874 1099 3929 se
1120 3875 1344 3929 aliorum
1373 3888 1536 3928 onera
1564 3877 1942 3945 compatiendo

367 3954 603 4016 portant.
634 3946 706 4002 lbi
739 3946 1030 4012 Scripturis
1056 3946 1222 4002 sacris
1248 3955 1514 4016 tamquam
1546 3946 1686 3997 temo
1715 3944 1942 4016 quodim

366 4014 630 4083 Spirituali
663 4017 988 4081 nutriuntur,
1016 4024 1071 4070 et
1097 4015 1296 4069 etulesti
1328 4016 1472 4071 fonte
1502 4023 1794 4083 sanctoque
1823 4014 1943 4082 Spio

368 4082 476 4140 ritu
509 4086 837 4143 imbuuntur.
865 4087 927 4137 Et
956 4085 1091 4139 bene
1122 4101 1240 4138 cum
1273 4087 1367 4147 ait,
1401 4082 1681 4147 Animalia,
1720 4083 1942 4151 subjun-

368 4158 470 4222 xit,
506 4155 635 4217 Tua,
672 4156 827 4217 idest,
858 4155 949 4208 tibi
973 4154 1200 4216 Subdita,
1230 4169 1334 4210 non
1364 4156 1461 4208 sibi
1495 4153 1682 4206 libera.
1722 4152 1786 4205 Et
1809 4155 1945 4208 hanc

370 4227 607 4297 pluviam
640 4223 844 4279 Ριηάπὶ
866 4226 918 4297 in
950 4225 1221 4297 dulcedine
1249 4235 1333 4276 tua
1357 4224 1591 4297 pauperi,
1624 4222 1783 4297 Deus.
1814 4224 1946 4297 Graj

374 4294 505 4359 itam
532 4310 673 4351 tuam
698 4296 885 4351 humili
905 4295 1197 4359 contulisti,
1232 4310 1336 4348 non
1367 4311 1432 4352 ex
1460 4295 1570 4347 suis
1600 4294 1821 4356 meritis,
1851 4294 1946 4348 sed

371 4383 442 4423 ex
476 4369 590 4424 sola
634 4367 915 4421 dulcedine
947 4375 1048 4419 tua:
1078 4366 1333 4421 caritatis.
1376 4366 1507 4434 Quia
1540 4364 1770 4418 dilexisti
1814 4380 1944 4432 pau-

373 4453 553 4511 peres,
586 4438 706 4492 ideo
737 4452 830 4511 eos
859 4448 947 4495 tua
977 4439 1370 4511 gratiandit-isti.
1393 4441 1463 4511 lit
1485 4447 1606 4511 apte
1630 4436 1719 4497 ait,
1758 4438 1810 4511 In
1830 4436 1947 4511 dulf

373 4506 566 4565 eedme
599 4524 703 4564 tua.
734 4510 880 4582 Quid)
902 4512 1042 4562 enim
1077 4510 1096 4579 (
1123 4506 1206 4563 Ea:
1232 4507 1408 4582 Aug.)
1439 4507 1645 4561 dulcius
1685 4506 1944 4582 caritate?

373 4582 520 4646 Opus
547 4589 721 4634 autem
749 4577 935 4649 gratia:
966 4577 1174 4636 tton'ex
1212 4577 1403 4633 timore
1440 4591 1613 4649 putate
1646 4577 1941 4645 perlicitur,

378 4653 473 4707 sed
510 4667 576 4705 ex
614 4648 799 4705 amore
837 4650 1072 4720 justitiag.
1121 4650 1323 4704 Deinde
1366 4648 1597 4703 ostendit
1647 4651 1948 4715 parationes

376 4736 511 4791 quas
543 4720 759 4791 pauperi
787 4737 885 4775 suo
918 4722 1055 4776 Deus
1076 4722 1219 4775 l'ecit.
1249 4722 1335 4774 Ait
1366 4722 1509 4791 enim
1541 4736 1551 4770 :

451 4788 557 4850 12(
581 4791 831 4844 Dominus
860 4792 997 4845 dabit
1042 4794 1243 4845 verbum
1284 4788 1746 4861 evaitgelizantibus
1770 4789 1952 4848 virtute

376 4864 560 4917 multa.
598 4863 708 4931 Ego
739 4864 954 4932 (inquit)
986 4863 1123 4916 dabo
1154 4862 1301 4915 vobis
1331 4877 1390 4915 os
1419 4860 1471 4913 et
1500 4860 1837 4932 sapi~ntiant,
1866 4864 1951 4916 cui

379 4950 488 4988 non
554 4930 1119 5003 poterunt'resistere
1184 4948 1371 4987 omnes
1432 4930 1721 4985 adversarii
1786 4935 1950 4987 vestri

378 5004 532 5075 (Luc.
573 5005 708 5075 2L).
755 5004 821 5058 Et
862 5004 1050 5059 iterum
1084 5020 1095 5054 :
1127 5003 1285 5071 Aperi
1326 5018 1385 5057 os
1418 5013 1587 5068 tuum,
1634 5012 1686 5055 et
1719 5003 1950 5070 implebo

380 5074 513 5129 illud
548 5074 718 5146 (Paul.
752 5076 889 5142 80.).
949 5076 1072 5129 llaec
1099 5086 1221 5128 sunt
1247 5075 1445 5146 Cibaria
1477 5091 1593 5142 qua:
1615 5076 1725 5126 suis
1748 5074 1952 5127 anima-

377 5147 516 5200 libus
544 5145 594 5200 in
626 5162 719 5200 sua
748 5145 1059 5201 lia-reddata
1083 5146 1303 5214 largitur
1334 5145 1493 5201 Dens.
1539 5147 1667 5207 Qum
1695 5153 1948 5209 quantum

375 5217 676 5272 dulcedinis
720 5217 968 5279 habeant,
1027 5234 1187 5269 unum
1228 5232 1291 5270 ex
1334 5215 1413 5269 his
1460 5214 1775 5267 auimalbtts
1824 5216 1952 5271 insi-

378 5298 528 5350 nuat,
572 5288 656 5341 ubi
688 5288 799 5341 ait:
833 5291 1000 5355 Quam
1050 5285 1227 5343 dultia
1276 5285 1517 5355 faucbus
1561 5285 1694 5338 meis
1739 5285 1949 5353 eloquia

377 5371 465 5411 tua
489 5373 650 5428 super
679 5360 782 5414 mel
813 5362 889 5412 ori
922 5357 1242 5430 meo(Psal.
1272 5356 1439 5430 “8.).
1472 5354 1951 5430 Euangelizantibus

382 5434 461 5499 (in
486 5427 600 5496 ,uit)
631 5431 814 5483 virtute
838 5429 1020 5494 multa,
1052 5427 1155 5484 huc
1185 5436 1287 5493 est,
1324 5427 1374 5480 in
1406 5429 1705 5485 constantia
1734 5440 1945 5499 magna.

380 5497 566 5554 Occidi
593 5501 737 5554 enim
770 5512 1009 5570 possunt,
1049 5501 1140 5555 sed
1192 5501 1331 5554 llecti
1358 5507 1644 5572 nequeunt.
1675 5497 1811 5555 Audi
1845 5503 1948 5552 vir-

379 5580 546 5625 tutem
574 5572 1071 5641 evangelizantinm.
1116 5572 1244 5637 Quis
1277 5572 1564 5639 (inquiunt)
1605 5582 1702 5627 nos
1732 5582 1947 5639 separa-

380 5642 457 5695 bit
495 5657 523 5693 a
554 5640 778 5701 caritate
823 5640 1055 5695 Christi?
1100 5640 1412 5706 'lribulatio,
1453 5656 1519 5695 an
1562 5644 1825 5709 angustia,
1876 5653 1943 5693 an

381 5712 707 5780 persecutio,
739 5727 805 5764 an
836 5710 1020 5775 fames,
1069 5726 1137 5764 an
1168 5714 1398 5780 nuditas,
1432 5728 1499 5766 an
1532 5711 1842 5779 periculum,
1875 5726 1942 5765 an

378 5781 623 5852 gladius?
647 5783 857 5837 Scimus
881 5786 1000 5845 quia
1024 5797 1194 5850 ncqtte
1222 5798 1386 5847 tnurs,
1412 5797 1584 5850 neque
1613 5783 1738 5845 vita,
1770 5797 1944 5851 neque

381 5864 625 5909 creatura
657 5853 830 5922 aliqua
867 5852 1062 5923 lotcrit
1104 5869 1198 5906 nos
1247 5869 1493 5921 separare
1522 5853 1787 5909 acaritate
1829 5853 1943 5920 lici,

2049 3310 2281 3367 devicit:
2311 3326 2457 3363 arma
2496 3310 2737 3374 abstulit,
2785 3312 2950 3377 Spolia
2992 3311 3285 3366 distribuit.
3329 3309 3455 3365 Hrce
3495 3326 3619 3365 vasa

2048 3381 2307 3438 Dominus
2357 3381 2620 3435 inundans
2670 3382 3036 3435 remissionem
3092 3394 3450 3447 peccatorum.
3497 3383 3627 3440 lla}.

2044 3454 2214 3521 Spolia
2246 3453 2581 3506 sanctiﬁcans
2612 3450 2749 3505 hosti
2779 3466 2961 3521 erepza
3004 3463 3288 3520 prostrato,
3322 3462 3481 3517 atque
3504 3454 3622 3505 alli-

2042 3532 2189 3593 gato,
2215 3523 2393 3578 divisit
2419 3537 2479 3577 ea
2503 3522 2701 3590 speciei
2733 3522 2923 3576 domus
2966 3538 3095 3590 sum,
3131 3524 3265 3577 alios
3290 3526 3622 3577 constituens

2044 3592 2351 3664 Apostolus,
2390 3592 2524 3649 alios
2553 3593 2864 3664 prophetas,
2910 3593 3041 3647 alios
3077 3603 3317 3660 pastores
3355 3602 3410 3647 et
3438 3593 3621 3647 docto-

2045 3662 2131 3719 res
2156 3707 2169 3730 ,
2207 3666 2257 3719 in
2288 3680 2420 3734 opus
2460 3662 2739 3717 ntinisterii
2764 3705 2778 3728 ,
2832 3665 2883 3718 in
2928 3664 3334 3719 :ediiicationem
3378 3666 3621 3732 corporis

2044 3735 2246 3792 Christi
2276 3735 2294 3807 (
2320 3734 2511 3807 Ephes.
2536 3734 2637 3807 4.).
2672 3734 2822 3789 Sicut
2852 3737 2990 3788 enim
3021 3750 3216 3804 corpus
3245 3751 3405 3788 unum
3438 3744 3540 3799 est,
3566 3746 3621 3790 et

2047 3806 2293 3863 membra
2327 3806 2488 3861 habet
2530 3806 2735 3860 multa:
2761 3808 2937 3860 omnia
2969 3818 3145 3861 autem
3175 3822 3305 3872 corp
3329 3810 3418 3859 iris
3456 3822 3623 3859 mein-

2046 3878 2162 3945 bra,
2194 3894 2313 3931 cum
2346 3877 2453 3930 sint
2482 3875 2666 3941 multa,
2710 3893 2873 3930 unum
2904 3892 3100 3945 corpus
3129 3888 3232 3932 est.
3263 3876 3351 3932 Sic
3376 3886 3431 3928 et
3464 3874 3622 3933 Chri-

2044 3944 2158 4003 stus
2183 3948 2356 4021 (Rom.
2396 3946 2527 4021 ηδ.
2552 3944 3029 4021 _l‘i_i_inquid_omnes
3061 3946 3340 4021 Apostoli?
3376 3944 3619 4021 ﬁuitquil

2045 4014 2232 4072 omnes
2263 4014 2571 4086 prephelat?
2602 4014 2840 4085 Nunquid
2871 4030 3059 4070 omnes
3084 4016 3341 4070 virtutes?
3375 4014 3622 4082 Nunquid

2046 4104 2235 4143 ontucs
2263 4089 2399 4140 dona
2422 4089 2618 4139 habent
2643 4088 3013 4139 curationum?
3038 4086 3285 4154 Nunquid
3316 4087 3618 4140 ontnesliu-

2045 4159 2162 4226 guis
2186 4156 2504 4225 loquuntur?
2527 4155 2769 4223 Nunquid
2796 4172 2981 4210 omnes
3025 4156 3477 4222 interpretantur?
3498 4155 3623 4211 Om-

2048 4229 2132 4281 nia
2150 4237 2325 4281 autem
2353 4226 2467 4279 htec
2493 4238 2744 4294 operatur
2772 4241 2907 4280 unus
2946 4236 3104 4294 atque
3131 4228 3266 4277 idem
3287 4226 3621 4294 spii-itus.di-

1982 4356 1987 4359 ,
2046 4300 2234 4352 videns
2267 4297 2474 4366 propria
2499 4292 2780 4364 unicuique
2802 4306 2959 4365 prout
2985 4292 3327 4365 vult(l.Cor.
3349 4292 3481 4362 12.).
3503 4296 3625 4350 lla‘c

2049 4381 2137 4423 est
2168 4374 2375 4437 species
2396 4367 2608 4431 donius,
2634 4370 2723 4437 cui
2755 4367 3061 4420 dividuntur
3086 4367 3290 4437 spofia:
3326 4378 3381 4418 ut
3418 4378 3627 4419 amator

2048 4439 2167 4507 eius
2195 4436 2294 4496 hac
2327 4436 2717 4503 pulchritudine
2748 4453 3026 4505 arceusus,
3057 4436 3348 4507 exclaiitet:
3374 4437 3615 4497 Domine.

2049 4505 2208 4565 dilexi
2248 4509 2498 4565 decorem
2528 4509 2717 4561 donius
2745 4518 2847 4562 tua:
2880 4509 2897 4578 (
2923 4507 3063 4561 Ρδαι.
3112 4505 3200 4560 25.
3230 4516 3271 4578 ).
3302 4507 3417 4563 iam
3466 4509 3514 4560 in
3547 4525 3612 4562 eo

1979 4603 2023 4661 ι)
2051 4580 2189 4649 quod
2249 4580 2510 4661 sequitur,
2542 4594 2620 4661 “se
2675 4579 2740 4631 ad
2773 4580 2899 4661 ipsa
2934 4578 3218 4661 membra,“
3242 4581 3306 4634 de
3334 4579 3522 4647 quibus
3566 4580 3622 4637 lit

2053 4666 2260 4722 species
2287 4652 2479 4722 donus
2505 4650 2823 4722 alloquendu
2852 4649 3135 4722 Convertit,
3170 4650 3349 4722 dicetis
3376 4665 3393 4705 ε

2127 4721 2216 4776 14.
2262 4721 2321 4775 Si
2362 4720 2625 4774 dormiatis
2662 4721 2793 4772 inter
2834 4721 3023 4773 medios
3057 4719 3237 4774 cteros.
3289 4720 3333 4773 Ο
3374 4733 3468 4791 vos
3501 4719 3625 4791 (Iit:

2056 4793 2211 4863 Aug.)
2242 4792 2327 4860 qui
2363 4801 2608 4863 tanquam
2652 4793 2819 4863 Spolia
2850 4791 3048 4863 speciei
3089 4790 3623 4863 dontusdiviilituiui,

2054 4866 2097 4919 si
2139 4861 2429 4927 'dormt'alis,
2486 4861 2535 4917 id
2578 4870 2679 4921 est,
2736 4861 2782 4919 Si
2822 4876 2850 4913 a
2888 4861 3110 4931 strepitu
3164 4861 3397 4917 seCItlari
3435 4866 3624 4917 remoti

2054 4936 2339 5000 quiescatis
2371 4937 2505 4986 inter
2533 4933 2637 4985 duo
2664 4932 3028 4994 Testamenta,
3058 4947 3179 5001 qum
3209 4932 3404 4995 media,
3436 4932 3487 4986 id
3519 4946 3622 4998 est,

2056 5005 2359 5057 contttiunia
2391 5003 2632 5056 habendo
2662 5004 2869 5071 utrique
2898 5005 3147 5071 parcatis,
3167 5004 3393 5071 scilicet,
3423 5012 3480 5061 ut
3502 5003 3623 5068 hoc,

2058 5077 2196 5143 qttod
2234 5090 2325 5141 per
2358 5074 2577 5144 ligurum
2617 5074 2817 5128 dictum
2847 5083 2928 5127 est
2961 5074 3013 5127 itt
3053 5076 3251 5143 priori,
3298 5076 3346 5126 in
3388 5077 3625 5144 secundo

2057 5147 2153 5212 Spi:
2172 5143 2695 5214 itualiterimpletum
2719 5159 2838 5199 esse
2861 5145 3165 5213 intelligaiis
3190 5163 3202 5197 :
3225 5145 3391 5207 eritis,
3431 5143 3624 5197 l’eunw

2056 5216 2303 5269 Columba:
2324 5217 2684 5286 dcargeutam'.
2711 5215 2763 5268 Id
2791 5224 2893 5281 est,
2937 5226 3309 5268 ornamentum
3339 5222 3392 5265 et
3420 5218 3624 5286 exalta-

2058 5290 2131 5340 tio
2163 5288 2432 5341 Ecclesiae.
2455 5285 2604 5352 Quia
2644 5286 2782 5341 sicut
2819 5285 3060 5340 columba
3097 5302 3187 5353 per
3216 5298 3416 5350 pennas
3460 5285 3624 5337 subli-

2059 5374 2111 5412 tn
2152 5368 2273 5411 tur:
2306 5358 2375 5411 ita
2406 5356 2663 5415 'Ecclesia
2718 5373 2811 5425 per
2856 5366 3065 5425 vestras.
3098 5354 3529 5425 prmdmationes
3552 5356 3620 5406 ad

2059 5429 2294 5483 cwlestia
2320 5427 2657 5483 exaltabitur.
2700 5422 2891 5481 Sancta
2936 5424 3169 5478 Ecclesia
3213 5422 3403 5476 merito
3429 5423 3625 5477 dicitur

2049 5499 2318 5561 columba,
2372 5500 2492 5568 quia
2538 5498 2607 5558 (el
2639 5496 3006 5568 amaritudinis
3036 5510 3152 5568 non
3184 5493 3342 5568 habet
3377 5502 3471 5547 :et
3498 5493 3619 5562 quia

2050 5571 2246 5625 virtute
2282 5564 2637 5637 simplicitatis
2667 5564 2949 5637 pollet,_de
2976 5579 3077 5637 qua
3108 5564 3229 5637 alibi
3261 5566 3459 5619 dictum
3499 5574 3616 5618 est:

2054 5641 2166 5695 Una
2212 5652 2295 5694 est
2336 5633 2583 5693 columla
2631 5633 2746 5690 nica
2786 5639 2802 5702 (
2834 5633 2983 5688 Cum.
3013 5635 3123 5701 6.).
3154 5634 3503 5700 Deargentata
3535 5647 3620 5687 est

2046 5722 2245 5773 autem,
2276 5710 2396 5778 quia
2426 5706 2619 5762 divinis
2639 5706 2864 5778 eloquiis
2888 5703 3117 5759 erudita.
3137 5703 3354 5778 Eloqttia
3387 5720 3613 5773 namque

2050 5781 2259 5835 Domini
2295 5776 2355 5833 in
2389 5779 2494 5835 alio
2522 5778 2639 5832 loco
2677 5776 2927 5830 dicuntur
2953 5786 3230 5844 argentum
3273 5776 3391 5843 igne
3419 5779 3621 5829 exatni~

2049 5863 2250 5918 natum,
2299 5860 2451 5903 i‘TriC
2485 5856 2760 5918 purgatum
2794 5847 3097 5919 septttplnnt
3150 5845 3322 5916 (I’sal.
3384 5848 3513 5917 ltL).
3568 5848 3622 5901 Si
