4098 6356
624 338 727 398 915

1668 345 1919 407 RUFINO
1960 345 2416 407 PRESBYTERO
2456 348 2831 411 ASCRIPTUS

3790 352 3878 415 illi.

697 466 750 518 7.
796 465 995 538 Prodiit
1034 467 1181 536 quasi
1218 483 1281 522 ea:
1321 466 1470 537 adipe
1497 469 1738 531 iniquitas
1764 485 1961 525 eorum.
2007 470 2062 523 Id
2090 478 2193 538 est,
2222 470 2274 529 Α
2304 481 2515 523 catores
2561 480 2706 532 sunt,
2737 481 2792 524 et
2821 468 3151 526 abundantes
3195 471 3415 527 divitias
3445 469 3500 527 in
3538 470 3722 527 seculo
3752 474 3879 531 obtl-

625 551 690 591 es
725 537 873 605 copia
906 537 1231 603 divitiarum,
1264 552 1326 592 ex
1359 547 1563 592 tumore
1593 540 1877 602 superbitc,
1904 557 1965 594 ex
2001 537 2191 594 volun?

625 615 734 678 tate
763 617 811 661 et
842 606 1213 663 delectatione.
1245 610 1317 663 Ex
1344 624 1449 677 quo
1480 610 1767 663 n0tandum
1802 621 1904 677 est,
1935 611 2054 678 quia
2086 626 2190 666 non

625 677 694 730 ab
722 692 823 731 una
850 691 1062 746 semper
1090 679 1295 746 origine
1344 680 1580 744 procedit
1610 680 1883 747 iniquitas.
1912 677 2041 735 Nam
2090 682 2190 735 ali-

625 748 840 819 quando
865 763 931 802 cx
957 749 1273 803 necessitate
1297 748 1591 819 derivatur,
1621 750 1905 819 aliquando
1927 768 1989 805 ex
2023 751 2191 804 abun-

623 817 826 891 dantia.
864 819 998 891 sunt
1040 819 1250 891 quidam
1281 817 1389 891 (Ea;
1428 817 1732 891 Augustino)
1787 822 1908 877 mali
1937 822 2084 889 quasi
2124 837 2191 876 ex

621 888 812 961 macie,
847 888 969 956 quia
999 888 1185 961 exiles,
1215 890 1413 961 exigui,
1438 888 1780 959 paitperes'et
1807 888 2044 961 egentes.
2070 892 2191 946 tabe

618 956 847 1023 quadam
879 958 1214 1012 necessitatis
1242 956 1437 1013 κουραί.
1473 956 1677 1028 Pauper
1709 956 1903 1016 fortu'm
1932 961 2055 1016 facit
2082 979 2093 1013 :
2124 976 2191 1017 ex

619 1028 790 1098 macie
857 1029 1117 1096 processit
1182 1030 1449 1098 iniquitas.
1496 1030 1653 1085 Dives
1694 1032 1971 1086 abundans
2018 1033 2188 1086 aliena

620 1096 755 1163 rapit
782 1098 967 1169 :quasi
989 1112 1052 1152 ex
1075 1100 1225 1167 adipe
1246 1096 1480 1169 iniquitas
1507 1102 1711 1169 prodiit.
1747 1102 1881 1157 Cum
1920 1104 2053 1158 dicis
2081 1118 2191 1155 ma-

617 1181 711 1219 cro
736 1184 748 1219 :
772 1168 948 1235 Quare
978 1168 1077 1223 hoc
1106 1171 1314 1225 iecisti?
1355 1168 1633 1225 llumiliter
1668 1170 1913 1238 amictus,
1947 1184 1998 1226 et
2039 1172 2188 1234 abie-

617 1248 733 1310 ctus
764 1239 1048 1307 respondet
1079 1258 1090 1293 :
1119 1240 1342 1307 Egestas
1388 1242 1663 1310 compulit.
1711 1244 1768 1297 Si
1814 1244 1957 1297 dicas
1989 1243 2140 1297 diviti
2173 1258 2187 1295 :

616 1306 794 1382 Quare
837 1306 941 1363 hoc
988 1306 1283 1382 fecisti/ix
1328 1306 1577 1382 dignatur
1620 1314 1823 1377 audire,
1856 1314 2019 1366 etiam
2057 1330 2189 1367 con-

617 1377 805 1451 temnit
858 1389 929 1451 te.
964 1380 1118 1434 Aliud
1166 1390 1250 1436 est
1295 1377 1424 1451 ergo
1468 1399 1532 1437 ex
1584 1386 1902 1438 necessitate
1949 1398 2187 1450 peccare,

614 1448 755 1502 aliud
783 1464 847 1503 ex
874 1450 1220 1505 abundantia.
1257 1448 1397 1507 Ecce
1429 1454 1481 1507 lii
1506 1469 1532 1506 a
1562 1454 1810 1520 superbia
1832 1448 2141 1519 inceperunt
2173 1469 2186 1505 :

612 1532 721 1584 quo
750 1523 1146 1593 pervenerunt?
1179 1522 1509 1577 Transierunt
1542 1524 1757 1592 (inquit)
1798 1524 1961 1593 368
1987 1525 2041 1576 in
2070 1523 2192 1589 a/fe-

615 1599 751 1663 ctum
777 1592 969 1663 cordis,
1004 1591 1056 1645 id
1088 1601 1188 1659 est,
1221 1608 1386 1663 usque
1413 1596 1478 1649 ad
1507 1591 1699 1663 pravas
1736 1591 2035 1649 voluntates
2064 1608 2189 1648 suas

613 1660 1000 1729 adimplendas.

686 1730 849 1803 8._Et
872 1731 974 1785 hoc
1002 1732 1141 1801 quod
1185 1732 1283 1803 ipsi
1315 1735 1658 1803 trrnsierunt,
1686 1749 1795 1789 non
1828 1734 2188 1802 imprtemedi-

612 1809 722 1854 tate
749 1800 1010 1875 iecerunt.
1040 1804 1132 1875 sed
1160 1800 1308 1872 quasi
1338 1821 1401 1860 ex
1448 1821 1593 1859 mora
1639 1800 1692 1859 et
1724 1807 1867 1866 lima,
1900 1800 2021 1874 quia
2049 1806 2191 1875 cogi-

617 1882 868 1943 taverunt,
899 1872 1046 1940 prius
1074 1873 1161 1927 diu
1193 1875 1331 1929 inter
1359 1889 1418 1929 se
1449 1894 1460 1927 :
1486 1886 1530 1928 et
1562 1886 1742 1943 postea
1774 1872 1930 1929 locuti
1968 1886 2083 1929 sunt
2115 1872 2185 1929 ad

613 1941 747 1995 alios
775 1942 1045 1997 docendos
1082 1946 1354 2011 nequitiam
1402 1941 1575 1999 suam.
1606 1946 1671 2000 Et
1716 1946 1817 2000 hoc
1849 1962 1951 2000 non
1982 1946 2034 1999 in
2064 1946 2186 1999 abs-

613 2013 850 2085 condito,
881 2012 972 2067 sed
1013 2012 1063 2066 in
1105 2015 1403 2069 manili-sto.
1424 2016 1589 2085 (Unde
1610 2025 1664 2071 et
1690 2018 1905 2071 subdit:
1936 2014 2191 2085 Iniquita-

613 2090 712 2135 tem
732 2083 784 2135 in
811 2086 1006 2137 excelso
1038 2084 1194 2139 locuti
1220 2095 1359 2139 sunt.
1390 2084 1506 2141 Non
1538 2103 1658 2141 cum
1692 2088 1904 2151 timore,
1946 2083 2041 2140 sed
2069 2101 2189 2140 cum

611 2153 1028 2217 audacia,.clare
1074 2164 1127 2209 et
1166 2167 1373 2222 aperte,
1404 2158 1741 2211 audientibus
1769 2159 2037 2212 omnibus.
2080 2157 2190 2211 Nec

610 2223 782 2278 solum
841 2234 1027 2299 contra
1084 2224 1328 2299 homines
1382 2229 1583 2299 tumide
1614 2236 1670 2283 et
1726 2243 1975 2299 perverse
2022 2228 2188 2283 locuti

613 2302 741 2348 sunt
770 2295 991 2361 malum,
1021 2296 1114 2350 sed
1146 2298 1305 2351 etiam
1333 2299 1383 2352 in
1416 2297 1606 2353 Deum.

679 2386 733 2440 9.
775 2382 1066 2440 Posuerunt
1088 2386 1227 2442 enim
1255 2387 1509 2443 in'carlum
1529 2406 1584 2443 os
1612 2406 1785 2453 suum,
1815 2388 2191 2457 blaspheman-

610 2463 691 2509 tes
724 2456 911 2520 Deum,
954 2456 1105 2531 ipsis
1136 2458 1846 2531 caelestibusgdetrahentes.
1890 2456 1958 2513 Et
2011 2460 2189 2531 lingua

609 2541 787 2580 eorum
816 2527 1045 2580 transivit
1089 2529 1143 2581 in
1185 2539 1342 2581 terra.
1385 2529 1538 2583 Prius
1568 2530 1619 2583 in
1652 2532 1863 2593 caelum,
1894 2527 2104 2585 deinde'
2135 2532 2188 2585 in

610 2605 809 2669 terram
868 2596 1100 2665 linguam
1159 2599 1545 2653 transtulerunt
1582 2617 1595 2654 :
1627 2603 1751 2669 quia
1800 2602 1948 2668 prius
2002 2612 2186 2656 contra

610 2665 905 2731 Christum,
936 2674 1118 2735 postea
1152 2683 1279 2722 vero
1309 2679 1493 2723 contra
1527 2665 1816 2723 Eccl'esiatn
1847 2670 2007 2725 locuti
2038 2682 2183 2728 sunt.

612 2734 711 2789 Vel
743 2734 976 2804 linguam
1006 2751 1188 2791 eorum
1225 2740 1274 2792 in
1324 2748 1463 2794 terra
1515 2741 1763 2802 transire.
1806 2748 1889 2794 est
1917 2752 2187 2797 contemto

610 2805 808 2879 caelesti
840 2806 1062 2879 Domino
1082 2808 1300 2879 seipsos
1329 2811 1384 2862 in
1435 2811 1533 2863 hac
1562 2810 1670 2863 vita
1703 2810 1939 2873 laudare,
1985 2816 2189 2879 magni-

610 2875 958 2951 ﬁcare,_sicut
1008 2876 1143 2951 alibi
1176 2875 1427 2934 dixerunt
1459 2881 1753 2951 :Linguam
1786 2893 2022 2935 nostram
2073 2875 2187 2935 nta-

648 2945 997 3019 nilieabimus,
1031 2947 1183 3019 (labia
1216 2957 1393 3003 nostra
1423 2966 1450 3002 a
1484 2945 1814 3006 nobt'ssunt.
1846 2952 1975 3019 Quis
2006 2963 2189 3007 noster

630 3015 864 3071 )otninus
902 3017 1195 3094 est_(Psal.
1239 3020 1387 3094 HJ?
1420 3021 1483 3094 Et
1522 3021 1728 3094 verein
1762 3015 2064 3094 hoc'lingua
2095 3037 2187 3077 eo-

606 3100 725 3159 rum
754 3087 960 3159 transiit
988 3088 1038 3143 in
1090 3099 1253 3153 terra,
1289 3090 1410 3158 quia
1459 3091 1750 3159 loquacitas
1778 3087 1992 3147 eorum'
2016 3105 2186 3148 metas

606 3155 950 3233 immanitatis
980 3159 1279 3233 et_ntodum
1310 3155 1550 3233 excessit
1595 3161 1648 3216 in
1704 3174 1914 3233 natura,
1960 3179 2082 3218 cum
2127 3179 2185 3218 se

607 3228 868 3282 intantunt
917 3229 1270 3304 extollerent,‘
1312 3240 1369 3285 ut
1402 3231 1563 3288 Deum
1603 3246 1723 3287 esse
1748 3228 1911 3304 supra
1956 3249 2015 3288 se
2058 3249 2191 3289 con-

611 3308 937 3373 temnerent,
968 3297 1036 3373 Et
1087 3301 1209 3369 quia
1259 3301 1520 3359 intantum
1548 3297 1885 3373 erraverunt,
1929 3316 2089 3373 atque
2120 3306 2186 3360 ad

607 3378 807 3424 tantam
838 3370 1195 3444 malitiam‘cx
1225 3386 1375 3444 pace,
1403 3384 1457 3429 et
1480 3374 1834 3444 prosperitate
1864 3370 1957 3428 sua
1995 3370 2187 3444 perie-

606 3450 822 3505 nerunt,
853 3455 1037 3494 eorum
1088 3439 1381 3507 damnatio,
1415 3439 1515 3503 fuit
1543 3439 1661 3500 aliis
1705 3445 1921 3501 occasio
1960 3439 2187 3501 conver-

605 3513 790 3565 sionis.
828 3511 1114 3581 l’rOpterea
1142 3512 1318 3568 subdit
1342 3531 1355 3568 :

678 3605 764 3657 10.
807 3604 938 3658 Ideo
959 3614 1271 3681 convertatur
1292 3608 1509 3681 populus
1539 3625 1678 3663 meus
1706 3610 1808 3664 hic.
1839 3610 1937 3664 llic
1968 3609 2185 3681 (inquit)

606 3674 659 3750 in
693 3686 838 3729 tanta
870 3674 1368 3750 eorunrcaicitate,
1404 3678 1458 3732 in
1502 3689 1643 3733 tanta
1676 3674 1997 3749 perditione,
2025 3674 2185 3750 quam

580 3746 968 3811 incurrerunt,
999 3748 1087 3814 qui
1128 3747 1338 3801 divitias
1381 3746 1717 3803 amaverunt.
1753 3746 1993 3816 Populos
2034 3746 2184 3806 incus

516 3854 519 3855 ν
608 3817 708 3890 hoc
737 3832 799 3871 ex
831 3818 1036 3890 ratione
1056 3818 1420 3890 considerato,
1453 3835 1517 3872 ev
1542 3820 1657 3874 zelo
1681 3828 1736 3872 et
1771 3822 1992 3884 invidia,
2023 3836 2181 3890 quam

604 3888 753 3953 prius
804 3886 928 3943 inde
985 3888 1186 3953 habuit,
1240 3898 1601 3955 convertetur,
1650 3905 1718 3944 ne
1753 3891 1915 3945 simili
1962 3886 2184 3945 damna-

608 3958 778 4019 tione.
805 3973 923 4013 cum
956 3958 1283 4012 amatoribus
1306 3958 1617 4013 divitiarum
1664 3964 1935 4030 puniatur.
1974 3962 2185 4017 Conver-

607 4030 977 4099 tctur(inquit)
1024 4031 1243 4099 papulas
1290 4045 1429 4083 meus
1478 4030 1583 4093 hic,
1611 4029 1662 4083 id
1695 4041 1797 4096 est,
1845 4032 2183 4088 considerata

604 4101 902 4168 perditione
932 4114 1234 4163 pravorum.
1273 4099 1366 4154 Vel
1402 4100 1507 4164 hic,
1539 4101 1588 4153 id
1618 4112 1722 4164 est,
1766 4104 1817 4155 in
1854 4103 1953 4156 hoc
1974 4106 2179 4169 seculo,

601 4173 725 4222 dum
755 4180 962 4233 tempus
986 4179 1067 4222 est
1096 4170 1422 4239 acceptabile
1466 4173 1837 4237 convertendi,
1866 4184 1919 4226 et
1949 4175 2064 4226 dies
2094 4187 2183 4226 sa-

602 4241 725 4293 lutis
756 4242 830 4311 (τὶ.
861 4241 980 4312 cor.
1010 4240 1113 4312 6.).
1146 4241 1221 4294 De
1252 4241 1444 4310 quibus
1476 4241 1716 4308 protinus
1755 4245 1902 4297 addit
1928 4262 1939 4295 :
1966 4242 2035 4296 Et
2075 4245 2180 4299 dies

600 4313 736 4380 pleni
764 4311 1081 4365 invenientur
1122 4313 1177 4365 in
1223 4313 1316 4377 eis,
1361 4312 1569 4366 scilicet
1616 4314 1755 4380 pleni
1786 4313 1852 4367 ad
1898 4314 2179 4381 indulgen-

605 4383 751 4445 tiam,
800 4382 863 4436 ad
896 4382 1317 4436 misericordiam
1366 4392 1421 4436 et
1453 4382 1517 4435 ad
1568 4384 1815 4451 gratiam.
1853 4383 2008 4437 Vertit
2034 4386 2177 4438 enim

604 4454 875 4520 plenitudo
905 4455 1183 4520 temporis,
1212 4454 1401 4522 iniquo
1431 4452 1576 4505 misit
1602 4453 1760 4522 ,Deus
1792 4453 1984 4506 Filium
2023 4471 2177 4509 suum

604 4526 658 4576 in
691 4524 847 4577 terris
882 4522 1081 4593 (ﬂutat.
1112 4524 1218 4591 4.).
1268 4521 1360 4575 Vel
1409 4521 1738 4593 inibis,rqui
1771 4524 1856 4577 hic
1901 4524 1967 4577 ad
2012 4523 2175 4578 Deum

2220 1842 2269 1904 B

2218 3218 2265 3281 C

597 4578 996 4661 convertentur,
1033 4594 1084 4647 in
1116 4578 1296 4645 iniuro
1325 4592 1437 4663 dies
1465 4578 1801 4663 invenientur
1839 4593 1978 4663 pleni
2008 4596 2176 4649 beati-
2207 4578 2260 4639 Ῑ)

598 4666 803 4730 tudine,
843 4664 981 4730 pleni
1021 4666 1344 4717 aeternitate.
1398 4661 1533 4716 Vere
1578 4662 1647 4716 ibi
1690 4664 1804 4718 dies
1841 4661 1989 4732 pleni
2028 4675 2176 4730 sunt,

601 4737 687 4788 tibi
722 4735 861 4789 lucet
888 4733 1361 4804 soljustititn,_uhi
1391 4731 1570 4804 divina
1606 4731 2095 4803 splen'detclaritas
2123 4746 2179 4789 et

601 4816 801 4858 acterna
830 4802 1001 4874 (Sep.
1037 4803 1105 4868 5;
1143 4802 1275 4856 Mal.
1324 4805 1425 4872 4.).
1470 4802 1673 4858 Deinde
1722 4814 1902 4859 narrat
1948 4806 2179 4874 qualiter

603 4876 836 4946 primum
881 4884 1217 4946 erraverunt,
1267 4886 1322 4928 et
1363 4876 1630 4944 quomodo
1661 4878 1999 4946 pOsttnodum
2049 4892 2166 4932 conc

598 4945 740 4999 versi
770 4954 914 4997 sunt.
944 4946 1030 4997 Ait
1059 4944 1239 4998 enim:

674 5041 761 5090 11.
803 5034 870 5088 Et
893 5035 1156 5101 dixerunt,
1198 5035 1441 5091 videlicet
1469 5035 1751 5105 cogitando
1782 5037 1922 5090 intra
1963 5051 2022 5090 se
2052 5046 2168 5088 ante

600 5108 1002 5161 conversionem
1036 5122 1050 5159 :
1080 5106 1347 5173 Quomodo
1370 5109 1459 5161 icit
1492 5107 1669 5161 Deus?
1696 5108 1747 5160 Id
1776 5118 1878 5171 est,
1908 5106 2170 5176 quomodo

598 5192 888 5243 possumus
917 5177 1075 5239 scire,
1109 5177 1247 5244 quod
1290 5178 1404 5247 ipse
1433 5180 1588 5243 sciat,
1633 5179 1772 5248 quod
1807 5178 1929 5230 boni
1980 5179 2046 5248 ita
2080 5179 2172 5229 tri-

596 5251 849 5304 bulantur
894 5257 946 5301 ct
992 5248 1115 5301 mali
1148 5252 1563 5316 proSperantur?
1604 5247 1658 5301 et
1687 5250 1733 5301 si
1759 5259 1829 5301 est
1868 5247 2081 5299 scicntia
2119 5248 2173 5298 in

596 5321 832 5374 excelso?
863 5318 917 5374 Si
972 5328 1075 5383 est,
1101 5318 1241 5387 quod
1272 5321 1385 5388 ipse
1435 5321 1589 5385 sciat,
1633 5318 1902 5385 quomodo
1934 5317 2175 5384 patitur?

596 5390 945 5459 Aposiopesis
973 5398 1077 5455 est,
1109 5390 1159 5443 id
1189 5399 1294 5453 est,
1327 5390 1576 5455 defectio,
1611 5388 1697 5445 ubi
1728 5388 1939 5441 additur
1968 5396 2173 5459 ut_ora-

598 5455 674 5514 tio
706 5455 861 5529 plene
883 5460 1232 5527 intelligatur.
1265 5458 1407 5512 Talis
1437 5469 1552 5513 erat
1581 5472 1732 5512 error
1768 5472 1974 5510 eorum.
2007 5455 2167 5509 Puta-

597 5528 723 5585 bant
753 5533 895 5583 enim
929 5530 1090 5583 Deum
1125 5545 1207 5583 res
1236 5529 1515 5592 hmuanas,
1549 5538 1638 5582 aut
1676 5528 1906 5591 nescire,
1936 5536 2026 5579 aut
2061 5543 2171 5580 non

597 5616 809 5665 curare,
849 5614 968 5653 cum
999 5600 1380 5653 tribularentur
1424 5598 1572 5665 boni,
1621 5607 1675 5651 et
1721 5596 1977 5650 ﬂorerent
2024 5600 2169 5649 mali.

598 5669 753 5726 Unde
780 5681 832 5723 ct
862 5672 1247 5737 Subsequenter
1273 5670 1457 5721 dicunt
1482 5687 1493 5720 :

664 5740 753 5794 12.
802 5738 929 5791 Ecce
959 5734 1058 5804 ipsi
1080 5750 1362 5808 peccatores
1386 5749 1432 5790 et
1460 5740 1776 5790 abundantes
1796 5737 1845 5788 in
1873 5734 2061 5799 seculo,
2085 5739 2173 5788 ob-

590 5809 855 5863 tinuerunt
889 5810 1111 5875 dim'tias.
1138 5808 1245 5877 Ego
1267 5809 1355 5877 qui
1387 5808 1496 5863 Deo
1512 5808 1707 5876 servio,
1736 5822 1868 5876 egeo
1896 5828 1903 5861 ;
1932 5808 2027 5876 ipsi
2048 5820 2171 5874 pec-

2301 549 2552 594 nuerunt.

2304 668 2307 669 ν
2365 608 2448 664 13.
2478 610 2541 661 Et
2563 609 2679 663 ideo
2704 624 2802 680 ego
2824 626 3032 680 quoque
3056 621 3276 678 iunctus
3300 611 3405 667 illis
3431 621 3557 666 ante
3584 616 3879 669 conversio-

2294 694 2438 743 nem,
2487 681 2884 752 similitergdia‘i
2908 700 2925 735 :
2955 681 3092 752 Ergo
3132 682 3241 736 sine
3271 698 3455 735 caussa
3492 684 3776 752 justiﬁcavi
3803 701 3879 739 cor

2296 764 2487 821 nicum,
2516 759 2575 804 ut
2600 750 2829 805 mundus
2860 750 3043 807 essein
3066 754 3116 806 in
3139 751 3466 821 cogitatione
3491 750 3507 806 Ξ
3529 764 3575 807 et
3621 754 3723 806 lavi
3759 755 3880 809 inter

2294 818 2582 895 innocentes
2631 838 2814 874 manus
2857 818 3397 895 uteas,_idcst,'369
3425 838 3550 895 cum
3588 826 3880 895 innocenti-

2303 887 2403 942 bus
2423 892 2658 946 actiones
2685 906 2835 946 meas
2872 893 3147 954 mundavi.
3180 887 3386 947 arma
3405 891 3525 947 sine
3550 908 3741 946 caussa
3769 892 3877 951 feci.

2296 956 2394 1013 Ubi
2427 969 2512 1014 est
2540 976 2747 1016 merces
2777 977 2921 1030 pura:
2952 964 3337 1017 conscientiae"
3366 963 3456 1017 ubi
3490 966 3773 1029 przemium
3804 964 3879 1019 in-

2293 1030 2537 1154 ngeetatis
2585 1032 2743 1086 vitae?
2789 1032 2932 1088 Bene
2979 1034 3126 1099 vivo,
3153 1044 3207 1089 et
3254 1033 3542 1103 egeo:ille
3587 1045 3797 1104 peccat,
3834 1047 3879 1091 et

2293 1113 2324 1152 a
2368 1115 2434 1153 un
2478 1110 2549 1153 aL

2293 1110 2549 1153 abundaL

2366 1169 2455 1223 H.
2499 1169 2563 1223 Et
2593 1171 2669 1236 fui
2696 1171 2987 1241 ﬂagellatus
3016 1182 3120 1227 tota
3150 1174 3252 1228 die.
3285 1171 3330 1228 A
3364 1188 3450 1227 me
3488 1188 3599 1227 non
3632 1174 3880 1230 recedunt

2296 1238 2505 1314 ﬂagella
2541 1242 2651 1314 Dei.
2684 1238 2826 1297 Bene
2871 1246 3066 1305 servio,
3097 1252 3153 1298 et
3182 1244 3425 1314 ﬂagellor
3458 1263 3471 1298 :
3499 1244 3594 1297 ille
3624 1260 3731 1298 non
3770 1261 3875 1299 ser-

2296 1312 2389 1383 vit,
2413 1322 2466 1383 et
2492 1312 2805 1379 requiescit.
2836 1314 3134 1369 Periculosa
3163 1312 3287 1367 sunt
3311 1314 3424 1368 haec
3454 1315 3647 1377 verba,
3677 1325 3729 1369 et
3756 1331 3876 1383 pene

2295 1379 2626 1445 blasphema.
2683 1383 2794 1437 Non
2844 1383 3009 1448 dixit,
3067 1383 3305 1452 NeScivit
3365 1384 3681 1438 Deus:sed
3738 1379 3873 1452 quasi

2292 1464 2544 1525 (intumus
2573 1454 2796 1525 ΙιςιξιεὶιειιΔ
2811 1465 2866 1509 et
2895 1462 3062 1525 nutat.
3091 1453 3204 1525 Non
3234 1450 3345 1524 (Ea:
3379 1454 3703 1525 Augustino)
3731 1450 3872 1519 dixit,

2293 1518 2407 1573 Non
2434 1530 2518 1575 est
2536 1525 2754 1593 scientia
2786 1522 2836 1575 in
2869 1524 3102 1578 emelso.
3150 1518 3262 1579 lloc
3291 1535 3393 1588 cst,
3429 1518 3577 1593 quod
3619 1518 3695 1579 ait
3729 1528 3872 1591 paulo

2293 1600 2416 1644 ante
2443 1609 2455 1643 :
2490 1592 2589 1647 Mei
2620 1592 2796 1649 autem
2829 1609 2965 1661 pene
2992 1595 3120 1648 moti
3149 1604 3273 1649 sunt
3304 1592 3492 1663 pedes.
3525 1594 3647 1649 Non
3689 1598 3873 1650 confir-

2295 1668 2424 1727 mat,
2453 1663 2546 1717 sed
2578 1667 2687 1732 ipsa
2717 1664 2978 1719 dubitatio
3000 1666 3295 1733 periculosa
3320 1673 3421 1718 est.
3455 1666 3557 1718 Per
3584 1667 3870 1733 periculum

2294 1739 2474 1785 tamen
2521 1737 2712 1787 transit
2759 1735 2827 1787 ad
2867 1734 3170 1799 sanitatem,
3218 1734 3359 1787 unde
3396 1742 3453 1789 et
3496 1736 3870 1790 subditurzEt

2299 1804 2570 1874 castigatio
2598 1820 2709 1858 mea
2727 1804 2780 1857 in
2805 1805 3085 1874 matutinis,
3116 1806 3167 1859 id
3192 1814 3297 1868 est,
3330 1806 3447 1858 sine
3474 1806 3754 1860 dilatione.
3788 1808 3876 1858 Ca-

2294 1872 2519 1944 stigatur
2568 1885 2744 1928 autem
2797 1890 2917 1928 cum
2961 1876 3029 1929 ab
3069 1872 3257 1929 errore
3310 1884 3555 1929 snnatur.
3594 1875 3871 1944 lmpiormn

2294 1941 2535 1997 differtur
2556 1944 2856 2013 castigatio,
2888 1960 3006 2000 mea
3055 1961 3159 2001 non
3188 1946 3462 2002 dilfertur.
3496 1947 3591 1999 llla
3625 1941 3767 2011 sera,
3800 1949 3870 2000 vel

2294 2014 2438 2084 nulla
2467 2024 2547 2067 est
2579 2032 2593 2068 :
2620 2031 2735 2069 mea
2783 2016 2841 2069 in
2867 2017 3161 2071 matutinis.
3198 2014 3330 2071 Audi
3358 2016 3468 2084 jam
3497 2032 3696 2071 vocem
3724 2020 3872 2070 casti-

2291 2083 2421 2150 gati.
2468 2084 2730 2152 Reprimit
2775 2086 2918 2138 enim
2966 2102 3023 2140 se
3062 2086 3129 2141 ab
3157 2101 3246 2151 eo,
3281 2083 3419 2154 quod
3462 2086 3704 2151 dixerat,
3730 2100 3870 2156 atque

2292 2167 2529 2224 errorem
2554 2171 2708 2209 suum
2740 2170 3126 2224 recognoscens
3148 2157 3222 2211 ait
3249 2174 3261 2209 :

2367 2221 2453 2278 15.
2500 2224 2560 2279 Si
2603 2221 3126 2297 dicebamfNarrabo
3150 2228 3246 2291 sic,
3289 2242 3402 2279 ecce
3446 2228 3715 2281 nationem
3743 2228 3864 2297 filio-

2290 2309 2406 2346 rum
2438 2303 2643 2349 tuorum
2680 2296 2967 2363 reprobavi.
3018 2296 3128 2351 lloc
3159 2305 3217 2350 ut
3261 2298 3473 2365 planius
3526 2296 3867 2366 intelligatur,

2293 2380 2427 2431 opus
2456 2376 2569 2437 est,
2588 2379 2646 2437 ut
2674 2366 3028 2437 distinguatur
3050 2368 3162 2421 sic:
3193 2367 3443 2421 Dicebam
3476 2370 3772 2437 cogitando
3794 2372 3866 2422 iu-

2294 2442 2374 2488 tra
2397 2449 2513 2507 me,
2545 2434 2601 2507 Si
2630 2434 2857 2489 narrabo
2886 2434 2984 2498 sic,
3011 2436 3147 2491 sicut
3190 2437 3441 2491 videlicet
3481 2434 3735 2507 superius
3763 2457 3868 2491 nar-

2295 2505 2448 2576 ravi:
2478 2505 2559 2558 vel
2603 2507 2742 2558 sicut
2786 2516 3135 2576 narraverunt
3164 2507 3268 2572 illi,
3297 2507 3387 2576 qui
3423 2505 3705 2572 dixerunt,
3742 2509 3868 2576 Quo-

2296 2574 2456 2629 modo
2485 2578 2585 2630 scit
2616 2576 2793 2630 Deus‘l
2818 2585 2922 2629 etc.
2974 2574 3105 2630 Ecce
3157 2574 3500 2631 manifestum
3550 2588 3637 2633 est
3676 2589 3731 2632 et
3765 2574 3867 2633 cer-

2293 2653 2427 2708 tum,
2472 2645 2620 2714 quod
2669 2648 2923 2716 nationem
2972 2647 3218 2716 ﬁliorum,
3252 2648 3305 2701 id
3331 2657 3434 2712 cst,
3462 2648 3739 2716 iustorum
3771 2663 3865 2701 tuo-

2291 2729 2404 2787 rum
2432 2716 2715 2787 reprobaui.
2743 2715 2900 2769 Aliud
2932 2715 3036 2787 (Ex
3071 2717 3210 2785 eod.)
3243 2715 3490 2771 dicturus
3524 2732 3673 2784 sum,
3723 2737 3864 2785 quint

2291 2784 2433 2859 dixit
2483 2786 2785 2859 Abraham,
2830 2784 2999 2859 quam
3055 2788 3220 2859 Isaac,
3270 2803 3428 2850 quam
3478 2788 3672 2851 Jacob,
3720 2784 3863 2859 quam

2290 2853 2541 2928 dixerunt
2579 2853 2871 2928 prephette.
2905 2855 2984 2910 llli
3028 2857 3168 2928 enim
3217 2873 3406 2928 omnes
3440 2853 3864 2928 dixerunt,'qma

2291 2934 2443 2978 curat
2492 2925 2630 2980 Deus
2675 2941 2759 2980 res
2806 2926 3084 2997 humanas.
3124 2927 3237 2994 Ego
3266 2927 3512 2981 dicturus
3566 2943 3709 2988 sum,
3755 2925 3864 2997 quia

2290 3010 2396 3049 non
2426 3006 2599 3051 curat.
2628 2999 2708 3050 An
2741 2996 2910 3065 major
2938 2999 2993 3067 in
3035 3010 3119 3051 me
3152 2999 3458 3067 prudentia.
3510 2997 3630 3052 sive
3664 2996 3866 3054 intelle-

2290 3075 2442 3132 ctus,
2473 3082 2630 3131 quam
2660 3067 2712 3120 in
2757 3067 2901 3121 illis!
2928 3065 3288 3121 Saluberrima
3320 3072 3617 3123 auctoritas
3660 3085 3865 3123 revom-

2289 3135 2365 3188 vit
2390 3136 2737 3206 cogitationes
2764 3138 2833 3191 ab
2862 3137 3156 3206 impietate.
3186 3137 3265 3191 Ne
3304 3152 3437 3205 ergo
3462 3140 3641 3206 justus
3673 3139 3763 3193 Dei
3792 3156 3865 3194 te-

2299 3205 2572 3286 probaret,
2606 3209 2734 3271 imo,
2760 3217 2816 3261 ut
2845 3205 3007 3260 unum
3037 3222 3158 3286 cum
3190 3209 3271 3262 eis
3300 3205 3592 3286 salubriter
3618 3211 3861 3286 sentire:

2291 3277 2400 3344 jam
2430 3292 2671 3347 errorem
2703 3293 2856 3331 suum
2890 3279 3149 3332 tenaciter
3176 3293 3280 3331 non
3302 3277 3560 3333 deﬁendit
3594 3296 3607 3330 :
3633 3281 3729 3333 sed
3760 3296 3865 3347 qua

2293 3346 2518 3429 nesciat,
2552 3347 2828 3431 humiliter
2857 3348 3004 3402 dicit.
3036 3347 3152 3429 μου
3198 3348 3342 3428 enim
3376 3363 3573 3415 parvus
3606 3346 3865 3431 protectus

2288 3418 2528 3487 scientiae
2574 3426 2678 3483 est,
2722 3418 2803 3475 vel
2842 3433 2991 3471 suam
3038 3419 3392 3486 ignorantiam
3447 3434 3553 3472 non
3606 3418 3865 3487 ignorare.

2290 3485 2443 3557 Unde
2468 3487 2686 3556 quidam
2716 3490 2789 3541 ait
2819 3506 2834 3543 :
2878 3488 2988 3542 lloc
3019 3485 3179 3542 unum
3207 3488 3344 3551 scio.
3394 3489 3537 3557 quod
3572 3485 3781 3545 nescio.
3812 3493 3866 3546 Et

2287 3554 2391 3611 hoc
2418 3554 2501 3611 est
2528 3557 2668 3624 quod
2698 3558 2912 3612 subdit:

2360 3626 2449 3682 16.
2490 3625 2895 3694 Existimabam,
2950 3637 3004 3681 ut
3053 3644 3403 3697 cognoscerem
3444 3627 3541 3682 hoc
3573 3645 3593 3683 :
3623 3631 3770 3684 labor
3804 3640 3866 3685 est

2286 3708 2401 3751 ante
2439 3713 2538 3752 me.
2575 3700 2827 3753 l’utabam
2857 3713 2942 3752 me
2969 3700 3109 3752 scire
3133 3700 3432 3764 veritatem,
3461 3715 3629 3767 quare
3652 3700 3866 3755 ﬂoreant

2286 3768 2411 3822 ntali
2444 3786 2455 3821 :
2484 3784 2649 3833 quare
2690 3769 2907 3839 doleant
2953 3769 3190 3834 boni;et
3238 3768 3349 3837 jam
3390 3784 3724 3836 conversus,
3768 3774 3864 3839 jam

2285 3841 2573 3909 castigatus
2623 3837 2930 3909 recognovi,
2977 3840 3097 3908 quia
3140 3840 3241 3893 hoc
3285 3841 3435 3893 labor
3471 3851 3551 3893 est
3605 3855 3732 3895 ante
3768 3837 3861 3895 ine.

2285 3908 2422 3976 Quid
2446 3918 2528 3962 est
2556 3918 2673 3963 ante
2696 3910 2809 3963 me?
2829 3908 2952 3962 dum
2975 3909 3111 3977 apud
3145 3926 3229 3961 me
3253 3924 3462 3972 maneo,
3487 3914 3613 3963 dum
3641 3912 3693 3964 iu
3715 3928 3865 3966 sensu

2284 3980 2484 4051 carnali
2511 3980 2757 4051 persisto,
2787 3980 2929 4051 dum
2946 3984 3063 4051 sola
3082 3978 3314 4051 {isibilia
3346 3982 3594 4048 attendo,
3623 3996 3731 4035 non
3757 3997 3866 4049 pos-

2286 4062 2402 4102 sum
2438 4049 2593 4103 facile
2637 4049 2705 4102 de
2737 4049 2962 4104 terrenis
2993 4049 3153 4104 rebus
3197 4064 3325 4104 vera
3373 4051 3598 4104 sentire.
3630 4053 3866 4119 Quandiu

2284 4119 2385 4175 erit
2415 4119 2516 4174 iste
2548 4119 2731 4173 laber?

2358 4190 2445 4242 17.
2490 4189 2660 4243 Donec
2680 4191 2862 4245 intrent
2877 4195 2930 4244 in
2954 4189 3305 4244 sattctuarium
3338 4188 3455 4245 Dei.
3490 4190 3677 4247 Donec
3699 4203 3865 4248 mente

2286 4269 2554 4334 transeam
2570 4260 2635 4312 ad
2658 4261 2988 4334 spiritualem
3013 4262 3414 4334 intelligentiam
3443 4278 3456 4312 :
3486 4273 3533 4315 et
3565 4264 3863 4334 intelligam.

2286 4330 2337 4384 id
2387 4340 2492 4388 est,
2545 4332 2873 4385 intellectum
2916 4346 3088 4385 meum
3138 4330 3315 4399 ﬁgam,
3364 4333 3419 4383 in
3462 4330 3754 4387 novissimi;
3793 4352 3864 4388 eo-

2284 4417 2421 4454 rum.
2453 4399 2589 4467 Ergo
2627 4402 2690 4452 ad
2740 4402 3034 4454 habendam
3070 4416 3245 4454 rerum
3286 4405 3662 4467 temporalium
3697 4421 3865 4458 veram

2283 4471 2561 4523 scientiam
2603 4471 2709 4524 duo
2750 4482 2872 4525 sunt
2921 4473 3073 4524 nobis
3125 4474 3447 4525 netessaria.
3497 4473 3765 4538 Primum,
3812 4486 3864 4529 ut

2285 4551 2485 4594 acterna
2513 4542 2652 4594 bono
2682 4545 2860 4595 animo
2897 4541 3307 4607 perpendamus.
3339 4541 3564 4607 Deinde,
3596 4552 3655 4597 ut
3685 4560 3861 4599 eorum

2287 4628 2404 4679 qua:
2446 4621 2743 4677 transeunt,
2777 4613 2935 4666 tinem
2977 4611 3181 4665 solicite
3224 4614 3540 4680 cogitemus.
3574 4614 3696 4680 Quo
3728 4625 3864 4668 utro-

2287 4697 2391 4756 que
2414 4684 2669 4756 perfecto,
2708 4680 2866 4756 facile
2906 4682 3187 4756 colligitur
3223 4697 3347 4751 quia
3393 4687 3605 4756 vanitas
3625 4694 3723 4756 est
3748 4684 3862 4756 (Ec-

2287 4752 2409 4805 cles.
2439 4750 2539 4820 1.),
2572 4752 2820 4822 quicquid
2868 4750 3254 4822 tetnporaliter;
3277 4764 3507 4806 amatur.
3550 4754 3697 4808 Nihil
3743 4750 3859 4808 san-

2288 4822 2549 4895 ctuarium
2578 4822 2696 4895 Dei,
2716 4820 2841 4895 'nisi
2878 4821 3119 4895 divinum
3145 4820 3402 4889 judicium
3446 4825 3592 4895 valet
3622 4826 3856 4895 intelligi,

2289 4906 2395 4960 quo
2419 4891 2509 4960 qui
2538 4893 2742 4946 ratione
2765 4894 2946 4952 intrat.
2972 4893 3333 4962 indubitanter
3358 4894 3711 4962 intelligendo
3738 4891 3857 4951 con-

2288 4964 2512 5036 siderat,
2538 4962 2658 5030 quia
2688 4965 3026 5036 Omnipotens
3066 4974 3120 5015 et
3141 4961 3320 5036 justus
3356 4963 3500 5017 Deus
3526 4961 3595 5019 ad
3627 4968 3726 5021 hoc
3753 4982 3859 5036 per-

2287 5033 2455 5105 mittit
2482 5033 2674 5105 llorere
2702 5036 2869 5105 malos
2901 5036 2951 5085 in
2980 5034 3080 5105 hoc
3116 5032 3322 5096 seculo,
3347 5042 3404 5087 ut
3431 5036 3721 5101 puniantur
3749 5032 3857 5105 gra-

2286 5105 2405 5175 vius
2426 5102 2476 5156 in
2507 5101 2702 5156 futuro.
2737 5103 2814 5155 Ad
2849 5103 2951 5155 hoc
2977 5104 3146 5156 bonos
3179 5105 3291 5155 vult
3320 5105 3565 5158 tribulari
3600 5101 3861 5175 tempora-

2284 5174 2425 5236 liter,
2455 5183 2716 5242 quatenus
2758 5176 2985 5243 putgati,
3031 5176 3366 5242 postmodum
3397 5176 3669 5243 gaudeant
3708 5174 3857 5232 icter-

2284 5243 3027 5316 naliter.Jaurverotanquam
3054 5243 3148 5316 (Dei
3176 5248 3541 5299 sanctuarium
3569 5247 3856 5316 ingressus,

2282 5326 2443 5382 atque
2470 5315 2538 5367 ibi
2561 5314 2908 5380 spirituahter
2934 5315 3199 5373 eruditus,
3245 5328 3350 5367 non
3381 5319 3559 5369 solum
3591 5314 3661 5371 de
3690 5319 3860 5372 novis~

2279 5385 2453 5447 simis,
2467 5399 2601 5458 quas
2620 5386 2901 5458 sentienda
2932 5394 3079 5450 sunt,
3117 5385 3399 5458 agno_.~_cit_:
3420 5386 3517 5440 sed
3547 5388 3709 5440 etiam
3742 5404 3857 5458 pto-

2286 5462 2403 5529 pter
2454 5454 2618 5523 370
2646 5456 2788 5523 quod
2825 5456 2965 5529 data
2995 5466 3120 5507 sunt
3161 5454 3315 5508 malis
3354 5456 3515 5523 bona,
3563 5454 3858 5529 inteEIi'gen.

2282 5523 2538 5585 insinuat,
2570 5540 2690 5577 cum
2722 5525 2991 5594 sulijungit
3020 5543 3037 5575 ι

2359 5594 2444 5645 18.
2496 5594 2852 5648 Verumtamen
2896 5605 3101 5666 propter
3139 5594 3284 5649 dolos
3329 5597 3545 5665 posuisti
3587 5599 3696 5661 eis,
3746 5601 3857 5652 sub.

2283 5666 2459 5735 audis,
2506 5666 2741 5730 divitias,
2794 5670 2845 5719 in
2889 5668 3083 5734 quibus
3128 5669 3425 5729 conlidunt,
3475 5682 3610 5735 quas
3642 5668 3857 5723 fallaciis

2282 5733 2525 5799 dolisque
2554 5736 2733 5803 adepti
2766 5733 2916 5789 sunt.
2948 5736 3060 5788 Non
3110 5735 3208 5788 hoc
3237 5738 3306 5790 ita
3357 5733 3728 5803 accipiendum
3761 5749 3852 5793 est.

2284 5813 2338 5856 ut
2380 5806 2720 5872 omnipotens
2754 5806 2895 5861 Deus
2942 5807 3055 5877 (qui
3081 5807 3255 5876 justus
3288 5814 3395 5868 est.
3434 5815 3492 5861 et
3524 5807 3720 5878 bonus)
3754 5809 3855 5862 hac
