4098 6356
286 278 386 335 θσι

1150 273 1212 331 ΙΝ
1253 276 1478 332 OSSA}!
1517 272 2080 334 COMMENTARIUS.
2122 277 2319 333 LIBER
2363 276 2639 337 PRIMUS.

3440 281 3546 337 969.

293 389 464 469 beatus
505 387 853 469 profunditate
885 387 1092 469 terreri,
1142 402 1205 469 ne
1248 398 1360 458 post
1400 388 1605 469 ﬁducia:
1649 388 1863 469 pignora
1893 396 1937 451 Α
1967 390 2099 442 n’tas
2125 400 2356 469 :_‘t.amen_
2377 393 2515 469 apud
2556 387 2780 469 (ἔνατος,
2807 394 2854 442 et
2875 390 3045 469 “apud
3070 387 3094 426 ά
3129 389 3291 469 Sgros
3316 393 3548 469 exstith

294 467 512 528 recepta,
537 457 805 528 trepidatio
834 472 933 528 non
956 457 1120 528 solum
1142 457 1368 528 ignavos,
1402 458 1490 511 sed
1513 459 1663 528 etiam
1685 458 1863 527 ingra-

293 536 370 598 t_os
400 526 576 598 pergat
601 526 831 598 arguere.
868 526 1305 598 _lftcplanationem
1351 532 1574 598 itaque"
1605 526 1868 598 duodecim

295 594 692 666 Prophetarum,
738 597 825 664 qui
860 594 1084 650 Minores
1113 612 1216 649 non
1258 613 1350 662 pro
1378 597 1589 659 meritis,
1641 597 1729 648 sed
1775 613 1868 662 pro

291 681 501 719 numero
531 682 767 720 versuum
807 668 1149 729 nominamur,
1176 667 1500 736 aggrediens,
1547 681 1635 718 vos
1676 667 1866 734 primo,

293 735 379 805 qui
404 735 530 788 mihi
554 736 651 788 hoc
670 752 797 802 opus
817 736 1090 801 indixistis,
1115 735 1383 789 admoneo.
1406 746 1458 788 ut
1486 736 1552 789 ad
1580 751 1869 802 premeren-

291 807 410 858 dam
440 805 829 876 intelligentiam
851 806 1096 869 veritatis,
1131 805 1226 876 piis
1241 817 1285 857 et
1303 805 1508 876 intentis
1535 806 1762 876 precibus
1791 821 1870 858 me

294 877 564 945 adjuvetis.
597 874 793 929 Dehinc
821 876 981 928 nostri
1007 875 1170 944 aperis
1210 883 1264 925 ut
1310 873 1492 927 Lector
1529 873 1790 943 agnoscat,
1819 883 1868 927 et

292 962 441 1016 quam
453 946 550 999 sint
575 945 864 999 Editionem
892 954 1152 1016 sequutus,
1179 952 1343 1011 etquo
1371 945 1627 1016 praecipue
1657 947 1682 981 υ
1703 946 1872 998 consi-

293 1013 503 1069 deratur
533 1031 717 1068 munus
746 1015 839 1067 hoc
875 1013 1182 1083 difﬁcillima:
1223 1015 1599 1078 explanationis
1619 1029 1870 1068 assumee-

288 1087 387 1138 rim
413 1101 431 1138 :
458 1094 510 1138 ut
538 1087 582 1137 si
620 1094 668 1139 et
700 1084 807 1154 ipse
827 1083 889 1155 de
906 1101 1088 1155 eorum
1114 1099 1321 1137 numero
1337 1095 1426 1147 est,
1463 1102 1591 1155 quos
1620 1101 1743 1136 cura
1769 1086 1869 1138 lec-

292 1156 442 1209 tionis
470 1165 686 1221 exercet,
722 1153 858 1224 haud
880 1153 943 1206 de
979 1155 1139 1207 nihilo
1179 1170 1257 1206 me
1284 1155 1459 1220 fecisse
1477 1153 1778 1224 cognoscat,
1812 1162 1867 1207 ut

290 1226 440 1278 istam
467 1234 767 1290 postremam
787 1221 1100 1288 Editionem,
1128 1239 1240 1293 qua:
1260 1226 1533 1278 secundum
1548 1221 1581 1264 ὀ
1599 1224 1868 1279 llebrteum

289 1294 607 1366 appellatur,
637 1294 889 1366 eligerem.
927 1294 1349 1362 Quandoquidem
1377 1296 1431 1347 in
1459 1295 1714 1362 prioribus
1739 1295 1867 1349 Edi-

291 1365 509 1417 tionibus
533 1365 842 1418 elocutiones
863 1366 1050 1418 vitiata!
1077 1365 1361 1433 frequenter
1389 1382 1589 1420 sensum
1619 1366 1694 1418 vel
1743 1366 1867 1418 doc-

292 1437 460 1502 trinte,
481 1435 558 1487 vel
586 1434 894 1504 narrationis
923 1436 1241 1504 dirumpant,
1285 1445 1338 1504 ut
1378 1435 1686 1489 divinatione
1707 1437 1869 1502 magis

285 1520 440 1576 quam
466 1505 752 1576 conditione
778 1503 1294 1576 [Fortecognitione]
1315 1521 1441 1573 opus
1472 1523 1580 1560 esse
1619 1506 1866 1560 videatur.

293 1575 449 1646 391
482 1573 741 1627 Posterior
765 1573 933 1646 autem
965 1573 1064 1646 ista
1103 1573 1416 1638 Translatia,
1441 1577 1534 1629 etsi
1589 1592 1692 1630 non
1732 1577 1866 1628 ntul-

293 1656 398 1697 tum
428 1644 524 1714 ipsi
559 1645 816 1698 contextui
844 1644 1130 1714 splendoris
1168 1647 1373 1714 adjecit,
1412 1657 1578 1699 tamen
1623 1646 1870 1698 elocutio-

291 1731 410 1766 num
439 1715 748 1785 integritate,
771 1714 860 1767 illa
894 1730 1007 1782 qua:
1049 1716 1273 1785 diximus
1311 1716 1708 1784 interceptarum
1754 1732 1868 1768 sen-

1967 457 2222 521 nannulli,
2268 461 2356 523 qui
2407 460 2597 526 scripta
2641 473 2814 511 eorunt
2849 457 3096 512 disserere
3133 457 3427 514 niterentur.
3464 461 3545 516 Ex

1967 528 2150 595 quibus
2171 529 2295 580 mihi
2339 544 2462 581 sane
2513 543 2676 597 pauca
2722 528 2896 596 aliqua
2931 531 3090 582 sancti
3141 530 3292 581 etiam
3329 529 3547 586 Joannis

1969 597 2476 670 Constantinopolim:
2527 597 2767 666 Episcopi
2821 600 2984 670 legere
3039 599 3276 670 contigit;
3310 600 3400 652 sed
3447 618 3544 654 suo

1966 681 2128 732 more,
2157 667 2309 728 idest,
2334 667 2676 721 exhortationi
2725 669 2881 736 magis
2910 685 3062 737 quam
3111 667 3419 738 expositioni
3462 680 3540 722 to-

1967 744 2072 810 tam
2099 753 2222 803 pene
2251 753 2455 810 operam
2477 738 2865 810 commoditatis.
2901 738 3144 810 Origenes
3177 749 3200 775 ο
3223 747 3391 792 autem
3422 755 3538 806 pro-

1968 806 2082 878 prio
2095 815 2267 878 tenore
2291 808 2579 878 decurrens,
2602 809 2966 878 allegoriarum
2989 806 3152 878 inagis
3172 810 3364 875 lepida,
3393 826 3546 872 quam
3616 807 3620 812 ”

1968 873 2322 946 historicarum
2342 873 2758 946 explanationuin
2778 877 2946 932 solida
2960 888 3008 931 et
3029 873 3243 932 tenenda
3269 873 3544 944 componit.

1967 942 2173 1018 392‘
2206 942 2551 1018 Hieronymus
2581 963 2735 1018 porro
2777 957 2826 1000 et
2875 949 3062 1017 ingenii
3119 950 3319 1018 capacis
3370 942 3446 1001 vir
3497 960 3546 1002 et

1969 1017 2129 1066 studii
2144 1017 2442 1086 pertinacis,
2477 1018 2530 1069 in
2563 1017 2923 1082 prophetarum
2951 1021 3150 1086 quidem
3179 1017 3354 1070 libros
3410 1035 3547 1070 com-

1970 1093 2137 1137 menta
2165 1085 2400 1157 digessit,
2423 1089 2509 1139 sed
2529 1089 2674 1156 quasi
2698 1089 2826 1141 inter
2842 1085 3095 1157 genuinas
3134 1088 3429 1141 traditiones
3476 1088 3552 1140 ire

1968 1163 2256 1218 contentus,
2271 1154 2334 1206 de
2355 1154 2692 1223 perquirenda
2727 1154 3080 1221 consequentia
3122 1167 3147 1204 κ
3169 1159 3298 1211 nihil
3329 1168 3419 1209 aut
3459 1173 3546 1209 vo-

1970 1223 2087 1289 luit,
2125 1235 2215 1294 aut
2230 1226 2390 1292 potuit
2409 1227 2656 1280 sustinere
2685 1241 2942 1279 curarum.
2972 1227 3076 1294 Ita,
3122 1230 3198 1280 vel
3225 1244 3310 1288 per
3350 1228 3550 1294 allego-

1969 1296 2073 1346 rias
2106 1293 2360 1361 Origenis,
2389 1294 2464 1347 vel
2481 1312 2570 1364 per
2599 1295 2860 1365 fabulosas
2888 1293 3188 1350 Judworum
3222 1293 3545 1362 traditiones,

1971 1373 2075 1416 tota
2098 1367 2206 1433 ejus
2227 1365 2441 1436 deﬂuxit
2463 1363 2646 1418 oratio.
2662 1363 2789 1418 Cum
2803 1382 2923 1436 ergo
2934 1368 3056 1419 mihi
3070 1369 3354 1419 viderentur
3367 1369 3547 1432 multa,

1970 1450 2084 1504 quae
2105 1445 2222 1487 sunt
2254 1433 2417 1496 utilia,
2447 1437 2772 1506 pra’leriisse,
2807 1433 3169 1506 et'religiosam
3200 1453 3321 1506 erga
3374 1437 3550 1490 Domi—

1974 1520 2117 1576 num,
2135 1515 2182 1558 et
2210 1507 2382 1576 utilem
2402 1521 2524 1576 erga
2555 1505 2780 1559 homines
2807 1521 3009 1575 Operam
3033 1504 3319 1574 ||judicavi,
3343 1509 3407 1572 si,
3435 1508 3552 1559 obe-

1972 1575 2116 1628 diens
2138 1575 2296 1638 vobis,
2320 1575 2730 1643 explanationem
2761 1576 3139 1645 prophetarum.
3181 1585 3328 1643 Prout
3372 1585 3553 1643 captus

1971 1654 2144 1698 noster
2179 1647 2390 1715 adjutus
2439 1647 2609 1699 dit'intt
2648 1649 2813 1714 gratia
2862 1647 3165 1712 pertulisset,
3222 1662 3548 1698 assumerem.

1975 1715 2192 1768 Attentis
2222 1731 2362 1786 ergo,
2393 1717 2459 1768 ad
2489 1717 2823 1786 cognitionem
2854 1717 3034 1785 operis.
3069 1717 3312 1769 mentibus
3342 1720 3553 1770 accedo.

291 1763 999 1856 gius;iter;negasse;
1020 1763 1706 1839 cannas"esset;
1725 1763 1866 1851 asia
1903 1763 1944 1824 Β
1972 1763 2190 1850 nam
2217 1763 3553 1856 ἑὲἷίιὶαἷτῖηὶιὶῖἱᾶἰ’ἇὶὲζῖιᾶἆιᾶέ’ἓὶιιὶιιῖῖἷεῖιὶεῖᾇὶιόἷιι

292 1857 500 1908 Latinos
521 1855 569 1907 in
592 1855 928 1924 explananda
958 1856 1176 1924 maxime
1200 1858 1480 1923 praphetis,
1504 1856 1732 1922 quamvis
1763 1866 1864 1908 tam

288 1926 446 1995 fuerit
469 1923 786 1990 continuata,
814 1934 868 1977 ut
893 1923 1142 1978 videretur
1163 1928 1318 1980 etiam
1348 1927 1622 1997 conjurata
1651 1927 1868 1979 tacitur-

363 2087 389 2115 ⁸
424 2077 575 2133 Nunc
600 2080 807 2143 istltazc,
853 2093 961 2133 non
991 2078 1045 2132 in
1098 2092 1285 2134 omnes
1317 2077 1533 2146 quidem
1564 2077 1870 2139 duodecim.

289 2149 381 2202 sed
408 2151 460 2202 in
491 2153 696 2218 priores
729 2160 835 2203 tres
886 2158 1092 2203 tantum
1123 2149 1438 2218 Explanatio
1487 2157 1727 2216 superat,
1756 2150 1874 2202 sive

287 2220 430 2285 quod
464 2221 695 2287 reliquos
719 2219 884 2273 libros
905 2219 1060 2272 nobis
1088 2230 1217 2273 aetas
1273 2219 1543 2283 inviderit,
1573 2219 1686 2274 sive
1731 2218 1871 2289 quod

290 2305 382 2342 eos
415 2290 629 2344 minime
661 2295 857 2344 Auctor
879 2290 1179 2342 elaborarit.

357 2357 389 2396 ³³
417 2359 593 2414 Malim
631 2361 848 2414 rescribi
901 2361 1245 2426 consideratu,
1277 2358 1434 2428 idest,
1463 2359 1676 2425 intuitu,
1709 2358 1871 2414 intel-

291 2429 451 2497 lectu,
488 2433 612 2492 line.
629 2440 732 2484 etc.

364 2510 388 2537 ι·
429 2501 591 2554 Porro
640 2499 713 2554 illi
738 2498 996 2554 continuo
1021 2497 1278 2563 adhaeret,
1311 2509 1366 2554 et
1422 2499 1622 2568 primas
1675 2497 1868 2553 defert.

291 2568 520 2624 Maxime
541 2571 691 2624 initio
710 2571 1083 2636 subsequentis
1097 2570 1472 2624 Commentarii
1503 2575 1552 2623 in
1574 2569 1711 2627 Joel.
1731 2585 1870 2634 cum,

295 2640 484 2707 inquit,
518 2652 871 2708 percunctator
926 2639 1346 2694 accederet.......
1375 2657 1529 2707 quam
1580 2639 1872 2693 Editionem

295 2708 432 2780 [sunt
453 2707 585 2763 enim
614 2707 879 2780 pluscula']
908 2711 1203 2780 delegissent
1231 2725 1251 2763 :
1291 2712 1458 2763 natavi
1487 2711 1715 2780 videlicet
1746 2710 1870 2762 ulti-

294 2779 450 2843 mam,
479 2796 591 2848 qute
617 2779 906 2834 Secundum
958 2779 1242 2833 IIebrtnuIn
1290 2791 1522 2844 vocatur,
1555 2779 1689 2845 quod
1731 2779 1782 2832 in
1812 2795 1874 2832 ea

294 2851 454 2917 magis
493 2851 828 2904 etocutionum
871 2859 995 2902 esset
1024 2851 1307 2917 integritas.
1366 2865 1481 2917 qua:
1522 2851 1600 2903 vel
1648 2849 1872 2903 docentis

295 2867 454 2917 magis
493 2867 828 2904 etocuttonum
871 2867 995 2902 esset
1024 2867 1307 2917 integritas.
1403 2867 1481 2902 ua:
1522 2867 1600 2903 vet
1648 2867 1872 2903 nocentis

295 2919 553 2984 a/fectum,
575 2921 649 2972 vel
665 2920 1014 2973 comminantis
1027 2937 1076 2972 ea
1091 2923 1171 2987 pri
1178 2928 1347 2972 meret.
1366 2867 1541 2986 lpsius
1551 2936 1668 2987 ergo
1684 2917 1874 2972 Trans-

296 2992 501 3061 tntionis
522 2989 724 3061 judicio
749 2994 1106 3058 comperimus,
1133 3000 1236 3045 etc.
1275 2991 1518 3061 Potuisse
1557 2999 1734 3042 autem
1751 2990 1872 3061 Iin-

295 3060 460 3114 linum
494 3059 607 3113 huic
636 3061 703 3114 de
727 3060 1136 3130 IIieronymiana
1168 3060 1567 3126 Scripturarum
1616 3059 1872 3114 Versione

295 3131 496 3199 sentire
528 3146 754 3199 unquam
779 3140 833 3184 et
852 3131 1108 3197 scribere,
1140 3132 1322 3184 credat
1346 3131 1561 3185 ludat-us
1590 3130 1798 3197 Apella.

364 3198 390 3235 ά
434 3198 750 3269 Huiusmodi
805 3201 1022 3268 quidem
1077 3216 1212 3268 Opus
1262 3200 1320 3255 S.
1375 3201 1640 3268 Epitraetn
1684 3202 1868 3269 Syrus,

296 3286 516 3342 magnus
541 3286 596 3342 re
623 3283 672 3325 et
698 3281 1074 3342 cognomento.
1101 3272 1432 3334 condiderat,
1462 3272 1600 3342 quod
1631 3271 1792 3342 etiam
1817 3272 1868 3323 in

297 3341 533 3413 [gruum
551 3341 661 3413 jatn
687 3341 794 3395 tum
815 3343 986 3413 potuit
1006 3342 1263 3402 converti.
1289 3354 1460 3410 neque
1480 3341 1622 3394 enim
1647 3341 1868 3413 Syriaee

297 3409 565 3464 No~trum
590 3409 847 3475 Scivisse’,
895 3410 1053 3466 facile
1097 3412 1356 3474 adducor,
1377 3409 1446 3462 ’ut
1484 3409 1721 3464 credam.
1763 3410 1868 3464 Sed

298 3483 544 3549 quoniam
571 3498 676 3535 non
707 3498 867 3536 unum
899 3483 1202 3551 quempiam
1229 3496 1296 3536 ex
1319 3496 1380 3534 ea
1409 3482 1606 3548 lingua,
1627 3481 1720 3533 sed
1750 3495 1876 3532 non-

299 3551 466 3604 uullos
495 3554 694 3622 laudat,
727 3553 833 3607 erit
863 3551 1089 3605 fortasse
1115 3554 1227 3621 qui,
1261 3560 1588 3607 recentiores
1617 3553 1751 3605 alios
1779 3551 1874 3605 de-

1975 1862 2146 1908 omnta
2193 1857 2274 1924 pie
2319 1864 2365 1910 et
2415 1864 2774 1924 consequenter
2819 1857 2882 1908 ab‘
2923 1857 2994 1910 eis
3039 1858 3138 1910 sint
3169 1857 3400 1923 prolata,
3441 1871 3555 1909 cer-

1975 1940 2178 1979 namus.

1981 2078 2179 2146 signari
2212 2077 2279 2132 ab
2304 2093 2370 2133 eo
2392 2077 2538 2144 velit,
2567 2085 2690 2147 puta
2719 2079 3076 2134 Abrahamum
3110 2077 3554 2135 Beth-Rabanen-

1977 2162 2112 2211 sem,
2139 2158 2195 2219 et
2228 2149 2503 2219 Hauauum
2537 2150 2888 2214 Adiabenum,
2915 2151 3003 2219 qui
3027 2160 3179 2205 sexto
3199 2161 3428 2204 exeunte
3453 2168 3552 2203 sae-

1976 2219 2096 2272 culo
2127 2218 2441 2273 ﬂoruerunt.
2466 2218 2583 2286 Ipse
2613 2219 2750 2273 adeo
2779 2235 2837 2274 se
2867 2218 3178 2274 reéentioris
3210 2219 3376 2273 multo
3397 2230 3556 2288 atque

1976 2289 2133 2356 vulgo
2162 2288 2398 2361 creditur
2420 2288 2596 2344 a-tatis
2620 2329 2637 2357 ,
2679 2300 2911 2346 nataret.
2943 2290 3021 2345 Tu
3062 2288 3226 2361 prmia
3253 2290 3428 2344 ionem
3457 2307 3551 2344 no-

1974 2365 2140 2410 stram
2170 2359 2454 2412 ransnlito.

2053 2438 2077 2464 ε
2122 2429 2364 2500 Origenes
2395 2438 2568 2500 autem
2591 2469 2605 2489 ,
2631 2429 2801 2495 inquit
2835 2428 3189 2500 Hieronymus
3230 2430 3282 2485 in
3309 2429 3548 2496 Praal’at.,

1976 2515 2187 2566 parvum
2216 2500 2276 2551 de
2306 2498 2400 2551 hoc
2434 2498 2691 2562 Propheta
2711 2500 2911 2568 scripsit
2937 2498 3182 2566 libellum,
3211 2501 3292 2553 cui
3317 2500 3452 2552 hunc
3469 2501 3547 2552 'ti-

1977 2569 2427 2646 tulum_imposuit,
2476 2573 2591 2646 περὶ
2627 2577 2718 2624 τοῦ
2763 2577 2877 2646 uti);
2911 2572 3173 2646 ὠνομάσρη
3203 2571 3354 2646 in}?
3399 2570 3554 2646 ᾨσηὲ

1974 2641 2211 2713 Ἐφραΐμ,
2243 2639 2352 2713 huc
2366 2648 2459 2704 est,
2487 2639 2652 2709 quare
2681 2640 2978 2707 appellatur
3008 2644 3057 2693 in
3091 2640 3230 2713 Osee
3242 2639 3508 2713 AEp’braim
3538 2655 3553 2713 :_

1973 2707 2438 2762 volens'ostendere
2457 2754 2469 2772 ,
2502 2707 2830 2778 qua-cumque
2859 2717 3035 2763 contra
3059 2726 3173 2763 eum
3198 2707 3457 2772 dicuntur,
3485 2707 3556 2761 ad

1975 2778 2327 2832 hereticorum
2371 2780 2638 2848 referenda
2691 2795 2996 2849 personam;
3036 2791 3085 2833 et
3129 2781 3272 2832 a'iud
3319 2783 3556 2833 volumen

1975 2850 2234 2918 ἀκέφαλον,
2255 2853 2337 2902 καὶ
2366 2850 2657 2911 ἀτέλεστον.
2685 2852 2820 2916 quod
2843 2859 2888 2902 et
2910 2852 3074 2916 capite
3096 2859 3285 2908 careat.
3317 2857 3362 2900 et
3391 2849 3515 2914 ﬁne.

2051 2919 2070 2957 ι
2114 2920 2296 2988 Neque
2329 2919 2457 2972 illud
2492 2919 2797 2972 verosimile
2829 2930 2910 2973 est
2933 2920 3002 2974 de
3032 2920 3262 2988 Origene
3288 2933 3384 2972 suo
3413 2918 3553 2988 scri-

1977 2991 2148 3057 psisse
2205 2987 2450 3042 isulinum
2477 3031 2492 3054 ,
2534 2990 2674 3056 quod
2727 2989 2893 3056 magis
2936 2987 3310 3058 allegorimun
3356 2987 3555 3054 lepida,

1976 3075 2134 3129 quam
2174 3059 2608 3124 explanationum
2637 3058 2806 3114 solida
2845 3067 3184 3113 consectatus
3228 3059 3341 3112 sit:
3376 3072 3553 3123 neque

1976 3132 2076 3182 hoc
2097 3131 2166 3183 de
2196 3129 2522 3198 Hieronymo
2543 3169 2558 3192 ,
2615 3143 2843 3196 quocum
2877 3130 3183 3184 inimicitias
3211 3129 3554 3196 gravissimas

1975 3199 2298 3264 exercebat,
2330 3200 2471 3267 quod
2500 3199 2695 3269 ingenii
2723 3200 2935 3267 capacis
2965 3201 3068 3263 vir,
3113 3211 3166 3254 et
3194 3198 3356 3252 Sludii
3386 3199 3552 3267 perti-

1976 3273 2121 3324 nacis
2151 3269 2327 3323 fuerit.

2049 3348 2073 3386 κ
2113 3340 2174 3393 S.
2203 3340 2485 3395 Ductorem
2517 3339 2651 3395 tueri
2682 3353 2746 3394 ex
2778 3350 2924 3409 parte
2949 3337 3002 3392 in
3030 3338 3243 3394 Praefat.
3276 3338 3432 3392 Tom.
3461 3336 3553 3392 γι.

1974 3411 2148 3464 conati
2177 3425 2381 3464 sumus.

2046 3477 2075 3516 ιι
2113 3480 2474 3534 Emendamus
2512 3481 2580 3534 ita
2622 3494 2718 3548 pro
2749 3479 3001 3544 indicaui,
3044 3480 3182 3549 quod
3224 3487 3337 3532 erat
3376 3488 3556 3532 antea.

1976 3550 2229 3618 Quaedam
2251 3553 2354 3604 alia
2375 3550 2634 3621 ejusmodi
2658 3549 2882 3606 inferius
2910 3550 3057 3604 taciti
3080 3553 3479 3620 castigavimus.

301 3733 3559 3758 h—_—_—_——_—_—-———.——_—_—_———-————u—

302 3892 2236 4059 COMMENTARIUS
2307 3894 2553 4050 IN
2668 3882 3548 4050 OSEAM.

1310 4308 1793 4418 LIBER
1867 4302 2531 4425 PRIMUS.

823 4563 1049 4623 CAPUT
1088 4560 1367 4617 PRIMUM.

380 4689 535 4743 Vers.
570 4685 591 4739 l
624 4694 678 4740 et
704 4683 756 4737 2.
803 4711 874 4726 —
917 4679 1137 4736 Verbum
1171 4679 1398 4742 Domini,
1426 4678 1573 4748 quod,
1595 4681 1786 4746 factum
1811 4684 1885 4729 est

309 4763 378 4816 ad
410 4761 535 4814 Osee
570 4758 730 4825 ﬁlium
757 4753 991 4807 Beherim
1030 4753 1082 4825 in
1132 4750 1306 4825 diebus
1341 4749 1519 4825 ,_
1543 4747 1769 4825 Joathan
1793 4787 1805 4804 .
1836 4754 1886 4799 et

310 4815 447 4886 Acus
468 4871 482 4892 .
509 4815 816 4894 et'Ezechia:
840 4839 1017 4894 regunt
1041 4819 1181 4894 Iuda
1204 4861 1220 4894 ε
1260 4828 1306 4872 ει
1336 4822 1386 4894 in
1418 4819 1592 4894 diebus
1614 4815 1887 4894 {eroboam

315 4904 412 4969 ﬁlii
438 4887 562 4954 J'ons
589 4899 724 4969 regis
753 4887 963 4969 Israel_._
987 4890 1568 4969 Principium__loque_ndi
1613 4887 1886 4969 Domitium

312 4957 368 5026 in
395 4974 540 5025 Osee.
595 4957 670 5023 Εἰ
705 4982 800 5019 usu
839 4963 1076 5032 quidem,
1119 4957 1239 5026 qum
1284 4960 1514 5014 diversis
1556 4957 1887 5023 temporibus

314 5051 441 5096 sunt
469 5050 614 5109 gesta
653 5035 980 5109 narrantiqu
1006 5073 1021 5095 ,
1069 5033 1509 5109 columemorat'o
1544 5041 1765 5109 quoque
1793 5041 1881 5109 re-

314 5127 441 5181 gum
468 5097 674 5163 iidetur
701 5105 890 5181 ell'ecta
913 5145 929 5170 ,
971 5111 1027 5155 ut
1047 5101 1198 5181 cuius
1227 5102 1389 5154 seculi
1411 5108 1688 5181 tereretur
1716 5097 1886 5181 bisti)-

317 5167 418 5247 ;ia,
450 5192 810 5234 nasceremus.
840 5180 880 5229 Α
911 5167 1181 5247 prophetis
1205 5183 1381 5225 tamen
1411 5167 1759 5247 longeiuagis
1789 5167 1888 5220 ob-

319 5240 526 5310 servari
561 5249 657 5304 fuit
694 5240 945 5304 necesse;
978 5240 1101 5312 quia
1131 5243 1257 5296 licet
1285 5256 1391 5312 non
1424 5240 1736 5312 simpliciter
1763 5251 1883 5290 mu-

322 5337 421 5377 nus
453 5321 685 5375 historiae
709 5323 1110 5386 persequantur,
1133 5321 1187 5365 ut
1213 5326 1277 5365 ea
1307 5311 1730 5386 videlicegnqure
1758 5317 1886 5360 sunt

320 5375 469 5461 gesta
498 5375 948 5461 commemorent,
967 5385 1060 5439 sed
1091 5384 1290 5461 impetu
1313 5396 1524 5461 quoque
1548 5375 1732 5452 [Forte
1757 5394 1885 5444 qun-

322 5453 470 5532 dam]
501 5459 896 5532 vaticinantium
928 5453 1497 5532 futuradeuu-ieiant:
1532 5463 1706 5504 tamen
1746 5462 1882 5516 quo-

324 5523 470 5587 niam
517 5547 621 5585 non
643 5544 706 5584 ea
746 5527 978 5587 casibus.
1017 5525 1110 5580 sed
1135 5523 1340 5596 judicio
1362 5531 1579 5596 ventura
1613 5533 1886 5596 commen-

323 5604 474 5664 dant,
502 5610 558 5656 et
584 5600 649 5654 ad
677 5597 792 5667 ejus
823 5595 1077 5667 principis
1108 5594 1385 5647 arbitrium
1414 5594 1707 5667 disputant,
1734 5594 1888 5654 cujus

326 5662 551 5726 violatas
580 5662 753 5740 leges,
789 5662 843 5721 ei
871 5664 1101 5740 pollutas
1129 5678 1271 5740 saepe
1297 5662 1630 5740 ceremonias
1658 5674 1891 5740 euut-lue-

329 5752 520 5801 rentur
551 5758 567 5799 :
597 5727 842 5798 oidinate
870 5727 1118 5791 nimirum
1145 5727 1406 5791 iu'fronte
1432 5732 1610 5805 operis
1635 5727 1886 5786 vocabula

1907 4540 1961 4602 D
1987 4550 2168 4603 regum
2205 4541 2493 4603 mtatesque
2529 4528 2891 4603 constituunt.
2930 4535 3134 4603 utque:
3158 4537 3284 4584 sunt
3323 4527 3424 4583 sub
3451 4542 3550 4585 eo—

1990 4600 2107 4660 rum
2133 4600 2421 4659 commissa
2444 4601 2791 4667 temporibus,
2817 4600 3034 4654 historia
3062 4601 3310 4664 docente,
3333 4614 3560 4654 nosceth

1991 4685 2093 4739 tes,
2118 4675 2382 4730 fateamur
2411 4686 2504 4726 eos
2533 4671 2719 4739 dignas
2753 4671 3101 4738 ingentesque
3132 4684 3350 4723 caussas
3379 4669 3560 4725 IIIVCOr

1992 4747 2154 4800 tionis
2185 4745 2452 4798 habuisse.
2501 4742 2564 4796 Et
2595 4741 2794 4811 Regum
2825 4741 3002 4809 itaque
3030 4748 3083 4794 et
3112 4739 3560 4809 Paralipomenon

1989 4816 2290 4871 continetur
2316 4813 2617 4878 annalibus,
2649 4811 2790 4879 quod
2818 4825 2939 4864 cum
2972 4812 3046 4874 lii,
3078 4825 3306 4877 quorum
3338 4811 3556 4865 nomina

1991 4893 2117 4940 sunt
2145 4883 2415 4951 praemissa
2436 4921 2453 4947 ,
2495 4889 2783 4953 regnarent
2805 4921 2821 4943 ,
2865 4890 2974 4953 tota
3000 4880 3217 4953 quidem
3249 4880 3560 4953 Judazorum

1992 4971 2122 5024 gens
2152 4955 2416 5008 idolorum
2446 4951 2675 5024 cultibus
2703 4962 2848 5024 esset
2885 4952 3152 5024 inquinata
3205 4969 3218 5004 :
3260 4951 3446 5024 decem
3481 4961 3564 5024 ta-

1989 5021 2112 5081 men
2137 5025 2340 5088 tribus,
2363 5039 2481 5093 qua:
2508 5037 2538 5077 a
2565 5023 2826 5077 divisione
2853 5022 3266 5093 sulileroboam
3293 5021 3455 5088 iacta,
3486 5023 3564 5075 ls-

1988 5099 2093 5151 rael
2123 5096 2470 5158 vocabantur,
2502 5103 2557 5146 et
2584 5093 2787 5147 ultimis
2811 5092 3103 5162 sacrilegiis
3140 5093 3442 5158 squalerent
3465 5131 3481 5156 ,
3513 5096 3568 5142 et

1989 5166 2422 5234 impendentibus
2452 5163 2554 5218 sibi
2597 5162 2988 5234 calamitatibus
3037 5169 3373 5234 urgerentur.
3423 5162 3565 5225 Qua-

1990 5230 2110 5291 tuor
2132 5236 2312 5306 itaque
2352 5249 2537 5306 regum
2569 5234 2637 5289 de
2661 5233 2829 5306 luds,
2868 5247 3093 5300 quorum
3136 5230 3384 5306 videlicet
3428 5239 3568 5306 tein-

1988 5321 2119 5376 pora
2152 5298 2387 5360 vaiicinii
2417 5298 2534 5374 eius
2563 5298 2908 5376 contingebat
2936 5311 3089 5376 altas,
3120 5309 3174 5352 et
3206 5301 3361 5376 unius
3385 5298 3487 5376 qui_
3500 5298 3570 5376 de

1995 5368 2202 5431 Israelis
2251 5383 2401 5445 parte
2446 5368 2787 5441 regnaverat,
2833 5369 3408 5445 intulitntnentionetn.
3455 5368 3566 5445 Sed

1991 5462 2112 5501 cum
2137 5437 2689 5516 prophetiamﬁtisset
2716 5454 2938 5495 exorsus
2963 5479 2979 5516 ,
3009 5438 3060 5491 hi
3089 5452 3224 5506 quos
3247 5437 3379 5516 dixit
3408 5439 3572 5504 parti-

1993 5517 2090 5571 bus
2122 5510 2224 5570 illis
2242 5510 2631 5584 'prazsidebant.
2668 5514 2794 5584 Post
2817 5523 2941 5584 non
2967 5510 3571 5584 longtitit‘vero‘tempns

1991 5588 2128 5655 apud
2171 5575 2468 5641 Sat-nariam
2511 5583 2655 5655 (inita
2685 5575 3111 5655 dominatises't.
3164 5575 3438 5641 Siquidem
3469 5575 3570 5629 Za-

1993 5648 2199 5713 cbarias
2221 5656 2360 5710 lilius
2389 5652 2696 5713 Jeroboam,
2717 5649 2804 5717 qui
2825 5660 2977 5701 sexto
2996 5648 3104 5715 jam
3131 5661 3313 5717 mense
3338 5660 3432 5717 per
3456 5659 3576 5717 suc~

1996 5728 2296 5786 cessionem
2317 5721 2592 5781 obtinebat
2620 5715 2920 5789 imperium,
2945 5718 3083 5773 civ.li
3106 5715 3390 5772 seditione.
3421 5715 3560 5772 idest
