  <div class='ocr_page' id='page_1' title='image "/cluster/home/n/w/nwhite01/storage/ocr_20150623/21/hvd.32044015471360/490.png"; bbox 0 0 4098 6356; ppageno 0'>
   <div class='ocr_carea' id='block_1_1' title="bbox 308 395 413 452">
    <p class='ocr_par' dir='ltr' id='par_1_1' title="bbox 308 395 413 452">
     <span class='ocr_line' id='line_1_1' title="bbox 308 395 413 452; baseline 0.01 -2"><span class='ocrx_word' id='word_1_1' title='bbox 308 395 413 452; x_wconf 74' lang='lat'><strong>969</strong></span> 
     </span>
    </p>
   </div>
   <div class='ocr_carea' id='block_1_2' title="bbox 1200 388 2673 454">
    <p class='ocr_par' dir='ltr' id='par_1_2' title="bbox 1200 388 2673 454">
     <span class='ocr_line' id='line_1_2' title="bbox 1200 388 2673 454; baseline -0.003 -4"><span class='ocrx_word' id='word_1_2' title='bbox 1200 396 1268 452; x_wconf 86' lang='lat' dir='ltr'><strong>IN</strong></span> <span class='ocrx_word' id='word_1_3' title='bbox 1304 395 1535 454; x_wconf 80' lang='lat' dir='ltr'><strong>OSEAM</strong></span> <span class='ocrx_word' id='word_1_4' title='bbox 1572 390 2136 451; x_wconf 78' lang='lat' dir='ltr'><strong>COMMENTARIUS.</strong></span> <span class='ocrx_word' id='word_1_5' title='bbox 2174 389 2380 447; x_wconf 79' lang='lat' dir='ltr'><strong>LIBER</strong></span> <span class='ocrx_word' id='word_1_6' title='bbox 2418 388 2673 446; x_wconf 81' lang='lat' dir='ltr'><strong>PRIMUS</strong></span> 
     </span>
    </p>
   </div>
   <div class='ocr_carea' id='block_1_3' title="bbox 3478 386 3582 443">
    <p class='ocr_par' dir='ltr' id='par_1_3' title="bbox 3478 386 3582 443">
     <span class='ocr_line' id='line_1_3' title="bbox 3478 386 3582 443; baseline -0.038 0"><span class='ocrx_word' id='word_1_7' title='bbox 3478 386 3582 443; x_wconf 80' lang='lat'><strong>970</strong></span> 
     </span>
    </p>
   </div>
   <div class='ocr_carea' id='block_1_4' title="bbox 315 499 3585 584">
    <p class='ocr_par' dir='ltr' id='par_1_4' title="bbox 315 499 3585 584">
     <span class='ocr_line' id='line_1_4' title="bbox 315 499 3585 584; baseline -0 -27"><span class='ocrx_word' id='word_1_8' title='bbox 315 502 520 576; x_wconf 78' lang='lat' dir='ltr'><strong>Doumi]</strong></span> <span class='ocrx_word' id='word_1_9' title='bbox 538 503 682 559; x_wconf 70' lang='lat' dir='ltr'><strong>Iuda</strong></span> <span class='ocrx_word' id='word_1_10' title='bbox 707 506 1022 584; x_wconf 58' lang='grc' dir='ltr'><strong>ιιιίειξνειιοιθ,Δ</strong></span> <span class='ocrx_word' id='word_1_11' title='bbox 1053 516 1100 561; x_wconf 90' lang='lat' dir='ltr'><strong>et</strong></span> <span class='ocrx_word' id='word_1_12' title='bbox 1130 506 1337 563; x_wconf 84' lang='lat' dir='ltr'><strong>salvabo</strong></span> <span class='ocrx_word' id='word_1_13' title='bbox 1358 509 1526 584; x_wconf 83' lang='lat' dir='ltr'><strong>eos__in</strong></span> <span class='ocrx_word' id='word_1_14' title='bbox 1553 504 1773 584; x_wconf 71' lang='lat' dir='ltr'><strong>Domino</strong></span> <span class='ocrx_word' id='word_1_15' title='bbox 1790 504 1898 559; x_wconf 90' lang='lat' dir='ltr'><strong>Deo</strong></span> <span class='ocrx_word' id='word_1_16' title='bbox 1925 506 1974 563; x_wconf 80' lang='grc' dir='ltr'><strong>Δ</strong></span> <span class='ocrx_word' id='word_1_17' title='bbox 2006 505 2203 584; x_wconf 57' lang='lat' dir='ltr'><strong>alebat,</strong></span> <span class='ocrx_word' id='word_1_18' title='bbox 2235 504 2489 584; x_wconf 73' lang='lat' dir='ltr'><strong>peccandi</strong></span> <span class='ocrx_word' id='word_1_19' title='bbox 2518 504 2711 558; x_wconf 89' lang='lat' dir='ltr'><strong>studiis</strong></span> <span class='ocrx_word' id='word_1_20' title='bbox 2736 500 3073 584; x_wconf 75' lang='lat' dir='ltr'><strong>corrupistis,</strong></span> <span class='ocrx_word' id='word_1_21' title='bbox 3107 499 3199 555; x_wconf 90' lang='lat' dir='ltr'><strong>illo</strong></span> <span class='ocrx_word' id='word_1_22' title='bbox 3240 516 3451 572; x_wconf 84' lang='lat' dir='ltr'><strong>quoque</strong></span> <span class='ocrx_word' id='word_1_23' title='bbox 3474 517 3585 572; x_wconf 90' lang='lat' dir='ltr'><strong>quo</strong></span> 
     </span>
    </p>
   </div>
   <div class='ocr_carea' id='block_1_5' title="bbox 308 576 1890 649">
    <p class='ocr_par' dir='ltr' id='par_1_5' title="bbox 308 576 1890 649">
     <span class='ocr_line' id='line_1_5' title="bbox 308 576 1890 649; baseline 0.005 -27"><span class='ocrx_word' id='word_1_24' title='bbox 308 594 423 649; x_wconf 61' lang='lat' dir='ltr'><strong>suo,</strong></span> <span class='ocrx_word' id='word_1_25' title='bbox 456 588 503 649; x_wconf 80' lang='lat' dir='ltr'><strong>et</strong></span> <span class='ocrx_word' id='word_1_26' title='bbox 535 594 639 649; x_wconf 79' lang='lat' dir='ltr'><strong>non</strong></span> <span class='ocrx_word' id='word_1_27' title='bbox 664 576 977 649; x_wconf 72' lang='lat' dir='ltr'><strong>sulvaboeos</strong></span> <span class='ocrx_word' id='word_1_28' title='bbox 1006 578 1057 649; x_wconf 74' lang='lat' dir='ltr'><strong>in</strong></span> <span class='ocrx_word' id='word_1_29' title='bbox 1082 594 1204 630; x_wconf 89' lang='lat' dir='ltr'><strong>arcu</strong></span> <span class='ocrx_word' id='word_1_30' title='bbox 1231 586 1279 632; x_wconf 86' lang='lat' dir='ltr'><strong>et</strong></span> <span class='ocrx_word' id='word_1_31' title='bbox 1322 579 1498 649; x_wconf 88' lang='lat' dir='ltr'><strong>gladio</strong></span> <span class='ocrx_word' id='word_1_32' title='bbox 1524 589 1570 631; x_wconf 87' lang='lat' dir='ltr'><strong>et</strong></span> <span class='ocrx_word' id='word_1_33' title='bbox 1591 578 1644 649; x_wconf 86' lang='lat' dir='ltr'><strong>in</strong></span> <span class='ocrx_word' id='word_1_34' title='bbox 1676 577 1807 649; x_wconf 75' lang='lat' dir='ltr'><strong>bello</strong></span> <span class='ocrx_word' id='word_1_35' title='bbox 1845 585 1890 630; x_wconf 88' lang='lat' dir='ltr'><strong>et</strong></span> 
     </span>
    </p>
   </div>
   <div class='ocr_carea' id='block_1_6' title="bbox 308 647 1896 716">
    <p class='ocr_par' dir='ltr' id='par_1_6' title="bbox 308 647 1896 716">
     <span class='ocr_line' id='line_1_6' title="bbox 308 647 1896 716; baseline 0.001 -18"><span class='ocrx_word' id='word_1_36' title='bbox 308 648 359 698; x_wconf 84' lang='lat' dir='ltr'><strong>in</strong></span> <span class='ocrx_word' id='word_1_37' title='bbox 386 647 527 715; x_wconf 85' lang='lat' dir='ltr'><strong>equis</strong></span> <span class='ocrx_word' id='word_1_38' title='bbox 548 656 596 699; x_wconf 88' lang='lat' dir='ltr'><strong>et</strong></span> <span class='ocrx_word' id='word_1_39' title='bbox 626 648 678 700; x_wconf 88' lang='lat' dir='ltr'><strong>in</strong></span> <span class='ocrx_word' id='word_1_40' title='bbox 710 647 980 715; x_wconf 82' lang='lat' dir='ltr'><strong>equitibus.</strong></span> <span class='ocrx_word' id='word_1_41' title='bbox 1007 648 1136 702; x_wconf 84' lang='lat' dir='ltr'><strong>Cum</strong></span> <span class='ocrx_word' id='word_1_42' title='bbox 1164 647 1439 716; x_wconf 83' lang='lat' dir='ltr'><strong>pupulum,</strong></span> <span class='ocrx_word' id='word_1_43' title='bbox 1474 648 1665 715; x_wconf 93' lang='lat' dir='ltr'><strong>inquit,</strong></span> <span class='ocrx_word' id='word_1_44' title='bbox 1710 647 1896 701; x_wconf 89' lang='lat' dir='ltr'><strong>Sama-</strong></span> 
     </span>
    </p>
   </div>
   <div class='ocr_carea' id='block_1_7' title="bbox 314 718 1897 785">
    <p class='ocr_par' dir='ltr' id='par_1_7' title="bbox 314 718 1897 785">
     <span class='ocr_line' id='line_1_7' title="bbox 314 718 1897 785; baseline 0.001 -16"><span class='ocrx_word' id='word_1_45' title='bbox 314 720 406 769; x_wconf 74' lang='lat' dir='ltr'><strong>ria:</strong></span> <span class='ocrx_word' id='word_1_46' title='bbox 441 720 878 785; x_wconf 67' lang='lat' dir='ltr'><strong>praevaricatione</strong></span> <span class='ocrx_word' id='word_1_47' title='bbox 916 719 1169 772; x_wconf 79' lang='lat' dir='ltr'><strong>fmdatum</strong></span> <span class='ocrx_word' id='word_1_48' title='bbox 1201 718 1590 772; x_wconf 86' lang='lat' dir='ltr'><strong>calamitatibus</strong></span> <span class='ocrx_word' id='word_1_49' title='bbox 1612 718 1897 783; x_wconf 86' lang='lat' dir='ltr'><strong>exitiisque</strong></span> 
     </span>
    </p>
   </div>
   <div class='ocr_carea' id='block_1_8' title="bbox 310 787 1893 857">
    <p class='ocr_par' dir='ltr' id='par_1_8' title="bbox 310 787 1893 857">
     <span class='ocr_line' id='line_1_8' title="bbox 310 787 1893 857; baseline -0.001 -17"><span class='ocrx_word' id='word_1_50' title='bbox 310 787 619 855; x_wconf 76' lang='lat' dir='ltr'><strong>subieceru,</strong></span> <span class='ocrx_word' id='word_1_51' title='bbox 646 798 699 842; x_wconf 90' lang='lat' dir='ltr'><strong>et</strong></span> <span class='ocrx_word' id='word_1_52' title='bbox 730 788 798 842; x_wconf 86' lang='lat' dir='ltr'><strong>ita</strong></span> <span class='ocrx_word' id='word_1_53' title='bbox 826 804 920 843; x_wconf 91' lang='lat' dir='ltr'><strong>eus</strong></span> <span class='ocrx_word' id='word_1_54' title='bbox 950 805 1044 857; x_wconf 90' lang='lat' dir='ltr'><strong>pro</strong></span> <span class='ocrx_word' id='word_1_55' title='bbox 1068 790 1221 852; x_wconf 87' lang='lat' dir='ltr'><strong>culpa</strong></span> <span class='ocrx_word' id='word_1_56' title='bbox 1250 790 1381 842; x_wconf 84' lang='lat' dir='ltr'><strong>viles</strong></span> <span class='ocrx_word' id='word_1_57' title='bbox 1424 804 1545 843; x_wconf 85' lang='lat' dir='ltr'><strong>esse</strong></span> <span class='ocrx_word' id='word_1_58' title='bbox 1571 788 1893 852; x_wconf 86' lang='lat' dir='ltr'><strong>permisero,</strong></span> 
     </span>
    </p>
   </div>
   <div class='ocr_carea' id='block_1_9' title="bbox 313 857 1898 926">
    <p class='ocr_par' dir='ltr' id='par_1_9' title="bbox 313 857 1898 926">
     <span class='ocr_line' id='line_1_9' title="bbox 313 857 1898 926; baseline 0.002 -18"><span class='ocrx_word' id='word_1_59' title='bbox 313 866 369 909; x_wconf 92' lang='lat' dir='ltr'><strong>ut</strong></span> <span class='ocrx_word' id='word_1_60' title='bbox 398 858 581 911; x_wconf 89' lang='lat' dir='ltr'><strong>videar</strong></span> <span class='ocrx_word' id='word_1_61' title='bbox 610 874 796 911; x_wconf 87' lang='lat' dir='ltr'><strong>eorum</strong></span> <span class='ocrx_word' id='word_1_62' title='bbox 829 873 1047 925; x_wconf 86' lang='lat' dir='ltr'><strong>prorsus</strong></span> <span class='ocrx_word' id='word_1_63' title='bbox 1069 860 1285 921; x_wconf 89' lang='lat' dir='ltr'><strong>oblitus;</strong></span> <span class='ocrx_word' id='word_1_64' title='bbox 1311 869 1439 913; x_wconf 91' lang='lat' dir='ltr'><strong>tunc</strong></span> <span class='ocrx_word' id='word_1_65' title='bbox 1469 860 1521 912; x_wconf 93' lang='lat' dir='ltr'><strong>in</strong></span> <span class='ocrx_word' id='word_1_66' title='bbox 1569 857 1721 912; x_wconf 68' lang='lat' dir='ltr'><strong>inda:</strong></span> <span class='ocrx_word' id='word_1_67' title='bbox 1747 865 1898 926; x_wconf 88' lang='lat' dir='ltr'><strong>parte</strong></span> 
     </span>
    </p>
   </div>
   <div class='ocr_carea' id='block_1_10' title="bbox 311 929 1899 998">
    <p class='ocr_par' dir='ltr' id='par_1_10' title="bbox 311 929 1899 998">
     <span class='ocr_line' id='line_1_10' title="bbox 311 929 1899 998; baseline 0 -18"><span class='ocrx_word' id='word_1_68' title='bbox 311 930 585 992; x_wconf 78' lang='lat' dir='ltr'><strong>siSIentes,</strong></span> <span class='ocrx_word' id='word_1_69' title='bbox 614 938 665 982; x_wconf 90' lang='lat' dir='ltr'><strong>et</strong></span> <span class='ocrx_word' id='word_1_70' title='bbox 709 930 760 982; x_wconf 91' lang='lat' dir='ltr'><strong>in</strong></span> <span class='ocrx_word' id='word_1_71' title='bbox 787 929 1018 984; x_wconf 91' lang='lat' dir='ltr'><strong>cultibus</strong></span> <span class='ocrx_word' id='word_1_72' title='bbox 1047 930 1324 998; x_wconf 81' lang='lat' dir='ltr'><strong>religionis</strong></span> <span class='ocrx_word' id='word_1_73' title='bbox 1370 944 1519 996; x_wconf 84' lang='lat' dir='ltr'><strong>spem</strong></span> <span class='ocrx_word' id='word_1_74' title='bbox 1550 929 1736 981; x_wconf 88' lang='lat' dir='ltr'><strong>salutis</strong></span> <span class='ocrx_word' id='word_1_75' title='bbox 1788 942 1899 981; x_wconf 70' lang='lat' dir='ltr'><strong>sua:</strong></span> 
     </span>
    </p>
   </div>
   <div class='ocr_carea' id='block_1_11' title="bbox 311 999 1897 1068">
    <p class='ocr_par' dir='ltr' id='par_1_11' title="bbox 311 999 1897 1068">
     <span class='ocr_line' id='line_1_11' title="bbox 311 999 1897 1068; baseline 0 -18"><span class='ocrx_word' id='word_1_76' title='bbox 311 1012 375 1051; x_wconf 90' lang='lat' dir='ltr'><strong>ac</strong></span> <span class='ocrx_word' id='word_1_77' title='bbox 404 999 649 1052; x_wconf 85' lang='lat' dir='ltr'><strong>ﬁduciam</strong></span> <span class='ocrx_word' id='word_1_78' title='bbox 673 999 1013 1064; x_wconf 88' lang='lat' dir='ltr'><strong>cullucantes,</strong></span> <span class='ocrx_word' id='word_1_79' title='bbox 1049 1016 1151 1052; x_wconf 93' lang='lat' dir='ltr'><strong>non</strong></span> <span class='ocrx_word' id='word_1_80' title='bbox 1175 1003 1347 1054; x_wconf 92' lang='lat' dir='ltr'><strong>solum</strong></span> <span class='ocrx_word' id='word_1_81' title='bbox 1384 1010 1678 1068; x_wconf 77' lang='lat' dir='ltr'><strong>protegam,</strong></span> <span class='ocrx_word' id='word_1_82' title='bbox 1710 1013 1897 1053; x_wconf 89' lang='lat' dir='ltr'><strong>verum</strong></span> 
     </span>
    </p>
   </div>
   <div class='ocr_carea' id='block_1_12' title="bbox 312 1068 1898 1138">
    <p class='ocr_par' dir='ltr' id='par_1_12' title="bbox 312 1068 1898 1138">
     <span class='ocr_line' id='line_1_12' title="bbox 312 1068 1898 1138; baseline -0.001 -16"><span class='ocrx_word' id='word_1_83' title='bbox 312 1068 473 1122; x_wconf 77' lang='lat' dir='ltr'><strong>etiam</strong></span> <span class='ocrx_word' id='word_1_84' title='bbox 510 1070 748 1123; x_wconf 76' lang='lat' dir='ltr'><strong>novitate</strong></span> <span class='ocrx_word' id='word_1_85' title='bbox 777 1070 1003 1124; x_wconf 86' lang='lat' dir='ltr'><strong>mirabili</strong></span> <span class='ocrx_word' id='word_1_86' title='bbox 1053 1070 1374 1125; x_wconf 81' lang='lat' dir='ltr'><strong>vindicabo:</strong></span> <span class='ocrx_word' id='word_1_87' title='bbox 1408 1081 1463 1124; x_wconf 92' lang='lat' dir='ltr'><strong>ut</strong></span> <span class='ocrx_word' id='word_1_88' title='bbox 1510 1070 1670 1123; x_wconf 87' lang='lat' dir='ltr'><strong>etiam</strong></span> <span class='ocrx_word' id='word_1_89' title='bbox 1722 1068 1898 1138; x_wconf 82' lang='lat' dir='ltr'><strong>palam</strong></span> 
     </span>
    </p>
   </div>
   <div class='ocr_carea' id='block_1_13' title="bbox 311 1138 1901 1207">
    <p class='ocr_par' dir='ltr' id='par_1_13' title="bbox 311 1138 1901 1207">
     <span class='ocr_line' id='line_1_13' title="bbox 311 1138 1901 1207; baseline 0.001 -16"><span class='ocrx_word' id='word_1_90' title='bbox 311 1141 533 1204; x_wconf 89' lang='lat' dir='ltr'><strong>clareat,</strong></span> <span class='ocrx_word' id='word_1_91' title='bbox 578 1155 673 1194; x_wconf 91' lang='lat' dir='ltr'><strong>eos</strong></span> <span class='ocrx_word' id='word_1_92' title='bbox 726 1155 1058 1207; x_wconf 81' lang='lat' dir='ltr'><strong>nequaquam</strong></span> <span class='ocrx_word' id='word_1_93' title='bbox 1097 1143 1263 1195; x_wconf 89' lang='lat' dir='ltr'><strong>armis</strong></span> <span class='ocrx_word' id='word_1_94' title='bbox 1313 1142 1549 1195; x_wconf 89' lang='lat' dir='ltr'><strong>munitos</strong></span> <span class='ocrx_word' id='word_1_95' title='bbox 1597 1139 1762 1193; x_wconf 80' lang='lat' dir='ltr'><strong>fuisse</strong></span> <span class='ocrx_word' id='word_1_96' title='bbox 1806 1138 1901 1193; x_wconf 87' lang='lat' dir='ltr'><strong>sed</strong></span> 
     </span>
    </p>
   </div>
   <div class='ocr_carea' id='block_1_14' title="bbox 315 1210 1898 1281">
    <p class='ocr_par' dir='ltr' id='par_1_14' title="bbox 315 1210 1898 1281">
     <span class='ocr_line' id='line_1_14' title="bbox 315 1210 1898 1281; baseline 0.002 -23"><span class='ocrx_word' id='word_1_97' title='bbox 315 1210 541 1281; x_wconf 75' lang='lat' dir='ltr'><strong>meritis,</strong></span> <span class='ocrx_word' id='word_1_98' title='bbox 577 1225 675 1264; x_wconf 87' lang='lat' dir='ltr'><strong>nec</strong></span> <span class='ocrx_word' id='word_1_99' title='bbox 704 1210 818 1264; x_wconf 86' lang='lat' dir='ltr'><strong>acie</strong></span> <span class='ocrx_word' id='word_1_100' title='bbox 847 1220 1228 1281; x_wconf 77' lang='lat' dir='ltr'><strong>consequutus,</strong></span> <span class='ocrx_word' id='word_1_101' title='bbox 1253 1213 1345 1266; x_wconf 90' lang='lat' dir='ltr'><strong>sed</strong></span> <span class='ocrx_word' id='word_1_102' title='bbox 1370 1212 1564 1280; x_wconf 81' lang='lat' dir='ltr'><strong>pietate</strong></span> <span class='ocrx_word' id='word_1_103' title='bbox 1600 1210 1898 1281; x_wconf 71' lang='lat' dir='ltr'><strong>victoriam.</strong></span> 
     </span>
    </p>
   </div>
   <div class='ocr_carea' id='block_1_15' title="bbox 315 1279 1901 1351">
    <p class='ocr_par' dir='ltr' id='par_1_15' title="bbox 315 1279 1901 1351">
     <span class='ocr_line' id='line_1_15' title="bbox 315 1279 1901 1351; baseline 0.001 -20"><span class='ocrx_word' id='word_1_104' title='bbox 315 1279 444 1351; x_wconf 75' lang='lat' dir='ltr'><strong>illud</strong></span> <span class='ocrx_word' id='word_1_105' title='bbox 473 1290 650 1333; x_wconf 89' lang='lat' dir='ltr'><strong>autem</strong></span> <span class='ocrx_word' id='word_1_106' title='bbox 704 1290 911 1349; x_wconf 78' lang='lat' dir='ltr'><strong>tempus</strong></span> <span class='ocrx_word' id='word_1_107' title='bbox 955 1279 1255 1345; x_wconf 84' lang='lat' dir='ltr'><strong>annuntiat,</strong></span> <span class='ocrx_word' id='word_1_108' title='bbox 1293 1279 1423 1351; x_wconf 79' lang='lat' dir='ltr'><strong>quo,</strong></span> <span class='ocrx_word' id='word_1_109' title='bbox 1478 1280 1707 1335; x_wconf 86' lang='lat' dir='ltr'><strong>Ezecbia</strong></span> <span class='ocrx_word' id='word_1_110' title='bbox 1761 1279 1901 1344; x_wconf 89' lang='lat' dir='ltr'><strong>apud</strong></span> 
     </span>
    </p>
   </div>
   <div class='ocr_carea' id='block_1_16' title="bbox 312 1350 1904 1420">
    <p class='ocr_par' dir='ltr' id='par_1_16' title="bbox 312 1350 1904 1420">
     <span class='ocr_line' id='line_1_16' title="bbox 312 1350 1904 1420; baseline 0 -16"><span class='ocrx_word' id='word_1_111' title='bbox 312 1350 718 1419; x_wconf 67' lang='lat' dir='ltr'><strong>Jerusulymitas</strong></span> <span class='ocrx_word' id='word_1_112' title='bbox 762 1352 1078 1420; x_wconf 82' lang='lat' dir='ltr'><strong>imperante,</strong></span> <span class='ocrx_word' id='word_1_113' title='bbox 1110 1350 1478 1408; x_wconf 78' lang='lat' dir='ltr'><strong>Sennaclierib</strong></span> <span class='ocrx_word' id='word_1_114' title='bbox 1517 1367 1608 1406; x_wconf 90' lang='lat' dir='ltr'><strong>rex</strong></span> <span class='ocrx_word' id='word_1_115' title='bbox 1656 1352 1904 1420; x_wconf 85' lang='lat' dir='ltr'><strong>Assyrio-</strong></span> 
     </span>
    </p>
   </div>
   <div class='ocr_carea' id='block_1_17' title="bbox 314 1421 1905 1491">
    <p class='ocr_par' dir='ltr' id='par_1_17' title="bbox 314 1421 1905 1491">
     <span class='ocr_line' id='line_1_17' title="bbox 314 1421 1905 1491; baseline 0.001 -18"><span class='ocrx_word' id='word_1_116' title='bbox 314 1434 430 1473; x_wconf 86' lang='lat' dir='ltr'><strong>rum</strong></span> <span class='ocrx_word' id='word_1_117' title='bbox 456 1436 649 1487; x_wconf 83' lang='lat' dir='ltr'><strong>magno</strong></span> <span class='ocrx_word' id='word_1_118' title='bbox 676 1421 742 1474; x_wconf 88' lang='lat' dir='ltr'><strong>ad</strong></span> <span class='ocrx_word' id='word_1_119' title='bbox 774 1423 1106 1477; x_wconf 80' lang='lat' dir='ltr'><strong>obsidionem</strong></span> <span class='ocrx_word' id='word_1_120' title='bbox 1136 1424 1253 1491; x_wconf 84' lang='lat' dir='ltr'><strong>ejus</strong></span> <span class='ocrx_word' id='word_1_121' title='bbox 1302 1424 1451 1477; x_wconf 80' lang='lat' dir='ltr'><strong>urbis</strong></span> <span class='ocrx_word' id='word_1_122' title='bbox 1478 1424 1709 1476; x_wconf 89' lang='lat' dir='ltr'><strong>accessit</strong></span> <span class='ocrx_word' id='word_1_123' title='bbox 1756 1437 1905 1476; x_wconf 80' lang='lat' dir='ltr'><strong>exer-</strong></span> 
     </span>
    </p>
   </div>
   <div class='ocr_carea' id='block_1_18' title="bbox 314 1491 1905 1559">
    <p class='ocr_par' dir='ltr' id='par_1_18' title="bbox 314 1491 1905 1559">
     <span class='ocr_line' id='line_1_18' title="bbox 314 1491 1905 1559; baseline 0.001 -16"><span class='ocrx_word' id='word_1_124' title='bbox 314 1491 445 1552; x_wconf 86' lang='lat' dir='ltr'><strong>citu,</strong></span> <span class='ocrx_word' id='word_1_125' title='bbox 470 1500 629 1559; x_wconf 89' lang='lat' dir='ltr'><strong>atque</strong></span> <span class='ocrx_word' id='word_1_126' title='bbox 652 1491 758 1545; x_wconf 93' lang='lat' dir='ltr'><strong>illic</strong></span> <span class='ocrx_word' id='word_1_127' title='bbox 790 1494 953 1546; x_wconf 91' lang='lat' dir='ltr'><strong>multa</strong></span> <span class='ocrx_word' id='word_1_128' title='bbox 1008 1496 1059 1547; x_wconf 92' lang='lat' dir='ltr'><strong>in</strong></span> <span class='ocrx_word' id='word_1_129' title='bbox 1088 1494 1468 1548; x_wconf 87' lang='lat' dir='ltr'><strong>contumeliam</strong></span> <span class='ocrx_word' id='word_1_130' title='bbox 1505 1493 1595 1547; x_wconf 87' lang='lat' dir='ltr'><strong>Dei</strong></span> <span class='ocrx_word' id='word_1_131' title='bbox 1641 1505 1695 1546; x_wconf 88' lang='lat' dir='ltr'><strong>et</strong></span> <span class='ocrx_word' id='word_1_132' title='bbox 1739 1507 1905 1546; x_wconf 71' lang='lat' dir='ltr'><strong>sacra:</strong></span> 
     </span>
    </p>
   </div>
   <div class='ocr_carea' id='block_1_19' title="bbox 318 1560 1906 1631">
    <p class='ocr_par' dir='ltr' id='par_1_19' title="bbox 318 1560 1906 1631">
     <span class='ocr_line' id='line_1_19' title="bbox 318 1560 1906 1631; baseline 0 -16"><span class='ocrx_word' id='word_1_133' title='bbox 318 1560 590 1629; x_wconf 77' lang='lat' dir='ltr'><strong>religionis</strong></span> <span class='ocrx_word' id='word_1_134' title='bbox 624 1562 896 1631; x_wconf 89' lang='lat' dir='ltr'><strong>loquutus,</strong></span> <span class='ocrx_word' id='word_1_135' title='bbox 926 1563 1160 1618; x_wconf 84' lang='lat' dir='ltr'><strong>divinam</strong></span> <span class='ocrx_word' id='word_1_136' title='bbox 1196 1564 1247 1618; x_wconf 93' lang='lat' dir='ltr'><strong>in</strong></span> <span class='ocrx_word' id='word_1_137' title='bbox 1280 1580 1340 1619; x_wconf 89' lang='lat' dir='ltr'><strong>se</strong></span> <span class='ocrx_word' id='word_1_138' title='bbox 1362 1566 1683 1618; x_wconf 91' lang='lat' dir='ltr'><strong>sententiam</strong></span> <span class='ocrx_word' id='word_1_139' title='bbox 1726 1562 1906 1617; x_wconf 91' lang='lat' dir='ltr'><strong>conci-</strong></span> 
     </span>
    </p>
   </div>
   <div class='ocr_carea' id='block_1_20' title="bbox 315 1632 1906 1703">
    <p class='ocr_par' dir='ltr' id='par_1_20' title="bbox 315 1632 1906 1703">
     <span class='ocr_line' id='line_1_20' title="bbox 315 1632 1906 1703; baseline 0 -19"><span class='ocrx_word' id='word_1_140' title='bbox 315 1632 580 1703; x_wconf 14' lang='lat' dir='ltr'><strong>tavit,i.ac</strong></span> <span class='ocrx_word' id='word_1_141' title='bbox 602 1633 699 1686; x_wconf 88' lang='lat' dir='ltr'><strong>sub</strong></span> <span class='ocrx_word' id='word_1_142' title='bbox 723 1648 823 1686; x_wconf 88' lang='lat' dir='ltr'><strong>una</strong></span> <span class='ocrx_word' id='word_1_143' title='bbox 876 1644 1030 1690; x_wconf 91' lang='lat' dir='ltr'><strong>nocte</strong></span> <span class='ocrx_word' id='word_1_144' title='bbox 1087 1650 1274 1689; x_wconf 89' lang='lat' dir='ltr'><strong>omnes</strong></span> <span class='ocrx_word' id='word_1_145' title='bbox 1312 1637 1430 1703; x_wconf 85' lang='lat' dir='ltr'><strong>ejus</strong></span> <span class='ocrx_word' id='word_1_146' title='bbox 1483 1636 1650 1702; x_wconf 61' lang='lat' dir='ltr'><strong>cupias</strong></span> <span class='ocrx_word' id='word_1_147' title='bbox 1700 1634 1906 1699; x_wconf 79' lang='lat' dir='ltr'><strong>Angela</strong></span> 
     </span>
    </p>
   </div>
   <div class='ocr_carea' id='block_1_21' title="bbox 368 1702 1902 1773">
    <p class='ocr_par' dir='ltr' id='par_1_21' title="bbox 368 1702 1902 1773">
     <span class='ocr_line' id='line_1_21' title="bbox 368 1702 1902 1773; baseline 0 -18"><span class='ocrx_word' id='word_1_148' title='bbox 368 1702 480 1771; x_wconf 82' lang='lat'><strong>00</strong></span> <span class='ocrx_word' id='word_1_149' title='bbox 501 1702 746 1765; x_wconf 85' lang='lat' dir='ltr'><strong>feriente,</strong></span> <span class='ocrx_word' id='word_1_150' title='bbox 770 1705 1095 1759; x_wconf 90' lang='lat' dir='ltr'><strong>ceciderunt.</strong></span> <span class='ocrx_word' id='word_1_151' title='bbox 1120 1716 1145 1743; x_wconf 80' lang='grc' dir='ltr'><strong>ι</strong></span> <span class='ocrx_word' id='word_1_152' title='bbox 1168 1706 1297 1760; x_wconf 85' lang='lat' dir='ltr'><strong>Nam</strong></span> <span class='ocrx_word' id='word_1_153' title='bbox 1321 1702 1535 1761; x_wconf 87' lang='lat' dir='ltr'><strong>centum</strong></span> <span class='ocrx_word' id='word_1_154' title='bbox 1561 1715 1614 1759; x_wconf 90' lang='lat' dir='ltr'><strong>et</strong></span> <span class='ocrx_word' id='word_1_155' title='bbox 1635 1705 1902 1773; x_wconf 75' lang='lat' dir='ltr'><strong>octoginta</strong></span> 
     </span>
    </p>
   </div>
   <div class='ocr_carea' id='block_1_22' title="bbox 314 1773 1910 1845">
    <p class='ocr_par' dir='ltr' id='par_1_22' title="bbox 314 1773 1910 1845">
     <span class='ocr_line' id='line_1_22' title="bbox 314 1773 1910 1845; baseline 0.002 -20"><span class='ocrx_word' id='word_1_156' title='bbox 314 1776 549 1842; x_wconf 88' lang='lat' dir='ltr'><strong>quinque</strong></span> <span class='ocrx_word' id='word_1_157' title='bbox 587 1773 822 1828; x_wconf 87' lang='lat' dir='ltr'><strong>millibus</strong></span> <span class='ocrx_word' id='word_1_158' title='bbox 870 1774 1187 1830; x_wconf 85' lang='lat' dir='ltr'><strong>bellatorum</strong></span> <span class='ocrx_word' id='word_1_159' title='bbox 1220 1776 1461 1840; x_wconf 89' lang='lat' dir='ltr'><strong>amissis,</strong></span> <span class='ocrx_word' id='word_1_160' title='bbox 1488 1776 1603 1845; x_wconf 89' lang='lat' dir='ltr'><strong>ipse</strong></span> <span class='ocrx_word' id='word_1_161' title='bbox 1633 1776 1686 1828; x_wconf 89' lang='lat' dir='ltr'><strong>in</strong></span> <span class='ocrx_word' id='word_1_162' title='bbox 1731 1789 1910 1841; x_wconf 77' lang='lat' dir='ltr'><strong>regio-</strong></span> 
     </span>
    </p>
   </div>
   <div class='ocr_carea' id='block_1_23' title="bbox 316 1846 1903 1915">
    <p class='ocr_par' dir='ltr' id='par_1_23' title="bbox 316 1846 1903 1915">
     <span class='ocr_line' id='line_1_23' title="bbox 316 1846 1903 1915; baseline 0.003 -20"><span class='ocrx_word' id='word_1_163' title='bbox 316 1857 439 1915; x_wconf 83' lang='lat' dir='ltr'><strong>nem</strong></span> <span class='ocrx_word' id='word_1_164' title='bbox 468 1858 618 1915; x_wconf 80' lang='lat' dir='ltr'><strong>suam</strong></span> <span class='ocrx_word' id='word_1_165' title='bbox 650 1859 789 1915; x_wconf 80' lang='lat' dir='ltr'><strong>eum</strong></span> <span class='ocrx_word' id='word_1_166' title='bbox 826 1846 1006 1913; x_wconf 84' lang='lat' dir='ltr'><strong>paucis</strong></span> <span class='ocrx_word' id='word_1_167' title='bbox 1060 1846 1257 1915; x_wconf 81' lang='lat' dir='ltr'><strong>fugisse</strong></span> <span class='ocrx_word' id='word_1_168' title='bbox 1306 1858 1466 1915; x_wconf 90' lang='lat' dir='ltr'><strong>atque</strong></span> <span class='ocrx_word' id='word_1_169' title='bbox 1518 1847 1627 1900; x_wconf 91' lang='lat' dir='ltr'><strong>illic</strong></span> <span class='ocrx_word' id='word_1_170' title='bbox 1679 1846 1903 1910; x_wconf 88' lang='lat' dir='ltr'><strong>periisse</strong></span> 
     </span>
    </p>
   </div>
   <div class='ocr_carea' id='block_1_24' title="bbox 318 1911 1805 1986">
    <p class='ocr_par' dir='ltr' id='par_1_24' title="bbox 318 1911 1805 1986">
     <span class='ocr_line' id='line_1_24' title="bbox 318 1911 1805 1986; baseline 0.001 -20"><span class='ocrx_word' id='word_1_171' title='bbox 318 1912 641 1968; x_wconf 88' lang='lat' dir='ltr'><strong>describitur</strong></span> <span class='ocrx_word' id='word_1_172' title='bbox 665 1911 745 1985; x_wconf 68' lang='grc'><strong>(4.</strong></span> <span class='ocrx_word' id='word_1_173' title='bbox 767 1911 895 1985; x_wconf 79' lang='lat' dir='ltr'><strong>Reg.</strong></span> <span class='ocrx_word' id='word_1_174' title='bbox 930 1916 1038 1986; x_wconf 82' lang='lat' dir='ltr'><strong>l9).</strong></span> <span class='ocrx_word' id='word_1_175' title='bbox 1070 1911 1175 1972; x_wconf 77' lang='lat' dir='ltr'><strong>Sed</strong></span> <span class='ocrx_word' id='word_1_176' title='bbox 1200 1911 1471 1972; x_wconf 86' lang='lat' dir='ltr'><strong>videamus</strong></span> <span class='ocrx_word' id='word_1_177' title='bbox 1493 1926 1546 1973; x_wconf 88' lang='lat' dir='ltr'><strong>et</strong></span> <span class='ocrx_word' id='word_1_178' title='bbox 1579 1917 1805 1985; x_wconf 85' lang='lat' dir='ltr'><strong>reliqua.</strong></span> 
     </span>
    </p>
   </div>
   <div class='ocr_carea' id='block_1_25' title="bbox 387 2004 1904 2077">
    <p class='ocr_par' dir='ltr' id='par_1_25' title="bbox 387 2004 1904 2077">
     <span class='ocr_line' id='line_1_25' title="bbox 387 2004 1904 2077; baseline 0.002 -20"><span class='ocrx_word' id='word_1_179' title='bbox 387 2004 543 2077; x_wconf 75' lang='lat' dir='ltr'><strong>Vers.</strong></span> <span class='ocrx_word' id='word_1_180' title='bbox 576 2005 628 2059; x_wconf 90' lang='lat'><strong>8.</strong></span> <span class='ocrx_word' id='word_1_181' title='bbox 648 2034 720 2048; x_wconf 73' lang='grc' dir='ltr'><strong>-ρ</strong></span> <span class='ocrx_word' id='word_1_182' title='bbox 746 2007 1050 2074; x_wconf 84' lang='lat' dir='ltr'><strong>Ablactavit,</strong></span> <span class='ocrx_word' id='word_1_183' title='bbox 1083 2008 1271 2077; x_wconf 83' lang='lat' dir='ltr'><strong>inquit,</strong></span> <span class='ocrx_word' id='word_1_184' title='bbox 1299 2023 1414 2060; x_wconf 91' lang='lat' dir='ltr'><strong>eam</strong></span> <span class='ocrx_word' id='word_1_185' title='bbox 1440 2023 1555 2074; x_wconf 75' lang='lat' dir='ltr'><strong>qua:</strong></span> <span class='ocrx_word' id='word_1_186' title='bbox 1581 2017 1686 2060; x_wconf 89' lang='lat' dir='ltr'><strong>erat</strong></span> <span class='ocrx_word' id='word_1_187' title='bbox 1716 2007 1904 2075; x_wconf 72' lang='lat' dir='ltr'><strong>absque</strong></span> 
     </span>
    </p>
   </div>
   <div class='ocr_carea' id='block_1_26' title="bbox 315 2074 1905 2148">
    <p class='ocr_par' dir='ltr' id='par_1_26' title="bbox 315 2074 1905 2148">
     <span class='ocr_line' id='line_1_26' title="bbox 315 2074 1905 2148; baseline 0.002 -20"><span class='ocrx_word' id='word_1_188' title='bbox 315 2074 695 2148; x_wconf 70' lang='lat' dir='ltr'><strong>misericordia,</strong></span> <span class='ocrx_word' id='word_1_189' title='bbox 726 2088 772 2131; x_wconf 90' lang='lat' dir='ltr'><strong>et</strong></span> <span class='ocrx_word' id='word_1_190' title='bbox 801 2080 1027 2145; x_wconf 82' lang='lat' dir='ltr'><strong>concepit</strong></span> <span class='ocrx_word' id='word_1_191' title='bbox 1077 2088 1122 2130; x_wconf 80' lang='lat' dir='ltr'><strong>et</strong></span> <span class='ocrx_word' id='word_1_192' title='bbox 1158 2074 1373 2148; x_wconf 49' lang='lat' dir='ltr'><strong>&#39;peperit</strong></span> <span class='ocrx_word' id='word_1_193' title='bbox 1419 2079 1589 2145; x_wconf 80' lang='lat' dir='ltr'><strong>ﬁliuni</strong></span> <span class='ocrx_word' id='word_1_194' title='bbox 1637 2088 1683 2130; x_wconf 88' lang='lat' dir='ltr'><strong>et</strong></span> <span class='ocrx_word' id='word_1_195' title='bbox 1729 2074 1905 2131; x_wconf 78' lang='lat' dir='ltr'><strong>dixit:</strong></span> 
     </span>
    </p>
   </div>
   <div class='ocr_carea' id='block_1_27' title="bbox 322 2145 1905 2218">
    <p class='ocr_par' dir='ltr' id='par_1_27' title="bbox 322 2145 1905 2218">
     <span class='ocr_line' id='line_1_27' title="bbox 322 2145 1905 2218; baseline 0.001 -19"><span class='ocrx_word' id='word_1_196' title='bbox 322 2145 474 2218; x_wconf 82' lang='lat' dir='ltr'><strong>Voca</strong></span> <span class='ocrx_word' id='word_1_197' title='bbox 495 2163 675 2201; x_wconf 88' lang='lat' dir='ltr'><strong>nomen</strong></span> <span class='ocrx_word' id='word_1_198' title='bbox 704 2150 834 2218; x_wconf 88' lang='lat' dir='ltr'><strong>ejus,</strong></span> <span class='ocrx_word' id='word_1_199' title='bbox 868 2148 990 2202; x_wconf 80' lang='lat' dir='ltr'><strong>Non</strong></span> <span class='ocrx_word' id='word_1_200' title='bbox 1022 2145 1254 2217; x_wconf 76' lang='lat' dir='ltr'><strong>pupulas</strong></span> <span class='ocrx_word' id='word_1_201' title='bbox 1272 2165 1412 2201; x_wconf 86' lang='lat' dir='ltr'><strong>meus</strong></span> <span class='ocrx_word' id='word_1_202' title='bbox 1444 2158 1519 2218; x_wconf 82' lang='lat' dir='ltr'><strong>tu,</strong></span> <span class='ocrx_word' id='word_1_203' title='bbox 1546 2150 1668 2216; x_wconf 92' lang='lat' dir='ltr'><strong>quia</strong></span> <span class='ocrx_word' id='word_1_204' title='bbox 1692 2165 1779 2201; x_wconf 91' lang='lat' dir='ltr'><strong>vos</strong></span> <span class='ocrx_word' id='word_1_205' title='bbox 1801 2164 1905 2201; x_wconf 87' lang='lat' dir='ltr'><strong>non</strong></span> 
     </span>
    </p>
   </div>
   <div class='ocr_carea' id='block_1_28' title="bbox 315 2216 1902 2290">
    <p class='ocr_par' dir='ltr' id='par_1_28' title="bbox 315 2216 1902 2290">
     <span class='ocr_line' id='line_1_28' title="bbox 315 2216 1902 2290; baseline 0.003 -21"><span class='ocrx_word' id='word_1_206' title='bbox 315 2216 537 2290; x_wconf 72' lang='lat' dir='ltr'><strong>populus</strong></span> <span class='ocrx_word' id='word_1_207' title='bbox 568 2216 735 2283; x_wconf 72' lang='lat' dir='ltr'><strong>meus,</strong></span> <span class='ocrx_word' id='word_1_208' title='bbox 762 2231 808 2271; x_wconf 86' lang='lat' dir='ltr'><strong>et</strong></span> <span class='ocrx_word' id='word_1_209' title='bbox 839 2235 931 2290; x_wconf 86' lang='lat' dir='ltr'><strong>ego</strong></span> <span class='ocrx_word' id='word_1_210' title='bbox 959 2235 1059 2272; x_wconf 89' lang='lat' dir='ltr'><strong>non</strong></span> <span class='ocrx_word' id='word_1_211' title='bbox 1085 2216 1170 2273; x_wconf 89' lang='lat' dir='ltr'><strong>ero</strong></span> <span class='ocrx_word' id='word_1_212' title='bbox 1191 2232 1351 2273; x_wconf 86' lang='lat' dir='ltr'><strong>vester</strong></span> <span class='ocrx_word' id='word_1_213' title='bbox 1372 2219 1400 2256; x_wconf 78' lang='grc' dir='ltr'>δ</span> <span class='ocrx_word' id='word_1_214' title='bbox 1426 2217 1588 2290; x_wconf 79' lang='lat' dir='ltr'><strong>Deus.</strong></span> <span class='ocrx_word' id='word_1_215' title='bbox 1631 2219 1809 2288; x_wconf 89' lang='lat' dir='ltr'><strong>Usque</strong></span> <span class='ocrx_word' id='word_1_216' title='bbox 1837 2220 1902 2273; x_wconf 92' lang='lat' dir='ltr'><strong>ad</strong></span> 
     </span>
    </p>
   </div>
   <div class='ocr_carea' id='block_1_29' title="bbox 320 2288 1902 2358">
    <p class='ocr_par' dir='ltr' id='par_1_29' title="bbox 320 2288 1902 2358">
     <span class='ocr_line' id='line_1_29' title="bbox 320 2288 1902 2358; baseline -0.001 -17"><span class='ocrx_word' id='word_1_217' title='bbox 320 2288 564 2343; x_wconf 64' lang='lat' dir='ltr'><strong>Ezechiae</strong></span> <span class='ocrx_word' id='word_1_218' title='bbox 595 2297 835 2358; x_wconf 88' lang='lat' dir='ltr'><strong>tempora</strong></span> <span class='ocrx_word' id='word_1_219' title='bbox 866 2288 1145 2353; x_wconf 81' lang='lat' dir='ltr'><strong>mansisse,</strong></span> <span class='ocrx_word' id='word_1_220' title='bbox 1187 2299 1241 2344; x_wconf 93' lang='lat' dir='ltr'><strong>et</strong></span> <span class='ocrx_word' id='word_1_221' title='bbox 1290 2289 1640 2357; x_wconf 86' lang='lat' dir='ltr'><strong>prophetasse</strong></span> <span class='ocrx_word' id='word_1_222' title='bbox 1690 2291 1902 2344; x_wconf 88' lang='lat' dir='ltr'><strong>beatum</strong></span> 
     </span>
    </p>
   </div>
   <div class='ocr_carea' id='block_1_30' title="bbox 316 2358 1902 2431">
    <p class='ocr_par' dir='ltr' id='par_1_30' title="bbox 316 2358 1902 2431">
     <span class='ocr_line' id='line_1_30' title="bbox 316 2358 1902 2431; baseline 0.001 -19"><span class='ocrx_word' id='word_1_223' title='bbox 316 2360 481 2423; x_wconf 86' lang='lat' dir='ltr'><strong>Osee,</strong></span> <span class='ocrx_word' id='word_1_224' title='bbox 513 2359 705 2431; x_wconf 90' lang='lat' dir='ltr'><strong>titulus</strong></span> <span class='ocrx_word' id='word_1_225' title='bbox 725 2358 999 2414; x_wconf 90' lang='lat' dir='ltr'><strong>indicavit.</strong></span> <span class='ocrx_word' id='word_1_226' title='bbox 1058 2361 1318 2429; x_wconf 81' lang='lat' dir='ltr'><strong>Quicquid</strong></span> <span class='ocrx_word' id='word_1_227' title='bbox 1368 2374 1501 2430; x_wconf 88' lang='lat' dir='ltr'><strong>ergo</strong></span> <span class='ocrx_word' id='word_1_228' title='bbox 1548 2372 1757 2431; x_wconf 88' lang='lat' dir='ltr'><strong>gestum</strong></span> <span class='ocrx_word' id='word_1_229' title='bbox 1809 2376 1902 2426; x_wconf 90' lang='lat' dir='ltr'><strong>per</strong></span> 
     </span>
    </p>
   </div>
   <div class='ocr_carea' id='block_1_31' title="bbox 316 2430 1906 2500">
    <p class='ocr_par' dir='ltr' id='par_1_31' title="bbox 316 2430 1906 2500">
     <span class='ocr_line' id='line_1_31' title="bbox 316 2430 1906 2500; baseline 0.001 -17"><span class='ocrx_word' id='word_1_230' title='bbox 316 2441 534 2484; x_wconf 84' lang='lat' dir='ltr'><strong>omnem</strong></span> <span class='ocrx_word' id='word_1_231' title='bbox 558 2430 789 2485; x_wconf 85' lang='lat' dir='ltr'><strong>vaticinii</strong></span> <span class='ocrx_word' id='word_1_232' title='bbox 817 2431 982 2498; x_wconf 90' lang='lat' dir='ltr'><strong>ipsius</strong></span> <span class='ocrx_word' id='word_1_233' title='bbox 1031 2432 1223 2500; x_wconf 88' lang='lat' dir='ltr'><strong>legitur</strong></span> <span class='ocrx_word' id='word_1_234' title='bbox 1251 2442 1486 2493; x_wconf 62' lang='lat' dir='ltr'><strong>astatem,</strong></span> <span class='ocrx_word' id='word_1_235' title='bbox 1539 2430 1638 2486; x_wconf 89' lang='lat' dir='ltr'><strong>boc</strong></span> <span class='ocrx_word' id='word_1_236' title='bbox 1681 2431 1732 2483; x_wconf 95' lang='lat' dir='ltr'><strong>in</strong></span> <span class='ocrx_word' id='word_1_237' title='bbox 1789 2430 1906 2498; x_wconf 93' lang='lat' dir='ltr'><strong>ipso</strong></span> 
     </span>
    </p>
   </div>
   <div class='ocr_carea' id='block_1_32' title="bbox 318 2501 1902 2570">
    <p class='ocr_par' dir='ltr' id='par_1_32' title="bbox 318 2501 1902 2570">
     <span class='ocr_line' id='line_1_32' title="bbox 318 2501 1902 2570; baseline 0.002 -18"><span class='ocrx_word' id='word_1_238' title='bbox 318 2501 560 2554; x_wconf 87' lang='lat' dir='ltr'><strong>breviter</strong></span> <span class='ocrx_word' id='word_1_239' title='bbox 584 2502 1130 2569; x_wconf 88' lang='lat' dir='ltr'><strong>cuusignatexordio,</strong></span> <span class='ocrx_word' id='word_1_240' title='bbox 1157 2512 1216 2555; x_wconf 92' lang='lat' dir='ltr'><strong>ut</strong></span> <span class='ocrx_word' id='word_1_241' title='bbox 1266 2517 1362 2570; x_wconf 88' lang='lat' dir='ltr'><strong>per</strong></span> <span class='ocrx_word' id='word_1_242' title='bbox 1413 2510 1582 2556; x_wconf 90' lang='lat' dir='ltr'><strong>totum</strong></span> <span class='ocrx_word' id='word_1_243' title='bbox 1630 2502 1902 2565; x_wconf 82' lang='lat' dir='ltr'><strong>volumen,</strong></span> 
     </span>
    </p>
   </div>
   <div class='ocr_carea' id='block_1_33' title="bbox 318 2572 1904 2642">
    <p class='ocr_par' dir='ltr' id='par_1_33' title="bbox 318 2572 1904 2642">
     <span class='ocr_line' id='line_1_33' title="bbox 318 2572 1904 2642; baseline 0 -17"><span class='ocrx_word' id='word_1_244' title='bbox 318 2580 591 2637; x_wconf 79' lang='lat' dir='ltr'><strong>gestorum</strong></span> <span class='ocrx_word' id='word_1_245' title='bbox 619 2573 811 2627; x_wconf 91' lang='lat' dir='ltr'><strong>seriem</strong></span> <span class='ocrx_word' id='word_1_246' title='bbox 838 2572 1208 2640; x_wconf 71' lang='lat' dir='ltr'><strong>ordinemque,</strong></span> <span class='ocrx_word' id='word_1_247' title='bbox 1230 2573 1339 2642; x_wconf 91' lang='lat' dir='ltr'><strong>jam</strong></span> <span class='ocrx_word' id='word_1_248' title='bbox 1357 2572 1592 2627; x_wconf 84' lang='lat' dir='ltr'><strong>detexat.</strong></span> <span class='ocrx_word' id='word_1_249' title='bbox 1614 2573 1747 2625; x_wconf 82' lang='lat' dir='ltr'><strong>Cum</strong></span> <span class='ocrx_word' id='word_1_250' title='bbox 1775 2586 1904 2640; x_wconf 88' lang='lat' dir='ltr'><strong>ergo</strong></span> 
     </span>
    </p>
   </div>
   <div class='ocr_carea' id='block_1_34' title="bbox 319 2642 1905 2711">
    <p class='ocr_par' dir='ltr' id='par_1_34' title="bbox 319 2642 1905 2711">
     <span class='ocr_line' id='line_1_34' title="bbox 319 2642 1905 2711; baseline 0.001 -16"><span class='ocrx_word' id='word_1_251' title='bbox 319 2643 544 2709; x_wconf 71' lang='lat' dir='ltr'><strong>ingrata:</strong></span> <span class='ocrx_word' id='word_1_252' title='bbox 573 2642 745 2710; x_wconf 88' lang='lat' dir='ltr'><strong>gentis</strong></span> <span class='ocrx_word' id='word_1_253' title='bbox 768 2643 1115 2711; x_wconf 87' lang='lat' dir='ltr'><strong>prOphanitas</strong></span> <span class='ocrx_word' id='word_1_254' title='bbox 1137 2643 1450 2711; x_wconf 85' lang='lat' dir='ltr'><strong>impulisset,</strong></span> <span class='ocrx_word' id='word_1_255' title='bbox 1474 2653 1532 2695; x_wconf 88' lang='lat' dir='ltr'><strong>ut</strong></span> <span class='ocrx_word' id='word_1_256' title='bbox 1554 2644 1694 2697; x_wconf 90' lang='lat' dir='ltr'><strong>Deus</strong></span> <span class='ocrx_word' id='word_1_257' title='bbox 1723 2652 1905 2696; x_wconf 84' lang='lat' dir='ltr'><strong>noster</strong></span> 
     </span>
    </p>
   </div>
   <div class='ocr_carea' id='block_1_35' title="bbox 324 2714 1903 2780">
    <p class='ocr_par' dir='ltr' id='par_1_35' title="bbox 324 2714 1903 2780">
     <span class='ocr_line' id='line_1_35' title="bbox 324 2714 1903 2780; baseline 0.003 -18"><span class='ocrx_word' id='word_1_258' title='bbox 324 2725 543 2778; x_wconf 84' lang='lat' dir='ltr'><strong>operam</strong></span> <span class='ocrx_word' id='word_1_259' title='bbox 577 2714 794 2767; x_wconf 90' lang='lat' dir='ltr'><strong>ultionis</strong></span> <span class='ocrx_word' id='word_1_260' title='bbox 832 2724 1150 2777; x_wconf 83' lang='lat' dir='ltr'><strong>assumeret,</strong></span> <span class='ocrx_word' id='word_1_261' title='bbox 1185 2714 1531 2767; x_wconf 85' lang='lat' dir='ltr'><strong>denunciavit</strong></span> <span class='ocrx_word' id='word_1_262' title='bbox 1577 2728 1636 2767; x_wconf 90' lang='lat' dir='ltr'><strong>se</strong></span> <span class='ocrx_word' id='word_1_263' title='bbox 1694 2714 1903 2780; x_wconf 85' lang='lat' dir='ltr'><strong>punitu-</strong></span> 
     </span>
    </p>
   </div>
   <div class='ocr_carea' id='block_1_36' title="bbox 322 2783 1905 2851">
    <p class='ocr_par' dir='ltr' id='par_1_36' title="bbox 322 2783 1905 2851">
     <span class='ocr_line' id='line_1_36' title="bbox 322 2783 1905 2851; baseline 0 -16"><span class='ocrx_word' id='word_1_264' title='bbox 322 2797 441 2835; x_wconf 87' lang='lat' dir='ltr'><strong>rum</strong></span> <span class='ocrx_word' id='word_1_265' title='bbox 472 2797 611 2845; x_wconf 90' lang='lat' dir='ltr'><strong>reos,</strong></span> <span class='ocrx_word' id='word_1_266' title='bbox 635 2796 690 2837; x_wconf 91' lang='lat' dir='ltr'><strong>et</strong></span> <span class='ocrx_word' id='word_1_267' title='bbox 721 2785 790 2836; x_wconf 89' lang='lat' dir='ltr'><strong>ita</strong></span> <span class='ocrx_word' id='word_1_268' title='bbox 835 2798 927 2837; x_wconf 87' lang='lat' dir='ltr'><strong>eos</strong></span> <span class='ocrx_word' id='word_1_269' title='bbox 957 2784 1007 2837; x_wconf 91' lang='lat' dir='ltr'><strong>in</strong></span> <span class='ocrx_word' id='word_1_270' title='bbox 1040 2783 1267 2837; x_wconf 67' lang='lat' dir='ltr'><strong>miseriis</strong></span> <span class='ocrx_word' id='word_1_271' title='bbox 1300 2784 1634 2847; x_wconf 85' lang='lat' dir='ltr'><strong>relicturum,</strong></span> <span class='ocrx_word' id='word_1_272' title='bbox 1668 2792 1728 2836; x_wconf 91' lang='lat' dir='ltr'><strong>ut</strong></span> <span class='ocrx_word' id='word_1_273' title='bbox 1757 2786 1905 2851; x_wconf 85' lang='lat' dir='ltr'><strong>peni-</strong></span> 
     </span>
    </p>
   </div>
   <div class='ocr_carea' id='block_1_37' title="bbox 320 2853 1903 2922">
    <p class='ocr_par' dir='ltr' id='par_1_37' title="bbox 320 2853 1903 2922">
     <span class='ocr_line' id='line_1_37' title="bbox 320 2853 1903 2922; baseline 0.001 -16"><span class='ocrx_word' id='word_1_274' title='bbox 320 2862 409 2906; x_wconf 87' lang='lat' dir='ltr'><strong>tus</strong></span> <span class='ocrx_word' id='word_1_275' title='bbox 436 2854 748 2907; x_wconf 74' lang='lat' dir='ltr'><strong>eorumdem</strong></span> <span class='ocrx_word' id='word_1_276' title='bbox 774 2854 1043 2907; x_wconf 85' lang='lat' dir='ltr'><strong>videretur</strong></span> <span class='ocrx_word' id='word_1_277' title='bbox 1070 2854 1286 2908; x_wconf 91' lang='lat' dir='ltr'><strong>oblitus.</strong></span> <span class='ocrx_word' id='word_1_278' title='bbox 1339 2853 1445 2909; x_wconf 85' lang='lat' dir='ltr'><strong>Sed</strong></span> <span class='ocrx_word' id='word_1_279' title='bbox 1480 2870 1545 2906; x_wconf 89' lang='lat' dir='ltr'><strong>ne</strong></span> <span class='ocrx_word' id='word_1_280' title='bbox 1590 2866 1800 2922; x_wconf 69' lang='lat' dir='ltr'><strong>recvpta</strong></span> <span class='ocrx_word' id='word_1_281' title='bbox 1852 2855 1903 2907; x_wconf 91' lang='lat' dir='ltr'><strong>in</strong></span> 
     </span>
    </p>
   </div>
   <div class='ocr_carea' id='block_1_38' title="bbox 319 2924 1906 2993">
    <p class='ocr_par' dir='ltr' id='par_1_38' title="bbox 319 2924 1906 2993">
     <span class='ocr_line' id='line_1_38' title="bbox 319 2924 1906 2993; baseline 0.001 -17"><span class='ocrx_word' id='word_1_282' title='bbox 319 2937 533 2976; x_wconf 87' lang='lat' dir='ltr'><strong>sacrum</strong></span> <span class='ocrx_word' id='word_1_283' title='bbox 570 2936 751 2991; x_wconf 85' lang='lat' dir='ltr'><strong>pectus</strong></span> <span class='ocrx_word' id='word_1_284' title='bbox 780 2925 976 2979; x_wconf 89' lang='lat' dir='ltr'><strong>oblivio</strong></span> <span class='ocrx_word' id='word_1_285' title='bbox 1004 2926 1100 2990; x_wconf 87' lang='lat' dir='ltr'><strong>piis</strong></span> <span class='ocrx_word' id='word_1_286' title='bbox 1149 2939 1358 2993; x_wconf 90' lang='lat' dir='ltr'><strong>quoque</strong></span> <span class='ocrx_word' id='word_1_287' title='bbox 1391 2924 1727 2978; x_wconf 67' lang='lat' dir='ltr'><strong>formidinem</strong></span> <span class='ocrx_word' id='word_1_288' title='bbox 1758 2939 1906 2977; x_wconf 90' lang='lat' dir='ltr'><strong>cum-</strong></span> 
     </span>
    </p>
   </div>
   <div class='ocr_carea' id='block_1_39' title="bbox 322 2994 1903 3062">
    <p class='ocr_par' dir='ltr' id='par_1_39' title="bbox 322 2994 1903 3062">
     <span class='ocr_line' id='line_1_39' title="bbox 322 2994 1903 3062; baseline 0.001 -16"><span class='ocrx_word' id='word_1_289' title='bbox 322 3004 594 3047; x_wconf 84' lang='lat' dir='ltr'><strong>moveret:</strong></span> <span class='ocrx_word' id='word_1_290' title='bbox 621 2996 798 3049; x_wconf 83' lang='lat' dir='ltr'><strong>statim</strong></span> <span class='ocrx_word' id='word_1_291' title='bbox 828 3011 907 3059; x_wconf 90' lang='lat' dir='ltr'><strong>se,</strong></span> <span class='ocrx_word' id='word_1_292' title='bbox 941 3012 1042 3048; x_wconf 89' lang='lat' dir='ltr'><strong>non</strong></span> <span class='ocrx_word' id='word_1_293' title='bbox 1075 2996 1222 3059; x_wconf 83' lang='lat' dir='ltr'><strong>vitio,</strong></span> <span class='ocrx_word' id='word_1_294' title='bbox 1242 2994 1551 3062; x_wconf 87' lang='lat' dir='ltr'><strong>sedjudicio</strong></span> <span class='ocrx_word' id='word_1_295' title='bbox 1577 2995 1903 3053; x_wconf 83' lang='lat' dir='ltr'><strong>oblivionem</strong></span> 
     </span>
    </p>
   </div>
   <div class='ocr_carea' id='block_1_40' title="bbox 321 3065 1905 3135">
    <p class='ocr_par' dir='ltr' id='par_1_40' title="bbox 321 3065 1905 3135">
     <span class='ocr_line' id='line_1_40' title="bbox 321 3065 1905 3135; baseline -0.001 -17"><span class='ocrx_word' id='word_1_296' title='bbox 321 3079 583 3131; x_wconf 85' lang='lat' dir='ltr'><strong>usurpare</strong></span> <span class='ocrx_word' id='word_1_297' title='bbox 604 3066 850 3134; x_wconf 85' lang='lat' dir='ltr'><strong>signavit,</strong></span> <span class='ocrx_word' id='word_1_298' title='bbox 882 3066 1318 3135; x_wconf 81' lang='lat' dir='ltr'><strong>quandoquidem</strong></span> <span class='ocrx_word' id='word_1_299' title='bbox 1348 3069 1595 3120; x_wconf 89' lang='lat' dir='ltr'><strong>meritum</strong></span> <span class='ocrx_word' id='word_1_300' title='bbox 1628 3066 1764 3119; x_wconf 88' lang='lat' dir='ltr'><strong>inter</strong></span> <span class='ocrx_word' id='word_1_301' title='bbox 1789 3065 1905 3118; x_wconf 79' lang='lat' dir='ltr'><strong>alti-</strong></span> 
     </span>
    </p>
   </div>
   <div class='ocr_carea' id='block_1_41' title="bbox 322 3136 1899 3204">
    <p class='ocr_par' dir='ltr' id='par_1_41' title="bbox 322 3136 1899 3204">
     <span class='ocr_line' id='line_1_41' title="bbox 322 3136 1899 3204; baseline 0.003 -17"><span class='ocrx_word' id='word_1_302' title='bbox 322 3151 417 3188; x_wconf 89' lang='lat' dir='ltr'><strong>nes</strong></span> <span class='ocrx_word' id='word_1_303' title='bbox 443 3136 731 3191; x_wconf 89' lang='lat' dir='ltr'><strong>discrimen</strong></span> <span class='ocrx_word' id='word_1_304' title='bbox 756 3136 1002 3204; x_wconf 81' lang='lat' dir='ltr'><strong>agitaret,</strong></span> <span class='ocrx_word' id='word_1_305' title='bbox 1024 3146 1078 3190; x_wconf 90' lang='lat' dir='ltr'><strong>et</strong></span> <span class='ocrx_word' id='word_1_306' title='bbox 1103 3137 1354 3190; x_wconf 88' lang='lat' dir='ltr'><strong>lsraelitis</strong></span> <span class='ocrx_word' id='word_1_307' title='bbox 1377 3137 1546 3190; x_wconf 85' lang='lat' dir='ltr'><strong>exitio</strong></span> <span class='ocrx_word' id='word_1_308' title='bbox 1599 3136 1899 3201; x_wconf 83' lang='lat' dir='ltr'><strong>permissis,</strong></span> 
     </span>
    </p>
   </div>
   <div class='ocr_carea' id='block_1_42' title="bbox 321 3206 1904 3276">
    <p class='ocr_par' dir='ltr' id='par_1_42' title="bbox 321 3206 1904 3276">
     <span class='ocr_line' id='line_1_42' title="bbox 321 3206 1904 3276; baseline 0 -15"><span class='ocrx_word' id='word_1_309' title='bbox 321 3207 475 3261; x_wconf 67' lang='lat' dir='ltr'><strong>Iuda:</strong></span> <span class='ocrx_word' id='word_1_310' title='bbox 500 3208 723 3275; x_wconf 90' lang='lat' dir='ltr'><strong>populos</strong></span> <span class='ocrx_word' id='word_1_311' title='bbox 762 3206 929 3260; x_wconf 91' lang='lat' dir='ltr'><strong>cultui</strong></span> <span class='ocrx_word' id='word_1_312' title='bbox 974 3208 1223 3261; x_wconf 84' lang='lat' dir='ltr'><strong>nimirum</strong></span> <span class='ocrx_word' id='word_1_313' title='bbox 1252 3222 1364 3260; x_wconf 72' lang='lat' dir='ltr'><strong>sua:</strong></span> <span class='ocrx_word' id='word_1_314' title='bbox 1408 3208 1682 3276; x_wconf 84' lang='lat' dir='ltr'><strong>religioois</strong></span> <span class='ocrx_word' id='word_1_315' title='bbox 1723 3208 1904 3262; x_wconf 66' lang='lat' dir='ltr'><strong>adhae-</strong></span> 
     </span>
    </p>
   </div>
   <div class='ocr_carea' id='block_1_43' title="bbox 1935 1889 1982 1948">
    <p class='ocr_par' dir='ltr' id='par_1_43' title="bbox 1935 1889 1982 1948">
     <span class='ocr_line' id='line_1_43' title="bbox 1935 1889 1982 1948; baseline 0 0"><span class='ocrx_word' id='word_1_316' title='bbox 1935 1889 1982 1948; x_wconf 89' lang='lat' dir='ltr'><strong>B</strong></span> 
     </span>
    </p>
   </div>
   <div class='ocr_carea' id='block_1_44' title="bbox 2005 574 2971 645">
    <p class='ocr_par' dir='ltr' id='par_1_44' title="bbox 2005 574 2971 645">
     <span class='ocr_line' id='line_1_44' title="bbox 2005 574 2971 645; baseline -0.004 -17"><span class='ocrx_word' id='word_1_317' title='bbox 2005 576 2241 645; x_wconf 79' lang='lat' dir='ltr'><strong>insignes</strong></span> <span class='ocrx_word' id='word_1_318' title='bbox 2266 575 2429 629; x_wconf 92' lang='lat' dir='ltr'><strong>eratis</strong></span> <span class='ocrx_word' id='word_1_319' title='bbox 2456 575 2649 629; x_wconf 88' lang='lat' dir='ltr'><strong>decore</strong></span> <span class='ocrx_word' id='word_1_320' title='bbox 2673 574 2971 645; x_wconf 84' lang='lat' dir='ltr'><strong>privemini.</strong></span> 
     </span>
    </p>
   </div>
   <div class='ocr_carea' id='block_1_45' title="bbox 2076 641 3580 710">
    <p class='ocr_par' dir='ltr' id='par_1_45' title="bbox 2076 641 3580 710">
     <span class='ocr_line' id='line_1_45' title="bbox 2076 641 3580 710; baseline -0.002 -11"><span class='ocrx_word' id='word_1_321' title='bbox 2076 641 2270 701; x_wconf 75' lang='lat' dir='ltr'><strong>Verum</strong></span> <span class='ocrx_word' id='word_1_322' title='bbox 2299 646 2414 700; x_wconf 67' lang='lat' dir='ltr'><strong>haec</strong></span> <span class='ocrx_word' id='word_1_323' title='bbox 2448 644 2679 699; x_wconf 88' lang='lat' dir='ltr'><strong>breviter</strong></span> <span class='ocrx_word' id='word_1_324' title='bbox 2726 660 2754 697; x_wconf 92' lang='lat' dir='ltr'><strong>a</strong></span> <span class='ocrx_word' id='word_1_325' title='bbox 2808 641 3105 697; x_wconf 80' lang='lat' dir='ltr'><strong>severitatis</strong></span> <span class='ocrx_word' id='word_1_326' title='bbox 3161 651 3312 710; x_wconf 86' lang='lat' dir='ltr'><strong>parte</strong></span> <span class='ocrx_word' id='word_1_327' title='bbox 3368 642 3580 696; x_wconf 88' lang='lat' dir='ltr'><strong>denun-</strong></span> 
     </span>
    </p>
   </div>
   <div class='ocr_carea' id='block_1_46' title="bbox 2001 713 3589 783">
    <p class='ocr_par' dir='ltr' id='par_1_46' title="bbox 2001 713 3589 783">
     <span class='ocr_line' id='line_1_46' title="bbox 2001 713 3589 783; baseline -0.001 -14"><span class='ocrx_word' id='word_1_328' title='bbox 2001 717 2171 778; x_wconf 91' lang='lat' dir='ltr'><strong>cians,</strong></span> <span class='ocrx_word' id='word_1_329' title='bbox 2230 718 2422 769; x_wconf 89' lang='lat' dir='ltr'><strong>transit</strong></span> <span class='ocrx_word' id='word_1_330' title='bbox 2465 716 2530 768; x_wconf 91' lang='lat' dir='ltr'><strong>ad</strong></span> <span class='ocrx_word' id='word_1_331' title='bbox 2586 730 2862 783; x_wconf 89' lang='lat' dir='ltr'><strong>prospera,</strong></span> <span class='ocrx_word' id='word_1_332' title='bbox 2894 729 3014 782; x_wconf 68' lang='lat' dir='ltr'><strong>qua:</strong></span> <span class='ocrx_word' id='word_1_333' title='bbox 3062 713 3390 781; x_wconf 74' lang='lat' dir='ltr'><strong>dispensatio</strong></span> <span class='ocrx_word' id='word_1_334' title='bbox 3424 729 3589 767; x_wconf 80' lang='lat' dir='ltr'><strong>reve-</strong></span> 
     </span>
    </p>
   </div>
   <div class='ocr_carea' id='block_1_47' title="bbox 2004 783 3588 855">
    <p class='ocr_par' dir='ltr' id='par_1_47' title="bbox 2004 783 3588 855">
     <span class='ocr_line' id='line_1_47' title="bbox 2004 783 3588 855; baseline -0.001 -15"><span class='ocrx_word' id='word_1_335' title='bbox 2004 787 2169 841; x_wconf 88' lang='lat' dir='ltr'><strong>renda</strong></span> <span class='ocrx_word' id='word_1_336' title='bbox 2195 788 2267 840; x_wconf 85' lang='lat' dir='ltr'><strong>ita</strong></span> <span class='ocrx_word' id='word_1_337' title='bbox 2298 787 2539 854; x_wconf 88' lang='lat' dir='ltr'><strong>implevit</strong></span> <span class='ocrx_word' id='word_1_338' title='bbox 2566 787 2746 851; x_wconf 86' lang='lat' dir='ltr'><strong>rebus,</strong></span> <span class='ocrx_word' id='word_1_339' title='bbox 2771 786 2907 839; x_wconf 83' lang='lat' dir='ltr'><strong>sicut</strong></span> <span class='ocrx_word' id='word_1_340' title='bbox 2936 785 3246 854; x_wconf 87' lang='lat' dir='ltr'><strong>prophetica</strong></span> <span class='ocrx_word' id='word_1_341' title='bbox 3275 783 3432 855; x_wconf 68' lang='lat'><strong>401</strong></span> <span class='ocrx_word' id='word_1_342' title='bbox 3461 798 3588 839; x_wconf 81' lang='lat' dir='ltr'><strong>ora-</strong></span> 
     </span>
    </p>
   </div>
   <div class='ocr_carea' id='block_1_48' title="bbox 2005 857 2685 911">
    <p class='ocr_par' dir='ltr' id='par_1_48' title="bbox 2005 857 2685 911">
     <span class='ocr_line' id='line_1_48' title="bbox 2005 857 2685 911; baseline 0.001 -2"><span class='ocrx_word' id='word_1_343' title='bbox 2005 858 2149 911; x_wconf 91' lang='lat' dir='ltr'><strong>tione</strong></span> <span class='ocrx_word' id='word_1_344' title='bbox 2178 857 2473 911; x_wconf 78' lang='lat' dir='ltr'><strong>contexuit.</strong></span> <span class='ocrx_word' id='word_1_345' title='bbox 2678 882 2685 885; x_wconf 89' lang='lat'><strong><em>-</em></strong></span> 
     </span>
    </p>
   </div>
   <div class='ocr_carea' id='block_1_49' title="bbox 2077 926 3587 995">
    <p class='ocr_par' dir='ltr' id='par_1_49' title="bbox 2077 926 3587 995">
     <span class='ocr_line' id='line_1_49' title="bbox 2077 926 3587 995; baseline 0.001 -16"><span class='ocrx_word' id='word_1_346' title='bbox 2077 929 2228 980; x_wconf 79' lang='lat' dir='ltr'><strong>Vers.</strong></span> <span class='ocrx_word' id='word_1_347' title='bbox 2267 928 2351 981; x_wconf 79' lang='grc'><strong>10.</strong></span> <span class='ocrx_word' id='word_1_348' title='bbox 2388 929 2476 982; x_wconf 81' lang='grc' dir='ltr'><strong>Η.</strong></span> <span class='ocrx_word' id='word_1_349' title='bbox 2504 960 2573 969; x_wconf 86' lang='grc'><strong><em>-</em></strong></span> <span class='ocrx_word' id='word_1_350' title='bbox 2606 926 2713 980; x_wconf 83' lang='lat' dir='ltr'><strong>Erit</strong></span> <span class='ocrx_word' id='word_1_351' title='bbox 2750 928 2904 991; x_wconf 86' lang='lat' dir='ltr'><strong>enim,</strong></span> <span class='ocrx_word' id='word_1_352' title='bbox 2950 927 3042 990; x_wconf 85' lang='lat' dir='ltr'><strong>ait,</strong></span> <span class='ocrx_word' id='word_1_353' title='bbox 3080 942 3319 981; x_wconf 86' lang='lat' dir='ltr'><strong>numerus</strong></span> <span class='ocrx_word' id='word_1_354' title='bbox 3352 926 3587 995; x_wconf 79' lang='lat' dir='ltr'><strong>ﬁliorum</strong></span> 
     </span>
    </p>
   </div>
   <div class='ocr_carea' id='block_1_50' title="bbox 2005 995 3590 1065">
    <p class='ocr_par' dir='ltr' id='par_1_50' title="bbox 2005 995 3590 1065">
     <span class='ocr_line' id='line_1_50' title="bbox 2005 995 3590 1065; baseline 0.003 -16"><span class='ocrx_word' id='word_1_355' title='bbox 2005 995 2170 1050; x_wconf 80' lang='lat' dir='ltr'><strong>Israel</strong></span> <span class='ocrx_word' id='word_1_356' title='bbox 2191 1004 2337 1065; x_wconf 87' lang='lat' dir='ltr'><strong>quasi</strong></span> <span class='ocrx_word' id='word_1_357' title='bbox 2375 1015 2531 1050; x_wconf 86' lang='lat' dir='ltr'><strong>arena</strong></span> <span class='ocrx_word' id='word_1_358' title='bbox 2551 1000 2729 1055; x_wconf 84' lang='lat' dir='ltr'><strong>maris.</strong></span> <span class='ocrx_word' id='word_1_359' title='bbox 2763 1015 2877 1062; x_wconf 73' lang='lat' dir='ltr'><strong>qum</strong></span> <span class='ocrx_word' id='word_1_360' title='bbox 2899 999 3008 1052; x_wconf 87' lang='lat' dir='ltr'><strong>sine</strong></span> <span class='ocrx_word' id='word_1_361' title='bbox 3032 1014 3266 1051; x_wconf 80' lang='lat' dir='ltr'><strong>mensura</strong></span> <span class='ocrx_word' id='word_1_362' title='bbox 3296 1008 3389 1060; x_wconf 83' lang='lat' dir='ltr'><strong>est,</strong></span> <span class='ocrx_word' id='word_1_363' title='bbox 3418 1007 3462 1050; x_wconf 88' lang='lat' dir='ltr'><strong>et</strong></span> <span class='ocrx_word' id='word_1_364' title='bbox 3486 1016 3590 1053; x_wconf 89' lang='lat' dir='ltr'><strong>non</strong></span> 
     </span>
    </p>
   </div>
   <div class='ocr_carea' id='block_1_51' title="bbox 2004 1067 3582 1140">
    <p class='ocr_par' dir='ltr' id='par_1_51' title="bbox 2004 1067 3582 1140">
     <span class='ocr_line' id='line_1_51' title="bbox 2004 1067 3582 1140; baseline 0.004 -22"><span class='ocrx_word' id='word_1_365' title='bbox 2004 1068 2372 1140; x_wconf 68' lang='lat' dir='ltr'><strong>numerabitur.</strong></span> <span class='ocrx_word' id='word_1_366' title='bbox 2419 1068 2577 1140; x_wconf 83' lang='lat' dir='ltr'><strong>[Sup.</strong></span> <span class='ocrx_word' id='word_1_367' title='bbox 2611 1067 2698 1137; x_wconf 79' lang='lat' dir='ltr'><strong>Et]</strong></span> <span class='ocrx_word' id='word_1_368' title='bbox 2726 1067 2842 1121; x_wconf 82' lang='lat' dir='ltr'><strong>Erit</strong></span> <span class='ocrx_word' id='word_1_369' title='bbox 2870 1071 2925 1122; x_wconf 88' lang='lat' dir='ltr'><strong>in</strong></span> <span class='ocrx_word' id='word_1_370' title='bbox 2981 1070 3091 1122; x_wconf 90' lang='lat' dir='ltr'><strong>loco</strong></span> <span class='ocrx_word' id='word_1_371' title='bbox 3116 1069 3201 1121; x_wconf 88' lang='lat' dir='ltr'><strong>ubi</strong></span> <span class='ocrx_word' id='word_1_372' title='bbox 3238 1068 3437 1140; x_wconf 77' lang='lat' dir='ltr'><strong>dicetur</strong></span> <span class='ocrx_word' id='word_1_373' title='bbox 3488 1070 3582 1134; x_wconf 85' lang='lat' dir='ltr'><strong>eis,</strong></span> 
     </span>
    </p>
   </div>
   <div class='ocr_carea' id='block_1_52' title="bbox 2007 1137 3584 1208">
    <p class='ocr_par' dir='ltr' id='par_1_52' title="bbox 2007 1137 3584 1208">
     <span class='ocr_line' id='line_1_52' title="bbox 2007 1137 3584 1208; baseline 0.003 -18"><span class='ocrx_word' id='word_1_374' title='bbox 2007 1137 2131 1191; x_wconf 85' lang='lat' dir='ltr'><strong>Non</strong></span> <span class='ocrx_word' id='word_1_375' title='bbox 2162 1139 2382 1207; x_wconf 87' lang='lat' dir='ltr'><strong>populus</strong></span> <span class='ocrx_word' id='word_1_376' title='bbox 2404 1137 2543 1192; x_wconf 82' lang='lat' dir='ltr'><strong>meus</strong></span> <span class='ocrx_word' id='word_1_377' title='bbox 2583 1156 2691 1201; x_wconf 84' lang='lat' dir='ltr'><strong>vos;</strong></span> <span class='ocrx_word' id='word_1_378' title='bbox 2734 1139 2931 1192; x_wconf 80' lang='lat' dir='ltr'><strong>dicetur</strong></span> <span class='ocrx_word' id='word_1_379' title='bbox 2974 1142 3070 1203; x_wconf 89' lang='lat' dir='ltr'><strong>eis,</strong></span> <span class='ocrx_word' id='word_1_380' title='bbox 3101 1140 3199 1208; x_wconf 81' lang='lat' dir='ltr'><strong>[itii</strong></span> <span class='ocrx_word' id='word_1_381' title='bbox 3235 1138 3329 1192; x_wconf 89' lang='lat' dir='ltr'><strong>Dei</strong></span> <span class='ocrx_word' id='word_1_382' title='bbox 3354 1142 3584 1194; x_wconf 84' lang='lat' dir='ltr'><strong>viventis.</strong></span> 
     </span>
    </p>
   </div>
   <div class='ocr_carea' id='block_1_53' title="bbox 2006 1208 3589 1278">
    <p class='ocr_par' dir='ltr' id='par_1_53' title="bbox 2006 1208 3589 1278">
     <span class='ocr_line' id='line_1_53' title="bbox 2006 1208 3589 1278; baseline 0.001 -17"><span class='ocrx_word' id='word_1_383' title='bbox 2006 1209 2072 1261; x_wconf 83' lang='lat' dir='ltr'><strong>Et</strong></span> <span class='ocrx_word' id='word_1_384' title='bbox 2115 1209 2559 1278; x_wconf 83' lang='lat' dir='ltr'><strong>congregabantur</strong></span> <span class='ocrx_word' id='word_1_385' title='bbox 2598 1211 2695 1276; x_wconf 79' lang='lat' dir='ltr'><strong>ﬁlii</strong></span> <span class='ocrx_word' id='word_1_386' title='bbox 2714 1208 2853 1263; x_wconf 86' lang='lat' dir='ltr'><strong>Juda</strong></span> <span class='ocrx_word' id='word_1_387' title='bbox 2884 1219 2930 1262; x_wconf 87' lang='lat' dir='ltr'><strong>et</strong></span> <span class='ocrx_word' id='word_1_388' title='bbox 2959 1210 3056 1277; x_wconf 80' lang='lat' dir='ltr'><strong>ﬁlii</strong></span> <span class='ocrx_word' id='word_1_389' title='bbox 3090 1210 3258 1263; x_wconf 81' lang='lat' dir='ltr'><strong>Israel</strong></span> <span class='ocrx_word' id='word_1_390' title='bbox 3291 1211 3503 1276; x_wconf 87' lang='lat' dir='ltr'><strong>pariter,</strong></span> <span class='ocrx_word' id='word_1_391' title='bbox 3538 1219 3589 1265; x_wconf 82' lang='lat' dir='ltr'><strong>et</strong></span> 
     </span>
    </p>
   </div>
   <div class='ocr_carea' id='block_1_54' title="bbox 2006 1281 3589 1349">
    <p class='ocr_par' dir='ltr' id='par_1_54' title="bbox 2006 1281 3589 1349">
     <span class='ocr_line' id='line_1_54' title="bbox 2006 1281 3589 1349; baseline 0.002 -17"><span class='ocrx_word' id='word_1_392' title='bbox 2006 1290 2193 1349; x_wconf 85' lang='lat' dir='ltr'><strong>ponent</strong></span> <span class='ocrx_word' id='word_1_393' title='bbox 2216 1281 2591 1349; x_wconf 20' lang='lat' dir='ltr'><strong>sibimeticaput</strong></span> <span class='ocrx_word' id='word_1_394' title='bbox 2622 1296 2801 1342; x_wconf 88' lang='lat' dir='ltr'><strong>unum,</strong></span> <span class='ocrx_word' id='word_1_395' title='bbox 2831 1287 2875 1332; x_wconf 92' lang='lat' dir='ltr'><strong>et</strong></span> <span class='ocrx_word' id='word_1_396' title='bbox 2905 1281 3178 1333; x_wconf 78' lang='lat' dir='ltr'><strong>ascenderit</strong></span> <span class='ocrx_word' id='word_1_397' title='bbox 3199 1281 3262 1333; x_wconf 88' lang='lat' dir='ltr'><strong>de</strong></span> <span class='ocrx_word' id='word_1_398' title='bbox 3288 1289 3444 1345; x_wconf 87' lang='lat' dir='ltr'><strong>terra,</strong></span> <span class='ocrx_word' id='word_1_399' title='bbox 3467 1283 3589 1349; x_wconf 83' lang='lat' dir='ltr'><strong>quia</strong></span> 
     </span>
    </p>
   </div>
   <div class='ocr_carea' id='block_1_55' title="bbox 2006 1348 3590 1419">
    <p class='ocr_par' dir='ltr' id='par_1_55' title="bbox 2006 1348 3590 1419">
     <span class='ocr_line' id='line_1_55' title="bbox 2006 1348 3590 1419; baseline 0.002 -17"><span class='ocrx_word' id='word_1_400' title='bbox 2006 1348 2222 1419; x_wconf 79' lang='lat' dir='ltr'><strong>ntagnus</strong></span> <span class='ocrx_word' id='word_1_401' title='bbox 2248 1350 2355 1403; x_wconf 85' lang='lat' dir='ltr'><strong>dies</strong></span> <span class='ocrx_word' id='word_1_402' title='bbox 2403 1348 2658 1403; x_wconf 78' lang='lat' dir='ltr'><strong>Jesrniiel.</strong></span> <span class='ocrx_word' id='word_1_403' title='bbox 2692 1352 2779 1402; x_wconf 88' lang='lat' dir='ltr'><strong>His</strong></span> <span class='ocrx_word' id='word_1_404' title='bbox 2811 1360 2987 1404; x_wconf 89' lang='lat' dir='ltr'><strong>autem</strong></span> <span class='ocrx_word' id='word_1_405' title='bbox 3032 1351 3198 1405; x_wconf 78' lang='lat' dir='ltr'><strong>sacris</strong></span> <span class='ocrx_word' id='word_1_406' title='bbox 3226 1352 3445 1405; x_wconf 75' lang='lat' dir='ltr'><strong>Vocibus</strong></span> <span class='ocrx_word' id='word_1_407' title='bbox 3482 1348 3590 1405; x_wconf 78' lang='lat' dir='ltr'><strong>re-</strong></span> 
     </span>
    </p>
   </div>
   <div class='ocr_carea' id='block_1_56' title="bbox 2007 1420 3591 1487">
    <p class='ocr_par' dir='ltr' id='par_1_56' title="bbox 2007 1420 3591 1487">
     <span class='ocr_line' id='line_1_56' title="bbox 2007 1420 3591 1487; baseline 0.002 -14"><span class='ocrx_word' id='word_1_408' title='bbox 2007 1422 2308 1475; x_wconf 89' lang='lat' dir='ltr'><strong>versionem</strong></span> <span class='ocrx_word' id='word_1_409' title='bbox 2348 1421 2528 1486; x_wconf 91' lang='lat' dir='ltr'><strong>pupuli</strong></span> <span class='ocrx_word' id='word_1_410' title='bbox 2559 1420 2626 1473; x_wconf 91' lang='lat' dir='ltr'><strong>de</strong></span> <span class='ocrx_word' id='word_1_411' title='bbox 2653 1421 2962 1481; x_wconf 78' lang='lat' dir='ltr'><strong>captivitate</strong></span> <span class='ocrx_word' id='word_1_412' title='bbox 2992 1421 3311 1487; x_wconf 75' lang='lat' dir='ltr'><strong>Babylonica</strong></span> <span class='ocrx_word' id='word_1_413' title='bbox 3371 1421 3591 1487; x_wconf 84' lang='lat' dir='ltr'><strong>pollice-</strong></span> 
     </span>
    </p>
   </div>
   <div class='ocr_carea' id='block_1_57' title="bbox 2014 1490 3586 1560">
    <p class='ocr_par' dir='ltr' id='par_1_57' title="bbox 2014 1490 3586 1560">
     <span class='ocr_line' id='line_1_57' title="bbox 2014 1490 3586 1560; baseline 0.001 -15"><span class='ocrx_word' id='word_1_414' title='bbox 2014 1501 2120 1554; x_wconf 89' lang='lat' dir='ltr'><strong>tur,</strong></span> <span class='ocrx_word' id='word_1_415' title='bbox 2145 1493 2296 1558; x_wconf 84' lang='lat' dir='ltr'><strong>cujus</strong></span> <span class='ocrx_word' id='word_1_416' title='bbox 2326 1493 2488 1546; x_wconf 89' lang='lat' dir='ltr'><strong>etiam</strong></span> <span class='ocrx_word' id='word_1_417' title='bbox 2518 1490 2656 1556; x_wconf 91' lang='lat' dir='ltr'><strong>apud</strong></span> <span class='ocrx_word' id='word_1_418' title='bbox 2685 1491 2818 1545; x_wconf 88' lang='lat' dir='ltr'><strong>alios</strong></span> <span class='ocrx_word' id='word_1_419' title='bbox 2845 1492 3151 1560; x_wconf 83' lang='lat' dir='ltr'><strong>prOphetas,</strong></span> <span class='ocrx_word' id='word_1_420' title='bbox 3179 1494 3272 1545; x_wconf 86' lang='lat' dir='ltr'><strong>sed</strong></span> <span class='ocrx_word' id='word_1_421' title='bbox 3317 1491 3586 1559; x_wconf 68' lang='lat' dir='ltr'><strong>praecipue</strong></span> 
     </span>
    </p>
   </div>
   <div class='ocr_carea' id='block_1_58' title="bbox 2007 1562 3585 1632">
    <p class='ocr_par' dir='ltr' id='par_1_58' title="bbox 2007 1562 3585 1632">
     <span class='ocr_line' id='line_1_58' title="bbox 2007 1562 3585 1632; baseline 0.001 -17"><span class='ocrx_word' id='word_1_422' title='bbox 2007 1562 2145 1630; x_wconf 89' lang='lat' dir='ltr'><strong>apud</strong></span> <span class='ocrx_word' id='word_1_423' title='bbox 2176 1564 2389 1616; x_wconf 90' lang='lat' dir='ltr'><strong>beatum</strong></span> <span class='ocrx_word' id='word_1_424' title='bbox 2425 1563 2631 1615; x_wconf 77' lang='lat' dir='ltr'><strong>Esaiam</strong></span> <span class='ocrx_word' id='word_1_425' title='bbox 2666 1564 2851 1629; x_wconf 86' lang='lat' dir='ltr'><strong>ingens</strong></span> <span class='ocrx_word' id='word_1_426' title='bbox 2876 1576 3064 1627; x_wconf 91' lang='lat' dir='ltr'><strong>pompa</strong></span> <span class='ocrx_word' id='word_1_427' title='bbox 3097 1562 3436 1627; x_wconf 84' lang='lat' dir='ltr'><strong>describitur,</strong></span> <span class='ocrx_word' id='word_1_428' title='bbox 3465 1578 3585 1632; x_wconf 77' lang='lat' dir='ltr'><strong>qua:</strong></span> 
     </span>
    </p>
   </div>
   <div class='ocr_carea' id='block_1_59' title="bbox 2008 1632 3593 1699">
    <p class='ocr_par' dir='ltr' id='par_1_59' title="bbox 2008 1632 3593 1699">
     <span class='ocr_line' id='line_1_59' title="bbox 2008 1632 3593 1699; baseline 0.001 -14"><span class='ocrx_word' id='word_1_429' title='bbox 2008 1647 2141 1686; x_wconf 82' lang='lat' dir='ltr'><strong>sane</strong></span> <span class='ocrx_word' id='word_1_430' title='bbox 2174 1634 2318 1686; x_wconf 90' lang='lat' dir='ltr'><strong>valet</strong></span> <span class='ocrx_word' id='word_1_431' title='bbox 2347 1632 2411 1685; x_wconf 90' lang='lat' dir='ltr'><strong>ad</strong></span> <span class='ocrx_word' id='word_1_432' title='bbox 2440 1632 2920 1688; x_wconf 76' lang='lat' dir='ltr'><strong>Commendandam</strong></span> <span class='ocrx_word' id='word_1_433' title='bbox 2982 1632 3070 1685; x_wconf 85' lang='lat' dir='ltr'><strong>Dei</strong></span> <span class='ocrx_word' id='word_1_434' title='bbox 3126 1632 3483 1699; x_wconf 74' lang='lat' dir='ltr'><strong>clementiam,</strong></span> <span class='ocrx_word' id='word_1_435' title='bbox 3537 1644 3593 1687; x_wconf 74' lang='lat' dir='ltr'><strong>et</strong></span> 
     </span>
    </p>
   </div>
   <div class='ocr_carea' id='block_1_60' title="bbox 2012 1703 3595 1772">
    <p class='ocr_par' dir='ltr' id='par_1_60' title="bbox 2012 1703 3595 1772">
     <span class='ocr_line' id='line_1_60' title="bbox 2012 1703 3595 1772; baseline 0.001 -17"><span class='ocrx_word' id='word_1_436' title='bbox 2012 1704 2079 1755; x_wconf 92' lang='lat' dir='ltr'><strong>ad</strong></span> <span class='ocrx_word' id='word_1_437' title='bbox 2112 1704 2535 1757; x_wconf 84' lang='lat' dir='ltr'><strong>consolationem</strong></span> <span class='ocrx_word' id='word_1_438' title='bbox 2588 1703 3157 1771; x_wconf 86' lang='lat' dir='ltr'><strong>conlirmationemque</strong></span> <span class='ocrx_word' id='word_1_439' title='bbox 3188 1703 3446 1765; x_wconf 89' lang='lat' dir='ltr'><strong>ﬁdelimn,</strong></span> <span class='ocrx_word' id='word_1_440' title='bbox 3476 1706 3595 1772; x_wconf 87' lang='lat' dir='ltr'><strong>qni-</strong></span> 
     </span>
    </p>
   </div>
   <div class='ocr_carea' id='block_1_61' title="bbox 2012 1773 3592 1828">
    <p class='ocr_par' dir='ltr' id='par_1_61' title="bbox 2012 1773 3592 1828">
     <span class='ocr_line' id='line_1_61' title="bbox 2012 1773 3592 1828; baseline 0.001 -1"><span class='ocrx_word' id='word_1_441' title='bbox 2012 1773 2110 1827; x_wconf 90' lang='lat' dir='ltr'><strong>bns</strong></span> <span class='ocrx_word' id='word_1_442' title='bbox 2140 1776 2453 1828; x_wconf 87' lang='lat' dir='ltr'><strong>societatem</strong></span> <span class='ocrx_word' id='word_1_443' title='bbox 2484 1775 2627 1827; x_wconf 90' lang='lat' dir='ltr'><strong>illius</strong></span> <span class='ocrx_word' id='word_1_444' title='bbox 2675 1774 2991 1826; x_wconf 86' lang='lat' dir='ltr'><strong>calamitatis</strong></span> <span class='ocrx_word' id='word_1_445' title='bbox 3044 1784 3228 1827; x_wconf 87' lang='lat' dir='ltr'><strong>contra</strong></span> <span class='ocrx_word' id='word_1_446' title='bbox 3280 1776 3592 1828; x_wconf 87' lang='lat' dir='ltr'><strong>meritorum</strong></span> 
     </span>
    </p>
   </div>
   <div class='ocr_carea' id='block_1_62' title="bbox 2010 1844 3595 1913">
    <p class='ocr_par' dir='ltr' id='par_1_62' title="bbox 2010 1844 3595 1913">
     <span class='ocr_line' id='line_1_62' title="bbox 2010 1844 3595 1913; baseline 0.001 -16"><span class='ocrx_word' id='word_1_447' title='bbox 2010 1846 2198 1908; x_wconf 89' lang='lat' dir='ltr'><strong>decus,</strong></span> <span class='ocrx_word' id='word_1_448' title='bbox 2232 1859 2327 1911; x_wconf 91' lang='lat' dir='ltr'><strong>pro</strong></span> <span class='ocrx_word' id='word_1_449' title='bbox 2354 1846 2526 1913; x_wconf 84' lang='lat' dir='ltr'><strong>gentis</strong></span> <span class='ocrx_word' id='word_1_450' title='bbox 2554 1860 2665 1899; x_wconf 68' lang='lat' dir='ltr'><strong>sure</strong></span> <span class='ocrx_word' id='word_1_451' title='bbox 2685 1846 3063 1898; x_wconf 87' lang='lat' dir='ltr'><strong>communione</strong></span> <span class='ocrx_word' id='word_1_452' title='bbox 3081 1844 3456 1910; x_wconf 80' lang='lat' dir='ltr'><strong>tolerantibus,</strong></span> <span class='ocrx_word' id='word_1_453' title='bbox 3480 1845 3595 1913; x_wconf 81' lang='lat' dir='ltr'><strong>spei</strong></span> 
     </span>
    </p>
   </div>
   <div class='ocr_carea' id='block_1_63' title="bbox 2009 1914 3597 1983">
    <p class='ocr_par' dir='ltr' id='par_1_63' title="bbox 2009 1914 3597 1983">
     <span class='ocr_line' id='line_1_63' title="bbox 2009 1914 3597 1983; baseline 0 -14"><span class='ocrx_word' id='word_1_454' title='bbox 2009 1916 2201 1969; x_wconf 78' lang='lat' dir='ltr'><strong>Solatia</strong></span> <span class='ocrx_word' id='word_1_455' title='bbox 2261 1916 2655 1983; x_wconf 65' lang='lat' dir='ltr'><strong>praebebantur,</strong></span> <span class='ocrx_word' id='word_1_456' title='bbox 2690 1916 2757 1967; x_wconf 87' lang='lat' dir='ltr'><strong>de</strong></span> <span class='ocrx_word' id='word_1_457' title='bbox 2800 1930 3172 1983; x_wconf 87' lang='lat' dir='ltr'><strong>prosperorum</strong></span> <span class='ocrx_word' id='word_1_458' title='bbox 3204 1914 3451 1968; x_wconf 81' lang='lat' dir='ltr'><strong>videlicet</strong></span> <span class='ocrx_word' id='word_1_459' title='bbox 3502 1931 3597 1969; x_wconf 85' lang='lat' dir='ltr'><strong>ex-</strong></span> 
     </span>
    </p>
   </div>
   <div class='ocr_carea' id='block_1_64' title="bbox 2007 1986 3598 2054">
    <p class='ocr_par' dir='ltr' id='par_1_64' title="bbox 2007 1986 3598 2054">
     <span class='ocr_line' id='line_1_64' title="bbox 2007 1986 3598 2054; baseline 0 -16"><span class='ocrx_word' id='word_1_460' title='bbox 2007 1986 2339 2054; x_wconf 87' lang='lat' dir='ltr'><strong>spectatione</strong></span> <span class='ocrx_word' id='word_1_461' title='bbox 2385 1986 2687 2054; x_wconf 84' lang='lat' dir='ltr'><strong>pendentia.</strong></span> <span class='ocrx_word' id='word_1_462' title='bbox 2717 1986 2791 2038; x_wconf 87' lang='lat' dir='ltr'><strong>Ea</strong></span> <span class='ocrx_word' id='word_1_463' title='bbox 2821 1986 3081 2054; x_wconf 88' lang='lat' dir='ltr'><strong>siquidem</strong></span> <span class='ocrx_word' id='word_1_464' title='bbox 3117 1994 3222 2038; x_wconf 86' lang='lat' dir='ltr'><strong>tam</strong></span> <span class='ocrx_word' id='word_1_465' title='bbox 3258 1986 3370 2037; x_wconf 79' lang='lat' dir='ltr'><strong>fore</strong></span> <span class='ocrx_word' id='word_1_466' title='bbox 3420 1988 3598 2052; x_wconf 88' lang='lat' dir='ltr'><strong>ampla</strong></span> 
     </span>
    </p>
   </div>
   <div class='ocr_carea' id='block_1_65' title="bbox 2006 2056 3595 2125">
    <p class='ocr_par' dir='ltr' id='par_1_65' title="bbox 2006 2056 3595 2125">
     <span class='ocr_line' id='line_1_65' title="bbox 2006 2056 3595 2125; baseline -0.001 -15"><span class='ocrx_word' id='word_1_467' title='bbox 2006 2058 2277 2120; x_wconf 80' lang='lat' dir='ltr'><strong>dicuntur,</strong></span> <span class='ocrx_word' id='word_1_468' title='bbox 2301 2067 2357 2109; x_wconf 88' lang='lat' dir='ltr'><strong>ut</strong></span> <span class='ocrx_word' id='word_1_469' title='bbox 2389 2058 2766 2109; x_wconf 77' lang='lat' dir='ltr'><strong>vocabulorum</strong></span> <span class='ocrx_word' id='word_1_470' title='bbox 2799 2056 2957 2108; x_wconf 88' lang='lat' dir='ltr'><strong>etiam</strong></span> <span class='ocrx_word' id='word_1_471' title='bbox 2981 2060 3267 2109; x_wconf 74' lang='lat' dir='ltr'><strong>novitatem</strong></span> <span class='ocrx_word' id='word_1_472' title='bbox 3302 2058 3595 2125; x_wconf 81' lang='lat' dir='ltr'><strong>requirant.</strong></span> 
     </span>
    </p>
   </div>
   <div class='ocr_carea' id='block_1_66' title="bbox 2008 2125 3595 2187">
    <p class='ocr_par' dir='ltr' id='par_1_66' title="bbox 2008 2125 3595 2187">
     <span class='ocr_line' id='line_1_66' title="bbox 2008 2125 3595 2187; baseline 0.001 -8"><span class='ocrx_word' id='word_1_473' title='bbox 2008 2128 2136 2180; x_wconf 67' lang='lat' dir='ltr'><strong>Nam</strong></span> <span class='ocrx_word' id='word_1_474' title='bbox 2160 2142 2279 2181; x_wconf 93' lang='lat' dir='ltr'><strong>cum</strong></span> <span class='ocrx_word' id='word_1_475' title='bbox 2302 2127 2369 2181; x_wconf 90' lang='lat' dir='ltr'><strong>de</strong></span> <span class='ocrx_word' id='word_1_476' title='bbox 2416 2128 2551 2181; x_wconf 61' lang='lat' dir='ltr'><strong>la&#39;tis</strong></span> <span class='ocrx_word' id='word_1_477' title='bbox 2588 2128 2652 2179; x_wconf 87' lang='lat' dir='ltr'><strong>ad</strong></span> <span class='ocrx_word' id='word_1_478' title='bbox 2685 2125 2852 2180; x_wconf 73' lang='lat' dir='ltr'><strong>tristia</strong></span> <span class='ocrx_word' id='word_1_479' title='bbox 2888 2127 3211 2187; x_wconf 83' lang='lat' dir='ltr'><strong>laberentur,</strong></span> <span class='ocrx_word' id='word_1_480' title='bbox 3248 2135 3595 2180; x_wconf 51' lang='lat' dir='ltr'><strong>cessaverunt</strong></span> 
     </span>
    </p>
   </div>
   <div class='ocr_carea' id='block_1_67' title="bbox 2010 2197 3595 2266">
    <p class='ocr_par' dir='ltr' id='par_1_67' title="bbox 2010 2197 3595 2266">
     <span class='ocr_line' id='line_1_67' title="bbox 2010 2197 3595 2266; baseline 0.001 -16"><span class='ocrx_word' id='word_1_481' title='bbox 2010 2197 2101 2251; x_wconf 81' lang='lat' dir='ltr'><strong>D’ei</strong></span> <span class='ocrx_word' id='word_1_482' title='bbox 2140 2200 2363 2266; x_wconf 87' lang='lat' dir='ltr'><strong>populus</strong></span> <span class='ocrx_word' id='word_1_483' title='bbox 2396 2198 2710 2265; x_wconf 85' lang='lat' dir='ltr'><strong>nuncupari,</strong></span> <span class='ocrx_word' id='word_1_484' title='bbox 2741 2198 2891 2264; x_wconf 85' lang='lat' dir='ltr'><strong>quasi</strong></span> <span class='ocrx_word' id='word_1_485' title='bbox 2926 2198 2975 2249; x_wconf 95' lang='lat' dir='ltr'><strong>in</strong></span> <span class='ocrx_word' id='word_1_486' title='bbox 3009 2199 3332 2265; x_wconf 87' lang='lat' dir='ltr'><strong>reliquarmu</strong></span> <span class='ocrx_word' id='word_1_487' title='bbox 3357 2199 3595 2266; x_wconf 88' lang='lat' dir='ltr'><strong>gentium</strong></span> 
     </span>
    </p>
   </div>
   <div class='ocr_carea' id='block_1_68' title="bbox 2006 2267 3597 2336">
    <p class='ocr_par' dir='ltr' id='par_1_68' title="bbox 2006 2267 3597 2336">
     <span class='ocr_line' id='line_1_68' title="bbox 2006 2267 3597 2336; baseline 0.001 -16"><span class='ocrx_word' id='word_1_488' title='bbox 2006 2269 2267 2322; x_wconf 88' lang='lat' dir='ltr'><strong>vilitatem</strong></span> <span class='ocrx_word' id='word_1_489' title='bbox 2298 2271 2480 2323; x_wconf 82' lang='lat' dir='ltr'><strong>refusi.</strong></span> <span class='ocrx_word' id='word_1_490' title='bbox 2510 2267 2642 2322; x_wconf 89' lang='lat' dir='ltr'><strong>Cum</strong></span> <span class='ocrx_word' id='word_1_491' title='bbox 2672 2283 2802 2323; x_wconf 88' lang='lat' dir='ltr'><strong>vero</strong></span> <span class='ocrx_word' id='word_1_492' title='bbox 2834 2278 3042 2336; x_wconf 87' lang='lat' dir='ltr'><strong>tempus</strong></span> <span class='ocrx_word' id='word_1_493' title='bbox 3073 2268 3402 2320; x_wconf 85' lang='lat' dir='ltr'><strong>liberationis</strong></span> <span class='ocrx_word' id='word_1_494' title='bbox 3428 2268 3597 2321; x_wconf 81' lang='lat' dir='ltr'><strong>adve-</strong></span> 
     </span>
    </p>
   </div>
   <div class='ocr_carea' id='block_1_69' title="bbox 2009 2337 3594 2401">
    <p class='ocr_par' dir='ltr' id='par_1_69' title="bbox 2009 2337 3594 2401">
     <span class='ocr_line' id='line_1_69' title="bbox 2009 2337 3594 2401; baseline -0.001 -10"><span class='ocrx_word' id='word_1_495' title='bbox 2009 2344 2168 2401; x_wconf 88' lang='lat' dir='ltr'><strong>nerit,</strong></span> <span class='ocrx_word' id='word_1_496' title='bbox 2203 2348 2346 2393; x_wconf 87' lang='lat' dir='ltr'><strong>tanta</strong></span> <span class='ocrx_word' id='word_1_497' title='bbox 2377 2341 2718 2393; x_wconf 88' lang='lat' dir='ltr'><strong>successione</strong></span> <span class='ocrx_word' id='word_1_498' title='bbox 2750 2340 3071 2393; x_wconf 89' lang='lat' dir='ltr'><strong>reducitura</strong></span> <span class='ocrx_word' id='word_1_499' title='bbox 3105 2339 3343 2391; x_wconf 76' lang='lat' dir='ltr'><strong>tristibus</strong></span> <span class='ocrx_word' id='word_1_500' title='bbox 3387 2337 3440 2391; x_wconf 93' lang='lat' dir='ltr'><strong>in</strong></span> <span class='ocrx_word' id='word_1_501' title='bbox 3476 2338 3594 2391; x_wconf 68' lang='lat' dir='ltr'><strong>laeta</strong></span> 
     </span>
    </p>
   </div>
   <div class='ocr_carea' id='block_1_70' title="bbox 2010 2409 3598 2475">
    <p class='ocr_par' dir='ltr' id='par_1_70' title="bbox 2010 2409 3598 2475">
     <span class='ocr_line' id='line_1_70' title="bbox 2010 2409 3598 2475; baseline -0.001 -12"><span class='ocrx_word' id='word_1_502' title='bbox 2010 2414 2255 2473; x_wconf 88' lang='lat' dir='ltr'><strong>mutatio,</strong></span> <span class='ocrx_word' id='word_1_503' title='bbox 2285 2419 2343 2463; x_wconf 91' lang='lat' dir='ltr'><strong>ut</strong></span> <span class='ocrx_word' id='word_1_504' title='bbox 2372 2426 2476 2464; x_wconf 91' lang='lat' dir='ltr'><strong>non</strong></span> <span class='ocrx_word' id='word_1_505' title='bbox 2508 2409 2740 2463; x_wconf 84' lang='lat' dir='ltr'><strong>sufﬁciat</strong></span> <span class='ocrx_word' id='word_1_506' title='bbox 2780 2411 2970 2475; x_wconf 83' lang='lat' dir='ltr'><strong>prioris</strong></span> <span class='ocrx_word' id='word_1_507' title='bbox 3002 2411 3272 2463; x_wconf 91' lang='lat' dir='ltr'><strong>restitutio</strong></span> <span class='ocrx_word' id='word_1_508' title='bbox 3300 2409 3598 2475; x_wconf 88' lang='lat' dir='ltr'><strong>dignitatis,</strong></span> 
     </span>
    </p>
   </div>
   <div class='ocr_carea' id='block_1_71' title="bbox 2007 2479 3597 2547">
    <p class='ocr_par' dir='ltr' id='par_1_71' title="bbox 2007 2479 3597 2547">
     <span class='ocr_line' id='line_1_71' title="bbox 2007 2479 3597 2547; baseline -0.001 -14"><span class='ocrx_word' id='word_1_509' title='bbox 2007 2481 2507 2535; x_wconf 88' lang='lat' dir='ltr'><strong>sed&#39;vocabulorum</strong></span> <span class='ocrx_word' id='word_1_510' title='bbox 2539 2490 2833 2547; x_wconf 81' lang='lat' dir='ltr'><strong>augeantur</strong></span> <span class='ocrx_word' id='word_1_511' title='bbox 2860 2479 3109 2543; x_wconf 70' lang='lat' dir='ltr'><strong>insignia.</strong></span> <span class='ocrx_word' id='word_1_512' title='bbox 3136 2479 3429 2533; x_wconf 82' lang='lat' dir='ltr'><strong>Arenarum</strong></span> <span class='ocrx_word' id='word_1_513' title='bbox 3452 2482 3597 2532; x_wconf 89' lang='lat' dir='ltr'><strong>enim</strong></span> 
     </span>
    </p>
   </div>
   <div class='ocr_carea' id='block_1_72' title="bbox 2009 2550 3598 2617">
    <p class='ocr_par' dir='ltr' id='par_1_72' title="bbox 2009 2550 3598 2617">
     <span class='ocr_line' id='line_1_72' title="bbox 2009 2550 3598 2617; baseline 0 -14"><span class='ocrx_word' id='word_1_514' title='bbox 2009 2552 2178 2605; x_wconf 88' lang='lat' dir='ltr'><strong>instar</strong></span> <span class='ocrx_word' id='word_1_515' title='bbox 2199 2553 2424 2606; x_wconf 79' lang='lat' dir='ltr'><strong>excedet</strong></span> <span class='ocrx_word' id='word_1_516' title='bbox 2457 2564 2710 2604; x_wconf 90' lang='lat' dir='ltr'><strong>numerus</strong></span> <span class='ocrx_word' id='word_1_517' title='bbox 2762 2550 3016 2611; x_wconf 64' lang='lat' dir='ltr'><strong>lideiium,</strong></span> <span class='ocrx_word' id='word_1_518' title='bbox 3049 2550 3099 2602; x_wconf 91' lang='lat' dir='ltr'><strong>in</strong></span> <span class='ocrx_word' id='word_1_519' title='bbox 3140 2553 3335 2617; x_wconf 87' lang='lat' dir='ltr'><strong>quibus</strong></span> <span class='ocrx_word' id='word_1_520' title='bbox 3395 2560 3598 2603; x_wconf 90' lang='lat' dir='ltr'><strong>tantum</strong></span> 
     </span>
    </p>
   </div>
   <div class='ocr_carea' id='block_1_73' title="bbox 2008 2619 3598 2689">
    <p class='ocr_par' dir='ltr' id='par_1_73' title="bbox 2008 2619 3598 2689">
     <span class='ocr_line' id='line_1_73' title="bbox 2008 2619 3598 2689; baseline -0.002 -13"><span class='ocrx_word' id='word_1_521' title='bbox 2008 2633 2063 2676; x_wconf 86' lang='lat' dir='ltr'><strong>ct</strong></span> <span class='ocrx_word' id='word_1_522' title='bbox 2112 2624 2429 2676; x_wconf 74' lang='lat' dir='ltr'><strong>reverentia:</strong></span> <span class='ocrx_word' id='word_1_523' title='bbox 2473 2620 2771 2688; x_wconf 92' lang='lat' dir='ltr'><strong>splendebit</strong></span> <span class='ocrx_word' id='word_1_524' title='bbox 2817 2632 2871 2673; x_wconf 93' lang='lat' dir='ltr'><strong>et</strong></span> <span class='ocrx_word' id='word_1_525' title='bbox 2902 2621 3108 2689; x_wconf 65' lang='lat' dir='ltr'><strong>gratim,</strong></span> <span class='ocrx_word' id='word_1_526' title='bbox 3156 2632 3213 2671; x_wconf 88' lang='lat' dir='ltr'><strong>ut</strong></span> <span class='ocrx_word' id='word_1_527' title='bbox 3270 2619 3364 2673; x_wconf 88' lang='lat' dir='ltr'><strong>Dei</strong></span> <span class='ocrx_word' id='word_1_528' title='bbox 3420 2620 3598 2673; x_wconf 88' lang='lat' dir='ltr'><strong>omnia</strong></span> 
     </span>
    </p>
   </div>
   <div class='ocr_carea' id='block_1_74' title="bbox 2008 2690 3593 2760">
    <p class='ocr_par' dir='ltr' id='par_1_74' title="bbox 2008 2690 3593 2760">
     <span class='ocr_line' id='line_1_74' title="bbox 2008 2690 3593 2760; baseline -0.001 -15"><span class='ocrx_word' id='word_1_529' title='bbox 2008 2695 2335 2747; x_wconf 85' lang='lat' dir='ltr'><strong>continentis</strong></span> <span class='ocrx_word' id='word_1_530' title='bbox 2364 2709 2465 2745; x_wconf 87' lang='lat' dir='ltr'><strong>non</strong></span> <span class='ocrx_word' id='word_1_531' title='bbox 2493 2693 2601 2759; x_wconf 90' lang='lat' dir='ltr'><strong>jam</strong></span> <span class='ocrx_word' id='word_1_532' title='bbox 2641 2692 2888 2760; x_wconf 62' lang='lat' dir='ltr'><strong>populus,</strong></span> <span class='ocrx_word' id='word_1_533' title='bbox 2922 2692 3014 2744; x_wconf 85' lang='lat' dir='ltr'><strong>sed</strong></span> <span class='ocrx_word' id='word_1_534' title='bbox 3050 2690 3141 2743; x_wconf 87' lang='lat' dir='ltr'><strong>lilii</strong></span> <span class='ocrx_word' id='word_1_535' title='bbox 3196 2705 3593 2756; x_wconf 81' lang='lat' dir='ltr'><strong>nuncupentur.</strong></span> 
     </span>
    </p>
   </div>
   <div class='ocr_carea' id='block_1_75' title="bbox 2010 2761 3602 2832">
    <p class='ocr_par' dir='ltr' id='par_1_75' title="bbox 2010 2761 3602 2832">
     <span class='ocr_line' id='line_1_75' title="bbox 2010 2761 3602 2832; baseline -0.001 -15"><span class='ocrx_word' id='word_1_536' title='bbox 2010 2763 2295 2818; x_wconf 86' lang='lat' dir='ltr'><strong>Emendati</strong></span> <span class='ocrx_word' id='word_1_537' title='bbox 2346 2763 2613 2832; x_wconf 88' lang='lat' dir='ltr'><strong>siquidem</strong></span> <span class='ocrx_word' id='word_1_538' title='bbox 2649 2763 2937 2831; x_wconf 70' lang='lat' dir='ltr'><strong>prmmissm</strong></span> <span class='ocrx_word' id='word_1_539' title='bbox 2991 2764 3261 2815; x_wconf 80' lang='lat' dir='ltr'><strong>servitutis</strong></span> <span class='ocrx_word' id='word_1_540' title='bbox 3294 2761 3602 2829; x_wconf 76' lang='lat' dir='ltr'><strong>angoribus,</strong></span> 
     </span>
    </p>
   </div>
   <div class='ocr_carea' id='block_1_76' title="bbox 2009 2831 3602 2901">
    <p class='ocr_par' dir='ltr' id='par_1_76' title="bbox 2009 2831 3602 2901">
     <span class='ocr_line' id='line_1_76' title="bbox 2009 2831 3602 2901; baseline 0 -16"><span class='ocrx_word' id='word_1_541' title='bbox 2009 2842 2070 2886; x_wconf 90' lang='lat' dir='ltr'><strong>ut</strong></span> <span class='ocrx_word' id='word_1_542' title='bbox 2096 2834 2377 2901; x_wconf 82' lang='lat' dir='ltr'><strong>sanguine,</strong></span> <span class='ocrx_word' id='word_1_543' title='bbox 2411 2831 2480 2886; x_wconf 90' lang='lat' dir='ltr'><strong>ita</strong></span> <span class='ocrx_word' id='word_1_544' title='bbox 2508 2834 2671 2886; x_wconf 89' lang='lat' dir='ltr'><strong>etiam</strong></span> <span class='ocrx_word' id='word_1_545' title='bbox 2700 2834 2921 2885; x_wconf 87' lang='lat' dir='ltr'><strong>caritate</strong></span> <span class='ocrx_word' id='word_1_546' title='bbox 2951 2832 3048 2885; x_wconf 89' lang='lat' dir='ltr'><strong>sibi</strong></span> <span class='ocrx_word' id='word_1_547' title='bbox 3073 2832 3360 2899; x_wconf 72' lang='lat' dir='ltr'><strong>iungentur</strong></span> <span class='ocrx_word' id='word_1_548' title='bbox 3386 2849 3396 2882; x_wconf 92' lang='lat'><strong>:</strong></span> <span class='ocrx_word' id='word_1_549' title='bbox 3426 2831 3602 2885; x_wconf 77' lang='lat' dir='ltr'><strong>illam~</strong></span> 
     </span>
    </p>
   </div>
   <div class='ocr_carea' id='block_1_77' title="bbox 2009 2903 3601 2972">
    <p class='ocr_par' dir='ltr' id='par_1_77' title="bbox 2009 2903 3601 2972">
     <span class='ocr_line' id='line_1_77' title="bbox 2009 2903 3601 2972; baseline 0 -16"><span class='ocrx_word' id='word_1_550' title='bbox 2009 2918 2113 2972; x_wconf 89' lang='lat' dir='ltr'><strong>que</strong></span> <span class='ocrx_word' id='word_1_551' title='bbox 2145 2905 2413 2971; x_wconf 60' lang='lat' dir='ltr'><strong>praecipue</strong></span> <span class='ocrx_word' id='word_1_552' title='bbox 2441 2904 2860 2969; x_wconf 69' lang='lat' dir='ltr'><strong>separationvm,</strong></span> <span class='ocrx_word' id='word_1_553' title='bbox 2893 2918 3010 2967; x_wconf 73' lang='lat' dir='ltr'><strong>qua:</strong></span> <span class='ocrx_word' id='word_1_554' title='bbox 3067 2904 3159 2954; x_wconf 73' lang='lat' dir='ltr'><strong>fuit</strong></span> <span class='ocrx_word' id='word_1_555' title='bbox 3192 2903 3297 2954; x_wconf 86' lang='lat' dir='ltr'><strong>illis</strong></span> <span class='ocrx_word' id='word_1_556' title='bbox 3329 2917 3516 2970; x_wconf 88' lang='lat' dir='ltr'><strong>magna</strong></span> <span class='ocrx_word' id='word_1_557' title='bbox 3544 2914 3601 2956; x_wconf 92' lang='lat' dir='ltr'><strong>et</strong></span> 
     </span>
    </p>
   </div>
   <div class='ocr_carea' id='block_1_78' title="bbox 2009 2972 3602 3040">
    <p class='ocr_par' dir='ltr' id='par_1_78' title="bbox 2009 2972 3602 3040">
     <span class='ocr_line' id='line_1_78' title="bbox 2009 2972 3602 3040; baseline -0.002 -12"><span class='ocrx_word' id='word_1_558' title='bbox 2009 2975 2291 3028; x_wconf 89' lang='lat' dir='ltr'><strong>criminum</strong></span> <span class='ocrx_word' id='word_1_559' title='bbox 2315 2988 2366 3028; x_wconf 89' lang='lat' dir='ltr'><strong>et</strong></span> <span class='ocrx_word' id='word_1_560' title='bbox 2395 2972 2764 3025; x_wconf 61' lang='lat' dir='ltr'><strong>tiisCl’illiillllm</strong></span> <span class='ocrx_word' id='word_1_561' title='bbox 2788 2987 2995 3036; x_wconf 83' lang='lat' dir='ltr'><strong>caussa,</strong></span> <span class='ocrx_word' id='word_1_562' title='bbox 3018 2972 3160 3025; x_wconf 83' lang='lat' dir='ltr'><strong>vital)</strong></span> <span class='ocrx_word' id='word_1_563' title='bbox 3184 2982 3280 3038; x_wconf 82' lang='grc' dir='ltr'>ιιιι,</span> <span class='ocrx_word' id='word_1_564' title='bbox 3312 2984 3470 3040; x_wconf 88' lang='lat' dir='ltr'><strong>atque</strong></span> <span class='ocrx_word' id='word_1_565' title='bbox 3496 2989 3602 3025; x_wconf 91' lang='lat' dir='ltr'><strong>uno</strong></span> 
     </span>
    </p>
   </div>
   <div class='ocr_carea' id='block_1_79' title="bbox 2013 3043 3600 3112">
    <p class='ocr_par' dir='ltr' id='par_1_79' title="bbox 2013 3043 3600 3112">
     <span class='ocr_line' id='line_1_79' title="bbox 2013 3043 3600 3112; baseline 0.001 -15"><span class='ocrx_word' id='word_1_566' title='bbox 2013 3054 2223 3098; x_wconf 88' lang='lat' dir='ltr'><strong>rectore</strong></span> <span class='ocrx_word' id='word_1_567' title='bbox 2250 3046 2563 3112; x_wconf 81' lang='lat' dir='ltr'><strong>gaudentes,</strong></span> <span class='ocrx_word' id='word_1_568' title='bbox 2597 3044 2661 3095; x_wconf 88' lang='lat' dir='ltr'><strong>ad</strong></span> <span class='ocrx_word' id='word_1_569' title='bbox 2694 3044 2972 3111; x_wconf 87' lang='lat' dir='ltr'><strong>Templum</strong></span> <span class='ocrx_word' id='word_1_570' title='bbox 3012 3043 3101 3096; x_wconf 80' lang='lat' dir='ltr'><strong>Dei</strong></span> <span class='ocrx_word' id='word_1_571' title='bbox 3144 3057 3261 3095; x_wconf 90' lang='lat' dir='ltr'><strong>cum</strong></span> <span class='ocrx_word' id='word_1_572' title='bbox 3321 3043 3600 3098; x_wconf 86' lang='lat' dir='ltr'><strong>alacritate</strong></span> 
     </span>
    </p>
   </div>
   <div class='ocr_carea' id='block_1_80' title="bbox 2009 3113 3603 3182">
    <p class='ocr_par' dir='ltr' id='par_1_80' title="bbox 2009 3113 3603 3182">
     <span class='ocr_line' id='line_1_80' title="bbox 2009 3113 3603 3182; baseline -0.003 -13"><span class='ocrx_word' id='word_1_573' title='bbox 2009 3116 2393 3175; x_wconf 78' lang='lat' dir='ltr'><strong>conscenderit,</strong></span> <span class='ocrx_word' id='word_1_574' title='bbox 2419 3122 2729 3182; x_wconf 88' lang='lat' dir='ltr'><strong>tantumque</strong></span> <span class='ocrx_word' id='word_1_575' title='bbox 2759 3116 2808 3166; x_wconf 90' lang='lat' dir='ltr'><strong>in</strong></span> <span class='ocrx_word' id='word_1_576' title='bbox 2850 3114 2938 3167; x_wconf 91' lang='lat' dir='ltr'><strong>illo</strong></span> <span class='ocrx_word' id='word_1_577' title='bbox 2968 3122 3109 3167; x_wconf 88' lang='lat' dir='ltr'><strong>statu</strong></span> <span class='ocrx_word' id='word_1_578' title='bbox 3146 3113 3433 3165; x_wconf 78' lang='lat' dir='ltr'><strong>ﬁelicitatis</strong></span> <span class='ocrx_word' id='word_1_579' title='bbox 3460 3114 3603 3167; x_wconf 84' lang='lat' dir='ltr'><strong>loca-</strong></span> 
     </span>
    </p>
   </div>
   <div class='ocr_carea' id='block_1_81' title="bbox 2012 3182 3603 3256">
    <p class='ocr_par' dir='ltr' id='par_1_81' title="bbox 2012 3182 3603 3256">
     <span class='ocr_line' id='line_1_81' title="bbox 2012 3182 3603 3256; baseline -0.001 -17"><span class='ocrx_word' id='word_1_580' title='bbox 2012 3187 2207 3240; x_wconf 90' lang='lat' dir='ltr'><strong>buntur</strong></span> <span class='ocrx_word' id='word_1_581' title='bbox 2246 3187 2389 3256; x_wconf 78' lang='lat' dir='ltr'><strong>(sic),</strong></span> <span class='ocrx_word' id='word_1_582' title='bbox 2442 3194 2497 3237; x_wconf 92' lang='lat' dir='ltr'><strong>ut</strong></span> <span class='ocrx_word' id='word_1_583' title='bbox 2548 3199 2793 3256; x_wconf 88' lang='lat' dir='ltr'><strong>maguum</strong></span> <span class='ocrx_word' id='word_1_584' title='bbox 2826 3186 2966 3237; x_wconf 78' lang='lat' dir='ltr'><strong>diem</strong></span> <span class='ocrx_word' id='word_1_585' title='bbox 2998 3184 3290 3256; x_wconf 79' lang='lat' dir='ltr'><strong>Jesralielis</strong></span> <span class='ocrx_word' id='word_1_586' title='bbox 3322 3182 3486 3237; x_wconf 83' lang='lat' dir='ltr'><strong>fuisse</strong></span> <span class='ocrx_word' id='word_1_587' title='bbox 3527 3185 3603 3237; x_wconf 84' lang='lat' dir='ltr'><strong>fa-</strong></span> 
     </span>
    </p>
   </div>
   <div class='ocr_carea' id='block_1_82' title="bbox 322 3254 3603 3347">
    <p class='ocr_par' dir='ltr' id='par_1_82' title="bbox 322 3254 3603 3347">
     <span class='ocr_line' id='line_1_82' title="bbox 322 3254 3603 3347; baseline 0.001 -4"><span class='ocrx_word' id='word_1_588' title='bbox 322 3254 929 3345; x_wconf 60' lang='grc' dir='ltr'><strong>ἱέιίᾶεςῖὗὲἶῖτῖῖι-ἒιὶἶῖῐέ</strong></span> <span class='ocrx_word' id='word_1_589' title='bbox 959 3254 1363 3347; x_wconf 59' lang='grc' dir='ltr'><strong>ιίἱέιὲίέἷῖιιῆἧῆ</strong></span> <span class='ocrx_word' id='word_1_590' title='bbox 1379 3254 1902 3346; x_wconf 60' lang='grc' dir='ltr'><strong>ρὲῖ·”ἶ’‹ἐῖίὶ”ῐ›τόἶὲὲῖ-</strong></span> <span class='ocrx_word' id='word_1_591' title='bbox 1931 3265 1977 3327; x_wconf 82' lang='lat' dir='ltr'><strong>C</strong></span> <span class='ocrx_word' id='word_1_592' title='bbox 2012 3265 2225 3347; x_wconf 50' lang='lat'><strong>9‘93“!</strong></span> <span class='ocrx_word' id='word_1_593' title='bbox 2246 3254 2281 3347; x_wconf 61' lang='grc' dir='ltr'><strong>ἰ</strong></span> <span class='ocrx_word' id='word_1_594' title='bbox 2297 3258 2451 3347; x_wconf 62' lang='grc' dir='ltr'><strong>ἱδέἓὶο</strong></span> <span class='ocrx_word' id='word_1_595' title='bbox 2474 3255 2748 3347; x_wconf 59' lang='lat' dir='ltr'><strong>.Yf’_&#39;_l_&quot;‘li&#39;_</strong></span> <span class='ocrx_word' id='word_1_596' title='bbox 2758 3263 2985 3347; x_wconf 41' lang='lat'><strong>$931192-</strong></span> <span class='ocrx_word' id='word_1_597' title='bbox 3002 3270 3120 3347; x_wconf 63' lang='lat'><strong>91&#39;“</strong></span> <span class='ocrx_word' id='word_1_598' title='bbox 3140 3254 3387 3347; x_wconf 57' lang='grc' dir='ltr'><strong>39ῗὲῬέ</strong></span> <span class='ocrx_word' id='word_1_599' title='bbox 3424 3268 3603 3347; x_wconf 58' lang='grc' dir='ltr'><strong>ῗξλῗὲξίέῑ</strong></span> 
     </span>
    </p>
   </div>
   <div class='ocr_carea' id='block_1_83' title="bbox 323 3349 1871 3417">
    <p class='ocr_par' dir='ltr' id='par_1_83' title="bbox 323 3349 1871 3417">
     <span class='ocr_line' id='line_1_83' title="bbox 323 3349 1871 3417; baseline 0.002 -16"><span class='ocrx_word' id='word_1_600' title='bbox 323 3356 428 3402; x_wconf 89' lang='lat' dir='ltr'><strong>ret.</strong></span> <span class='ocrx_word' id='word_1_601' title='bbox 455 3350 603 3413; x_wconf 78' lang='lat' dir='ltr'><strong>Quod</strong></span> <span class='ocrx_word' id='word_1_602' title='bbox 636 3350 761 3403; x_wconf 86' lang='lat' dir='ltr'><strong>licet</strong></span> <span class='ocrx_word' id='word_1_603' title='bbox 783 3358 1083 3417; x_wconf 86' lang='lat' dir='ltr'><strong>opportuno</strong></span> <span class='ocrx_word' id='word_1_604' title='bbox 1130 3359 1369 3414; x_wconf 84' lang='lat' dir='ltr'><strong>tempore</strong></span> <span class='ocrx_word' id='word_1_605' title='bbox 1411 3349 1771 3414; x_wconf 82' lang='lat' dir='ltr'><strong>panderetur:</strong></span> <span class='ocrx_word' id='word_1_606' title='bbox 1819 3359 1871 3404; x_wconf 91' lang='lat' dir='ltr'><strong>ta</strong></span> 
     </span>
    </p>
   </div>
   <div class='ocr_carea' id='block_1_84' title="bbox 325 3418 1899 3488">
    <p class='ocr_par' dir='ltr' id='par_1_84' title="bbox 325 3418 1899 3488">
     <span class='ocr_line' id='line_1_84' title="bbox 325 3418 1899 3488; baseline 0.003 -19"><span class='ocrx_word' id='word_1_607' title='bbox 325 3433 446 3471; x_wconf 90' lang='lat' dir='ltr'><strong>men</strong></span> <span class='ocrx_word' id='word_1_608' title='bbox 481 3419 602 3487; x_wconf 90' lang='lat' dir='ltr'><strong>quia</strong></span> <span class='ocrx_word' id='word_1_609' title='bbox 648 3430 702 3473; x_wconf 90' lang='lat' dir='ltr'><strong>et</strong></span> <span class='ocrx_word' id='word_1_610' title='bbox 731 3420 841 3486; x_wconf 92' lang='lat' dir='ltr'><strong>ipsa</strong></span> <span class='ocrx_word' id='word_1_611' title='bbox 898 3423 1071 3488; x_wconf 85' lang='lat' dir='ltr'><strong>portio</strong></span> <span class='ocrx_word' id='word_1_612' title='bbox 1119 3428 1292 3488; x_wconf 80' lang='lat' dir='ltr'><strong>gentis</strong></span> <span class='ocrx_word' id='word_1_613' title='bbox 1335 3418 1517 3473; x_wconf 61' lang='lat' dir='ltr'><strong>Judea‘.</strong></span> <span class='ocrx_word' id='word_1_614' title='bbox 1567 3434 1899 3488; x_wconf 90' lang='lat' dir='ltr'><strong>nequaquam</strong></span> 
     </span>
    </p>
   </div>
   <div class='ocr_carea' id='block_1_85' title="bbox 323 3488 1901 3558">
    <p class='ocr_par' dir='ltr' id='par_1_85' title="bbox 323 3488 1901 3558">
     <span class='ocr_line' id='line_1_85' title="bbox 323 3488 1901 3558; baseline 0.002 -17"><span class='ocrx_word' id='word_1_615' title='bbox 323 3488 431 3557; x_wconf 77' lang='lat' dir='ltr'><strong>iugi</strong></span> <span class='ocrx_word' id='word_1_616' title='bbox 460 3490 745 3543; x_wconf 87' lang='lat' dir='ltr'><strong>devotione</strong></span> <span class='ocrx_word' id='word_1_617' title='bbox 774 3489 1112 3557; x_wconf 80' lang='lat' dir='ltr'><strong>Complacuit,</strong></span> <span class='ocrx_word' id='word_1_618' title='bbox 1141 3490 1257 3548; x_wconf 90' lang='lat' dir='ltr'><strong>sed,</strong></span> <span class='ocrx_word' id='word_1_619' title='bbox 1276 3491 1412 3543; x_wconf 89' lang='lat' dir='ltr'><strong>sicut</strong></span> <span class='ocrx_word' id='word_1_620' title='bbox 1460 3492 1787 3558; x_wconf 80' lang='lat' dir='ltr'><strong>exprobrant</strong></span> <span class='ocrx_word' id='word_1_621' title='bbox 1812 3492 1901 3544; x_wconf 92' lang='lat' dir='ltr'><strong>alii</strong></span> 
     </span>
    </p>
   </div>
   <div class='ocr_carea' id='block_1_86' title="bbox 325 3560 1904 3630">
    <p class='ocr_par' dir='ltr' id='par_1_86' title="bbox 325 3560 1904 3630">
     <span class='ocr_line' id='line_1_86' title="bbox 325 3560 1904 3630; baseline 0.001 -19"><span class='ocrx_word' id='word_1_622' title='bbox 325 3561 620 3628; x_wconf 57' lang='lat' dir='ltr'><strong>propheta),</strong></span> <span class='ocrx_word' id='word_1_623' title='bbox 646 3562 697 3614; x_wconf 91' lang='lat' dir='ltr'><strong>in</strong></span> <span class='ocrx_word' id='word_1_624' title='bbox 727 3561 926 3614; x_wconf 88' lang='lat' dir='ltr'><strong>cultum</strong></span> <span class='ocrx_word' id='word_1_625' title='bbox 951 3560 1156 3614; x_wconf 79' lang='lat' dir='ltr'><strong>exarsit</strong></span> <span class='ocrx_word' id='word_1_626' title='bbox 1178 3560 1464 3627; x_wconf 88' lang='lat' dir='ltr'><strong>idolorum,</strong></span> <span class='ocrx_word' id='word_1_627' title='bbox 1509 3562 1737 3615; x_wconf 82' lang='lat' dir='ltr'><strong>smtilem</strong></span> <span class='ocrx_word' id='word_1_628' title='bbox 1769 3578 1904 3630; x_wconf 89' lang='lat' dir='ltr'><strong>quu-</strong></span> 
     </span>
    </p>
   </div>
   <div class='ocr_carea' id='block_1_87' title="bbox 324 3630 1901 3701">
    <p class='ocr_par' dir='ltr' id='par_1_87' title="bbox 324 3630 1901 3701">
     <span class='ocr_line' id='line_1_87' title="bbox 324 3630 1901 3701; baseline 0.003 -20"><span class='ocrx_word' id='word_1_629' title='bbox 324 3646 427 3701; x_wconf 85' lang='lat' dir='ltr'><strong>que</strong></span> <span class='ocrx_word' id='word_1_630' title='bbox 450 3639 532 3683; x_wconf 84' lang='lat' dir='ltr'><strong>est</strong></span> <span class='ocrx_word' id='word_1_631' title='bbox 548 3646 795 3701; x_wconf 67' lang='lat' dir='ltr'><strong>perpessa</strong></span> <span class='ocrx_word' id='word_1_632' title='bbox 818 3634 1157 3697; x_wconf 91' lang='lat' dir='ltr'><strong>sententiam,</strong></span> <span class='ocrx_word' id='word_1_633' title='bbox 1186 3640 1240 3686; x_wconf 89' lang='lat' dir='ltr'><strong>et</strong></span> <span class='ocrx_word' id='word_1_634' title='bbox 1264 3630 1331 3686; x_wconf 91' lang='lat' dir='ltr'><strong>de</strong></span> <span class='ocrx_word' id='word_1_635' title='bbox 1357 3630 1548 3685; x_wconf 89' lang='lat' dir='ltr'><strong>ﬁnibus</strong></span> <span class='ocrx_word' id='word_1_636' title='bbox 1568 3635 1699 3696; x_wconf 88' lang='lat' dir='ltr'><strong>suis,</strong></span> <span class='ocrx_word' id='word_1_637' title='bbox 1734 3632 1901 3701; x_wconf 80' lang='lat' dir='ltr'><strong>Baby-</strong></span> 
     </span>
    </p>
   </div>
   <div class='ocr_carea' id='block_1_88' title="bbox 324 3700 1901 3771">
    <p class='ocr_par' dir='ltr' id='par_1_88' title="bbox 324 3700 1901 3771">
     <span class='ocr_line' id='line_1_88' title="bbox 324 3700 1901 3771; baseline 0.003 -19"><span class='ocrx_word' id='word_1_638' title='bbox 324 3700 467 3753; x_wconf 82' lang='lat' dir='ltr'><strong>lonio</strong></span> <span class='ocrx_word' id='word_1_639' title='bbox 491 3700 755 3763; x_wconf 82' lang='lat' dir='ltr'><strong>vincente,</strong></span> <span class='ocrx_word' id='word_1_640' title='bbox 777 3705 1053 3755; x_wconf 81' lang='lat' dir='ltr'><strong>translata.</strong></span> <span class='ocrx_word' id='word_1_641' title='bbox 1091 3703 1167 3756; x_wconf 91' lang='lat' dir='ltr'><strong>De</strong></span> <span class='ocrx_word' id='word_1_642' title='bbox 1213 3717 1316 3768; x_wconf 89' lang='lat' dir='ltr'><strong>qua</strong></span> <span class='ocrx_word' id='word_1_643' title='bbox 1367 3712 1543 3757; x_wconf 90' lang='lat' dir='ltr'><strong>tamen</strong></span> <span class='ocrx_word' id='word_1_644' title='bbox 1575 3700 1901 3771; x_wconf 88' lang='lat' dir='ltr'><strong>captivitate,</strong></span> 
     </span>
    </p>
   </div>
   <div class='ocr_carea' id='block_1_89' title="bbox 327 3771 1905 3842">
    <p class='ocr_par' dir='ltr' id='par_1_89' title="bbox 327 3771 1905 3842">
     <span class='ocr_line' id='line_1_89' title="bbox 327 3771 1905 3842; baseline 0.004 -21"><span class='ocrx_word' id='word_1_645' title='bbox 327 3774 583 3836; x_wconf 86' lang='lat' dir='ltr'><strong>promissa</strong></span> <span class='ocrx_word' id='word_1_646' title='bbox 615 3781 699 3826; x_wconf 90' lang='lat' dir='ltr'><strong>est</strong></span> <span class='ocrx_word' id='word_1_647' title='bbox 724 3778 959 3825; x_wconf 86' lang='lat' dir='ltr'><strong>omnium</strong></span> <span class='ocrx_word' id='word_1_648' title='bbox 994 3788 1128 3839; x_wconf 90' lang='lat' dir='ltr'><strong>pene</strong></span> <span class='ocrx_word' id='word_1_649' title='bbox 1152 3771 1400 3827; x_wconf 84' lang='lat' dir='ltr'><strong>vaticinio</strong></span> <span class='ocrx_word' id='word_1_650' title='bbox 1430 3774 1826 3842; x_wconf 90' lang='lat' dir='ltr'><strong>prophetarum,</strong></span> <span class='ocrx_word' id='word_1_651' title='bbox 1852 3785 1905 3828; x_wconf 91' lang='lat' dir='ltr'><strong>et</strong></span> 
     </span>
    </p>
   </div>
   <div class='ocr_carea' id='block_1_90' title="bbox 326 3843 1600 3914">
    <p class='ocr_par' dir='ltr' id='par_1_90' title="bbox 326 3843 1600 3914">
     <span class='ocr_line' id='line_1_90' title="bbox 326 3843 1600 3914; baseline 0.004 -21"><span class='ocrx_word' id='word_1_652' title='bbox 326 3843 425 3893; x_wconf 87' lang='lat' dir='ltr'><strong>sub</strong></span> <span class='ocrx_word' id='word_1_653' title='bbox 453 3843 591 3911; x_wconf 78' lang='lat' dir='ltr'><strong>Cyro</strong></span> <span class='ocrx_word' id='word_1_654' title='bbox 616 3844 897 3897; x_wconf 88' lang='lat' dir='ltr'><strong>Persarum</strong></span> <span class='ocrx_word' id='word_1_655' title='bbox 915 3858 1039 3914; x_wconf 89' lang='lat' dir='ltr'><strong>rege</strong></span> <span class='ocrx_word' id='word_1_656' title='bbox 1061 3844 1276 3912; x_wconf 90' lang='lat' dir='ltr'><strong>impleta</strong></span> <span class='ocrx_word' id='word_1_657' title='bbox 1309 3854 1600 3899; x_wconf 72' lang='lat' dir='ltr'><strong>revocatio.</strong></span> 
     </span>
    </p>
   </div>
   <div class='ocr_carea' id='block_1_91' title="bbox 402 3932 1906 4003">
    <p class='ocr_par' dir='ltr' id='par_1_91' title="bbox 402 3932 1906 4003">
     <span class='ocr_line' id='line_1_91' title="bbox 402 3932 1906 4003; baseline 0.003 -17"><span class='ocrx_word' id='word_1_658' title='bbox 402 3932 695 4001; x_wconf 69' lang='lat' dir='ltr'><strong>Utrumque</strong></span> <span class='ocrx_word' id='word_1_659' title='bbox 741 3947 881 3987; x_wconf 91' lang='lat' dir='ltr'><strong>nunc</strong></span> <span class='ocrx_word' id='word_1_660' title='bbox 919 3949 1047 4003; x_wconf 90' lang='lat' dir='ltr'><strong>ergo</strong></span> <span class='ocrx_word' id='word_1_661' title='bbox 1096 3944 1307 4003; x_wconf 89' lang='lat' dir='ltr'><strong>tempus</strong></span> <span class='ocrx_word' id='word_1_662' title='bbox 1332 3935 1471 3991; x_wconf 87' lang='lat' dir='ltr'><strong>beati</strong></span> <span class='ocrx_word' id='word_1_663' title='bbox 1521 3936 1673 3991; x_wconf 73' lang='lat' dir='ltr'><strong>Osca:</strong></span> <span class='ocrx_word' id='word_1_664' title='bbox 1727 3951 1906 3990; x_wconf 91' lang='lat' dir='ltr'><strong>sermo</strong></span> 
     </span>
    </p>
   </div>
   <div class='ocr_carea' id='block_1_92' title="bbox 327 4004 1905 4073">
    <p class='ocr_par' dir='ltr' id='par_1_92' title="bbox 327 4004 1905 4073">
     <span class='ocr_line' id='line_1_92' title="bbox 327 4004 1905 4073; baseline 0.003 -18"><span class='ocrx_word' id='word_1_665' title='bbox 327 4005 688 4071; x_wconf 85' lang='lat' dir='ltr'><strong>proloquitur.</strong></span> <span class='ocrx_word' id='word_1_666' title='bbox 720 4004 825 4057; x_wconf 82' lang='lat' dir='ltr'><strong>Sed</strong></span> <span class='ocrx_word' id='word_1_667' title='bbox 857 4005 908 4055; x_wconf 92' lang='lat' dir='ltr'><strong>in</strong></span> <span class='ocrx_word' id='word_1_668' title='bbox 934 4005 1376 4072; x_wconf 87' lang='lat' dir='ltr'><strong>signiﬁcationem</strong></span> <span class='ocrx_word' id='word_1_669' title='bbox 1408 4006 1715 4061; x_wconf 82' lang='lat' dir='ltr'><strong>Israeliticae</strong></span> <span class='ocrx_word' id='word_1_670' title='bbox 1736 4008 1905 4073; x_wconf 89' lang='lat' dir='ltr'><strong>capti-</strong></span> 
     </span>
    </p>
   </div>
   <div class='ocr_carea' id='block_1_93' title="bbox 325 4073 1909 4143">
    <p class='ocr_par' dir='ltr' id='par_1_93' title="bbox 325 4073 1909 4143">
     <span class='ocr_line' id='line_1_93' title="bbox 325 4073 1909 4143; baseline 0.002 -18"><span class='ocrx_word' id='word_1_671' title='bbox 325 4073 526 4135; x_wconf 85' lang='lat' dir='ltr'><strong>vitatis,</strong></span> <span class='ocrx_word' id='word_1_672' title='bbox 556 4073 661 4126; x_wconf 84' lang='lat' dir='ltr'><strong>lilia</strong></span> <span class='ocrx_word' id='word_1_673' title='bbox 685 4073 897 4143; x_wconf 83' lang='lat' dir='ltr'><strong>inducta</strong></span> <span class='ocrx_word' id='word_1_674' title='bbox 919 4082 1022 4138; x_wconf 89' lang='lat' dir='ltr'><strong>est,</strong></span> <span class='ocrx_word' id='word_1_675' title='bbox 1041 4089 1178 4142; x_wconf 67' lang='lat' dir='ltr'><strong>quae,</strong></span> <span class='ocrx_word' id='word_1_676' title='bbox 1202 4077 1398 4143; x_wconf 78' lang='lat' dir='ltr'><strong>Absque</strong></span> <span class='ocrx_word' id='word_1_677' title='bbox 1422 4076 1789 4139; x_wconf 77' lang='lat' dir='ltr'><strong>misericordia,</strong></span> <span class='ocrx_word' id='word_1_678' title='bbox 1814 4091 1909 4128; x_wconf 86' lang='lat' dir='ltr'><strong>vo-</strong></span> 
     </span>
    </p>
   </div>
   <div class='ocr_carea' id='block_1_94' title="bbox 325 4142 1907 4211">
    <p class='ocr_par' dir='ltr' id='par_1_94' title="bbox 325 4142 1907 4211">
     <span class='ocr_line' id='line_1_94' title="bbox 325 4142 1907 4211; baseline 0.001 -14"><span class='ocrx_word' id='word_1_679' title='bbox 325 4153 561 4197; x_wconf 84' lang='lat' dir='ltr'><strong>caretur.</strong></span> <span class='ocrx_word' id='word_1_680' title='bbox 602 4143 657 4194; x_wconf 87' lang='lat' dir='ltr'><strong>In</strong></span> <span class='ocrx_word' id='word_1_681' title='bbox 686 4142 908 4210; x_wconf 88' lang='lat' dir='ltr'><strong>ﬁguram</strong></span> <span class='ocrx_word' id='word_1_682' title='bbox 950 4157 1080 4211; x_wconf 82' lang='lat' dir='ltr'><strong>vero</strong></span> <span class='ocrx_word' id='word_1_683' title='bbox 1124 4144 1297 4209; x_wconf 61' lang='lat' dir='ltr'><strong>ludar,</strong></span> <span class='ocrx_word' id='word_1_684' title='bbox 1355 4160 1485 4210; x_wconf 91' lang='lat' dir='ltr'><strong>puer</strong></span> <span class='ocrx_word' id='word_1_685' title='bbox 1515 4145 1784 4198; x_wconf 90' lang='lat' dir='ltr'><strong>inducitur</strong></span> <span class='ocrx_word' id='word_1_686' title='bbox 1822 4146 1907 4198; x_wconf 90' lang='lat' dir='ltr'><strong>cui</strong></span> 
     </span>
    </p>
   </div>
   <div class='ocr_carea' id='block_1_95' title="bbox 328 4211 1908 4280">
    <p class='ocr_par' dir='ltr' id='par_1_95' title="bbox 328 4211 1908 4280">
     <span class='ocr_line' id='line_1_95' title="bbox 328 4211 1908 4280; baseline 0.002 -15"><span class='ocrx_word' id='word_1_687' title='bbox 328 4227 526 4266; x_wconf 91' lang='lat' dir='ltr'><strong>nomen</strong></span> <span class='ocrx_word' id='word_1_688' title='bbox 547 4213 640 4277; x_wconf 90' lang='lat' dir='ltr'><strong>sit,</strong></span> <span class='ocrx_word' id='word_1_689' title='bbox 675 4212 794 4265; x_wconf 83' lang='lat' dir='ltr'><strong>Non</strong></span> <span class='ocrx_word' id='word_1_690' title='bbox 818 4211 1039 4280; x_wconf 87' lang='lat' dir='ltr'><strong>populus</strong></span> <span class='ocrx_word' id='word_1_691' title='bbox 1089 4229 1254 4266; x_wconf 89' lang='lat' dir='ltr'><strong>meus.</strong></span> <span class='ocrx_word' id='word_1_692' title='bbox 1297 4214 1435 4267; x_wconf 89' lang='lat' dir='ltr'><strong>Inter</strong></span> <span class='ocrx_word' id='word_1_693' title='bbox 1462 4215 1689 4267; x_wconf 89' lang='lat' dir='ltr'><strong>ﬁliorum</strong></span> <span class='ocrx_word' id='word_1_694' title='bbox 1731 4225 1908 4268; x_wconf 90' lang='lat' dir='ltr'><strong>autem</strong></span> 
     </span>
    </p>
   </div>
   <div class='ocr_carea' id='block_1_96' title="bbox 328 4282 1907 4353">
    <p class='ocr_par' dir='ltr' id='par_1_96' title="bbox 328 4282 1907 4353">
     <span class='ocr_line' id='line_1_96' title="bbox 328 4282 1907 4353; baseline 0.001 -17"><span class='ocrx_word' id='word_1_695' title='bbox 328 4282 609 4351; x_wconf 85' lang='lat' dir='ltr'><strong>imagines,</strong></span> <span class='ocrx_word' id='word_1_696' title='bbox 634 4282 701 4337; x_wconf 89' lang='lat' dir='ltr'><strong>de</strong></span> <span class='ocrx_word' id='word_1_697' title='bbox 724 4284 836 4335; x_wconf 89' lang='lat' dir='ltr'><strong>sola</strong></span> <span class='ocrx_word' id='word_1_698' title='bbox 866 4292 1069 4337; x_wconf 90' lang='lat' dir='ltr'><strong>tantum</strong></span> <span class='ocrx_word' id='word_1_699' title='bbox 1118 4285 1317 4351; x_wconf 85' lang='lat' dir='ltr'><strong>puella,</strong></span> <span class='ocrx_word' id='word_1_700' title='bbox 1349 4284 1491 4353; x_wconf 91' lang='lat' dir='ltr'><strong>quod</strong></span> <span class='ocrx_word' id='word_1_701' title='bbox 1510 4284 1577 4337; x_wconf 86' lang='lat' dir='ltr'><strong>sit</strong></span> <span class='ocrx_word' id='word_1_702' title='bbox 1622 4286 1907 4353; x_wconf 85' lang='lat' dir='ltr'><strong>ablactata,</strong></span> 
     </span>
    </p>
   </div>
   <div class='ocr_carea' id='block_1_97' title="bbox 330 4354 1907 4421">
    <p class='ocr_par' dir='ltr' id='par_1_97' title="bbox 330 4354 1907 4421">
     <span class='ocr_line' id='line_1_97' title="bbox 330 4354 1907 4421; baseline -0.001 -13"><span class='ocrx_word' id='word_1_703' title='bbox 330 4365 681 4408; x_wconf 89' lang='lat' dir='ltr'><strong>memoratur:</strong></span> <span class='ocrx_word' id='word_1_704' title='bbox 708 4354 954 4407; x_wconf 89' lang='lat' dir='ltr'><strong>nimirum</strong></span> <span class='ocrx_word' id='word_1_705' title='bbox 988 4364 1044 4408; x_wconf 92' lang='lat' dir='ltr'><strong>ut</strong></span> <span class='ocrx_word' id='word_1_706' title='bbox 1092 4356 1361 4421; x_wconf 87' lang='lat' dir='ltr'><strong>ostendat,</strong></span> <span class='ocrx_word' id='word_1_707' title='bbox 1393 4356 1445 4408; x_wconf 93' lang='lat' dir='ltr'><strong>in</strong></span> <span class='ocrx_word' id='word_1_708' title='bbox 1477 4355 1662 4409; x_wconf 80' lang='lat' dir='ltr'><strong>decem</strong></span> <span class='ocrx_word' id='word_1_709' title='bbox 1715 4357 1907 4419; x_wconf 91' lang='lat' dir='ltr'><strong>tribus,</strong></span> 
     </span>
    </p>
   </div>
   <div class='ocr_carea' id='block_1_98' title="bbox 330 4424 1909 4494">
    <p class='ocr_par' dir='ltr' id='par_1_98' title="bbox 330 4424 1909 4494">
     <span class='ocr_line' id='line_1_98' title="bbox 330 4424 1909 4494; baseline 0.001 -16"><span class='ocrx_word' id='word_1_710' title='bbox 330 4424 493 4478; x_wconf 76' lang='lat' dir='ltr'><strong>illata:</strong></span> <span class='ocrx_word' id='word_1_711' title='bbox 515 4424 839 4489; x_wconf 89' lang='lat' dir='ltr'><strong>captivitatis</strong></span> <span class='ocrx_word' id='word_1_712' title='bbox 864 4425 1014 4494; x_wconf 89' lang='lat' dir='ltr'><strong>quasi</strong></span> <span class='ocrx_word' id='word_1_713' title='bbox 1044 4430 1381 4481; x_wconf 69' lang='lat' dir='ltr'><strong>convaluisse</strong></span> <span class='ocrx_word' id='word_1_714' title='bbox 1410 4429 1756 4480; x_wconf 87' lang='lat' dir='ltr'><strong>sententiam.</strong></span> <span class='ocrx_word' id='word_1_715' title='bbox 1801 4425 1909 4479; x_wconf 83' lang='lat' dir='ltr'><strong>Re-</strong></span> 
     </span>
    </p>
   </div>
   <div class='ocr_carea' id='block_1_99' title="bbox 333 4496 1914 4565">
    <p class='ocr_par' dir='ltr' id='par_1_99' title="bbox 333 4496 1914 4565">
     <span class='ocr_line' id='line_1_99' title="bbox 333 4496 1914 4565; baseline 0 -14"><span class='ocrx_word' id='word_1_716' title='bbox 333 4510 457 4565; x_wconf 71' lang='lat' dir='ltr'><strong>vera</strong></span> <span class='ocrx_word' id='word_1_717' title='bbox 509 4496 652 4548; x_wconf 93' lang='lat' dir='ltr'><strong>enim</strong></span> <span class='ocrx_word' id='word_1_718' title='bbox 713 4497 880 4549; x_wconf 89' lang='lat' dir='ltr'><strong>multo</strong></span> <span class='ocrx_word' id='word_1_719' title='bbox 936 4496 1143 4565; x_wconf 88' lang='lat' dir='ltr'><strong>longior</strong></span> <span class='ocrx_word' id='word_1_720' title='bbox 1180 4498 1366 4551; x_wconf 89' lang='lat' dir='ltr'><strong>decem</strong></span> <span class='ocrx_word' id='word_1_721' title='bbox 1425 4498 1659 4551; x_wconf 91' lang='lat' dir='ltr'><strong>tribuum</strong></span> <span class='ocrx_word' id='word_1_722' title='bbox 1719 4496 1914 4565; x_wconf 89' lang='lat' dir='ltr'><strong>legitur</strong></span> 
     </span>
    </p>
   </div>
   <div class='ocr_carea' id='block_1_100' title="bbox 331 4564 1908 4638">
    <p class='ocr_par' dir='ltr' id='par_1_100' title="bbox 331 4564 1908 4638">
     <span class='ocr_line' id='line_1_100' title="bbox 331 4564 1908 4638; baseline 0.001 -20"><span class='ocrx_word' id='word_1_723' title='bbox 331 4564 497 4622; x_wconf 84' lang='lat' dir='ltr'><strong>fuisse</strong></span> <span class='ocrx_word' id='word_1_724' title='bbox 519 4567 820 4634; x_wconf 87' lang='lat' dir='ltr'><strong>captivitas,</strong></span> <span class='ocrx_word' id='word_1_725' title='bbox 848 4575 904 4620; x_wconf 87' lang='lat' dir='ltr'><strong>et</strong></span> <span class='ocrx_word' id='word_1_726' title='bbox 946 4564 1066 4621; x_wconf 86' lang='lat' dir='ltr'><strong>ideo</strong></span> <span class='ocrx_word' id='word_1_727' title='bbox 1118 4570 1344 4638; x_wconf 90' lang='lat' dir='ltr'><strong>prolatio</strong></span> <span class='ocrx_word' id='word_1_728' title='bbox 1375 4569 1571 4629; x_wconf 66' lang='lat' dir='ltr'><strong>astatis,</strong></span> <span class='ocrx_word' id='word_1_729' title='bbox 1600 4576 1681 4621; x_wconf 87' lang='lat' dir='ltr'><strong>est</strong></span> <span class='ocrx_word' id='word_1_730' title='bbox 1736 4564 1908 4632; x_wconf 86' lang='lat' dir='ltr'><strong>puella</strong></span> 
     </span>
    </p>
   </div>
   <div class='ocr_carea' id='block_1_101' title="bbox 334 4638 1907 4707">
    <p class='ocr_par' dir='ltr' id='par_1_101' title="bbox 334 4638 1907 4707">
     <span class='ocr_line' id='line_1_101' title="bbox 334 4638 1907 4707; baseline -0.001 -15"><span class='ocrx_word' id='word_1_731' title='bbox 334 4639 689 4707; x_wconf 79' lang='lat' dir='ltr'><strong>ablactatiOne</strong></span> <span class='ocrx_word' id='word_1_732' title='bbox 717 4639 941 4706; x_wconf 86' lang='lat' dir='ltr'><strong>signata.</strong></span> <span class='ocrx_word' id='word_1_733' title='bbox 971 4638 1181 4692; x_wconf 87' lang='lat' dir='ltr'><strong>Tertius</strong></span> <span class='ocrx_word' id='word_1_734' title='bbox 1210 4649 1388 4693; x_wconf 90' lang='lat' dir='ltr'><strong>autem</strong></span> <span class='ocrx_word' id='word_1_735' title='bbox 1420 4638 1507 4707; x_wconf 89' lang='lat' dir='ltr'><strong>qui</strong></span> <span class='ocrx_word' id='word_1_736' title='bbox 1548 4639 1907 4706; x_wconf 86' lang='lat' dir='ltr'><strong>captivitatem</strong></span> 
     </span>
    </p>
   </div>
   <div class='ocr_carea' id='block_1_102' title="bbox 332 4706 1914 4778">
    <p class='ocr_par' dir='ltr' id='par_1_102' title="bbox 332 4706 1914 4778">
     <span class='ocr_line' id='line_1_102' title="bbox 332 4706 1914 4778; baseline 0 -17"><span class='ocrx_word' id='word_1_737' title='bbox 332 4706 485 4763; x_wconf 68' lang='lat' dir='ltr'><strong>Judte</strong></span> <span class='ocrx_word' id='word_1_738' title='bbox 513 4708 734 4763; x_wconf 87' lang='lat' dir='ltr'><strong>ultimus</strong></span> <span class='ocrx_word' id='word_1_739' title='bbox 758 4708 1066 4778; x_wconf 88' lang='lat' dir='ltr'><strong>pollicetur,</strong></span> <span class='ocrx_word' id='word_1_740' title='bbox 1096 4725 1287 4765; x_wconf 90' lang='lat' dir='ltr'><strong>nomen</strong></span> <span class='ocrx_word' id='word_1_741' title='bbox 1337 4706 1568 4778; x_wconf 85' lang='lat' dir='ltr'><strong>accepit,</strong></span> <span class='ocrx_word' id='word_1_742' title='bbox 1598 4708 1721 4763; x_wconf 87' lang='lat' dir='ltr'><strong>Non</strong></span> <span class='ocrx_word' id='word_1_743' title='bbox 1748 4723 1914 4778; x_wconf 82' lang='lat' dir='ltr'><strong>popu-</strong></span> 
     </span>
    </p>
   </div>
   <div class='ocr_carea' id='block_1_103' title="bbox 335 4779 1917 4846">
    <p class='ocr_par' dir='ltr' id='par_1_103' title="bbox 335 4779 1917 4846">
     <span class='ocr_line' id='line_1_103' title="bbox 335 4779 1917 4846; baseline 0 -15"><span class='ocrx_word' id='word_1_744' title='bbox 335 4779 415 4833; x_wconf 74' lang='grc' dir='ltr'><strong>ιω</strong></span> <span class='ocrx_word' id='word_1_745' title='bbox 441 4795 603 4833; x_wconf 84' lang='lat' dir='ltr'><strong>meus.</strong></span> <span class='ocrx_word' id='word_1_746' title='bbox 632 4780 895 4846; x_wconf 86' lang='lat' dir='ltr'><strong>Quamdiu</strong></span> <span class='ocrx_word' id='word_1_747' title='bbox 940 4780 1083 4834; x_wconf 88' lang='lat' dir='ltr'><strong>enim</strong></span> <span class='ocrx_word' id='word_1_748' title='bbox 1136 4782 1219 4836; x_wconf 91' lang='lat' dir='ltr'><strong>vel</strong></span> <span class='ocrx_word' id='word_1_749' title='bbox 1264 4780 1399 4836; x_wconf 83' lang='lat' dir='ltr'><strong>Juda</strong></span> <span class='ocrx_word' id='word_1_750' title='bbox 1452 4784 1501 4833; x_wconf 90' lang='lat' dir='ltr'><strong>iu</strong></span> <span class='ocrx_word' id='word_1_751' title='bbox 1560 4780 1670 4833; x_wconf 79' lang='lat' dir='ltr'><strong>suis</strong></span> <span class='ocrx_word' id='word_1_752' title='bbox 1726 4782 1917 4832; x_wconf 87' lang='lat' dir='ltr'><strong>linilms</strong></span> 
     </span>
    </p>
   </div>
   <div class='ocr_carea' id='block_1_104' title="bbox 336 4849 1916 4920">
    <p class='ocr_par' dir='ltr' id='par_1_104' title="bbox 336 4849 1916 4920">
     <span class='ocr_line' id='line_1_104' title="bbox 336 4849 1916 4920; baseline 0.001 -18"><span class='ocrx_word' id='word_1_753' title='bbox 336 4852 553 4915; x_wconf 84' lang='lat' dir='ltr'><strong>mansit,</strong></span> <span class='ocrx_word' id='word_1_754' title='bbox 581 4849 866 4904; x_wconf 87' lang='lat' dir='ltr'><strong>eratturba</strong></span> <span class='ocrx_word' id='word_1_755' title='bbox 887 4866 1005 4918; x_wconf 77' lang='lat' dir='ltr'><strong>qua:</strong></span> <span class='ocrx_word' id='word_1_756' title='bbox 1040 4851 1130 4905; x_wconf 88' lang='lat' dir='ltr'><strong>Dei</strong></span> <span class='ocrx_word' id='word_1_757' title='bbox 1159 4852 1386 4920; x_wconf 87' lang='lat' dir='ltr'><strong>populus</strong></span> <span class='ocrx_word' id='word_1_758' title='bbox 1418 4852 1688 4905; x_wconf 89' lang='lat' dir='ltr'><strong>diceretur</strong></span> <span class='ocrx_word' id='word_1_759' title='bbox 1720 4867 1732 4901; x_wconf 91' lang='lat'><strong>:</strong></span> <span class='ocrx_word' id='word_1_760' title='bbox 1770 4857 1916 4917; x_wconf 85' lang='lat' dir='ltr'><strong>post-</strong></span> 
     </span>
    </p>
   </div>
   <div class='ocr_carea' id='block_1_105' title="bbox 335 4921 1916 4992">
    <p class='ocr_par' dir='ltr' id='par_1_105' title="bbox 335 4921 1916 4992">
     <span class='ocr_line' id='line_1_105' title="bbox 335 4921 1916 4992; baseline 0.001 -19"><span class='ocrx_word' id='word_1_761' title='bbox 335 4934 494 4992; x_wconf 80' lang='lat' dir='ltr'><strong>quam</strong></span> <span class='ocrx_word' id='word_1_762' title='bbox 527 4936 655 4975; x_wconf 88' lang='lat' dir='ltr'><strong>vero</strong></span> <span class='ocrx_word' id='word_1_763' title='bbox 676 4923 835 4975; x_wconf 88' lang='lat' dir='ltr'><strong>etiam</strong></span> <span class='ocrx_word' id='word_1_764' title='bbox 866 4922 1037 4990; x_wconf 92' lang='lat' dir='ltr'><strong>ipsum</strong></span> <span class='ocrx_word' id='word_1_765' title='bbox 1068 4922 1387 4991; x_wconf 88' lang='lat' dir='ltr'><strong>captivitatis</strong></span> <span class='ocrx_word' id='word_1_766' title='bbox 1415 4922 1649 4992; x_wconf 88' lang='lat' dir='ltr'><strong>procella</strong></span> <span class='ocrx_word' id='word_1_767' title='bbox 1675 4921 1916 4992; x_wconf 86' lang='lat' dir='ltr'><strong>convel-</strong></span> 
     </span>
    </p>
   </div>
   <div class='ocr_carea' id='block_1_106' title="bbox 338 4989 1916 5053">
    <p class='ocr_par' dir='ltr' id='par_1_106' title="bbox 338 4989 1916 5053">
     <span class='ocr_line' id='line_1_106' title="bbox 338 4989 1916 5053; baseline 0.002 -11"><span class='ocrx_word' id='word_1_768' title='bbox 338 4989 420 5053; x_wconf 92' lang='lat' dir='ltr'><strong>lit,</strong></span> <span class='ocrx_word' id='word_1_769' title='bbox 452 4993 598 5045; x_wconf 90' lang='lat' dir='ltr'><strong>visus</strong></span> <span class='ocrx_word' id='word_1_770' title='bbox 629 5003 708 5046; x_wconf 90' lang='lat' dir='ltr'><strong>est</strong></span> <span class='ocrx_word' id='word_1_771' title='bbox 749 5008 778 5044; x_wconf 89' lang='lat' dir='ltr'><strong>a</strong></span> <span class='ocrx_word' id='word_1_772' title='bbox 808 4989 1147 5047; x_wconf 74' lang='lat' dir='ltr'><strong>confusione</strong></span> <span class='ocrx_word' id='word_1_773' title='bbox 1177 4989 1465 5048; x_wconf 71' lang='lat' dir='ltr'><strong>Gentilium</strong></span> <span class='ocrx_word' id='word_1_774' title='bbox 1522 4993 1609 5045; x_wconf 91' lang='lat' dir='ltr'><strong>ille</strong></span> <span class='ocrx_word' id='word_1_775' title='bbox 1653 4991 1916 5046; x_wconf 90' lang='lat' dir='ltr'><strong>discretus</strong></span> 
     </span>
    </p>
   </div>
   <div class='ocr_carea' id='block_1_107' title="bbox 339 5062 1914 5133">
    <p class='ocr_par' dir='ltr' id='par_1_107' title="bbox 339 5062 1914 5133">
     <span class='ocr_line' id='line_1_107' title="bbox 339 5062 1914 5133; baseline -0.001 -18"><span class='ocrx_word' id='word_1_776' title='bbox 339 5071 461 5133; x_wconf 73' lang='lat' dir='ltr'><strong>ante</strong></span> <span class='ocrx_word' id='word_1_777' title='bbox 485 5065 710 5132; x_wconf 89' lang='lat' dir='ltr'><strong>pupulus</strong></span> <span class='ocrx_word' id='word_1_778' title='bbox 748 5062 1078 5130; x_wconf 89' lang='lat' dir='ltr'><strong>disperiisse.</strong></span> <span class='ocrx_word' id='word_1_779' title='bbox 1112 5062 1174 5117; x_wconf 87' lang='lat' dir='ltr'><strong>Et</strong></span> <span class='ocrx_word' id='word_1_780' title='bbox 1199 5066 1318 5118; x_wconf 86' lang='lat' dir='ltr'><strong>ideo</strong></span> <span class='ocrx_word' id='word_1_781' title='bbox 1345 5064 1456 5117; x_wconf 91' lang='lat' dir='ltr'><strong>ait:</strong></span> <span class='ocrx_word' id='word_1_782' title='bbox 1496 5062 1592 5116; x_wconf 89' lang='lat' dir='ltr'><strong>Vos</strong></span> <span class='ocrx_word' id='word_1_783' title='bbox 1615 5079 1717 5115; x_wconf 86' lang='lat' dir='ltr'><strong>non</strong></span> <span class='ocrx_word' id='word_1_784' title='bbox 1748 5079 1914 5133; x_wconf 85' lang='lat' dir='ltr'><strong>popu-</strong></span> 
     </span>
    </p>
   </div>
   <div class='ocr_carea' id='block_1_108' title="bbox 339 5130 1920 5206">
    <p class='ocr_par' dir='ltr' id='par_1_108' title="bbox 339 5130 1920 5206">
     <span class='ocr_line' id='line_1_108' title="bbox 339 5130 1920 5206; baseline 0.003 -25"><span class='ocrx_word' id='word_1_785' title='bbox 339 5130 421 5186; x_wconf 91' lang='lat' dir='ltr'><strong>lus</strong></span> <span class='ocrx_word' id='word_1_786' title='bbox 438 5130 599 5199; x_wconf 79' lang='lat' dir='ltr'><strong>meus,</strong></span> <span class='ocrx_word' id='word_1_787' title='bbox 619 5144 663 5187; x_wconf 85' lang='lat' dir='ltr'><strong>et</strong></span> <span class='ocrx_word' id='word_1_788' title='bbox 690 5150 782 5206; x_wconf 90' lang='lat' dir='ltr'><strong>ego</strong></span> <span class='ocrx_word' id='word_1_789' title='bbox 806 5150 909 5187; x_wconf 88' lang='lat' dir='ltr'><strong>non</strong></span> <span class='ocrx_word' id='word_1_790' title='bbox 926 5146 1012 5189; x_wconf 82' lang='lat' dir='ltr'><strong>ero</strong></span> <span class='ocrx_word' id='word_1_791' title='bbox 1029 5145 1187 5189; x_wconf 83' lang='lat' dir='ltr'><strong>vester</strong></span> <span class='ocrx_word' id='word_1_792' title='bbox 1206 5133 1342 5188; x_wconf 84' lang='lat' dir='ltr'><strong>Deus</strong></span> <span class='ocrx_word' id='word_1_793' title='bbox 1358 5149 1376 5186; x_wconf 92' lang='lat'><strong>:</strong></span> <span class='ocrx_word' id='word_1_794' title='bbox 1394 5135 1553 5200; x_wconf 90' lang='lat' dir='ltr'><strong>idest,</strong></span> <span class='ocrx_word' id='word_1_795' title='bbox 1585 5134 1685 5206; x_wconf 88' lang='lat' dir='ltr'><strong>boc</strong></span> <span class='ocrx_word' id='word_1_796' title='bbox 1710 5130 1754 5187; x_wconf 14' lang='lat' dir='ltr'><strong>a7</strong></span> <span class='ocrx_word' id='word_1_797' title='bbox 1770 5130 1920 5187; x_wconf 84' lang='lat' dir='ltr'><strong>vobis</strong></span> 
     </span>
    </p>
   </div>
   <div class='ocr_carea' id='block_1_109' title="bbox 336 5205 1919 5276">
    <p class='ocr_par' dir='ltr' id='par_1_109' title="bbox 336 5205 1919 5276">
     <span class='ocr_line' id='line_1_109' title="bbox 336 5205 1919 5276; baseline 0.001 -22"><span class='ocrx_word' id='word_1_798' title='bbox 336 5206 613 5276; x_wconf 77' lang='lat' dir='ltr'><strong>auferetur</strong></span> <span class='ocrx_word' id='word_1_799' title='bbox 644 5205 872 5275; x_wconf 73' lang='lat' dir='ltr'><strong>insigne,</strong></span> <span class='ocrx_word' id='word_1_800' title='bbox 901 5222 1006 5276; x_wconf 90' lang='lat' dir='ltr'><strong>quo</strong></span> <span class='ocrx_word' id='word_1_801' title='bbox 1027 5209 1190 5260; x_wconf 88' lang='lat' dir='ltr'><strong>eratis</strong></span> <span class='ocrx_word' id='word_1_802' title='bbox 1229 5220 1353 5259; x_wconf 88' lang='lat' dir='ltr'><strong>ame</strong></span> <span class='ocrx_word' id='word_1_803' title='bbox 1391 5205 1691 5274; x_wconf 73' lang='lat' dir='ltr'><strong>conspicui,</strong></span> <span class='ocrx_word' id='word_1_804' title='bbox 1723 5220 1791 5258; x_wconf 91' lang='lat' dir='ltr'><strong>ne</strong></span> <span class='ocrx_word' id='word_1_805' title='bbox 1822 5219 1919 5272; x_wconf 89' lang='lat' dir='ltr'><strong>po-</strong></span> 
     </span>
    </p>
   </div>
   <div class='ocr_carea' id='block_1_110' title="bbox 343 5274 1918 5345">
    <p class='ocr_par' dir='ltr' id='par_1_110' title="bbox 343 5274 1918 5345">
     <span class='ocr_line' id='line_1_110' title="bbox 343 5274 1918 5345; baseline 0.001 -20"><span class='ocrx_word' id='word_1_806' title='bbox 343 5274 499 5340; x_wconf 89' lang='lat' dir='ltr'><strong>pulus</strong></span> <span class='ocrx_word' id='word_1_807' title='bbox 532 5275 623 5330; x_wconf 91' lang='lat' dir='ltr'><strong>Dei</strong></span> <span class='ocrx_word' id='word_1_808' title='bbox 654 5278 704 5327; x_wconf 92' lang='lat' dir='ltr'><strong>in</strong></span> <span class='ocrx_word' id='word_1_809' title='bbox 735 5274 845 5329; x_wconf 81' lang='lat' dir='ltr'><strong>toto</strong></span> <span class='ocrx_word' id='word_1_810' title='bbox 871 5274 1005 5331; x_wconf 84' lang='lat' dir='ltr'><strong>urbe</strong></span> <span class='ocrx_word' id='word_1_811' title='bbox 1045 5277 1321 5338; x_wconf 87' lang='lat' dir='ltr'><strong>dicamini,</strong></span> <span class='ocrx_word' id='word_1_812' title='bbox 1353 5290 1451 5329; x_wconf 84' lang='lat' dir='ltr'><strong>nec</strong></span> <span class='ocrx_word' id='word_1_813' title='bbox 1493 5290 1593 5345; x_wconf 86' lang='lat' dir='ltr'><strong>ego</strong></span> <span class='ocrx_word' id='word_1_814' title='bbox 1645 5277 1918 5344; x_wconf 86' lang='lat' dir='ltr'><strong>princeps,</strong></span> 
     </span>
    </p>
   </div>
   <div class='ocr_carea' id='block_1_111' title="bbox 342 5346 1921 5418">
    <p class='ocr_par' dir='ltr' id='par_1_111' title="bbox 342 5346 1921 5418">
     <span class='ocr_line' id='line_1_111' title="bbox 342 5346 1921 5418; baseline 0.001 -22"><span class='ocrx_word' id='word_1_815' title='bbox 342 5357 442 5418; x_wconf 78' lang='lat' dir='ltr'><strong>uec</strong></span> <span class='ocrx_word' id='word_1_816' title='bbox 466 5346 602 5400; x_wconf 85' lang='lat' dir='ltr'><strong>Deus</strong></span> <span class='ocrx_word' id='word_1_817' title='bbox 630 5356 809 5401; x_wconf 77' lang='lat' dir='ltr'><strong>vester</strong></span> <span class='ocrx_word' id='word_1_818' title='bbox 862 5347 1121 5418; x_wconf 88' lang='lat' dir='ltr'><strong>appeller;</strong></span> <span class='ocrx_word' id='word_1_819' title='bbox 1143 5348 1343 5415; x_wconf 83' lang='lat' dir='ltr'><strong>justum</strong></span> <span class='ocrx_word' id='word_1_820' title='bbox 1394 5358 1477 5400; x_wconf 90' lang='lat' dir='ltr'><strong>est</strong></span> <span class='ocrx_word' id='word_1_821' title='bbox 1515 5346 1657 5401; x_wconf 91' lang='lat' dir='ltr'><strong>enim</strong></span> <span class='ocrx_word' id='word_1_822' title='bbox 1719 5357 1774 5399; x_wconf 93' lang='lat' dir='ltr'><strong>ut</strong></span> <span class='ocrx_word' id='word_1_823' title='bbox 1814 5347 1921 5418; x_wconf 76' lang='lat' dir='ltr'><strong>qui</strong></span> 
     </span>
    </p>
   </div>
   <div class='ocr_carea' id='block_1_112' title="bbox 342 5413 1925 5489">
    <p class='ocr_par' dir='ltr' id='par_1_112' title="bbox 342 5413 1925 5489">
     <span class='ocr_line' id='line_1_112' title="bbox 342 5413 1925 5489; baseline 0.001 -22"><span class='ocrx_word' id='word_1_824' title='bbox 342 5413 579 5470; x_wconf 87' lang='lat' dir='ltr'><strong>instituta</strong></span> <span class='ocrx_word' id='word_1_825' title='bbox 607 5433 773 5472; x_wconf 80' lang='lat' dir='ltr'><strong>sacra:</strong></span> <span class='ocrx_word' id='word_1_826' title='bbox 801 5413 1069 5489; x_wconf 44' lang='lat' dir='ltr'><strong>legis—qua:</strong></span> <span class='ocrx_word' id='word_1_827' title='bbox 1102 5413 1195 5474; x_wconf 84' lang='lat' dir='ltr'><strong>vos</strong></span> <span class='ocrx_word' id='word_1_828' title='bbox 1225 5435 1253 5472; x_wconf 91' lang='lat' dir='ltr'><strong>a</strong></span> <span class='ocrx_word' id='word_1_829' title='bbox 1281 5418 1493 5473; x_wconf 64' lang='lat' dir='ltr'><strong>steteris</strong></span> <span class='ocrx_word' id='word_1_830' title='bbox 1520 5418 1767 5487; x_wconf 86' lang='lat' dir='ltr'><strong>gentibus</strong></span> <span class='ocrx_word' id='word_1_831' title='bbox 1794 5413 1925 5470; x_wconf 87' lang='lat' dir='ltr'><strong>diri-</strong></span> 
     </span>
    </p>
   </div>
   <div class='ocr_carea' id='block_1_113' title="bbox 416 5579 1925 5653">
    <p class='ocr_par' dir='ltr' id='par_1_113' title="bbox 416 5579 1925 5653">
     <span class='ocr_line' id='line_1_113' title="bbox 416 5579 1925 5653; baseline -0.004 -18"><span class='ocrx_word' id='word_1_832' title='bbox 416 5588 441 5615; x_wconf 76' lang='grc'><strong><em>⁸</em></strong></span> <span class='ocrx_word' id='word_1_833' title='bbox 470 5580 622 5653; x_wconf 76' lang='lat' dir='ltr'><strong>Paria</strong></span> <span class='ocrx_word' id='word_1_834' title='bbox 647 5580 730 5635; x_wconf 90' lang='lat' dir='ltr'><strong>bis</strong></span> <span class='ocrx_word' id='word_1_835' title='bbox 761 5581 1314 5653; x_wconf 83' lang='lat' dir='ltr'><strong>babetllieronymus,</strong></span> <span class='ocrx_word' id='word_1_836' title='bbox 1361 5581 1590 5637; x_wconf 84' lang='lat' dir='ltr'><strong>Salvavit</strong></span> <span class='ocrx_word' id='word_1_837' title='bbox 1635 5579 1925 5653; x_wconf 33' lang='lat' dir='ltr'><strong>eosJenim,</strong></span> 
     </span>
    </p>
   </div>
   <div class='ocr_carea' id='block_1_114' title="bbox 344 5650 1928 5721">
    <p class='ocr_par' dir='ltr' id='par_1_114' title="bbox 344 5650 1928 5721">
     <span class='ocr_line' id='line_1_114' title="bbox 344 5650 1928 5721; baseline -0.003 -17"><span class='ocrx_word' id='word_1_838' title='bbox 344 5654 548 5720; x_wconf 82' lang='lat' dir='ltr'><strong>quando</strong></span> <span class='ocrx_word' id='word_1_839' title='bbox 581 5651 746 5705; x_wconf 82' lang='lat' dir='ltr'><strong>Israel</strong></span> <span class='ocrx_word' id='word_1_840' title='bbox 774 5653 993 5721; x_wconf 68' lang='lat' dir='ltr'><strong>Assyriis</strong></span> <span class='ocrx_word' id='word_1_841' title='bbox 1034 5650 1251 5707; x_wconf 73' lang='lat' dir='ltr'><strong>traditus</strong></span> <span class='ocrx_word' id='word_1_842' title='bbox 1284 5665 1378 5716; x_wconf 80' lang='lat' dir='ltr'><strong>est,</strong></span> <span class='ocrx_word' id='word_1_843' title='bbox 1421 5656 1483 5706; x_wconf 85' lang='lat' dir='ltr'><strong>de</strong></span> <span class='ocrx_word' id='word_1_844' title='bbox 1515 5668 1675 5704; x_wconf 85' lang='lat' dir='ltr'><strong>manu</strong></span> <span class='ocrx_word' id='word_1_845' title='bbox 1721 5650 1928 5703; x_wconf 73' lang='lat' dir='ltr'><strong>Semin-</strong></span> 
     </span>
    </p>
   </div>
   <div class='ocr_carea' id='block_1_115' title="bbox 345 5723 1927 5791">
    <p class='ocr_par' dir='ltr' id='par_1_115' title="bbox 345 5723 1927 5791">
     <span class='ocr_line' id='line_1_115' title="bbox 345 5723 1927 5791; baseline -0.001 -16"><span class='ocrx_word' id='word_1_846' title='bbox 345 5724 535 5786; x_wconf 85' lang='lat' dir='ltr'><strong>cherib,</strong></span> <span class='ocrx_word' id='word_1_847' title='bbox 566 5740 669 5775; x_wconf 87' lang='lat' dir='ltr'><strong>non</strong></span> <span class='ocrx_word' id='word_1_848' title='bbox 699 5726 749 5776; x_wconf 89' lang='lat' dir='ltr'><strong>in</strong></span> <span class='ocrx_word' id='word_1_849' title='bbox 781 5739 904 5775; x_wconf 91' lang='lat' dir='ltr'><strong>arcu</strong></span> <span class='ocrx_word' id='word_1_850' title='bbox 943 5733 988 5773; x_wconf 89' lang='lat' dir='ltr'><strong>et</strong></span> <span class='ocrx_word' id='word_1_851' title='bbox 1029 5723 1199 5791; x_wconf 84' lang='lat' dir='ltr'><strong>gladio</strong></span> <span class='ocrx_word' id='word_1_852' title='bbox 1231 5735 1279 5777; x_wconf 88' lang='lat' dir='ltr'><strong>et</strong></span> <span class='ocrx_word' id='word_1_853' title='bbox 1314 5725 1464 5788; x_wconf 85' lang='lat' dir='ltr'><strong>bello,</strong></span> <span class='ocrx_word' id='word_1_854' title='bbox 1492 5734 1547 5789; x_wconf 83' lang='lat' dir='ltr'><strong>et</strong></span> <span class='ocrx_word' id='word_1_855' title='bbox 1592 5724 1643 5774; x_wconf 86' lang='lat' dir='ltr'><strong>in</strong></span> <span class='ocrx_word' id='word_1_856' title='bbox 1703 5724 1927 5791; x_wconf 87' lang='lat' dir='ltr'><strong>equitum</strong></span> 
     </span>
    </p>
   </div>
   <div class='ocr_carea' id='block_1_116' title="bbox 346 5793 1924 5864">
    <p class='ocr_par' dir='ltr' id='par_1_116' title="bbox 346 5793 1924 5864">
     <span class='ocr_line' id='line_1_116' title="bbox 346 5793 1924 5864; baseline 0 -20"><span class='ocrx_word' id='word_1_857' title='bbox 346 5795 690 5856; x_wconf 86' lang='lat' dir='ltr'><strong>multitudine,</strong></span> <span class='ocrx_word' id='word_1_858' title='bbox 716 5794 805 5846; x_wconf 85' lang='lat' dir='ltr'><strong>sed</strong></span> <span class='ocrx_word' id='word_1_859' title='bbox 835 5794 885 5845; x_wconf 89' lang='lat' dir='ltr'><strong>in</strong></span> <span class='ocrx_word' id='word_1_860' title='bbox 913 5809 1004 5845; x_wconf 82' lang='lat' dir='ltr'><strong>suo</strong></span> <span class='ocrx_word' id='word_1_861' title='bbox 1034 5793 1234 5856; x_wconf 76' lang='lat' dir='ltr'><strong>robore,</strong></span> <span class='ocrx_word' id='word_1_862' title='bbox 1258 5798 1462 5864; x_wconf 84' lang='lat' dir='ltr'><strong>quando</strong></span> <span class='ocrx_word' id='word_1_863' title='bbox 1489 5796 1624 5847; x_wconf 87' lang='lat' dir='ltr'><strong>misit</strong></span> <span class='ocrx_word' id='word_1_864' title='bbox 1653 5794 1924 5861; x_wconf 76' lang='lat' dir='ltr'><strong>Angelum,</strong></span> 
     </span>
    </p>
   </div>
   <div class='ocr_carea' id='block_1_117' title="bbox 349 5864 1930 5936">
    <p class='ocr_par' dir='ltr' id='par_1_117' title="bbox 349 5864 1930 5936">
     <span class='ocr_line' id='line_1_117' title="bbox 349 5864 1930 5936; baseline 0.001 -21"><span class='ocrx_word' id='word_1_865' title='bbox 349 5872 394 5916; x_wconf 86' lang='lat' dir='ltr'><strong>et</strong></span> <span class='ocrx_word' id='word_1_866' title='bbox 414 5866 660 5936; x_wconf 76' lang='lat' dir='ltr'><strong>percussit</strong></span> <span class='ocrx_word' id='word_1_867' title='bbox 684 5864 745 5919; x_wconf 90' lang='lat' dir='ltr'><strong>de</strong></span> <span class='ocrx_word' id='word_1_868' title='bbox 773 5867 995 5917; x_wconf 59' lang='lat' dir='ltr'><strong>exercitu</strong></span> <span class='ocrx_word' id='word_1_869' title='bbox 1021 5865 1151 5932; x_wconf 86' lang='lat' dir='ltr'><strong>regis</strong></span> <span class='ocrx_word' id='word_1_870' title='bbox 1178 5865 1501 5935; x_wconf 75' lang='lat' dir='ltr'><strong>Assyriorum</strong></span> <span class='ocrx_word' id='word_1_871' title='bbox 1517 5883 1619 5919; x_wconf 87' lang='lat' dir='ltr'><strong>una</strong></span> <span class='ocrx_word' id='word_1_872' title='bbox 1646 5874 1788 5918; x_wconf 76' lang='lat' dir='ltr'><strong>nocte</strong></span> <span class='ocrx_word' id='word_1_873' title='bbox 1813 5880 1930 5917; x_wconf 85' lang='lat' dir='ltr'><strong>ceu-</strong></span> 
     </span>
    </p>
   </div>
   <div class='ocr_carea' id='block_1_118' title="bbox 715 5955 1188 6055">
    <p class='ocr_par' dir='ltr' id='par_1_118' title="bbox 715 5955 1188 6055">
     <span class='ocr_line' id='line_1_118' title="bbox 715 5955 1188 6055; baseline -0.006 -38"><span class='ocrx_word' id='word_1_874' title='bbox 715 5958 879 6017; x_wconf 74' lang='lat' dir='ltr'><strong>PATB</strong></span> <span class='ocrx_word' id='word_1_875' title='bbox 1039 5955 1188 6014; x_wconf 69' lang='lat' dir='ltr'><strong>XXI</strong></span> 
     </span>
    </p>
   </div>
   <div class='ocr_carea' id='block_1_119' title="bbox 2011 3325 3601 3394">
    <p class='ocr_par' dir='ltr' id='par_1_119' title="bbox 2011 3325 3601 3394">
     <span class='ocr_line' id='line_1_119' title="bbox 2011 3325 3601 3394; baseline -0.003 -13"><span class='ocrx_word' id='word_1_876' title='bbox 2011 3338 2221 3391; x_wconf 87' lang='lat' dir='ltr'><strong>runt,et</strong></span> <span class='ocrx_word' id='word_1_877' title='bbox 2251 3327 2319 3381; x_wconf 85' lang='lat' dir='ltr'><strong>de</strong></span> <span class='ocrx_word' id='word_1_878' title='bbox 2341 3342 2444 3394; x_wconf 90' lang='lat' dir='ltr'><strong>quo</strong></span> <span class='ocrx_word' id='word_1_879' title='bbox 2474 3340 2627 3393; x_wconf 86' lang='lat' dir='ltr'><strong>supra</strong></span> <span class='ocrx_word' id='word_1_880' title='bbox 2659 3325 3103 3391; x_wconf 78' lang='lat' dir='ltr'><strong>dixitl’ropheta,</strong></span> <span class='ocrx_word' id='word_1_881' title='bbox 3132 3336 3389 3377; x_wconf 89' lang='lat' dir='ltr'><strong>conteram</strong></span> <span class='ocrx_word' id='word_1_882' title='bbox 3422 3342 3601 3378; x_wconf 88' lang='lat' dir='ltr'><strong>arcum</strong></span> 
     </span>
    </p>
   </div>
   <div class='ocr_carea' id='block_1_120' title="bbox 2011 3394 3602 3451">
    <p class='ocr_par' dir='ltr' id='par_1_120' title="bbox 2011 3394 3602 3451">
     <span class='ocr_line' id='line_1_120' title="bbox 2011 3394 3602 3451; baseline 0.001 -2"><span class='ocrx_word' id='word_1_883' title='bbox 2011 3397 2182 3451; x_wconf 81' lang='lat' dir='ltr'><strong>Israel</strong></span> <span class='ocrx_word' id='word_1_884' title='bbox 2212 3399 2264 3451; x_wconf 87' lang='lat' dir='ltr'><strong>in</strong></span> <span class='ocrx_word' id='word_1_885' title='bbox 2292 3396 2423 3451; x_wconf 90' lang='lat' dir='ltr'><strong>valle</strong></span> <span class='ocrx_word' id='word_1_886' title='bbox 2444 3394 2662 3449; x_wconf 83' lang='lat' dir='ltr'><strong>Jesrael.</strong></span> <span class='ocrx_word' id='word_1_887' title='bbox 2691 3397 2756 3449; x_wconf 81' lang='lat' dir='ltr'><strong>Et</strong></span> <span class='ocrx_word' id='word_1_888' title='bbox 2784 3399 2884 3449; x_wconf 89' lang='lat' dir='ltr'><strong>boc</strong></span> <span class='ocrx_word' id='word_1_889' title='bbox 2920 3404 3158 3449; x_wconf 77' lang='lat' dir='ltr'><strong>assumet</strong></span> <span class='ocrx_word' id='word_1_890' title='bbox 3205 3399 3255 3448; x_wconf 89' lang='lat' dir='ltr'><strong>in</strong></span> <span class='ocrx_word' id='word_1_891' title='bbox 3289 3399 3602 3450; x_wconf 85' lang='lat' dir='ltr'><strong>memoriam</strong></span> 
     </span>
    </p>
   </div>
   <div class='ocr_carea' id='block_1_121' title="bbox 2010 3466 3604 3538">
    <p class='ocr_par' dir='ltr' id='par_1_121' title="bbox 2010 3466 3604 3538">
     <span class='ocr_line' id='line_1_121' title="bbox 2010 3466 3604 3538; baseline -0.001 -16"><span class='ocrx_word' id='word_1_892' title='bbox 2010 3471 2239 3538; x_wconf 92' lang='lat' dir='ltr'><strong>populus</strong></span> <span class='ocrx_word' id='word_1_893' title='bbox 2273 3472 2559 3535; x_wconf 85' lang='lat' dir='ltr'><strong>liberatus,</strong></span> <span class='ocrx_word' id='word_1_894' title='bbox 2602 3476 2656 3520; x_wconf 92' lang='lat' dir='ltr'><strong>ut</strong></span> <span class='ocrx_word' id='word_1_895' title='bbox 2713 3466 2903 3534; x_wconf 84' lang='lat' dir='ltr'><strong>gaudia</strong></span> <span class='ocrx_word' id='word_1_896' title='bbox 2937 3468 3052 3534; x_wconf 81' lang='lat' dir='ltr'><strong>ejus</strong></span> <span class='ocrx_word' id='word_1_897' title='bbox 3088 3482 3159 3538; x_wconf 10' lang='lat' dir='ltr'><strong>rex</strong></span> <span class='ocrx_word' id='word_1_898' title='bbox 3200 3470 3604 3538; x_wconf 83' lang='lat' dir='ltr'><strong>comparatione</strong></span> 
     </span>
    </p>
   </div>
   <div class='ocr_carea' id='block_1_122' title="bbox 2009 3537 3605 3608">
    <p class='ocr_par' dir='ltr' id='par_1_122' title="bbox 2009 3537 3605 3608">
     <span class='ocr_line' id='line_1_122' title="bbox 2009 3537 3605 3608; baseline 0.001 -17"><span class='ocrx_word' id='word_1_899' title='bbox 2009 3537 2406 3608; x_wconf 87' lang='lat' dir='ltr'><strong>grandescant:</strong></span> <span class='ocrx_word' id='word_1_900' title='bbox 2442 3541 2523 3591; x_wconf 88' lang='lat' dir='ltr'><strong>vel</strong></span> <span class='ocrx_word' id='word_1_901' title='bbox 2562 3547 2707 3591; x_wconf 89' lang='lat' dir='ltr'><strong>certe</strong></span> <span class='ocrx_word' id='word_1_902' title='bbox 2737 3539 3028 3592; x_wconf 82' lang='lat' dir='ltr'><strong>.lesralielis</strong></span> <span class='ocrx_word' id='word_1_903' title='bbox 3082 3537 3247 3603; x_wconf 72' lang='lat' dir='ltr'><strong>ipsius</strong></span> <span class='ocrx_word' id='word_1_904' title='bbox 3287 3537 3605 3599; x_wconf 83' lang='lat' dir='ltr'><strong>interpreta-</strong></span> 
     </span>
    </p>
   </div>
   <div class='ocr_carea' id='block_1_123' title="bbox 2010 3609 3601 3677">
    <p class='ocr_par' dir='ltr' id='par_1_123' title="bbox 2010 3609 3601 3677">
     <span class='ocr_line' id='line_1_123' title="bbox 2010 3609 3601 3677; baseline 0 -14"><span class='ocrx_word' id='word_1_905' title='bbox 2010 3612 2211 3664; x_wconf 90' lang='lat' dir='ltr'><strong>tionem</strong></span> <span class='ocrx_word' id='word_1_906' title='bbox 2238 3611 2343 3666; x_wconf 91' lang='lat' dir='ltr'><strong>sibi</strong></span> <span class='ocrx_word' id='word_1_907' title='bbox 2372 3613 2658 3664; x_wconf 91' lang='lat' dir='ltr'><strong>convenire</strong></span> <span class='ocrx_word' id='word_1_908' title='bbox 2684 3609 2955 3671; x_wconf 81' lang='lat' dir='ltr'><strong>clamabit;</strong></span> <span class='ocrx_word' id='word_1_909' title='bbox 2988 3610 3233 3675; x_wconf 60' lang='lat' dir='ltr'><strong>exprimit</strong></span> <span class='ocrx_word' id='word_1_910' title='bbox 3259 3609 3519 3677; x_wconf 88' lang='lat' dir='ltr'><strong>siquidem</strong></span> <span class='ocrx_word' id='word_1_911' title='bbox 3550 3611 3601 3663; x_wconf 89' lang='lat' dir='ltr'><strong>in</strong></span> 
     </span>
    </p>
   </div>
   <div class='ocr_carea' id='block_1_124' title="bbox 2011 3678 3599 3749">
    <p class='ocr_par' dir='ltr' id='par_1_124' title="bbox 2011 3678 3599 3749">
     <span class='ocr_line' id='line_1_124' title="bbox 2011 3678 3599 3749; baseline 0.001 -16"><span class='ocrx_word' id='word_1_912' title='bbox 2011 3692 2195 3735; x_wconf 91' lang='lat' dir='ltr'><strong>nostro</strong></span> <span class='ocrx_word' id='word_1_913' title='bbox 2224 3695 2503 3743; x_wconf 86' lang='lat' dir='ltr'><strong>sermone,</strong></span> <span class='ocrx_word' id='word_1_914' title='bbox 2534 3695 2701 3733; x_wconf 87' lang='lat' dir='ltr'><strong>semen</strong></span> <span class='ocrx_word' id='word_1_915' title='bbox 2734 3680 2850 3742; x_wconf 71' lang='lat' dir='ltr'><strong>Dei,</strong></span> <span class='ocrx_word' id='word_1_916' title='bbox 2878 3681 3038 3746; x_wconf 84' lang='lat' dir='ltr'><strong>litque</strong></span> <span class='ocrx_word' id='word_1_917' title='bbox 3072 3695 3260 3732; x_wconf 86' lang='lat' dir='ltr'><strong>sensus</strong></span> <span class='ocrx_word' id='word_1_918' title='bbox 3301 3678 3599 3749; x_wconf 73' lang='lat' dir='ltr'><strong>ejusmodi:</strong></span> 
     </span>
    </p>
   </div>
   <div class='ocr_carea' id='block_1_125' title="bbox 2009 3751 3606 3819">
    <p class='ocr_par' dir='ltr' id='par_1_125' title="bbox 2009 3751 3606 3819">
     <span class='ocr_line' id='line_1_125' title="bbox 2009 3751 3606 3819; baseline -0.004 -11"><span class='ocrx_word' id='word_1_919' title='bbox 2009 3751 2199 3809; x_wconf 92' lang='lat' dir='ltr'><strong>Soluto</strong></span> <span class='ocrx_word' id='word_1_920' title='bbox 2246 3753 2580 3819; x_wconf 85' lang='lat' dir='ltr'><strong>captivitatis</strong></span> <span class='ocrx_word' id='word_1_921' title='bbox 2632 3760 2902 3815; x_wconf 78' lang='lat' dir='ltr'><strong>tempore,</strong></span> <span class='ocrx_word' id='word_1_922' title='bbox 2934 3752 3034 3804; x_wconf 79' lang='lat' dir='ltr'><strong>erit</strong></span> <span class='ocrx_word' id='word_1_923' title='bbox 3086 3762 3227 3803; x_wconf 88' lang='lat' dir='ltr'><strong>tanta</strong></span> <span class='ocrx_word' id='word_1_924' title='bbox 3260 3752 3606 3804; x_wconf 70' lang='lat' dir='ltr'><strong>exiiltatiouis</strong></span> 
     </span>
    </p>
   </div>
   <div class='ocr_carea' id='block_1_126' title="bbox 2009 3820 3603 3891">
    <p class='ocr_par' dir='ltr' id='par_1_126' title="bbox 2009 3820 3603 3891">
     <span class='ocr_line' id='line_1_126' title="bbox 2009 3820 3603 3891; baseline 0.001 -16"><span class='ocrx_word' id='word_1_925' title='bbox 2009 3824 2257 3886; x_wconf 83' lang='lat' dir='ltr'><strong>ambitio,</strong></span> <span class='ocrx_word' id='word_1_926' title='bbox 2289 3834 2348 3877; x_wconf 93' lang='lat' dir='ltr'><strong>ut</strong></span> <span class='ocrx_word' id='word_1_927' title='bbox 2388 3838 2610 3891; x_wconf 87' lang='lat' dir='ltr'><strong>magnus</strong></span> <span class='ocrx_word' id='word_1_928' title='bbox 2661 3824 2775 3875; x_wconf 90' lang='lat' dir='ltr'><strong>dies</strong></span> <span class='ocrx_word' id='word_1_929' title='bbox 2805 3822 2895 3876; x_wconf 88' lang='lat' dir='ltr'><strong>Dei</strong></span> <span class='ocrx_word' id='word_1_930' title='bbox 2929 3822 3049 3875; x_wconf 86' lang='lat' dir='ltr'><strong>ﬁliis</strong></span> <span class='ocrx_word' id='word_1_931' title='bbox 3105 3820 3341 3874; x_wconf 78' lang='lat' dir='ltr'><strong>illuxisse</strong></span> <span class='ocrx_word' id='word_1_932' title='bbox 3371 3824 3603 3877; x_wconf 87' lang='lat' dir='ltr'><strong>dicatur.</strong></span> 
     </span>
    </p>
   </div>
   <div class='ocr_carea' id='block_1_127' title="bbox 2014 3891 3598 3961">
    <p class='ocr_par' dir='ltr' id='par_1_127' title="bbox 2014 3891 3598 3961">
     <span class='ocr_line' id='line_1_127' title="bbox 2014 3891 3598 3961; baseline 0 -16"><span class='ocrx_word' id='word_1_933' title='bbox 2014 3895 2160 3948; x_wconf 86' lang='lat' dir='ltr'><strong>lianc</strong></span> <span class='ocrx_word' id='word_1_934' title='bbox 2196 3902 2372 3947; x_wconf 88' lang='lat' dir='ltr'><strong>autem</strong></span> <span class='ocrx_word' id='word_1_935' title='bbox 2442 3893 2804 3953; x_wconf 73' lang='lat' dir='ltr'><strong>festivitatem,</strong></span> <span class='ocrx_word' id='word_1_936' title='bbox 2863 3904 2918 3944; x_wconf 89' lang='lat' dir='ltr'><strong>ut</strong></span> <span class='ocrx_word' id='word_1_937' title='bbox 2968 3891 3159 3961; x_wconf 88' lang='lat' dir='ltr'><strong>reliqui</strong></span> <span class='ocrx_word' id='word_1_938' title='bbox 3203 3892 3497 3958; x_wconf 70' lang='lat' dir='ltr'><strong>prophetae,</strong></span> <span class='ocrx_word' id='word_1_939' title='bbox 3529 3903 3598 3946; x_wconf 81' lang='lat' dir='ltr'><strong>ita</strong></span> 
     </span>
    </p>
   </div>
   <div class='ocr_carea' id='block_1_128' title="bbox 2057 3964 3597 4033">
    <p class='ocr_par' dir='ltr' id='par_1_128' title="bbox 2057 3964 3597 4033">
     <span class='ocr_line' id='line_1_128' title="bbox 2057 3964 3597 4033; baseline -0.003 -15"><span class='ocrx_word' id='word_1_940' title='bbox 2057 3966 2287 4033; x_wconf 72' lang='lat' dir='ltr'><strong>rmcipue</strong></span> <span class='ocrx_word' id='word_1_941' title='bbox 2320 3968 2369 4017; x_wconf 90' lang='lat' dir='ltr'><strong>in</strong></span> <span class='ocrx_word' id='word_1_942' title='bbox 2412 3964 2504 4016; x_wconf 92' lang='lat' dir='ltr'><strong>illo</strong></span> <span class='ocrx_word' id='word_1_943' title='bbox 2542 3965 2778 4017; x_wconf 88' lang='lat' dir='ltr'><strong>cartuine</strong></span> <span class='ocrx_word' id='word_1_944' title='bbox 2818 3964 3000 4015; x_wconf 77' lang='lat' dir='ltr'><strong>beatus</strong></span> <span class='ocrx_word' id='word_1_945' title='bbox 3031 3965 3215 4033; x_wconf 65' lang='lat' dir='ltr'><strong>David,</strong></span> <span class='ocrx_word' id='word_1_946' title='bbox 3246 3964 3597 4033; x_wconf 77' lang='lat' dir='ltr'><strong>exsequitur:</strong></span> 
     </span>
    </p>
   </div>
   <div class='ocr_carea' id='block_1_129' title="bbox 2057 4029 3608 4102">
    <p class='ocr_par' dir='ltr' id='par_1_129' title="bbox 2057 4029 3608 4102">
     <span class='ocr_line' id='line_1_129' title="bbox 2057 4029 3608 4102; baseline -0.002 -15"><span class='ocrx_word' id='word_1_947' title='bbox 2057 4029 2235 4087; x_wconf 72' lang='lat' dir='ltr'><strong>(elatus</strong></span> <span class='ocrx_word' id='word_1_948' title='bbox 2260 4051 2369 4086; x_wconf 89' lang='lat' dir='ltr'><strong>sum</strong></span> <span class='ocrx_word' id='word_1_949' title='bbox 2393 4037 2445 4085; x_wconf 88' lang='lat' dir='ltr'><strong>in</strong></span> <span class='ocrx_word' id='word_1_950' title='bbox 2477 4034 2554 4084; x_wconf 78' lang='lat' dir='ltr'><strong>liis</strong></span> <span class='ocrx_word' id='word_1_951' title='bbox 2574 4048 2688 4102; x_wconf 74' lang='lat' dir='ltr'><strong>qua:</strong></span> <span class='ocrx_word' id='word_1_952' title='bbox 2715 4033 2849 4083; x_wconf 83' lang='lat' dir='ltr'><strong>dicta</strong></span> <span class='ocrx_word' id='word_1_953' title='bbox 2877 4042 2995 4084; x_wconf 86' lang='lat' dir='ltr'><strong>sunt</strong></span> <span class='ocrx_word' id='word_1_954' title='bbox 3026 4033 3169 4095; x_wconf 78' lang='lat' dir='ltr'><strong>mihi,</strong></span> <span class='ocrx_word' id='word_1_955' title='bbox 3191 4029 3250 4081; x_wconf 83' lang='lat' dir='ltr'><strong>In</strong></span> <span class='ocrx_word' id='word_1_956' title='bbox 3276 4039 3481 4083; x_wconf 85' lang='lat' dir='ltr'><strong>domum</strong></span> <span class='ocrx_word' id='word_1_957' title='bbox 3502 4032 3608 4084; x_wconf 83' lang='lat' dir='ltr'><strong>Do-</strong></span> 
     </span>
    </p>
   </div>
   <div class='ocr_carea' id='block_1_130' title="bbox 2014 4102 3600 4171">
    <p class='ocr_par' dir='ltr' id='par_1_130' title="bbox 2014 4102 3600 4171">
     <span class='ocr_line' id='line_1_130' title="bbox 2014 4102 3600 4171; baseline 0 -16"><span class='ocrx_word' id='word_1_958' title='bbox 2014 4105 2139 4155; x_wconf 86' lang='lat' dir='ltr'><strong>mini</strong></span> <span class='ocrx_word' id='word_1_959' title='bbox 2169 4106 2373 4156; x_wconf 85' lang='lat' dir='ltr'><strong>ibimus.</strong></span> <span class='ocrx_word' id='word_1_960' title='bbox 2448 4104 2652 4159; x_wconf 87' lang='lat' dir='ltr'><strong>Stantes</strong></span> <span class='ocrx_word' id='word_1_961' title='bbox 2682 4113 2826 4154; x_wconf 88' lang='lat' dir='ltr'><strong>erant</strong></span> <span class='ocrx_word' id='word_1_962' title='bbox 2856 4102 3008 4171; x_wconf 87' lang='lat' dir='ltr'><strong>pedes</strong></span> <span class='ocrx_word' id='word_1_963' title='bbox 3038 4103 3197 4153; x_wconf 87' lang='lat' dir='ltr'><strong>nostri</strong></span> <span class='ocrx_word' id='word_1_964' title='bbox 3228 4102 3278 4152; x_wconf 92' lang='lat' dir='ltr'><strong>in</strong></span> <span class='ocrx_word' id='word_1_965' title='bbox 3324 4103 3468 4153; x_wconf 86' lang='lat' dir='ltr'><strong>atriis</strong></span> <span class='ocrx_word' id='word_1_966' title='bbox 3501 4104 3600 4155; x_wconf 84' lang='lat' dir='ltr'><strong>tuis</strong></span> 
     </span>
    </p>
   </div>
   <div class='ocr_carea' id='block_1_131' title="bbox 2013 4171 3607 4239">
    <p class='ocr_par' dir='ltr' id='par_1_131' title="bbox 2013 4171 3607 4239">
     <span class='ocr_line' id='line_1_131' title="bbox 2013 4171 3607 4239; baseline -0.001 -14"><span class='ocrx_word' id='word_1_967' title='bbox 2013 4173 2302 4226; x_wconf 68' lang='lat' dir='ltr'><strong>Jerusalem</strong></span> <span class='ocrx_word' id='word_1_968' title='bbox 2331 4172 2398 4224; x_wconf 84' lang='lat' dir='ltr'><strong>ml</strong></span> <span class='ocrx_word' id='word_1_969' title='bbox 2422 4173 2761 4239; x_wconf 78' lang='lat' dir='ltr'><strong>ron/itendnm</strong></span> <span class='ocrx_word' id='word_1_970' title='bbox 2794 4174 2991 4223; x_wconf 85' lang='lat' dir='ltr'><strong>nomini</strong></span> <span class='ocrx_word' id='word_1_971' title='bbox 3030 4182 3135 4232; x_wconf 85' lang='lat' dir='ltr'><strong>tuo,</strong></span> <span class='ocrx_word' id='word_1_972' title='bbox 3177 4171 3412 4223; x_wconf 83' lang='lat' dir='ltr'><strong>Domine.</strong></span> <span class='ocrx_word' id='word_1_973' title='bbox 3473 4172 3607 4235; x_wconf 80' lang='lat' dir='ltr'><strong>Quia</strong></span> 
     </span>
    </p>
   </div>
   <div class='ocr_carea' id='block_1_132' title="bbox 2015 4242 3603 4310">
    <p class='ocr_par' dir='ltr' id='par_1_132' title="bbox 2015 4242 3603 4310">
     <span class='ocr_line' id='line_1_132' title="bbox 2015 4242 3603 4310; baseline 0 -15"><span class='ocrx_word' id='word_1_974' title='bbox 2015 4245 2122 4295; x_wconf 89' lang='lat' dir='ltr'><strong>illic</strong></span> <span class='ocrx_word' id='word_1_975' title='bbox 2135 4244 2373 4296; x_wconf 80' lang='lat' dir='ltr'><strong>sederunt</strong></span> <span class='ocrx_word' id='word_1_976' title='bbox 2396 4245 2539 4295; x_wconf 85' lang='lat' dir='ltr'><strong>sedes</strong></span> <span class='ocrx_word' id='word_1_977' title='bbox 2554 4242 2830 4310; x_wconf 73' lang='lat' dir='ltr'><strong>iitjudicio,</strong></span> <span class='ocrx_word' id='word_1_978' title='bbox 2860 4244 3004 4294; x_wconf 81' lang='lat' dir='ltr'><strong>sedes</strong></span> <span class='ocrx_word' id='word_1_979' title='bbox 3022 4258 3175 4304; x_wconf 72' lang='lat' dir='ltr'><strong>super</strong></span> <span class='ocrx_word' id='word_1_980' title='bbox 3192 4242 3398 4292; x_wconf 72' lang='lat' dir='ltr'><strong>(iunium</strong></span> <span class='ocrx_word' id='word_1_981' title='bbox 3419 4242 3603 4295; x_wconf 74' lang='lat' dir='ltr'><strong>Itucid.</strong></span> 
     </span>
    </p>
   </div>
   <div class='ocr_carea' id='block_1_133' title="bbox 2015 4310 3598 4385">
    <p class='ocr_par' dir='ltr' id='par_1_133' title="bbox 2015 4310 3598 4385">
     <span class='ocr_line' id='line_1_133' title="bbox 2015 4310 3598 4385; baseline 0 -20"><span class='ocrx_word' id='word_1_982' title='bbox 2015 4314 2247 4385; x_wconf 79' lang='lat' dir='ltr'><strong>liogate,</strong></span> <span class='ocrx_word' id='word_1_983' title='bbox 2280 4329 2392 4381; x_wconf 68' lang='lat' dir='ltr'><strong>qua:</strong></span> <span class='ocrx_word' id='word_1_984' title='bbox 2425 4314 2492 4385; x_wconf 85' lang='lat' dir='ltr'><strong>ad</strong></span> <span class='ocrx_word' id='word_1_985' title='bbox 2520 4327 2698 4379; x_wconf 76' lang='lat' dir='ltr'><strong>pacem</strong></span> <span class='ocrx_word' id='word_1_986' title='bbox 2733 4323 2849 4364; x_wconf 87' lang='lat' dir='ltr'><strong>sunt</strong></span> <span class='ocrx_word' id='word_1_987' title='bbox 2877 4313 3168 4385; x_wconf 63' lang='lat' dir='ltr'><strong>Jerusalem</strong></span> <span class='ocrx_word' id='word_1_988' title='bbox 3204 4310 3598 4385; x_wconf 11' lang='lat' dir='ltr'><strong>(l’s:tl.gl:2l.).</strong></span> 
     </span>
    </p>
   </div>
   <div class='ocr_carea' id='block_1_134' title="bbox 2090 4382 3601 4453">
    <p class='ocr_par' dir='ltr' id='par_1_134' title="bbox 2090 4382 3601 4453">
     <span class='ocr_line' id='line_1_134' title="bbox 2090 4382 3601 4453; baseline -0.003 -16"><span class='ocrx_word' id='word_1_989' title='bbox 2090 4382 2252 4453; x_wconf 70' lang='lat' dir='ltr'><strong>igitur</strong></span> <span class='ocrx_word' id='word_1_990' title='bbox 2278 4384 2569 4437; x_wconf 83' lang='lat' dir='ltr'><strong>secundum</strong></span> <span class='ocrx_word' id='word_1_991' title='bbox 2603 4394 2843 4436; x_wconf 87' lang='lat' dir='ltr'><strong>tenorem</strong></span> <span class='ocrx_word' id='word_1_992' title='bbox 2887 4383 3144 4442; x_wconf 71' lang='lat' dir='ltr'><strong>ltiSturim,</strong></span> <span class='ocrx_word' id='word_1_993' title='bbox 3180 4398 3336 4447; x_wconf 76' lang='lat' dir='ltr'><strong>quam</strong></span> <span class='ocrx_word' id='word_1_994' title='bbox 3388 4382 3601 4441; x_wconf 88' lang='lat' dir='ltr'><strong>tleuun-</strong></span> 
     </span>
    </p>
   </div>
   <div class='ocr_carea' id='block_1_135' title="bbox 2015 4454 3606 4524">
    <p class='ocr_par' dir='ltr' id='par_1_135' title="bbox 2015 4454 3606 4524">
     <span class='ocr_line' id='line_1_135' title="bbox 2015 4454 3606 4524; baseline -0.003 -14"><span class='ocrx_word' id='word_1_995' title='bbox 2015 4456 2174 4510; x_wconf 87' lang='lat' dir='ltr'><strong>ciauo</strong></span> <span class='ocrx_word' id='word_1_996' title='bbox 2201 4454 2511 4524; x_wconf 68' lang='lat' dir='ltr'><strong>prolihetica</strong></span> <span class='ocrx_word' id='word_1_997' title='bbox 2568 4456 2902 4517; x_wconf 86' lang='lat' dir='ltr'><strong>continebat,</strong></span> <span class='ocrx_word' id='word_1_998' title='bbox 2939 4463 3131 4524; x_wconf 81' lang='lat' dir='ltr'><strong>totum</strong></span> <span class='ocrx_word' id='word_1_999' title='bbox 3155 4455 3409 4524; x_wconf 84' lang='lat' dir='ltr'><strong>quodest</strong></span> <span class='ocrx_word' id='word_1_1000' title='bbox 3454 4464 3606 4524; x_wconf 87' lang='lat' dir='ltr'><strong>actu-</strong></span> 
     </span>
    </p>
   </div>
   <div class='ocr_carea' id='block_1_136' title="bbox 2018 4522 3609 4590">
    <p class='ocr_par' dir='ltr' id='par_1_136' title="bbox 2018 4522 3609 4590">
     <span class='ocr_line' id='line_1_136' title="bbox 2018 4522 3609 4590; baseline -0.005 -10"><span class='ocrx_word' id='word_1_1001' title='bbox 2018 4542 2133 4590; x_wconf 89' lang='lat' dir='ltr'><strong>rus,</strong></span> <span class='ocrx_word' id='word_1_1002' title='bbox 2163 4522 2396 4579; x_wconf 80' lang='lat' dir='ltr'><strong>breviter</strong></span> <span class='ocrx_word' id='word_1_1003' title='bbox 2426 4525 2679 4578; x_wconf 86' lang='lat' dir='ltr'><strong>indicavit</strong></span> <span class='ocrx_word' id='word_1_1004' title='bbox 2710 4542 2721 4576; x_wconf 92' lang='lat'><strong>:</strong></span> <span class='ocrx_word' id='word_1_1005' title='bbox 2753 4524 2937 4577; x_wconf 89' lang='lat' dir='ltr'><strong>decem</strong></span> <span class='ocrx_word' id='word_1_1006' title='bbox 2963 4522 3216 4576; x_wconf 81' lang='lat' dir='ltr'><strong>videlicet</strong></span> <span class='ocrx_word' id='word_1_1007' title='bbox 3247 4522 3436 4584; x_wconf 86' lang='lat' dir='ltr'><strong>tribus,</strong></span> <span class='ocrx_word' id='word_1_1008' title='bbox 3464 4523 3609 4576; x_wconf 81' lang='lat' dir='ltr'><strong>Jero.</strong></span> 
     </span>
    </p>
   </div>
   <div class='ocr_carea' id='block_1_137' title="bbox 2019 4596 3609 4664">
    <p class='ocr_par' dir='ltr' id='par_1_137' title="bbox 2019 4596 3609 4664">
     <span class='ocr_line' id='line_1_137' title="bbox 2019 4596 3609 4664; baseline -0.004 -12"><span class='ocrx_word' id='word_1_1009' title='bbox 2019 4598 2175 4652; x_wconf 90' lang='lat' dir='ltr'><strong>boam</strong></span> <span class='ocrx_word' id='word_1_1010' title='bbox 2226 4605 2464 4658; x_wconf 91' lang='lat' dir='ltr'><strong>auctore,</strong></span> <span class='ocrx_word' id='word_1_1011' title='bbox 2497 4604 2796 4659; x_wconf 80' lang='lat' dir='ltr'><strong>corruptas,</strong></span> <span class='ocrx_word' id='word_1_1012' title='bbox 2832 4596 3051 4664; x_wconf 66' lang='lat' dir='ltr'><strong>Assyrio</strong></span> <span class='ocrx_word' id='word_1_1013' title='bbox 3083 4598 3344 4660; x_wconf 87' lang='lat' dir='ltr'><strong>capiente,</strong></span> <span class='ocrx_word' id='word_1_1014' title='bbox 3379 4596 3609 4651; x_wconf 81' lang='lat' dir='ltr'><strong>transla-</strong></span> 
     </span>
    </p>
   </div>
   <div class='ocr_carea' id='block_1_138' title="bbox 1945 4649 3608 4733">
    <p class='ocr_par' dir='ltr' id='par_1_138' title="bbox 1945 4649 3608 4733">
     <span class='ocr_line' id='line_1_138' title="bbox 1945 4649 3608 4733; baseline -0.004 -12"><span class='ocrx_word' id='word_1_1015' title='bbox 1945 4649 1994 4708; x_wconf 79' lang='grc' dir='ltr'><strong>Ῑ)</strong></span> <span class='ocrx_word' id='word_1_1016' title='bbox 2019 4649 2145 4721; x_wconf 70' lang='lat' dir='ltr'><strong>tas:</strong></span> <span class='ocrx_word' id='word_1_1017' title='bbox 2178 4666 2369 4721; x_wconf 83' lang='lat' dir='ltr'><strong>Judam</strong></span> <span class='ocrx_word' id='word_1_1018' title='bbox 2399 4649 2544 4728; x_wconf 77' lang='lat' dir='ltr'><strong>vero,</strong></span> <span class='ocrx_word' id='word_1_1019' title='bbox 2578 4649 2670 4733; x_wconf 80' lang='lat' dir='ltr'><strong>qui</strong></span> <span class='ocrx_word' id='word_1_1020' title='bbox 2717 4649 2795 4718; x_wconf 36' lang='lat' dir='ltr'><strong>in,</strong></span> <span class='ocrx_word' id='word_1_1021' title='bbox 2830 4649 2953 4717; x_wconf 51' lang='lat' dir='ltr'><strong>Det;</strong></span> <span class='ocrx_word' id='word_1_1022' title='bbox 2984 4681 3081 4717; x_wconf 84' lang='lat' dir='ltr'><strong>suo</strong></span> <span class='ocrx_word' id='word_1_1023' title='bbox 3134 4649 3456 4728; x_wconf 76' lang='lat' dir='ltr'><strong>conﬁderet,</strong></span> <span class='ocrx_word' id='word_1_1024' title='bbox 3506 4649 3608 4717; x_wconf 89' lang='lat' dir='ltr'><strong>sub</strong></span> 
     </span>
    </p>
   </div>
   <div class='ocr_carea' id='block_1_139' title="bbox 2022 4736 3602 4805">
    <p class='ocr_par' dir='ltr' id='par_1_139' title="bbox 2022 4736 3602 4805">
     <span class='ocr_line' id='line_1_139' title="bbox 2022 4736 3602 4805; baseline -0.003 -13"><span class='ocrx_word' id='word_1_1025' title='bbox 2022 4739 2247 4793; x_wconf 83' lang='lat' dir='ltr'><strong>Ezechia</strong></span> <span class='ocrx_word' id='word_1_1026' title='bbox 2280 4752 2403 4805; x_wconf 84' lang='lat' dir='ltr'><strong>rege</strong></span> <span class='ocrx_word' id='word_1_1027' title='bbox 2433 4736 2811 4789; x_wconf 86' lang='lat' dir='ltr'><strong>miserabiliter</strong></span> <span class='ocrx_word' id='word_1_1028' title='bbox 2839 4736 3154 4799; x_wconf 85' lang='lat' dir='ltr'><strong>liberatum;</strong></span> <span class='ocrx_word' id='word_1_1029' title='bbox 3191 4748 3373 4803; x_wconf 81' lang='lat' dir='ltr'><strong>postea</strong></span> <span class='ocrx_word' id='word_1_1030' title='bbox 3399 4746 3602 4796; x_wconf 87' lang='lat' dir='ltr'><strong>autem,</strong></span> 
     </span>
    </p>
   </div>
   <div class='ocr_carea' id='block_1_140' title="bbox 2020 4806 3598 4878">
    <p class='ocr_par' dir='ltr' id='par_1_140' title="bbox 2020 4806 3598 4878">
     <span class='ocr_line' id='line_1_140' title="bbox 2020 4806 3598 4878; baseline -0.003 -15"><span class='ocrx_word' id='word_1_1031' title='bbox 2020 4814 2181 4864; x_wconf 90' lang='lat' dir='ltr'><strong>etiam</strong></span> <span class='ocrx_word' id='word_1_1032' title='bbox 2207 4811 2371 4878; x_wconf 81' lang='lat' dir='ltr'><strong>ipsum</strong></span> <span class='ocrx_word' id='word_1_1033' title='bbox 2399 4808 2596 4878; x_wconf 84' lang='lat' dir='ltr'><strong>tribum</strong></span> <span class='ocrx_word' id='word_1_1034' title='bbox 2623 4806 2869 4878; x_wconf 69' lang='lat' dir='ltr'><strong>fraterna:</strong></span> <span class='ocrx_word' id='word_1_1035' title='bbox 2894 4809 3181 4873; x_wconf 75' lang='lat' dir='ltr'><strong>impietatis</strong></span> <span class='ocrx_word' id='word_1_1036' title='bbox 3207 4808 3421 4874; x_wconf 57' lang='lat' dir='ltr'><strong>vestigia</strong></span> <span class='ocrx_word' id='word_1_1037' title='bbox 3475 4810 3598 4859; x_wconf 72' lang='lat' dir='ltr'><strong>sub-</strong></span> 
     </span>
    </p>
   </div>
   <div class='ocr_carea' id='block_1_141' title="bbox 2020 4876 3604 4949">
    <p class='ocr_par' dir='ltr' id='par_1_141' title="bbox 2020 4876 3604 4949">
     <span class='ocr_line' id='line_1_141' title="bbox 2020 4876 3604 4949; baseline -0.002 -15"><span class='ocrx_word' id='word_1_1038' title='bbox 2020 4876 2691 4949; x_wconf 67' lang='lat' dir='ltr'><strong>si-quutam,dominationi</strong></span> <span class='ocrx_word' id='word_1_1039' title='bbox 2715 4877 3049 4947; x_wconf 79' lang='lat' dir='ltr'><strong>Babylonica:</strong></span> <span class='ocrx_word' id='word_1_1040' title='bbox 3074 4878 3236 4930; x_wconf 77' lang='lat' dir='ltr'><strong>fuisse</strong></span> <span class='ocrx_word' id='word_1_1041' title='bbox 3262 4880 3604 4945; x_wconf 82' lang='lat' dir='ltr'><strong>permissam:</strong></span> 
     </span>
    </p>
   </div>
   <div class='ocr_carea' id='block_1_142' title="bbox 2019 4950 3608 5019">
    <p class='ocr_par' dir='ltr' id='par_1_142' title="bbox 2019 4950 3608 5019">
     <span class='ocr_line' id='line_1_142' title="bbox 2019 4950 3608 5019; baseline 0.001 -14"><span class='ocrx_word' id='word_1_1042' title='bbox 2019 4956 2173 5019; x_wconf 79' lang='lat' dir='ltr'><strong>cujus</strong></span> <span class='ocrx_word' id='word_1_1043' title='bbox 2202 4960 2376 5003; x_wconf 85' lang='lat' dir='ltr'><strong>tamen</strong></span> <span class='ocrx_word' id='word_1_1044' title='bbox 2407 4950 2583 5002; x_wconf 90' lang='lat' dir='ltr'><strong>denuo</strong></span> <span class='ocrx_word' id='word_1_1045' title='bbox 2608 4950 2775 5001; x_wconf 88' lang='lat' dir='ltr'><strong>vincla</strong></span> <span class='ocrx_word' id='word_1_1046' title='bbox 2806 4950 3038 5001; x_wconf 74' lang='lat' dir='ltr'><strong>solveret</strong></span> <span class='ocrx_word' id='word_1_1047' title='bbox 3068 4953 3331 5015; x_wconf 82' lang='lat' dir='ltr'><strong>promissa</strong></span> <span class='ocrx_word' id='word_1_1048' title='bbox 3364 4951 3608 5006; x_wconf 85' lang='lat' dir='ltr'><strong>libertas.</strong></span> 
     </span>
    </p>
   </div>
   <div class='ocr_carea' id='block_1_143' title="bbox 2022 5020 3611 5092">
    <p class='ocr_par' dir='ltr' id='par_1_143' title="bbox 2022 5020 3611 5092">
     <span class='ocr_line' id='line_1_143' title="bbox 2022 5020 3611 5092; baseline -0.005 -17"><span class='ocrx_word' id='word_1_1049' title='bbox 2022 5032 2077 5075; x_wconf 92' lang='lat' dir='ltr'><strong>ct</strong></span> <span class='ocrx_word' id='word_1_1050' title='bbox 2104 5021 2265 5092; x_wconf 68' lang='grc'><strong>402</strong></span> <span class='ocrx_word' id='word_1_1051' title='bbox 2288 5020 2397 5088; x_wconf 87' lang='lat' dir='ltr'><strong>jam</strong></span> <span class='ocrx_word' id='word_1_1052' title='bbox 2432 5035 2537 5071; x_wconf 87' lang='lat' dir='ltr'><strong>non</strong></span> <span class='ocrx_word' id='word_1_1053' title='bbox 2570 5020 2800 5087; x_wconf 89' lang='lat' dir='ltr'><strong>separati</strong></span> <span class='ocrx_word' id='word_1_1054' title='bbox 2853 5022 2921 5071; x_wconf 87' lang='lat' dir='ltr'><strong>ab</strong></span> <span class='ocrx_word' id='word_1_1055' title='bbox 2977 5021 3202 5072; x_wconf 81' lang='lat' dir='ltr'><strong>invicem</strong></span> <span class='ocrx_word' id='word_1_1056' title='bbox 3243 5023 3466 5092; x_wconf 71' lang='lat' dir='ltr'><strong>fratres,</strong></span> <span class='ocrx_word' id='word_1_1057' title='bbox 3517 5021 3611 5075; x_wconf 59' lang='lat' dir='ltr'><strong>sed</strong></span> 
     </span>
    </p>
   </div>
   <div class='ocr_carea' id='block_1_144' title="bbox 2027 5090 3610 5154">
    <p class='ocr_par' dir='ltr' id='par_1_144' title="bbox 2027 5090 3610 5154">
     <span class='ocr_line' id='line_1_144' title="bbox 2027 5090 3610 5154; baseline -0.003 -10"><span class='ocrx_word' id='word_1_1058' title='bbox 2027 5090 2261 5146; x_wconf 54' lang='lat' dir='ltr'><strong>sub&#39;unu</strong></span> <span class='ocrx_word' id='word_1_1059' title='bbox 2287 5100 2493 5144; x_wconf 89' lang='lat' dir='ltr'><strong>rectore</strong></span> <span class='ocrx_word' id='word_1_1060' title='bbox 2541 5092 2813 5152; x_wconf 80' lang='lat' dir='ltr'><strong>sistentes,</strong></span> <span class='ocrx_word' id='word_1_1061' title='bbox 2868 5091 3126 5144; x_wconf 71' lang='lat' dir='ltr'><strong>honorem</strong></span> <span class='ocrx_word' id='word_1_1062' title='bbox 3164 5090 3254 5144; x_wconf 78' lang='lat' dir='ltr'><strong>Itei</strong></span> <span class='ocrx_word' id='word_1_1063' title='bbox 3302 5093 3351 5144; x_wconf 91' lang='lat' dir='ltr'><strong>in</strong></span> <span class='ocrx_word' id='word_1_1064' title='bbox 3404 5091 3610 5154; x_wconf 81' lang='lat' dir='ltr'><strong>Templi</strong></span> 
     </span>
    </p>
   </div>
   <div class='ocr_carea' id='block_1_145' title="bbox 2028 5160 3610 5233">
    <p class='ocr_par' dir='ltr' id='par_1_145' title="bbox 2028 5160 3610 5233">
     <span class='ocr_line' id='line_1_145' title="bbox 2028 5160 3610 5233; baseline -0.003 -16"><span class='ocrx_word' id='word_1_1065' title='bbox 2028 5166 2143 5233; x_wconf 86' lang='lat' dir='ltr'><strong>ejus</strong></span> <span class='ocrx_word' id='word_1_1066' title='bbox 2179 5164 2352 5232; x_wconf 86' lang='lat' dir='ltr'><strong>adytis</strong></span> <span class='ocrx_word' id='word_1_1067' title='bbox 2378 5162 2730 5233; x_wconf 80' lang='lat' dir='ltr'><strong>celebrarent.</strong></span> <span class='ocrx_word' id='word_1_1068' title='bbox 2766 5162 2930 5230; x_wconf 80' lang='lat' dir='ltr'><strong>liuius</strong></span> <span class='ocrx_word' id='word_1_1069' title='bbox 2973 5176 3099 5214; x_wconf 73' lang='lat' dir='ltr'><strong>vero</strong></span> <span class='ocrx_word' id='word_1_1070' title='bbox 3153 5160 3434 5233; x_wconf 87' lang='lat' dir='ltr'><strong>tempuris_</strong></span> <span class='ocrx_word' id='word_1_1071' title='bbox 3467 5170 3610 5212; x_wconf 88' lang='lat' dir='ltr'><strong>tanta</strong></span> 
     </span>
    </p>
   </div>
   <div class='ocr_carea' id='block_1_146' title="bbox 2029 5230 3612 5301">
    <p class='ocr_par' dir='ltr' id='par_1_146' title="bbox 2029 5230 3612 5301">
     <span class='ocr_line' id='line_1_146' title="bbox 2029 5230 3612 5301; baseline -0.005 -12"><span class='ocrx_word' id='word_1_1072' title='bbox 2029 5230 2171 5289; x_wconf 79' lang='lat' dir='ltr'><strong>esset</strong></span> <span class='ocrx_word' id='word_1_1073' title='bbox 2200 5230 2444 5287; x_wconf 62' lang='lat' dir='ltr'><strong>failicitas</strong></span> <span class='ocrx_word' id='word_1_1074' title='bbox 2473 5242 2525 5286; x_wconf 94' lang='lat' dir='ltr'><strong>ut</strong></span> <span class='ocrx_word' id='word_1_1075' title='bbox 2550 5232 2763 5301; x_wconf 86' lang='lat' dir='ltr'><strong>juvaret</strong></span> <span class='ocrx_word' id='word_1_1076' title='bbox 2796 5237 2956 5286; x_wconf 87' lang='lat' dir='ltr'><strong>etiam</strong></span> <span class='ocrx_word' id='word_1_1077' title='bbox 3006 5234 3230 5283; x_wconf 88' lang='lat' dir='ltr'><strong>adversa</strong></span> <span class='ocrx_word' id='word_1_1078' title='bbox 3277 5230 3612 5301; x_wconf 84' lang='lat' dir='ltr'><strong>meminisse,</strong></span> 
     </span>
    </p>
   </div>
   <div class='ocr_carea' id='block_1_147' title="bbox 2030 5300 3615 5374">
    <p class='ocr_par' dir='ltr' id='par_1_147' title="bbox 2030 5300 3615 5374">
     <span class='ocr_line' id='line_1_147' title="bbox 2030 5300 3615 5374; baseline -0.006 -16"><span class='ocrx_word' id='word_1_1079' title='bbox 2030 5314 2085 5360; x_wconf 90' lang='lat' dir='ltr'><strong>et</strong></span> <span class='ocrx_word' id='word_1_1080' title='bbox 2115 5319 2361 5374; x_wconf 87' lang='lat' dir='ltr'><strong>magnum</strong></span> <span class='ocrx_word' id='word_1_1081' title='bbox 2392 5305 2532 5359; x_wconf 88' lang='lat' dir='ltr'><strong>diem</strong></span> <span class='ocrx_word' id='word_1_1082' title='bbox 2554 5300 2848 5357; x_wconf 72' lang='lat' dir='ltr'><strong>.Iesranelis</strong></span> <span class='ocrx_word' id='word_1_1083' title='bbox 2873 5301 3274 5374; x_wconf 62' lang='lat' dir='ltr'><strong>vocare,_idest,</strong></span> <span class='ocrx_word' id='word_1_1084' title='bbox 3318 5300 3443 5374; x_wconf 77' lang='lat' dir='ltr'><strong>illud</strong></span> <span class='ocrx_word' id='word_1_1085' title='bbox 3476 5310 3615 5353; x_wconf 89' lang='lat' dir='ltr'><strong>tem-</strong></span> 
     </span>
    </p>
   </div>
   <div class='ocr_carea' id='block_1_148' title="bbox 2034 5371 3615 5445">
    <p class='ocr_par' dir='ltr' id='par_1_148' title="bbox 2034 5371 3615 5445">
     <span class='ocr_line' id='line_1_148' title="bbox 2034 5371 3615 5445; baseline -0.004 -17"><span class='ocrx_word' id='word_1_1086' title='bbox 2034 5392 2131 5445; x_wconf 89' lang='lat' dir='ltr'><strong>pus</strong></span> <span class='ocrx_word' id='word_1_1087' title='bbox 2159 5371 2482 5443; x_wconf 76' lang='lat' dir='ltr'><strong>captivitatis</strong></span> <span class='ocrx_word' id='word_1_1088' title='bbox 2534 5375 2693 5427; x_wconf 72' lang='lat' dir='ltr'><strong>illata:</strong></span> <span class='ocrx_word' id='word_1_1089' title='bbox 2720 5390 2733 5426; x_wconf 90' lang='lat'><strong>:</strong></span> <span class='ocrx_word' id='word_1_1090' title='bbox 2791 5374 2943 5443; x_wconf 84' lang='lat' dir='ltr'><strong>cujus</strong></span> <span class='ocrx_word' id='word_1_1091' title='bbox 2972 5371 3235 5445; x_wconf 43' lang='lat' dir='ltr'><strong>videlicet</strong></span> <span class='ocrx_word' id='word_1_1092' title='bbox 3266 5371 3481 5445; x_wconf 78' lang='lat' dir='ltr'><strong>oceasiu</strong></span> <span class='ocrx_word' id='word_1_1093' title='bbox 3503 5379 3615 5445; x_wconf 76' lang='lat' dir='ltr'><strong>tam</strong></span> 
     </span>
    </p>
   </div>
   <div class='ocr_carea' id='block_1_149' title="bbox 2035 5439 3616 5506">
    <p class='ocr_par' dir='ltr' id='par_1_149' title="bbox 2035 5439 3616 5506">
     <span class='ocr_line' id='line_1_149' title="bbox 2035 5439 3616 5506; baseline -0.006 -6"><span class='ocrx_word' id='word_1_1094' title='bbox 2035 5439 2255 5501; x_wconf 74' lang='lat' dir='ltr'><strong>inultam</strong></span> <span class='ocrx_word' id='word_1_1095' title='bbox 2281 5448 2667 5501; x_wconf 82' lang='lat' dir='ltr'><strong>exultationem</strong></span> <span class='ocrx_word' id='word_1_1096' title='bbox 2699 5439 2951 5496; x_wconf 72' lang='lat' dir='ltr'><strong>creasset.</strong></span> <span class='ocrx_word' id='word_1_1097' title='bbox 2992 5441 3189 5494; x_wconf 78' lang='lat' dir='ltr'><strong>Ponent</strong></span> <span class='ocrx_word' id='word_1_1098' title='bbox 3229 5444 3388 5506; x_wconf 76' lang='lat' dir='ltr'><strong>igitur</strong></span> <span class='ocrx_word' id='word_1_1099' title='bbox 3417 5439 3616 5503; x_wconf 75' lang='lat' dir='ltr'><strong>sibimet</strong></span> 
     </span>
    </p>
   </div>
   <div class='ocr_carea' id='block_1_150' title="bbox 2037 5573 3616 5654">
    <p class='ocr_par' dir='ltr' id='par_1_150' title="bbox 2037 5573 3616 5654">
     <span class='ocr_line' id='line_1_150' title="bbox 2037 5573 3616 5654; baseline -0.006 -17"><span class='ocrx_word' id='word_1_1100' title='bbox 2037 5594 2141 5637; x_wconf 88' lang='lat' dir='ltr'><strong>tum</strong></span> <span class='ocrx_word' id='word_1_1101' title='bbox 2168 5585 2422 5654; x_wconf 86' lang='lat' dir='ltr'><strong>octoginta</strong></span> <span class='ocrx_word' id='word_1_1102' title='bbox 2438 5576 2655 5651; x_wconf 68' lang='lat' dir='ltr'><strong>quinque</strong></span> <span class='ocrx_word' id='word_1_1103' title='bbox 2673 5579 2855 5632; x_wconf 88' lang='lat' dir='ltr'><strong>millia.</strong></span> <span class='ocrx_word' id='word_1_1104' title='bbox 2884 5577 2958 5654; x_wconf 60' lang='lat' dir='ltr'><strong>Et:</strong></span> <span class='ocrx_word' id='word_1_1105' title='bbox 2982 5591 3086 5654; x_wconf 56' lang='lat' dir='ltr'><strong>quo</strong></span> <span class='ocrx_word' id='word_1_1106' title='bbox 3107 5576 3349 5646; x_wconf 81' lang='lat' dir='ltr'><strong>colligas,</strong></span> <span class='ocrx_word' id='word_1_1107' title='bbox 3366 5573 3616 5629; x_wconf 86' lang='lat' dir='ltr'><strong>Nostrqu</strong></span> 
     </span>
    </p>
   </div>
   <div class='ocr_carea' id='block_1_151' title="bbox 2033 5648 3583 5727">
    <p class='ocr_par' dir='ltr' id='par_1_151' title="bbox 2033 5648 3583 5727">
     <span class='ocr_line' id='line_1_151' title="bbox 2033 5648 3583 5727; baseline -0.006 -21"><span class='ocrx_word' id='word_1_1108' title='bbox 2033 5648 3150 5727; x_wconf 39' lang='lat' dir='ltr'><strong>qiurdam&#39;abeuaccipere_uunrefugisse.</strong></span> <span class='ocrx_word' id='word_1_1109' title='bbox 3338 5716 3349 5727; x_wconf 74' lang='lat'>_</span> <span class='ocrx_word' id='word_1_1110' title='bbox 3420 5716 3430 5727; x_wconf 40' lang='lat'><strong><em>.</em></strong></span> <span class='ocrx_word' id='word_1_1111' title='bbox 3500 5716 3511 5727; x_wconf 76' lang='lat'><em>_</em></span> <span class='ocrx_word' id='word_1_1112' title='bbox 3574 5717 3583 5726; x_wconf 41' lang='lat'><strong>.</strong></span> 
     </span>
    </p>
   </div>
   <div class='ocr_carea' id='block_1_152' title="bbox 2106 5716 3619 5790">
    <p class='ocr_par' dir='ltr' id='par_1_152' title="bbox 2106 5716 3619 5790">
     <span class='ocr_line' id='line_1_152' title="bbox 2106 5716 3619 5790; baseline -0.007 -9"><span class='ocrx_word' id='word_1_1113' title='bbox 2106 5716 2130 5764; x_wconf 68' lang='grc' dir='ltr'>δ</span> <span class='ocrx_word' id='word_1_1114' title='bbox 2162 5728 2363 5789; x_wconf 76' lang='lat' dir='ltr'><strong>Numen</strong></span> <span class='ocrx_word' id='word_1_1115' title='bbox 2394 5727 2528 5776; x_wconf 62' lang='lat' dir='ltr'><strong>licus</strong></span> <span class='ocrx_word' id='word_1_1116' title='bbox 2553 5716 2695 5774; x_wconf 84' lang='lat' dir='ltr'><strong>nulla</strong></span> <span class='ocrx_word' id='word_1_1117' title='bbox 2723 5720 3117 5790; x_wconf 84' lang='lat' dir='ltr'><strong>Scripturarutu</strong></span> <span class='ocrx_word' id='word_1_1118' title='bbox 3141 5716 3465 5787; x_wconf 71' lang='lat' dir='ltr'><strong>exemplaria</strong></span> <span class='ocrx_word' id='word_1_1119' title='bbox 3500 5716 3619 5772; x_wconf 82' lang='lat' dir='ltr'><strong>heir:</strong></span> 
     </span>
    </p>
   </div>
   <div class='ocr_carea' id='block_1_153' title="bbox 2032 5798 2253 5853">
    <p class='ocr_par' dir='ltr' id='par_1_153' title="bbox 2032 5798 2253 5853">
     <span class='ocr_line' id='line_1_153' title="bbox 2032 5798 2253 5853; baseline -0.023 0"><span class='ocrx_word' id='word_1_1120' title='bbox 2032 5798 2253 5853; x_wconf 77' lang='lat' dir='ltr'><strong>addunL</strong></span> 
     </span>
    </p>
   </div>
   <div class='ocr_carea' id='block_1_154' title="bbox 3150 5945 3213 6004">
    <p class='ocr_par' dir='ltr' id='par_1_154' title="bbox 3150 5945 3213 6004">
     <span class='ocr_line' id='line_1_154' title="bbox 3150 5945 3213 6004; baseline 0.016 -1"><span class='ocrx_word' id='word_1_1121' title='bbox 3150 5945 3213 6004; x_wconf 78' lang='grc'><strong>31</strong></span> 
     </span>
    </p>
   </div>
  </div>
