4098 6356
502 382 603 440 J75

1582 374 1831 431 RUFINO
1875 371 2324 429 PRESBYTERO
2365 352 2743 427 asenlcrus

3677 369 3771 425 976

502 500 655 553 Baat.
681 494 740 553 Si
767 501 946 551 erecta
978 492 1169 549 saltem
1214 507 1392 548 rerum
1432 491 1707 560 periculis,
1743 491 1807 544 ad
1857 491 2088 560 priorem
2121 492 2166 546 Α
2201 486 2341 560 quod
2385 484 2575 560 aliquis
2604 484 2653 560 id
2681 490 2826 560 cssei
2852 497 3097 549 ausurus,
3130 482 3224 560 sed
3256 483 3377 552 quia
3419 496 3515 551 per
3536 482 3771 560 similitu-

461 588 469 600 ·
499 572 674 627 virum
716 567 894 622 redire
940 566 1219 625 deliberat,
1252 558 1517 631 quomodo
1566 571 1963 628 consequenter
1991 558 2085 612 ad-

499 641 700 711 iectum
724 649 807 694 est
841 656 853 690 :
888 637 949 711 Et
980 636 1096 711 hare
1117 636 1343 711 nescivit,
1375 635 1494 701 quia
1535 632 1655 685 dedi
1679 632 1725 711 ei
1753 637 2082 711 paniculum,

499 704 549 765 Et
577 712 772 775 vinum,
804 718 864 762 et-
892 706 1098 760 oleum?
1144 706 1235 758 Est
1264 720 1392 774 ergo
1434 718 1625 775 sensus
1672 704 1956 775 ejusmodi,
1993 716 2087 767 per

503 796 662 849 quem
696 772 1020 848 propheticis
1058 772 1349 849 sententiis
1367 774 1719 849 concinentia
1753 772 2081 849 vemlicetur.

501 839 638 918 Quia
666 839 730 904 ait
774 839 997 915 primam
1046 844 1409 918 castigationis
1453 845 1639 897 faciem
1697 841 1930 909 patiatur
1972 839 2087 893 haec

502 916 717 985 mulier,
767 919 906 987 quod
936 930 1123 987 omnes
1164 916 1253 984 qui
1300 930 1431 987 vana
1481 923 1798 968 sectamur:
1838 920 2084 987 votorum

505 982 754 1047 videlicet
786 982 1146 1041 't‘rustratione
1184 982 1493 1053 perterrita,
1542 1000 1645 1037 non
1697 998 1791 1051 per
1836 982 2089 1036 emenda-

505 1064 703 1117 tionem
732 1058 1035 1119 sententiae,
1070 1056 1161 1109 sed
1191 1071 1286 1123 per
1311 1055 1496 1125 judicii
1529 1054 1799 1107 levitatem
1829 1068 1887 1105 ea
1921 1059 2090 1125 tentet

501 1129 951 1204 quaadrepudiaret
985 1135 1237 1204 appetere
1267 1142 1280 1178 :
1306 1123 1373 1204 ξω
1422 1126 1485 1177 ad
1507 1126 1632 1204 _hoc_
1653 1130 1855 1204 tantum
1887 1138 1945 1204 s_e
1981 1123 2088 1174 Deo

502 1192 766 1257 subditam
812 1198 1161 1267 repromittit,
1211 1208 1266 1249 ut
1306 1196 1664 1267 impendentia
1696 1195 1847 1262 quasi
1895 1192 2087 1267 damna

540 1262 1133 1337 rosperitalis'ell'ugiat,
1179 1266 1474 1320 secundum
1526 1266 1677 1328 illud,
1724 1266 1861 1337 quod
1904 1262 2088 1316 beatus

540 1290 870 1337 rosperltaus
898 1290 1133 1336 (mugiat,
1179 1290 1474 1320 suculluulll
1526 1290 1677 1328 Illuu,
1724 1290 1861 1328 qum:
1904 1290 2088 1316 ucalua

501 1290 673 1399 ἴηνῙά
704 1340 991 1405 exprobrat
1018 1355 1031 1391 :
1063 1338 1191 1389 Cum
1219 1339 1467 1390 occideret
1488 1335 1898 1402 eos,qumebant
1930 1350 2042 1387 eum
2070 1348 2088 1385 :

502 1424 549 1467 et
579 1410 995 1465 convertebantur
1040 1420 1157 1460 ante
1201 1408 1387 1471 lucem,
1433 1416 1481 1459 et
1532 1408 1792 1458 veniebant
1822 1406 1888 1457 ad
1938 1420 2087 1466 eum,

501 1479 660 1555 507
685 1490 967 1555 curantem
1011 1494 1182 1555 eorum
1212 1494 1313 1529 non
1346 1488 1453 1529 erat
1490 1487 1699 1555 rectam,
1720 1492 1864 1555 cum.
1889 1490 1974 1555 eo;
1996 1490 2090 1555 nec

501 1543 674 1624 fida-es
707 1551 868 1604 habiti
894 1561 1009 1603 stmt
1055 1551 1109 1600 in
1160 1557 1511 1624 testamentum
1555 1548 1666 1617 ejus
1711 1546 1882 1624 (i’sul.
1944 1543 2085 1611 5L).

501 1616 669 1691 igitur
698 1628 1045 1691 permanente
1073 1618 1243 1691 gentis
1265 1616 1380 1687 ejus
1406 1616 1715 1691 t'e.ltu,'_qu;e
1741 1618 1909 1691 instar
1931 1629 2090 1683 peco-

505 1686 646 1758 rum,
700 1686 1039 1759 nequaquam
1098 1686 1404 1757 magisterio
1455 1688 1625 1746 verbi,
1682 1687 1774 1739 sed
1823 1686 1921 1759 sub
1969 1694 2089 1739 actu

503 1762 745 1818 verberis
773 1757 1142 1815 excitabatur:
1192 1772 1362 1826 neque
1396 1758 1470 1810 ira
1516 1771 1630 1811 mea
1679 1757 1969 1809 tcntabitur
1999 1770 2091 1824 per

502 1832 609 1888 hoc
629 1833 751 1903 quia
781 1830 914 1903 dixit
945 1847 958 1882 :
1000 1829 1218 1903 Vadam,
1243 1839 1291 1880 et
1325 1838 1547 1903 revertar
1585 1828 1650 1879 ad
1693 1829 1859 1879 virum
1888 1842 2083 1903 _meum

506 1897 748 1973 priorem.
793 1902 1060 1973 (Steterunt
1106 1899 1159 1973 in
1198 1901 1349 1965 longa
1397 1898 1665 1973 plagarum
1718 1897 2085 1973 experimenta

506 1967 627 2028 eam
656 1973 935 2033 deducam,
968 1971 1086 2039 quia
1116 1968 1259 2039 [Ant.
1290 1967 1415 2039 qua]
1466 1970 1604 2022 SCite
1633 1979 1684 2021 et
1724 1970 1958 2039 indicare
1991 1982 2085 2020 ne-

507 2044 754 2112 glexerit,
782 2043 895 2095 hsce
923 2038 1101 2093 omnia
1120 2038 1238 2091 dari
1285 2038 1448 2112 posse
1467 2054 1495 2091 a
1528 2040 1673 2092 nullo
1697 2038 1803 2112 nisi
1840 2054 1866 2089 a
1893 2053 2022 2112 _me,
2058 2050 2087 2089 a

506 2108 616 2182 quo
658 2114 837 2180 utique
868 2112 1061 2163 fuerint
1090 2118 1145 2182 et
1173 2119 1386 2182 creata.‘
1412 2109 1552 2177 Ergo
1592 2108 1731 2177 quod
1758 2108 1851 2173 ait,
1887 2108 1949 2159 Et
1980 2108 2089 2160 htec

508 2178 732 2248 nescivit,
758 2178 766 2180 ἡ
798 2182 917 2249 quia
952 2196 1044 2250 ego
1100 2180 1146 2232 ei
1175 2178 1307 2250 dedi
1360 2178 1693 2250 frumentum,
1723 2190 1787 2250 Aet
1838 2181 2009 2231 vinum
2038 2188 2087 2231 et

510 2256 699 2315 oleum,
729 2248 1039 2305 voluntaria:
1071 2248 1334 2303 tarditatis
1364 2258 1568 2315 spectat
1592 2248 1867 2311 imidiam,
1898 2264 2090 2303 secun-

507 2324 634 2378 dum
668 2322 798 2377 illud
830 2321 1160 2381 Davidicum,
1196 2319 1377 2372 Noluit
1407 2322 1711 2388 intelligere,
1749 2328 1802 2371 ut
1833 2319 1953 2372 bene
1973 2335 2092 2387 age-

508 2405 581 2448 ret
603 2392 781 2463 (Psal.
810 2390 949 2462 35.").
985 2390 1204 2463 incipiet
1243 2392 1423 2463 itaque
1454 2391 1590 2463 inter
1632 2390 1867 2458 pericula
1898 2404 2091 2463 terum-

512 2459 701 2518 narum
732 2459 916 2525 lateri,
942 2462 1079 2530 quod
1119 2461 1262 2528 prius
1291 2462 1431 2514 scire
1461 2460 1793 2530 neglexerat,
1829 2473 1913 2513 me
1941 2459 2088 2513 vide-

509 2534 636 2588 lieet
663 2549 827 2589 unum
860 2547 980 2586 esse
1027 2546 1055 2584 a
1084 2546 1187 2598 quo
1216 2530 1464 2583 alimonia
1518 2532 1837 2596 prmbeatur,
1902 2530 1991 2599 qui
2036 2540 2090 2584 et

510 2602 707 2672 ipsam
738 2603 1012 2657 hominum
1066 2601 1414 2655 substantinu
1457 2604 1757 2672 procreavi.
1816 2600 1950 2666 Quia
1998 2616 2093 2671 ego

510 2670 628 2726 dedi
649 2676 694 2727 ei
723 2674 1033 2743 frumentum
1048 2679 1103 2743 et
1132 2674 1301 2724 vinum
1328 2681 1374 2723 et
1414 2670 1600 2743 oleum.
1648 2680 1694 2722 et
1721 2687 1926 2743 aurum,
1981 2670 2094 2736 qua:

512 2740 731 2815 fecerant
764 2742 980 2797 Baalim.
1018 2741 1131 2815 Non
1159 2743 1331 2815 solum
1354 2757 1480 2810 ergo
1507 2740 1782 2815 instructa,
1816 2742 1909 2795 sed
1933 2749 2091 2815 etiam

513 2812 752 2882 cupiesa,
783 2814 935 2866 donis
977 2812 1109 2865 meis
1153 2812 1476 2882 abutebatur
1529 2812 1579 2863 in
1626 2812 1871 2878 crimina,
1928 2823 1977 2864 et
2027 2812 2092 2864 ad

513 2881 889 2940 contumeliam
920 2898 1113 2945 meam,
1147 2883 1285 2934 idola
1316 2881 1380 2934 de
1411 2882 1510 2943 his,
1545 2897 1662 2948 qua:
1690 2896 1718 2934 a
1754 2898 1838 2935 me
1868 2896 2093 2951 Μαρρο-

513 2964 613 3019 rat,
644 2959 832 3023 opibus
862 2953 1168 3006 fabricabat.
1206 2953 1508 3023 ldeircn,_et
1536 2968 1654 3021 ego,
1688 2953 1841 3020 cujus
1880 2954 2095 3018 diSpeu-

521 3020 781 3079 sationem
815 3025 1071 3092 propheta
1104 3022 1412 3075 collaudans
1444 3020 1802 3090 intelligenter
1828 3024 2051 3077 canebat
2078 3038 2094 3079 :

514 3094 643 3149 Cum
672 3108 844 3149 sancto
872 3104 1072 3147 sanctus
1115 3096 1234 3156 eris,
1267 3100 1313 3143 et
1343 3109 1458 3144 cunt
1511 3094 1615 3144 viro
1658 3094 1923 3147 innocente
1950 3096 2097 3146 inno-

514 3182 630 3220 cens
658 3170 774 3227 eris,
798 3176 983 3239 etcum
1008 3180 1235 3232 perverso
1262 3164 1572 3239 perveneris
1591 3161 1761 3239 (Psai.
1790 3165 1898 3231 17.)
1932 3181 1943 3215 :
1970 3179 2095 3239 ceu-

514 3250 655 3291 sura:
686 3220 899 3289 tandem
940 3220 1140 3287 animus
1169 3220 1331 3300 arripi
1352 3250 1442 3296 hm,
1475 3242 1530 3285 ut
1562 3220 1804 3300 ingratis,
1832 3220 1949 3301 quas
1977 3234 2091 3287 fue-
2122 3220 2169 3284 C

521 3315 642 3360 rant
701 3309 890 3361 collata
937 3305 1251 3368 sobducam,
1302 3304 1538 3370 ipseque
1584 3318 1712 3369 opes
1772 3304 2099 3359 liberationis

518 3376 782 3446 quoddam
815 3376 1131 3429 beneticium
1174 3384 1591 3442 consequantur,
1636 3388 1755 3426 cum
1791 3374 2097 3443 prophanu-

519 3463 637 3501 rum
680 3450 862 3500 usibus
889 3446 1297 3500 subtrahuntur.

590 3517 714 3570 Ideo
744 3527 921 3569 autem
960 3515 1211 3568 distincte
1238 3514 1312 3566 ait
1360 3511 1533 3584 [Vers.
1562 3510 1662 3584 9.],
1717 3512 1931 3567 Sumam
1978 3516 2096 3585 fru-

519 3597 746 3639 mentum
774 3587 826 3638 in
857 3599 1079 3653 tempore
1099 3600 1210 3645 suo,
1244 3596 1289 3635 et
1320 3587 1494 3656 prinum
1517 3585 1567 3637 in
1592 3598 1811 3655 tempore
1835 3603 1946 3653 suo,
1976 3586 2097 3656 quia

524 3673 627 3709 non
657 3666 739 3710 est
759 3656 966 3724 frugum
997 3671 1096 3708 una
1123 3654 1389 3718 eullcctio,
1423 3664 1677 3708 Caeterum
1718 3658 1943 3711 diversis
1974 3654 2098 3711 anui

522 3727 853 3793 temporibus
882 3728 1085 3789 singula
1134 3740 1359 3794 quaeque
1408 3725 1733 3794 rediguntur,
1774 3737 1932 3793 atque
1981 3728 2100 3782 ideo

525 3811 756 3849 messem
790 3797 1001 3863 negabit
1032 3804 1208 3857 aestas,
1242 3804 1526 3848 autumnus
1555 3796 1898 3861 vindemiam,
1932 3801 2099 3851 mobi-

522 3868 721 3919 litatem
745 3867 928 3919 bruma
955 3866 1227 3936 subducit,
1249 3876 1299 3918 et
1319 3866 1585 3931 continget
1609 3868 1819 3936 (inquit)
1841 3870 2101 3922 creaturis

522 3936 764 4004 quoniam
814 3937 1075 3995 liberatio.
1109 3935 1155 3988 si
1200 3936 1276 3989 eis
1319 3953 1421 3989 non
1471 3950 1689 3992 n'antur
1720 3939 1971 3992 immeriti
2006 3957 2020 3991 :
2056 3948 2101 3993 et

521 4007 741 4060 liberabo
772 4007 938 4060 latrant
961 4014 1221 4078 meam,et
1259 4008 1415 4059 linunt
1456 4024 1639 4071 mrum,
1676 4023 1791 4076 qua:
1815 4010 2101 4078 aperiebant

520 4078 851 4145 ignominiam
906 4081 1037 4147 ejus.
1094 4076 1173 4129 Ad
1228 4080 1482 4129 ntundum
1540 4082 1737 4146 quippe
1789 4076 2099 4134 muliebrem

519 4148 792 4216 eleganter
820 4146 1019 4210 allusit,
1044 4147 1184 4216 quod
1218 4146 1287 4198 ita
1313 4162 1472 4201 omne
1500 4162 1714 4215 corpus,
1767 4147 1819 4201 iu
1847 4166 1952 4216 quo
1979 4162 2104 4205 sunt

519 4218 691 4286 aliqua
720 4219 1038 4282 verecunda,
1066 4220 1381 4281 cuntexerit,
1420 4228 1475 4269 ut
1506 4218 1633 4271 illud
1659 4222 1817 4273 etiam
1852 4234 2099 4275 venusta-

519 4299 621 4361 rei.
648 4290 812 4342 Acuta
840 4300 1013 4361 tamen
1048 4291 1257 4341 videtur
1284 4289 1759 4361 ostenderetquia
1792 4292 2102 4361 plerumque

520 4356 622 4411 sub
675 4358 1026 4426 prosperitate
1083 4362 1204 4409 vite
1243 4372 1463 4410 reorum
1513 4356 1722 4411 [inditas
1776 4356 2099 4415 delitescat:

518 4442 656 4501 quos
678 4426 721 4480 si
750 4429 906 4497 digna
932 4442 1116 4501 rursus
1145 4426 1321 4494 inepia
1343 4440 1722 4497 Conseqnatur,
1753 4434 1941 4485 merita
1971 4448 2103 4501 quu-

516 4498 925 4568 que‘latueraut,
958 4498 1293 4568 delegantur.

592 4566 746 4642 vers.
783 4570 867 4621 l0.
903 4597 971 4607 —
1004 4565 1100 4642 Et
1132 4583 1269 4642 nunc
1302 4566 1530 4642 revelubo
1571 4568 1840 4642 stultitiam
1886 4573 1998 4642 ejus
2051 4575 2102 4627 in

517 4639 679 4692 oculis
705 4647 994 4710 amatorum
1023 4640 1153 4710 ejus.
1175 4708 1182 4710 Α
1204 4636 1264 4710 Ι(ιῄ
1286 4645 1390 4702 est,
1428 4637 1547 4710 illos
1589 4638 1753 4705 ipsos,
1785 4644 1874 4710 qui
1908 4636 2101 4697 'aucto-

516 4724 626 4773 res,
653 4709 738 4764 vel
765 4707 1053 4782 participes
1077 4708 1298 4782 sceleris
1325 4707 1667 4782 exstiterunt,
1714 4707 2101 4782 consequentia

516 4794 699 4835 rerum
741 4779 954 4849 subiget
992 4776 1419 4849 conﬁteri,nihil
1468 4778 1567 4833 hac
1597 4783 1812 4836 natione
1856 4776 2102 4838 St'ulidius

513 4863 658 4912 esse,
687 4864 847 4918 quam
875 4847 975 4920 nec
1003 4847 1565 4920 consiliadireserlnt,
1592 4866 1689 4905 nec
1713 4854 1943 4920 pericula
1974 4869 2101 4907 cor-

518 4920 782 4981 roxeriut,
814 4919 907 4972 sed
938 4934 1062 4989 eum
1097 4918 1375 4989 Dominum
1426 4920 1646 4989 ingrata:
1675 4918 1869 4977 ruentis
1916 4925 2103 4978 crimi-

516 4989 672 5043 nibus
703 4988 1092 5060 asperaverint,
1122 4988 1274 5058 cujus
1305 4988 1617 5060 potentiam,
1649 4994 1890 5047 onmium
1923 4997 2101 5048 conti-

516 5067 755 5133 rientem,
786 5068 891 5133 tam
912 5059 1153 5112 adversis
1175 5060 1283 5133 suis
1308 5059 1378 5114 sit
1404 5073 1647 5130 experta,
1682 5079 1840 5130 quam
1873 5076 2096 5133 prospe-

515 5129 610 5202 ris.
650 5128 903 5202 Revelabo
930 5145 1058 5200 ergo
1097 5132 1361 5184 stultitiam
1390 5128 1508 5202 ejus
1537 5133 1589 5185 in
1631 5128 1791 5187 oculis
1816 5128 2098 5188 amatorum

513 5200 645 5269 ejus,
675 5210 720 5253 et
745 5200 818 5253 vir
851 5216 951 5253 non
984 5211 1122 5255 eruet
1146 5218 1255 5255 eam
1284 5202 1346 5255 de
1374 5200 1527 5255 manu
1558 5219 1688 5256 mea.
1725 5205 1776 5257 ω
1818 5212 1901 5258 est
1925 5206 2099 5261 nullus

512 5270 614 5343 erit
650 5270 973 5343 principum,
1019 5287 1242 5343 quorum
1284 5282 1375 5343 est
1424 5282 1607 5325 secuta
1643 5274 2092 5343 prophanitatem,

513 5340 601 5407 qui
637 5342 803 5409 possit
849 5356 969 5397 eam
997 5355 1027 5394 a
1059 5356 1175 5396 mea
1206 5342 1574 5410 indignatione
1603 5340 1897 5399 defendere
1934 5362 1944 5396 :
1992 5360 2095 5399 non

650 5472 838 5545 Yersio
859 5484 1034 5529 autem
1074 5474 1481 5545 llieronymiana
1512 5484 1566 5530 et
1594 5474 1840 5545 Vulgata,
1894 5473 1957 5527 Et
1985 5493 2088 5531 ces-

510 5561 627 5599 sare
647 5544 858 5613 faciam,
908 5546 1133 5599 Hebran
1160 5544 1414 5613 pressius.

581 5614 608 5654 δ
648 5616 1009 5685 Supplendum
1035 5617 1247 5685 gaudio,
1275 5625 1365 5668 aut
1385 5614 1509 5683 quid
1537 5614 1735 5670 simile.

584 5695 607 5725 α
648 5684 1050 5758 Prodepunent.
1100 5684 1253 5758 Initio
1292 5685 1666 5752 subsequentis
1715 5685 1943 5758 periodi,
1996 5703 2094 5758 pro

512 5756 666 5821 Quod
707 5755 922 5809 adnotat
960 5756 1103 5821 prior
1157 5756 1339 5808 Editur
1369 5758 1629 5823 scriptum
1662 5760 1734 5810 al.
1771 5756 1858 5811 Et.
1900 5755 1954 5813 In
1988 5755 2094 5815 line

510 5835 686 5880 autem
722 5838 815 5893 pro
845 5827 1113 5879 vescendus
1146 5824 1544 5880 rescribendum
1580 5828 1874 5883 rescituros.

2138 4616 2186 4672 D

2196 557 2375 609 dinmn
2409 556 2651 608 mulieris
2696 562 2751 607 et
2784 556 3014 608 virorum
3046 556 3214 608 oratio
3246 564 3495 619 suscepta
3537 559 3772 610 contexi-

2192 638 2297 690 tur,
2330 627 2449 679 ideu
2479 628 2577 687 ait,
2601 626 2727 695 quia
2755 638 2875 695 cum
2900 640 3017 679 eam
3055 624 3349 694 indignatio
3378 625 3556 678 divina
3592 640 3773 692 percu-

2190 697 2328 763 Ieril,
2358 694 2629 750 amatores
2654 697 2769 762 ejus
2799 694 2963 766 408
3009 697 3302 765 nequibant
3333 699 3382 748 ei
3413 710 3729 750 succurrere
3762 714 3774 750 :

2191 783 2289 821 nec
2335 767 2590 831 miseriis,
2622 766 2817 836 quibus
2846 767 3117 821 obruenda
3150 769 3243 831 sit,
3275 767 3561 836 quicquam
3596 766 3778 821 afferre

2190 838 2386 891 solatii.
3024 874 3029 885 .

2265 908 2416 960 Vc-rs.
2451 907 2532 960 ll.
2557 936 2624 948 -
2650 916 2673 943 ³·
2704 908 2947 976 Auferam
2974 924 3119 962 omne
3146 906 3392 978 gaudium
3420 909 3557 977 ejus,
3589 908 3779 961 solem-

2190 980 2395 1051 nitatem
2420 980 2552 1047 ejus,
2589 980 3061 1051 neomeniamejus,
3080 982 3345 1051 sabbatum
3386 980 3518 1047 ejus,
3544 988 3593 1051 et
3620 980 3782 1031 omnia

2190 1050 2317 1117 festa
2349 1058 2574 1113 tempora
2606 1053 2738 1119 ejus.
2770 1048 2960 1103 Posuit
2983 1051 3196 1103 nomina
3239 1048 3521 1111 feriarum,
3571 1050 3624 1101 in
3671 1052 3783 1116 qui-

2191 1122 2288 1172 bus
2319 1120 2607 1187 plurimum
2668 1121 3117 1184 hetabatur,cum
3185 1127 3293 1173 tota
3346 1121 3495 1188 regio
3554 1119 3779 1181 choreis.

2190 1190 2413 1243 canticis
2444 1189 2723 1257 epulisque
2781 1190 3055 1244 lasciviret
3085 1207 3099 1243 :
3153 1206 3273 1259 qua:
3308 1190 3519 1259 utique
3548 1190 3784 1255 luxuries

2195 1276 2299 1312 non
2337 1260 2547 1325 vigebat
2580 1262 2704 1323 nisi,
2737 1274 2857 1313 cum
2909 1263 3134 1328 populus
3162 1258 3268 1314 alta
3314 1274 3448 1327 pace
3500 1258 3778 1314 frueretur.

2196 1330 2478 1394 Universa,
2512 1330 2703 1399 inquit,
2736 1330 2851 1383 haec
2874 1332 3158 1385 contrariis
3190 1332 3563 1395 mutabuntur,
3594 1338 3652 1383 et
3676 1346 3783 1384 ces-

2190 1412 2341 1455 saute
2371 1400 2425 1462 δ,
2462 1402 2633 1455 luctus
2663 1401 3027 1467 adhibebitur,
3053 1400 3303 1454 feriarum
3331 1410 3579 1468 tempora
3613 1402 3775 1468 capti-

2192 1473 2327 1523 vitas
2354 1471 2657 1539 oecupahil,
2693 1471 2898 1525 sabbati
2926 1475 3031 1525 otia
3064 1472 3213 1525 labor
3252 1487 3577 1523 ternmnnsa:
3625 1473 3784 1526 servi-

2195 1542 2322 1597 tutis
2353 1542 2596 1609 implebit
2631 1559 2643 1593 :
2694 1556 2793 1594 nec
2824 1544 2995 1595 solum
3029 1550 3172 1596 tanta
3206 1543 3519 1600 captivitate
3545 1542 3780 1607 libertas,

2195 1614 2291 1666 sed
2345 1615 2507 1666 etiam
2565 1622 2827 1666 terrarum
2878 1612 3196 1668 [incunditas
3245 1612 3455 1681 lugubri
3509 1614 3789 1666 sterilitate

2200 1682 2510 1736 mutabitur.

2269 1753 2418 1806 Vers.
2454 1753 2641 1824 12,-—
2678 1750 3016 1824 Corrumpam
3047 1752 3189 1808 enim
3240 1753 3438 1806 vineam
3483 1754 3618 1819 ejus,
3657 1762 3701 1807 et
3726 1756 3784 1819 ﬁ-

2196 1838 2311 1875 cum
2342 1827 2473 1894 ejus,
2525 1822 2589 1875 de
2627 1824 2807 1891 quibus
2851 1822 3000 1889 dixit,
3048 1823 3306 1878 Mercedes
3361 1824 3442 1876 Im:
3480 1840 3605 1877 mete
3650 1836 3780 1885 sunt,

2191 1910 2316 1961 quas
2354 1895 2602 1947 dederunt
2632 1895 2759 1945 mihi
2789 1905 3039 1947 amatores
3087 1896 3184 1947 mei
3215 1910 3232 1947 :
3260 1904 3311 1963 et
3343 1911 3533 1964 ponant
3576 1911 3685 1947 eam
3728 1896 3775 1947 in

2196 1965 2412 2028 saltum,
2460 1974 2505 2016 et
2544 1965 2768 2035 comedet
2793 1965 2939 2017 illam
2987 1967 3145 2019 bestia
3172 1966 3305 2035 agri.
3356 1967 3655 2019 Exsecutus
3686 1977 3780 2023 est.

2195 2036 2318 2103 quid
2347 2046 2569 2099 partium
2595 2034 2786 2087 damna
2815 2036 3163 2097 conﬁcerent,
3197 2034 3248 2089 id
3276 2044 3379 2095 est.
3414 2050 3537 2089 cum
3569 2037 3783 2089 culturas

2191 2106 2525 2159 sedulitatem
2550 2105 2692 2171 jugis
2726 2106 2885 2159 fuerit
2913 2117 3199 2160 consecuta
3224 2106 3531 2169 frustratio,
3560 2108 3778 2159 alumni—

2195 2184 2358 2229 tatem
2395 2176 2698 2241 pristinam,
2727 2176 3051 2231 succedente
3079 2178 3351 2246 squalore,
3382 2192 3532 2240 rura,
3565 2188 3586 2214 ε
3624 2192 3781 2245 expo-

2194 2255 2343 2309 uent,
2375 2246 2783 2317 lietquelustris
2832 2248 3025 2315 potius,
3076 2263 3237 2315 quam
3283 2246 3431 2317 agris
3479 2247 3630 2314 regio
3684 2257 3785 2302 tota

2193 2314 2514 2387 consimilis,
2549 2314 2600 2369 id
2631 2326 2732 2379 est,
2774 2314 2893 2386 qua:
2936 2318 3061 2371 leris
3090 2314 3343 2387 dignior;
3371 2333 3534 2385 quam
3566 2318 3782 2371 homini-

2193 2386 2294 2441 bus
2318 2394 2621 2441 censeatur.
2648 2387 2797 2453 Quod
2831 2387 3079 2457 quoniam
3112 2386 3250 2441 hanc
3280 2387 3471 2442 {aciem
3496 2389 3780 2442 colentium

2197 2458 2388 2512 raritas
2444 2465 2562 2512 erat
2629 2457 2865 2523 illatura,
2920 2458 3197 2527 eleganter
3245 2464 3543 2522 expressit,
3594 2459 3786 2513 bestias

2194 2532 2304 2596 agri
2330 2528 2447 2595 ejus
2497 2527 2759 2581 fructibus
2787 2542 2907 2583 esse
2957 2530 3269 2583 vescendas.
3321 2530 3530 2597 Sponte
3558 2544 3678 2595 sua,
3708 2530 3786 2584 in-

2195 2601 2330 2667 quit,
2362 2599 2540 2652 lumen
2587 2597 2812 2653 rationis
2848 2599 3062 2667 abjecit,
3094 2608 3148 2653 et
3180 2609 3295 2667 post
3339 2601 3668 2664 satietatem,
3707 2608 3783 2654 at-

2195 2684 2300 2738 que
2348 2670 2826 2738 impinguationem
2870 2670 3164 2723 calcitravit
3192 2670 3446 2735 dilectus,
3492 2687 3557 2725 ac
3590 2681 3783 2725 tantum

2201 2740 2417 2808 proprio
2459 2740 2918 2805 impudentissima
2945 2754 3076 2807 gens
3122 2740 3249 2794 lavit
3289 2742 3484 2805 errori,
3518 2753 3573 2797 ut
3603 2743 3782 2809 gaudia

2199 2813 2365 2875 pacis,
2405 2817 2458 2862 et
2489 2825 2667 2863 rerum
2698 2812 2929 2878 copiam,
2963 2825 3187 2879 quorum
3234 2811 3716 2875 continuationem,
3744 2813 3786 2870 si

2198 2880 2384 2934 fuisset
2406 2889 2550 2933 casta
2582 2895 2643 2935 ac
2663 2882 2874 2943 devota,
2899 2882 2947 2936 ei
2976 2882 3348 2950 promiseram,
3373 2882 3487 2935 suis
3510 2894 3782 2948 corrupto-

2198 2950 2343 3003 ribus
2400 2951 2623 3005 auderet
2675 2950 3018 3007 adscribere:
3072 2950 3192 3006 ideo
3258 2954 3407 3017 haec,
3466 2954 3606 3007 sicut
3657 2954 3783 3018 disi,

2198 3036 2317 3089 pars
2339 3023 2441 3075 erit
2472 3022 2642 3089 prima
2668 3022 2933 3088 vindictae,
2964 3032 3019 3076 ut
3050 3022 3152 3087 his,
3179 3023 3375 3091 quibus
3408 3038 3515 3076 non
3543 3034 3628 3078 est
3658 3026 3785 3076 bene

2201 3106 2316 3156 usa,
2342 3102 2396 3145 et
2423 3092 2625 3157 gaudiis
2652 3105 2881 3148 exuatur
2916 3103 2969 3147 et
2994 3092 3186 3159 capiis,
3231 3094 3501 3162 sciatque,
3538 3097 3783 3159 «itioniam

2203 3166 2314 3215 lucc
2362 3163 2447 3216 ille
2478 3162 2745 3230 propicius
2785 3175 2908 3217 ante
2935 3163 3245 3229 contulerit,
3277 3164 3366 3227 qui
3420 3166 3591 3232 putuit
3637 3166 3782 3219 deiu-

2200 3248 2326 3299 ceps
2349 3234 2511 3287 iratus
2539 3235 2773 3288 auferre.
2806 3232 3007 3286 Ponam
3053 3249 3186 3297 eam,
3245 3234 3438 3303 inquit,
3494 3237 3546 3288 in
3583 3236 3783 3301 saltum,

2201 3304 2503 3375 etﬂcomedet
2547 3303 2692 3356 illam
2728 3303 2891 3375 bestia
2930 3304 3065 3375 agri.
3100 3304 3433 3368 Permittant,
3482 3308 3577 3367 ait.
3613 3319 3669 3360 ut
3699 3309 3786 3361 ho-

2200 3374 2679 3446 stilicousumatur
2725 3373 2978 3446 incursu,
3004 3376 3188 3442 sicque
3219 3377 3364 3429 nullo
3408 3391 3544 3430 mea:
3572 3377 3785 3446 disposb

2205 3442 2362 3496 tionis
2397 3444 2665 3496 muniatur
2698 3444 2931 3512 objecta,
2961 3446 3095 3499 sicut
3129 3461 3225 3499 nec
3255 3447 3449 3507 saltus,
3485 3463 3584 3501 uec
3628 3442 3786 3503 lustra

2202 3514 2458 3567 laboratis
2490 3514 2705 3580 sepibus
2736 3515 2938 3569 claudit
2980 3516 3233 3583 agricola.
3268 3517 3330 3570 Et
3362 3519 3484 3586 quia
3518 3514 3785 3572 videbatur

2204 3598 2382 3635 veram
2424 3586 2741 3656 sententiain
2792 3585 3094 3653 pratulisse,
3128 3585 3577 3642 caussam’denuo
3628 3590 3787 3656 ipsius

2202 3656 2634 3731 commonitionis
2664 3654 2921 3731 adnectii,
2955 3665 3009 3710 ut
3036 3657 3224 3731 doceat
3263 3673 3323 3731 se
3345 3659 3569 3731 iustitia:
3602 3654 3786 3731 magis,

2203 3740 2361 3793 quam
2388 3725 2502 3789 iraa,
2538 3726 2784 3794 quicquid
2820 3727 3111 3793 infremuit,
3149 3729 3488 3795 perstitisse.

2280 3794 2433 3869 Yers.
2468 3797 2553 3850 l3.
2580 3825 2650 3869 τ·-
2691 3796 2753 3848 Et
2780 3797 3012 3863 visitabo,
3043 3794 3425 3869 ait,supeream
3449 3800 3558 3852 dies
3572 3797 3785 3869 Baulim,

2203 3865 2382 3930 quibus
2419 3866 2713 3920 incendebat
2761 3868 3043 3933 incensum,
3078 3878 3123 3921 et
3161 3868 3439 3921 ornabatur
3461 3872 3643 3923 incure
3674 3865 3782 3935 sua,

2204 3948 2249 3987 et
2280 3936 2457 3989 monili
2488 3953 2600 4000 suo,
2634 3947 2680 3990 et
2708 3937 2813 3990 ibat
2842 3948 2953 4003 post
2979 3950 3229 3992 untatores
3249 3956 3390 4002 suos,
3436 3949 3485 3992 et
3529 3943 3629 3994 mei
3673 3942 3785 3994 obli-

2207 4005 2509 4074 viscebatur,
2562 4009 2683 4060 dicit
2727 4007 3003 4061 Dominus.
3047 4009 3159 4063 Non
3196 4025 3360 4075 lillllC,
3408 4011 3602 4079 inquit,
3656 4014 3787 4067 inter

2206 4079 2458 4150 peccandi
2506 4086 2750 4150 versatur
2798 4079 3041 4143 exordia,
3090 4089 3143 4131 ut
3175 4095 3427 4147 processu
3480 4080 3786 4150 temporis‘

2207 4148 2559 4221 sullundenda
2609 4150 2898 4203 credatur:
2948 4150 3073 4221 olim
3115 4165 3234 4204 (‘lltll
3283 4150 3400 4219 cjus
3448 4148 3787 4221 improbitate

2210 4219 2468 4291 patientia
2506 4227 2687 4272 nostra
2737 4218 3033 4282 contendit,
3092 4237 3189 4275 nec
3241 4218 3417 4276 tamen
3471 4218 3673 4291 aliquid
3724 4226 3785 4279 ad

2206 4289 2631 4363 eun-ullatiOuem
2667 4293 3052 4363 promovimus,
3083 4294 3295 4360 quando
3319 4294 3433 4345 huic
3460 4296 3513 4348 in
3545 4289 3640 4348 sua
3676 4312 3786 4363 pro-

2210 4359 2428 4412 lanitate
2468 4360 2768 4414 consenuit.
2802 4360 2877 4414 Ne
2905 4376 3032 4427 ergo
3060 4359 3218 4415 etiam
3244 4363 3441 4427 judicis
3466 4359 3785 4419 famatn'im-

2209 4430 2421 4497 punitas
2453 4428 2606 4498 longa
2661 4434 3037 4496 commaculet,
3082 4442 3135 4485 et
3182 4434 3364 4486 videar
3404 4433 3605 4499 fovere,
3652 4436 3785 4501 quod

2211 4502 2410 4553 tamdiu
2445 4502 2623 4624 viqere
2652 4502 2921 4569 permitto,
2955 4517 3255 4572 quanquam
3288 4519 3434 4567 sero,
3488 4514 3668 4559 tamen
3711 4508 3784 4559 vel

2213 4571 2426 4623 demum
2458 4586 2506 4624 at
2544 4585 2678 4624 onus
2695 4574 2910 4624 ultionis
2934 4573 3199 4624 accingar.
3228 4583 3281 4624 ut
3303 4589 3607 4624 exnunszam
3629 4577 3781 4624 etiam

2213 4571 2426 4643 demum
2458 4571 2523 4625 ad
2544 4585 2678 4643 opus
2695 4574 2910 4643 ultionis
2934 4571 3199 4641 accingar,
3228 4583 3281 4643 ut
3303 4589 3365 4627 ex
3377 4589 3607 4643 pungam
3629 4577 3781 4629 etiam

2213 4641 2332 4715 illos
2360 4641 2492 4705 dies,
2525 4642 2718 4715 quibus
2747 4641 3160 4715 Baalimpidolo
3202 4641 3453 4699 videlicet
3491 4641 3783 4715 turpitudi-

2211 4712 2316 4775 nis,
2359 4724 2569 4783 cumpta
2598 4714 2815 4779 insuper
2855 4714 3159 4779 monilibus,
3188 4717 3476 4770 serviebat.
3510 4712 3665 4783 Quod
3693 4733 3783 4771 au-

2212 4790 2315 4835 tem
2358 4798 2461 4835 non
2485 4782 2654 4834 solum
2687 4783 2987 4847 momlium,
3021 4786 3114 4838 sed
3161 4785 3343 4837 etiam'
3374 4782 3638 4840 iuaurium
3669 4788 3783 4842 fecit

2208 4852 2554 4925 mentionem,
2605 4867 2885 4925 possumus
2931 4854 3143 4923 quidem
3176 4856 3376 4920 dicere,
3421 4857 3548 4924 quia
3600 4860 3781 4925 quibus

2204 4920 2369 4991 409
2387 4932 2666 4977 comantur
2688 4920 2962 4988 liminium,
2987 4925 3341 4978 nominaverit
3370 4920 3532 4991 pauca
3560 4920 3628 4980 de
3654 4931 3781 4980 mul-

2208 4993 2296 5043 tis.
2338 4994 2539 5045 l’atitur
2570 5003 2745 5046 tamen
2779 4994 2947 5057 locus,
2989 5005 3047 5048 ut
3086 4996 3284 5063 aliquid
3316 4997 3564 5050 subtilius
3596 4998 3779 5051 all'era-

2208 5077 2346 5125 Inus,
2381 5064 2428 5114 id
2458 5073 2563 5127 est,
2618 5063 2877 5116 iuaurium
2926 5067 3137 5118 nomine
3188 5066 3493 5119 obedientia
3546 5070 3782 5122 videatur

2205 5143 2439 5186 ostensa.
2482 5135 2547 5186 Et
2585 5135 2835 5199 quoniam
2882 5143 3006 5187 tunc
3050 5136 3274 5202 populus
3304 5135 3615 5191 Julia-orum
3647 5143 3780 5190 solus

2206 5213 2467 5272 praecepta
2502 5206 2653 5272 legis,
2686 5206 2879 5273 quibus
2924 5205 3190 5267 obediret,
3240 5218 3544 5273 acceperat,
3599 5209 3781 5262 merita

2204 5272 2358 5342 quasi
2403 5277 2663 5327 iuaurium
2708 5272 3020 5328 Ornamenla
3062 5277 3323 5347 gestabat.
3366 5272 3471 5331 Sed
3511 5290 3778 5347 pOslqtltllll

2207 5348 2416 5399 luuesto
2446 5348 2700 5415 deceptus
2729 5354 2814 5399 est
2839 5361 3043 5413 errore,
3073 5353 3129 5399 ut
3151 5345 3417 5401 ldulurum
3447 5348 3639 5403 ritibus
3655 5345 3781 5402 Vsub-

2271 5482 2297 5520 ιι
2338 5482 2589 5549 Quasdam
2624 5483 2675 5537 in
2720 5497 2959 5556 proxime
3008 5484 3285 5551 snperime
3317 5486 3613 5556 Scriptura:
3644 5496 3778 5543 textu

2199 5557 2570 5618 emendamus,
2596 5564 2649 5606 ut
2698 5563 2780 5608 est
2827 5554 2953 5608 illud
3014 5557 3309 5609 incendebat
3358 5554 3455 5624 pro
3508 5560 3776 5612 incedebat.

2204 5628 2331 5679 Ileic
2356 5625 2563 5679 videtur
2590 5626 2753 5693 priori
2807 5624 3011 5679 Editori
3043 5629 3229 5679 deesse
3278 5632 3497 5695 pudore,
3553 5639 3646 5683 aut
3685 5630 3781 5683 tale

2199 5697 2491 5771 quidpiam.
2524 5697 2581 5749 lu
2625 5696 3002 5771 subsequentis
3055 5696 3259 5771 periodi
3304 5700 3481 5764 priore
3511 5711 3661 5771 parte
3691 5716 3780 5769 pro

2201 5767 2363 5820 videat
2394 5768 2579 5835 facere,
2619 5768 2988 5837 rescripsimus
3020 5768 3210 5834 videar,
3246 5779 3350 5823 etc.
3511 5767 3525 5771 ⁷
3624 5801 3633 5813 ι
