4098 6356
551 350 652 407 979

1625 344 1711 402 RU
1722 345 1761 401 Ρ
1767 344 1879 400 1N0
1917 341 2368 399 PRESBYTEBO
2406 344 2788 401 ASCRIPTUS

3714 352 3808 407 980

549 470 855 536 publicavit.
895 467 1031 522 Toto
1054 465 1337 531 siquidem,
1361 464 1548 536 inquit,
1577 463 1760 536 corde,
1793 460 1922 536 mihi
1952 460 2126 515 socia—
2154 460 2203 517 A
2270 460 2455 536 _Vers.
2475 459 2704 536 eiset.
2729 489 2796 536 -τ
2829 450 2895 513 Et
2922 462 3096 536 crisin
3141 462 3368 536 fuat/ie,
3403 462 3695 527 exaudiam,
3724 462 3801 515 di;

547 531 713 606 bitur,
738 540 807 594 ita
838 548 894 592 ut
932 553 1038 591 non
1071 552 1154 591 me
1186 536 1405 590 ulterius
1431 531 1493 606 ex
1528 531 2127 606 interpolationevcne-

552 603 719 675 vtetur,
750 609 843 664 sed
868 609 1178 662 continuum
1210 606 1340 659 mihi
1377 605 1602 669 cultum,
1643 604 1771 656 mihi
1815 603 2126 675 continuum

548 672 819 750 impendet
872 678 1173 750 allectum:
1223 686 1247 712 ιι
1297 690 1487 741 meque
1516 684 1731 750 ta_ntum_
1762 687 1915 750 suum
1952 672 2127 750 virum

549 742 832 821 appellabit
887 760 942 803 et
990 748 1268 801 Dominum
1301 760 1472 821 :__nec
1495 745 1663 821 _ultra
1700 742 2125 821 Baalim,_idest,

561 812 740 887 Idalis,
767 835 940 873 meum
972 832 1164 871 nomen
1210 814 1459 887 ascribet.
1495 814 1568 867 De
1608 829 1715 881 quo
1742 828 1889 887 sane
1922 812 2124 887 Baalim

548 882 808 949 vocabulo
825 888 1129 943 Judaeorum
1150 887 1367 939 traditio
1394 884 1421 922 ι)
1441 884 1935 957 .sensumaliquem
1961 882 2130 957 Voluit

546 960 897 1017 comminisci.
931 957 1033 1013 Sed
1058 966 1279 1024 apparet
1309 957 1410 1009 hoc
1438 954 1559 1009 esse
1598 954 1841 1015 solidius,
1871 970 1966 1021 per
1986 954 2125 1021 quod

545 1029 926 1098 consequentia
960 1037 1068 1081 tota
1098 1029 1357 1098 decurrit,
1402 1036 1457 1077 ut
1494 1026 1560 1078 de
1588 1041 1683 1098 ore
1723 1025 1973 1076 videlicet
2000 1040 2124 1098 cor-

546 1117 706 1157 recue
726 1096 1204 1171 gentis‘auferenda
1237 1096 1507 1149 Idolorum
1533 1096 1751 1171 nomina
1779 1096 2125 1171 reptoiiiittat

544 1184 599 1226 et
629 1164 792 1227 Deu'm
812 1184 874 1223 ac
904 1168 1183 1221 Dominum
1216 1182 1274 1221 se
1302 1175 1507 1218 tantum
1538 1165 1854 1218 vocandum.
1887 1164 2123 1218 Dicendo

544 1253 721 1297 autem
755 1256 851 1293 non
881 1239 1231 1292 recordabitur
1258 1238 1393 1289 ultra
1432 1236 1647 1288 nominis
1670 1251 1865 1293 eorum,
1896 1236 1974 1287 vel
2002 1250 2125 1289 cor—

544 1314 859 1372 rectionem,
883 1325 1002 1377 quze
1053 1317 1195 1362 es~et
1224 1309 1375 1376 plena
1412 1307 1659 1377 signavit,
1692 1305 1777 1357 vel
1808 1304 2017 1357 adillud
2043 1320 2125 1357 as-

546 1381 723 1450 pexit,
786 1375 926 1449 quod
984 1394 1145 1444 supra
1204 1375 1473 1445 posuerat,
1532 1375 1645 1450 Ibat
1696 1384 1835 1450 post
1875 1384 2126 1450 amatores

541 1444 665 1508 suos
698 1444 718 1515 ,’
787 1444 833 1504 ἐι
895 1450 994 1502 mei
1045 1444 1436 1502 obliviscebatur
1468 1485 1483 1509 ,
1565 1448 1636 1498 ait
1684 1444 1953 1499 Dominus.
2012 1444 2123 1498 l'loc

540 1539 666 1593 ergo
696 1520 1262 1593 vitiumucastigatione
1316 1516 1647 1593 discludens,
1683 1517 1749 1593 Δἰιι
1771 1517 2119 1593 _contrar_ium

538 1585 790 1661 migrabit
841 1585 1119 1654 allectum,
1184 1600 1241 1641 ut
1288 1588 1519 1641 studium
1580 1585 1913 1654 profanitatis
1968 1586 2120 1653 plena

540 1664 808 1718 oblivione
839 1663 1090 1729 deponat.

614 1734 768 1788 Vers.
799 1726 1005 1785 18.120.
1038 1758 1103 1771 -—
1138 1727 1428 1781 Pcrcutiam
1460 1736 1482 1765 ο
1522 1728 1569 1779 ei
1601 1726 1765 1794 [tedas
1825 1727 1877 1778 in
1919 1726 2001 1779 die
2032 1727 2122 1779 illa

542 1821 658 1856 cum
699 1804 854 1857 bestia
901 1802 1036 1871 agri,
1068 1808 1113 1853 et
1143 1815 1256 1871 cum
1284 1797 1486 1850 volucre
1530 1798 1662 1871 caeli,
1707 1805 1753 1850 et
1794 1813 1908 1848 cum
1956 1798 2123 1867 reptili

541 1885 689 1928 terrw
738 1891 754 1926 :
817 1866 992 1924 arcum
1023 1880 1071 1923 et
1117 1870 1365 1937 gladium,
1420 1877 1465 1919 et
1531 1866 1718 1919 bellum
1749 1877 2003 1920 conteram
2055 1870 2118 1919 de

540 1955 693 2007 terra,
741 1955 788 1997 et
832 1943 1053 1994 dormire
1075 1942 1260 2009 faciam
1290 1955 1373 1991 eos
1402 1938 1729 2009 ﬁducialiter.
1776 1937 2044 2004 Sponsabo
2077 1949 2122 1990 te

541 2016 667 2068 mihi
686 2017 737 2067 in
759 2007 1141 2095 sempiternum,
1166 2012 1491 2095 et‘spousabo
1534 2018 1579 2060 te
1610 2007 1732 2095 mihi
1764 2009 2044 2095 injt'sVdcio
2075 2016 2120 2061 et

539 2086 756 2157 iustitia,
783 2093 826 2136 et
848 2076 911 2157 in
936 2080 1283 2157 misericordia
1314 2089 1360 2157 et
1400 2076 1849 2157 miserationi-bum:
1868 2076 1934 2129 Et
1967 2094 2120 2157 spon-

537 2147 661 2209 iabo
707 2147 753 2208 te
788 2154 912 2207 mihi
938 2154 989 2205 in
1033 2152 1156 2216 ﬁde,
1184 2160 1227 2201 et
1254 2150 1381 2202 scies
1420 2153 1538 2213 quia
1568 2166 1659 2220 ego
1692 2147 1962 2220 Dominus.
2005 2149 2117 2212 Est,

539 2225 729 2294 inquit,
767 2237 1127 2294 consequens,
1164 2230 1219 2273 ut
1249 2234 1367 2288 qua:
1400 2223 1566 2294 plagis
1603 2219 1803 2294 t_oetlat_a
1834 2219 2120 2294 subjacuit,

539 2290 988 2350 bonisnmuibus
1038 2301 1278 2345 correcta
1322 2291 1572 2358 potiatur.
1608 2290 1674 2343 Et
1724 2291 1843 2343 ideo
1884 2292 2020 2343 sicut
2074 2295 2119 2345 ei

539 2382 727 2420 omnes
751 2376 1025 2419 creaturas
1066 2375 1169 2415 non
1205 2360 1377 2414 solum
1424 2360 1696 2423 adversas,
1723 2361 1817 2414 sed
1847 2360 2006 2412 etiam
2036 2360 2119 2413 in-

540 2435 719 2492 fensas
744 2436 1038 2503 indignatio
1070 2442 1244 2484 nostra
1268 2430 1602 2503 reddiderat,
1652 2432 1722 2483 ita
1751 2444 1933 2484 rursus
1963 2431 2122 2503 bene-

540 2505 691 2561 volas
732 2516 785 2560 et
815 2501 1127 2558 commodas
1152 2501 1368 2554 easdem
1424 2501 1581 2553 iactat
1636 2512 1814 2553 nostra
1872 2502 2120 2567 placatio.

539 2576 836 2631 Percutiam
862 2576 1040 2641 itaque
1077 2573 1237 2638 {tedas
1259 2570 1304 2623 ei
1335 2586 1446 2622 cum
1478 2571 1578 2622 best
1603 2588 1633 2623 a
1664 2572 1796 2640 agri,
1827 2581 1883 2623 ut
1919 2587 2017 2624 nec
2039 2588 2124 2641 ar-

540 2663 726 2700 vorum
758 2640 1200 2715 lrugesisatvities
1248 2641 1413 2715 ferina
1462 2643 1905 2715 populetur,_n_ec
1941 2640 2123 2715 vinde-

541 2717 677 2770 mias
705 2710 891 2770 eorum
940 2722 1034 2766 aut
1064 2710 1581 2783 oliveta_volucrtmi
1636 2712 1909 2780 praecipiat
1959 2711 2121 2783 412

541 2788 847 2851 multitudo,
882 2799 979 2837 nec
1010 2797 1105 2851 per
1136 2780 1373 2834 membra
1401 2784 1656 2834 las~orum
1690 2796 1888 2849 angues
1917 2780 2122 2837 νειιέιῆ

540 2856 857 2909 diffundant.
888 2856 1018 2919 Quae
1046 2854 1220 2906 omnia
1245 2866 1364 2903 cum
1390 2852 1719 2905 liberationis
1742 2861 1982 2920 tempore
2006 2868 2123 2908 ces-

540 2937 722 2980 satura
762 2927 1032 2985 dicuntur,
1086 2923 1275 2976 diebus
1322 2924 1501 2990 utique
1549 2924 1819 2990 plagarum
1860 2924 2123 2977 docentur

541 2996 711 3051 illata.
735 2996 865 3050 Cum
892 2996 973 3048 his
995 2994 1234 3047 cladibus
1265 2995 1423 3047 etiam
1462 2995 1596 3047 bella
1631 2995 1937 3057 cessabunt,
1973 2995 2039 3046 ita
2068 3005 2123 3048 ut

540 3068 595 3119 in
630 3070 815 3136 patriis
851 3065 1044 3119 liuibus
1074 3064 1306 3117 dormire
1340 3065 1567 3131 pu8~int,
1598 3066 2123 3136 idest,reqniese_ere

540 3134 893 3198 confidenter,
924 3138 1118 3205 quippe
1150 3150 1246 3187 nec
1277 3137 1601 3199 irruptiones
1636 3149 1735 3189 nec
1767 3135 1985 3188 insidias
2014 3134 2122 3188 for-

543 3209 826 3261 midantes.
865 3206 1136 3275 Sponsubo
1175 3215 1222 3256 te
1260 3206 1385 3257 mihi
1432 3206 1483 3256 in
1526 3207 1910 3269 semiiternum,
1962 3205 2118 3271 idest,
2152 3208 2197 3269 C

540 3278 701 3331 rebus
729 3278 857 3346 ipsis
884 3277 1091 3330 erudita
1118 3289 1429 3345 cognosces,
1452 3291 1555 3329 non
1580 3291 1725 3342 meo,
1754 3274 1855 3346 sed,
1873 3284 1964 3328 tuo
1989 3276 2123 3330 vicio

541 3348 694 3413 illud,
725 3345 829 3417 quo
866 3347 1059 3400 afflicta
1082 3360 1163 3408 es,
1190 3346 1475 3412 contigisse
1503 3346 1804 3399 dissidium.
1830 3345 2124 3417 Caeterum,

544 3432 631 3473 me
668 3416 909 3487 paratum
957 3432 1098 3479 esse,
1138 3426 1195 3487 ut
1227 3417 1280 3469 in
1316 3420 1701 3487 sempiternum
1758 3416 1885 3469 mihi
1928 3431 2121 3484 sponsa

540 3486 880 3556 permaneas,
917 3488 1075 3551 idest,
1103 3486 1147 3539 si
1173 3488 1294 3540 talis
1322 3486 1508 3552 lueris,
1546 3488 1757 3557 qualem
1799 3500 1939 3540 nunc
1965 3487 2123 3557 casti-

542 3560 723 3627 gantia
750 3559 946 3627 judicia
978 3558 1367 3627 reddiderunt,
1394 3558 1446 3610 in
1479 3556 1861 3624 sempiternum
1912 3557 2001 3610 tibi
2032 3556 2124 3610 fa:-

540 3626 759 3682 deratio’
778 3630 949 3697 prisca
996 3627 1315 3681 servabitur.
1351 3626 1443 3682 Sic
1471 3629 1615 3681 enim
1668 3626 1932 3693 paciscor,
1974 3638 2037 3697 te
2066 3631 2117 3681 in

540 3708 729 3753 nostro
757 3696 1069 3766 permanere
1108 3697 1403 3760 consortio,
1436 3706 1495 3749 ut
1531 3698 1813 3765 explorent
1858 3696 2119 3762 justitiam

541 3777 689 3822 tuam
716 3770 927 3821 admota
968 3767 1191 3835 judicia.
1224 3766 1318 3819 Vel
1345 3766 1388 3818 si
1423 3775 1475 3822 te
1503 3768 1795 3835 subrepens
1825 3766 1970 3833 1.4m.
2001 3770 2123 3821 sub-

541 3836 771 3909 ripicns]
818 3838 1134 3909 negligentia
1164 3838 1540 3909 vulneraverit,
1582 3850 1633 3890 et
1663 3853 1692 3889 a
1717 3853 1800 3890 me
1833 3847 2007 3909 tamen
2040 3854 2123 3892 re-

543 3906 779 3963 medium
813 3906 923 3963 toto
953 3907 1116 3962 flendi
1139 3906 1339 3961 ambitu
1376 3910 1744 3974 postulaveris,
1780 3908 2123 3963 nihilominus

542 3979 882 4047 desponsabo
914 3989 966 4033 te
1012 3979 1141 4031 mihi
1183 3979 1234 4031 in
1267 3978 1633 4032 misericordia
1664 3988 1719 4032 et
1746 3979 1796 4030 in
1828 3979 2124 4047 miseratio-

540 4046 698 4104 nibus
723 4065 887 4118 :quas
911 4064 1031 4103 cum
1058 4063 1189 4103 sane
1206 4047 1391 4103 fideles
1412 4058 1825 4118 constantesque
1855 4046 1883 4085 ἀ
1908 4064 2125 4115 persen-

541 4120 954 4194 serisg(hoc_est
983 4122 1124 4173 enim
1169 4120 1327 4194 quod
1353 4120 1446 4185 ait,
1495 4120 1765 4194 Sponsabo
1810 4130 1872 4194 te_
1905 4120 2121 4194 inﬁde)

539 4189 815 4245 alacritate
835 4191 1012 4245 debita
1045 4190 1384 4258 pradwabis,
1418 4189 1549 4258 quia
1574 4205 1673 4259 ego
1699 4204 1815 4243 sum
1842 4190 2121 4245 Dominus.

541 4260 696 4328 Quod
729 4271 896 4316 totum
924 4262 1002 4315 sic
1026 4261 1377 4324 instituimus,
1409 4261 1455 4314 si
1492 4261 1556 4314 ad
1592 4261 1922 4314 voca.ionem
1953 4260 2122 4313 Evan-

539 4331 668 4400 gelii
716 4334 1119 4397 transferamus,
1160 4330 1491 4385 manifestius
1521 4331 1786 4384 constabit
1823 4330 2118 4400 impletum.

539 4397 817 4470 Speciosus
833 4404 974 4457 enim
988 4403 1155 4469 [arma
1177 4418 1282 4470 pra:
1297 4402 1420 4467 [iliis
1434 4401 1698 4453 hominum
1712 4400 1883 4469 (Psat.
1900 4397 1999 4453 ⁷44.
2018 4400 2120 4470 5.),

540 4475 611 4527 de
640 4474 790 4541 cujus
824 4472 975 4526 labiis
1008 4472 1121 4524 fusa
1148 4471 1316 4538 gratia
1346 4473 1544 4524 mundo
1572 4471 1717 4524 dedit
1741 4475 1988 4532 salutem,
2043 4488 2121 4524 re-

538 4544 717 4621 ginatn
748 4560 903 4621 quani
929 4543 1030 4595 Sibi
1056 4541 1705 4621 inconsortiumthalami
1724 4558 1819 4611 pro
1848 4542 2121 4621 virginita-

539 4596 623 4666 i’isr
642 4596 845 4668 bondre
873 4612 1180 4681 deSpontlit,
1214 4611 1442 4665 adscivit
1469 4612 1520 4665 in
1540 4596 1762 4680 justitia,
1789 4596 2119 4680 quani’justi-
2155 4596 2197 4651 υ

538 4685 749 4738 ticando
778 4683 955 4739 dedit:
988 4682 1219 4738 adscivit
1258 4686 1306 4735 iu
1346 4685 1545 4750 judicio
1574 4698 1692 4735 cum
1723 4698 1862 4745 eam,
1892 4698 2008 4750 qua:
2040 4683 2118 4735 le-

538 4756 724 4822 gitime
754 4764 899 4809 esset
950 4755 1280 4818 laboratura,
1303 4753 1503 4821 delegit
1536 4771 1547 4804 :
1581 4753 1803 4805 adscivit
1830 4753 1881 4805 in
1917 4751 2121 4805 miseri-

541 4826 723 4879 cordia
756 4826 891 4879 etin
940 4824 1392 4887 miserationibus,
1449 4838 1569 4876 cum
1622 4824 1891 4891 prteterita
1943 4823 2118 4875 debita

538 4896 820 4957 relaxavit,
854 4903 908 4948 et
935 4895 1216 4960 despondit
1248 4895 1297 4946 in
1331 4895 1454 4954 fide,
1488 4898 1589 4962 Qua
1615 4894 1698 4946 vel
1721 4894 1875 4945 corde
1899 4894 2123 4962 creditur

539 4966 609 5017 ad
623 4966 902 5035 justitiam,
929 4980 1014 5016 ore
1038 4967 1207 5016 autem
1234 4966 1488 5035 confessio
1515 4965 1572 5033 ﬁt
1610 4964 1677 5015 ad
1704 4961 2116 5035 salutemtliom.

544 5033 636 5105 1οζ
659 5034 773 5105 10.)
799 5051 813 5088 :
839 5036 923 5088 vel
945 5035 1085 5101 quod
1121 5050 1224 5087 non
1255 5044 1335 5087 est
1364 5033 1612 5105 dubium,
1633 5049 1757 5105 quia
1775 5033 2121 5105 diligentibus

541 5101 833 5160 Dominum
859 5106 1034 5159 omnia
1067 5105 1359 5173 procedant
1402 5108 1453 5157 in
1486 5101 1682 5158 bonum
1708 5102 1869 5175 (Ibid.
1899 5104 1950 5157 8.
1982 5101 2121 5173 ‘28.).

616 5245 643 5273 ⁸
683 5237 758 5291 Ita
789 5235 1136 5291 emendamus
1163 5251 1356 5306 meque,
1389 5251 1484 5307 pro
1512 5251 1617 5306 quo
1666 5245 1819 5290 antea
1851 5252 2011 5305 neque
2050 5237 2122 5291 le-

577 5309 784 5363 ebatur.

544 5323 881 5443 xcllzdlll‘lti‘llor,
908 5386 1001 5431 aut
1024 5393 1143 5442 quas
1190 5377 1257 5431 de
1316 5377 1514 5432 Baalim
1558 5394 1623 5432 ex
1674 5378 1896 5432 llebrzna
1945 5378 2120 5448 lingua

543 5449 899 5519 Hieronymus
929 5449 1029 5501 huc
1054 5449 1236 5511 refert,
1270 5449 1461 5503 Noster
1489 5449 1721 5519 sugillat.

619 5529 642 5556 ο
684 5517 873 5572 Verius
920 5518 1080 5573 habet
1133 5517 1749 5590 llieronymianaEditio
1770 5521 1863 5574 eis.
1896 5518 2127 5590 Omnino

540 5596 720 5660 a_utetn
748 5590 1042 5655 supplenda
1070 5591 1155 5641 illa
1185 5588 1287 5643 init
1319 5588 1476 5658 paulo
1522 5600 1642 5658 post.
1689 5607 1814 5660 pars
1855 5589 2123 5649 versiculi,

540 5656 609 5710 Et
637 5660 886 5727 sponsabo
916 5669 961 5711 te
991 5660 1114 5711 mihi
1164 5661 1218 5712 in
1268 5656 1651 5729 sempiternum,
1690 5656 1862 5729 'quam
1913 5674 2125 5729 ροιίιηικ

545 5730 668 5780 dem
716 5742 941 5799 occursu
972 5730 1253 5798 verborum
1306 5728 1561 5794 deceptos
1606 5728 1953 5799 Aotiquarius
2004 5728 2123 5779 heic

546 5798 977 5865 prmtermisctat,
1014 5808 1069 5853 ut
1101 5814 1162 5854 ex
1187 5800 1300 5869 ipso
1333 5802 1677 5869 expositionis
1708 5798 1961 5856 stibnexa:
1989 5812 2122 5853 con-

2234 531 2301 583 cit
2334 532 2604 593 Dominus,
2641 540 2663 567 °
2695 530 2867 593 ctelos,
2893 533 3033 584 etilli
3068 532 3343 583 exaudient
3367 541 3579 597 terram,
3610 542 3659 585 et
3684 543 3805 586 terra

2232 603 2464 653 exaudiet
2494 602 2738 662 triticum,
2784 603 2972 660 vinum,
3007 611 3052 654 et
3086 601 3256 654 oleum
3285 617 3305 654 :
3336 611 3383 653 et
3414 602 3524 653 [uec
3550 607 3807 657 exaudiunt

2229 670 2486 725 Jezraliei.
2519 671 2580 724 Et
2601 672 2860 723 seminabo
2881 688 2989 724 eam
3020 672 3144 723 mihi
3166 674 3217 723 in
3235 684 3448 733 terram,
3472 680 3522 725 et
3551 675 3808 725 miserebor

2230 744 2358 805 eius,
2389 759 2504 810 qua!
2534 744 2633 809 [uit
2688 743 2889 807 Absque
2945 743 3313 796 misericordia.
3375 742 3444 795 Et
3474 745 3645 795 dicam
3699 744 3809 797 Non

2230 814 2423 881 populo
2454 829 2578 873 meo,
2614 810 2846 883 Populus
2878 829 3014 865 meus
3035 828 3087 865 es
3112 824 3165 864 tu
3191 828 3211 867 :
3240 822 3287 865 et
3312 812 3422 883 ipse
3451 816 3609 879 dicet,
3642 812 3809 866 Domi-

2230 898 2327 936 nus
2369 899 2506 935 meus
2546 900 2595 935 es
2634 892 2707 935 tu.
2741 882 2945 936 Seriem
2988 884 3179 935 votivae
3223 882 3602 951 promissionis
3626 897 3806 938 exten-

2228 952 2326 1016 dit,
2364 968 2425 1005 ac
2457 969 2547 1017 per
2574 954 2812 1006 diversas
2839 955 3065 1021 species,
3094 955 3311 1007 schema
3337 954 3710 1008 Voluminibus
3738 970 3809 1007 Sa-

2230 1022 2336 1075 cris
2367 1022 2627 1078 familiare
2668 1026 2959 1092 componit,
3004 1034 3060 1077 ut
3088 1026 3355 1077 elementa
3400 1027 3631 1078 invicem
3678 1025 3809 1092 iungi

2228 1107 2391 1158 Opere
2421 1109 2519 1146 suo
2549 1094 2766 1162 cupiant
2789 1094 2853 1147 ad
2882 1095 3329 1147 sustentationem
3377 1097 3682 1164 fragilitatis
3729 1096 3810 1147 hu-

2231 1179 2421 1228 mante,
2458 1180 2554 1218 nec
2580 1175 2757 1217 tamen
2790 1176 3010 1234 queant,
3039 1167 3137 1218 nisi
3163 1167 3389 1218 Creator
3412 1168 3689 1219 annuerit.
3721 1166 3810 1231 Qui

2229 1248 2357 1304 sane
2385 1234 2476 1287 illo
2506 1242 2768 1302 tempore,
2822 1250 2927 1303 quo
2973 1235 3212 1304 placidus
3260 1236 3481 1289 adversa
3527 1234 3808 1301 depulerit,

2228 1302 2428 1357 aliatim
2465 1306 2809 1372 prtebiturum
2842 1302 2898 1357 se
2939 1302 3115 1359 omnia
3147 1306 3433 1371 pollicetur
3463 1324 3474 1359 :
3512 1307 3732 1372 incipiet
3751 1306 3811 1358 si-

2228 1376 2443 1441 quidem
2476 1376 2779 1430 claudicare
2825 1374 3092 1439 fmlicitas,
3126 1377 3170 1429 si
3203 1377 3475 1430 desideret
3508 1378 3717 1442 copiam
3744 1386 3811 1430 tot

2228 1446 2423 1498 seculis
2460 1446 2692 1509 expetita
2747 1445 2983 1499 libertas.
3047 1448 3171 1499 Haec
3215 1458 3417 1509 autem,
3475 1456 3535 1500 ut
3565 1449 3811 1509 diximus,

2228 1516 2462 1586 suavitas
2492 1515 2800 1586 gaudiorum
2833 1517 2955 1567 etin
2991 1517 3075 1568 illa
3100 1528 3257 1569 aetate
3288 1519 3589 1585 praeclusit,
3605 1533 3723 1570 cum
3738 1529 3813 1571 est

2230 1584 2515 1655 Babylonis
2552 1587 2721 1640 soluta
2778 1588 3055 1649 captivitas
3089 1604 3102 1638 :
3136 1596 3186 1641 et
3219 1584 3425 1640 reddita
3457 1599 3544 1641 est
3591 1591 3811 1654 Aposto-

2235 1658 2399 1710 lorum
2426 1666 2667 1723 tenipore
2690 1656 3026 1720 cumulatior,
3051 1672 3170 1709 cum
3201 1656 3268 1710 ita
3285 1661 3461 1713 oinnis
3485 1658 3811 1713 credentium

2230 1726 2509 1779 multitudo
2534 1727 2728 1779 sobriis
2772 1742 2948 1781 rerum
2992 1728 3160 1795 copiis
3188 1740 3449 1794 uteretur,
3487 1739 3543 1783 ut
3569 1740 3714 1783 esset
3740 1732 3811 1784 eis

2228 1799 2400 1850 anima
2425 1806 2479 1850 et
2508 1812 2600 1849 cor
2641 1812 2802 1850 unum
2845 1799 2981 1859 (Act.
3021 1798 3122 1866 2.).
3182 1800 3356 1864 Atque
3407 1812 3534 1853 tunc
3583 1802 3803 1868 primum

2226 1870 2525 1923 exaequatio
2547 1887 2574 1918 a
2615 1869 2822 1921 Cunctis
2863 1872 3197 1934 sap‘entihus
3229 1870 3517 1936 prscdicata
3550 1872 3807 1933 conluxit,

2224 1938 2385 2009 513
2413 1947 2467 1990 ut
2497 1938 2549 1991 in
2584 1948 2727 1991 tanto
2758 1938 3141 2001 discipulorum
3171 1952 3310 1993 coetu
3366 1957 3529 1995 nemo
3578 1944 3812 1995 essetdi-

2228 2011 2370 2062 vitiis
2390 2010 2639 2074 erectior,
2664 2024 2819 2061 nemo
2846 2018 3157 2077 paupertate
3185 2011 3497 2078 deprt'SSiOl'
3522 2031 3535 2065 :
3562 2017 3807 2065 creteruni

2226 2084 2363 2134 sicut
2391 2094 2491 2131 una
2522 2089 2834 2132 cunctorum
2868 2080 2919 2131 in
2944 2080 3162 2144 virtute,
3208 2085 3497 2136 consensio
3531 2100 3544 2134 :
3581 2083 3651 2134 ita
3681 2096 3811 2135 cum.

2226 2151 2374 2205 muni
2400 2148 2521 2219 jure
2542 2159 2685 2220 esset
2712 2151 2997 2217 possessio.
3025 2149 3205 2217 Neque
3219 2152 3360 2204 enim
3385 2154 3583 2220 aliquis
3605 2168 3803 2213 eorum,

2226 2236 2345 2291 quae
2375 2219 2735 2291 possidebant,
2774 2236 2930 2273 suum
2971 2223 3254 2289 quicquam
3287 2237 3409 2276 esse
3451 2219 3699 2287 dicebat;
3727 2225 3808 2275 sed

2226 2308 2345 2346 cum
2364 2301 2542 2345 essent
2573 2290 2679 2344 illis
2710 2293 2956 2343 universa
3002 2294 3329 2357 communia,
3376 2309 3631 2361 agrorum
3660 2295 3807 2347 etiam

2229 2362 2396 2431 pretia
2420 2361 2644 2431 pedibus
2672 2362 3048 2430 Apostolorum
3072 2362 3461 2427 offerebantur,
3489 2373 3548 2417 ut
3579 2377 3675 2431 pro
3704 2365 3804 2416 sin-

2225 2435 2467 2503 gulornm
2493 2433 2897 2486 necessitatibus
2920 2432 3227 2485 distributio
3253 2437 3586 2501 proveniret.
3616 2435 3806 2503 theia

2225 2502 2481 2573 Spiritalis
2513 2502 2690 2571 populi
2714 2510 2882 2555 status
2916 2503 3049 2555 intra
3083 2503 3363 2557 historiam
3392 2504 3601 2558 Judaici
3636 2502 3803 2573 populi

2228 2577 2544 2629 tenebitur:
2580 2573 2864 2626 revertitur
2894 2573 2959 2625 ad
2985 2573 3072 2625 illa
3106 2575 3350 2644 numina,
3383 2591 3410 2627 a
3456 2576 3653 2644 quibus
3685 2578 3805 2627 vati-

2225 2647 2422 2700 cinium
2454 2644 2626 2698 fuerat
2655 2658 2903 2705 exorsus,
2934 2651 2987 2696 et
3028 2644 3140 2695 ait:
3192 2643 3354 2697 Terra
3402 2643 3646 2699 exaudiet
3686 2646 3807 2699 triti-

2225 2733 2359 2779 cum,
2391 2716 2625 2769 vinumet
2650 2714 2839 2775 oleum,
2866 2722 2911 2765 et
2942 2715 3047 2766 lucc
3072 2717 3341 2767 exaudiant
3368 2715 3631 2779 Jesrahel,
3659 2717 3804 2781 idest,

2228 2788 2504 2855 pOpulum,
2531 2785 2789 2837 vocabulo
2827 2785 3001 2849 vallis,
3046 2787 3098 2837 in
3123 2802 3225 2853 qua
3255 2797 3339 2840 est
3367 2797 3675 2855 superatus.
3707 2787 3802 2838 0s-

2228 2866 2460 2919 teusum,
2495 2855 2648 2923 cujus
2698 2864 2933 2919 peccata,
2975 2870 3095 2922 qua:
3144 2868 3259 2909 erat
3295 2859 3607 2924 puniturus,
3658 2872 3804 2919 supra

2225 2928 2512 2996 expressil,
2563 2930 2752 2996 ipsam,
2800 2924 3040 2996 inquam,
3085 2935 3299 2993 gentem
3354 2944 3459 2979 non
3514 2928 3566 2980 in
3614 2927 3803 2981 eisdem

2226 2995 2492 3067 perSonis,
2527 2995 2620 3050 sed
2670 2995 2963 3067 inieisdem
3013 2997 3716 3063 tribubuspermanentem,
3761 3007 3806 3049 cl

2228 3072 2504 3137 plagarum
2538 3066 2851 3137 verberibus
2882 3067 3171 3131 espiatam,
3212 3071 3261 3121 in
3294 3068 3630 3122 consortium
3662 3083 3804 3121 suum

2228 3136 2544 3209 propitiatus
2570 3136 2853 3209 adsciscat,
2884 3147 2939 3189 et
2960 3138 3111 3204 quasi
3136 3149 3294 3192 terra;
3316 3139 3480 3195 etiam
3496 3141 3649 3193 bon,B
3678 3154 3803 3208 pm-

2228 3208 2503 3279 ceptorum
2535 3208 2986 3279 seminagdiversa
3014 3210 3323 3276 concredat,
3360 3221 3418 3263 ut
3450 3225 3545 3278 per
3567 3212 3805 3277 amplitul

2227 3277 2407 3334 dinem
2457 3277 2855 3333 succedentium
2904 3293 3305 3346 prosperorum,
3352 3277 3515 3334 etiam
3571 3280 3660 3334 ille
3704 3281 3807 3333 dies

2226 3349 2557 3417 Jesrahelis,
2615 3363 2720 3417 quo
2776 3357 2854 3401 est
2904 3349 3118 3401 inducta
3173 3352 3488 3418 calamitas,
3552 3352 3808 3418 pretiosus

2227 3422 2393 3491 fuisse
2431 3430 2589 3488 atque
2608 3418 2870 3491 _optabilis
2906 3430 3207 3474 censeatur.
3258 3423 3577 3486 Miserebor,
3624 3424 3808 3491 quippe

2227 3489 2412 3562 [Forte
2435 3487 2629 3560 intjuit]
2659 3487 2797 3562 nunc
2821 3488 2937 3558 ejus
2960 3491 3111 3557 cujus
3136 3493 3291 3557 paulo
3315 3503 3441 3546 ante
3474 3487 3671 3546 nomen
3696 3487 3809 3544 hur-

2228 3560 2466 3627 rueratn,
2504 3571 2557 3614 et
2580 3560 2827 3628 ροιιιιιιιιιι
2857 3576 3030 3613 meum
3063 3564 3286 3628 vocabo,
3322 3564 3412 3629 qui
3444 3564 3547 3614 mei
3573 3564 3809 3616 desertor

2226 3633 2531 3703 ex3titerat,
2558 3640 2611 3685 et
2640 3630 3031 3703 adversantium
3061 3632 3187 3685 mihi
3216 3632 3340 3703 jure
3368 3632 3667 3687 defecerat.
3695 3632 3811 3699 Ipsi-

2225 3718 2331 3768 que
2359 3702 2592 3756 vicissim
2627 3701 2840 3765 tiducia,
2872 3711 2926 3755 ut
2946 3716 3034 3771 me
3062 3701 3297 3771 appellet
3320 3718 3507 3757 verum
3531 3716 3585 3757 et
3607 3705 3809 3756 unicum

2229 3773 2536 3835 Dominum,
2570 3774 2892 3826 conferetur.
2937 3770 3136 3825 Verum
3186 3776 3289 3828 huc
3330 3789 3501 3843 usque
3530 3788 3809 3843 prospero-

2227 3859 2345 3897 rum
2402 3844 2815 3896 denunciatione
2865 3843 3097 3909 prolata,
3158 3859 3350 3897 rursus
3415 3843 3482 3897 ad
3537 3843 3808 3911 przeseiitis

2228 3914 2482 3981 temporis
2552 3924 2750 3968 statum
2823 3927 3129 3967 sermonem
3218 3916 3487 3970 reducit:
3564 3915 3807 3985 Sequitur

2226 3999 2370 4039 enim
2408 4001 2421 4035 ζ

2843 4075 3068 4131 CAPUT
3108 4075 3196 4129 ill.

2301 4197 2455 4252 Vers.
2492 4197 2638 4251 L-S.
2671 4226 2741 4238 —-
2771 4195 2835 4249 Et
2868 4196 2990 4249 dicit
3045 4196 3297 4250 Dominus
3337 4199 3407 4250 ad
3448 4213 3531 4251 me
3562 4214 3583 4252 :
3627 4197 3807 4251 Adhuc

2226 4270 2372 4332 vade,
2402 4267 2563 4337 dilige
2608 4267 2869 4320 mulierem
2911 4268 3150 4320 dilectam
3179 4270 3367 4326 amico.
3411 4277 3459 4322 et
3504 4271 3809 4330 adulteram,

2226 4341 2355 4393 sicut
2382 4339 2550 4406 diligit
2572 4337 2821 4391 Dominus
2863 4340 2997 4404 filios
3036 4337 3223 4401 Israel,
3248 4349 3296 4391 et
3326 4340 3425 4409 ipsi
3445 4348 3731 4407 respectant
3750 4337 3810 4391 ad

2228 4409 2363 4463 Deos
2392 4410 2606 4469 alienos,
2645 4418 2690 4461 et
2720 4409 2940 4475 diligunt
2970 4410 3167 4461 vinacia
3198 4425 3435 4462 uvarum.
3469 4409 3534 4461 Et
3565 4413 3677 4479 fodi
3705 4416 3808 4462 eam

2229 4481 2355 4533 mihi
2405 4480 2695 4546 quindecim
2743 4480 3017 4549 argenteis,
3061 4490 3105 4533 et
3126 4495 3245 4532 coro
3297 4483 3459 4544 ordei,
3505 4490 3552 4534 et
3602 4480 3809 4533 dimidio

2231 4566 2351 4604 coro
2381 4551 2541 4613 ordei,
2568 4560 2614 4602 et
2662 4550 2771 4602 dixi
2808 4551 2875 4602 ad
2905 4566 3014 4602 eam
3041 4566 3060 4603 :
3123 4551 3241 4602 Dies
3272 4550 3460 4604 multos
3506 4552 3811 4618 exspectabis

2227 4638 2323 4684 me,
2357 4637 2456 4671 non
2483 4620 2834 4687 fornicuberis,
2858 4631 2903 4673 et
2934 4638 3035 4673 non
3057 4622 3155 4674 eris
3176 4623 3306 4683 viro,
3335 4622 3427 4674 sed
3448 4632 3612 4691 et_ego
3637 4636 3808 4685 exspeo

2228 4691 2375 4744 ctabo
2404 4699 2468 4741 te.
2503 4690 2636 4753 Quia
2672 4692 2792 4761 dies
2822 4692 3005 4743 inultos
3054 4692 3293 4744 sedebant
3350 4693 3445 4761 ﬁlii
3495 4689 3663 4745 Israel
3712 4693 3810 4743 sine

2228 4762 2385 4830 Rege,
2429 4769 2474 4812 et
2506 4763 2615 4813 sine
2658 4760 2918 4827 l'rincipe,
2942 4771 2989 4814 et
3037 4766 3148 4814 sine
3173 4760 3448 4831 sacriﬁcio,
3494 4773 3542 4815 et
3594 4763 3704 4814 sine
3738 4762 3809 4813 al-

2228 4835 2347 4894 tari,
2403 4842 2449 4883 et
2478 4833 2587 4884 sine
2618 4832 2836 4900 [ip/toil,
2883 4842 2927 4885 et
2966 4834 3076 4885 sine
3142 4831 3417 4901 Teraptiin.
3456 4832 3523 4885 Et
3570 4842 3681 4901 post
3708 4831 3809 4885 lucc

2227 4910 2537 4955 revertentur
2587 4903 2685 4969 [itii
2737 4901 2992 4965 [παρῄει
3044 4912 3269 4970 quwreut
3323 4901 3606 4955 Dominum
3654 4902 3808 4955 Deum

2227 4988 2398 5033 suum,
2430 4982 2478 5025 et
2511 4972 2674 5044 David
2721 4988 2897 5044 regem
2932 4988 3103 5033 suum,
3126 4982 3173 5025 et
3229 4975 3477 5044 pavebant
3524 4974 3593 5026 ad
3640 4972 3807 5025 Domi-

2229 5052 2431 5108 num,et
2447 5044 2513 5094 ad
2537 5042 2719 5095 bonum
2740 5047 2852 5113 ejus
2882 5042 2933 5094 in
2955 5042 3471 5097 novissinto’dieruin.
3500 5045 3633 5111 Quia
3660 5059 3804 5096 rxor-

2228 5114 2374 5168 dium
2418 5114 2691 5179 Vaticiuii,
2741 5114 3103 5182 captivitatem
3154 5115 3335 5183 populi
3391 5115 3532 5170 illius
3584 5116 3808 5169 reversis

2234 5258 2379 5304 textu
2406 5249 2591 5305 liquet.

2298 5267 2379 5303 [ιιι
2407 5267 2437 5301 II
2483 5267 2591 5305 llCl.

2298 5318 2322 5356 ιι
2364 5267 2547 5374 Viginti
2579 5330 2659 5375 est
2689 5320 2849 5375 scribi
2878 5320 3065 5375 vitiose
3091 5334 3247 5373 antea
3280 5329 3610 5389 persenseret.
3647 5318 3805 5372 inter-

2228 5391 2530 5459 ptinCtionis
2560 5392 2684 5444 vitia
2716 5393 3101 5460 prapemoduin
3135 5392 3439 5453 innumera,
3490 5405 3659 5460 eaque
3692 5406 3800 5460 gra-

2237 5462 2450 5514 vissima
2485 5463 2625 5515 taciti
2655 5464 2994 5530 castigamus.

2312 5540 2335 5566 ο
2377 5532 2585 5599 ltepetit
2636 5529 3046 5603 llieroityniiana
3094 5540 3148 5587 et
3198 5529 3353 5601 Vulg.
3408 5531 3581 5586 Editio
3610 5531 3674 5585 ad
3709 5529 3802 5584 lie-

2237 5599 2437 5672 brtrum
2493 5608 2725 5670 pressius
2766 5599 3062 5657 exaudiam.
3113 5599 3330 5656 Rectius
3367 5618 3577 5672 quoque
3622 5605 3672 5655 in
3708 5604 3800 5654 line

2236 5671 2415 5750 habet,
2448 5683 2495 5725 et
2518 5674 2624 5743 ipse
2651 5675 2802 5740 dicet,
2863 5674 2995 5729 Deus
3018 5690 3157 5728 meus
3194 5688 3244 5727 es
3276 5684 3351 5728 tu.
3395 5671 3565 5728 Antea
3585 5682 3695 5728 erat
3723 5672 3796 5724 di-

2232 5752 2321 5808 cit,
2349 5754 2453 5796 etc.
