4098 6356
496 4776 535 4875 ἐ

542 336 647 395 983

1594 336 1844 394 RUFINO
1882 329 2338 392 PRESBYTERO
2376 335 2755 394 ASCRIPTUS

3696 345 3791 404 984

542 452 685 508 lucre
711 453 845 522 mli,
866 453 954 507 sed
984 463 1028 506 et
1057 453 1216 523 pisces
1247 452 1403 505 maris
1430 453 1890 523 congregabantur.
1917 450 2120 523 Prono-
2149 450 2199 511 Α
2225 450 2393 523 nectit
2421 468 2435 504 :
2466 450 2721 523 Conticuit
2764 451 2988 523 populus
3015 468 3157 508 meus
3186 471 3246 509 eo
3272 458 3410 523 quod
3437 472 3539 511 non
3570 456 3791 519 habuerit

544 526 666 579 sitis
706 522 1085 593 indignationis
1130 538 1239 577 sua:
1265 522 1489 584 caussis,
1522 534 1910 593 consequenter
1936 522 2118 593 excla-

543 605 677 657 mat,
713 592 879 665 ipsam
924 606 1117 647 terram
1150 593 1493 665 operiendam
1539 592 1795 665 luctibus,
1847 592 2005 665 sicuti
2037 599 2120 645 o-st

542 663 1085 734 operta‘crimiuibus.
1107 664 1308 730 Quibus
1334 670 1439 715 tam
1469 664 1653 734 multis
1682 671 1894 731 tamque
1923 663 2113 734 ingen-

544 731 708 802 tibus,
765 736 810 789 si
863 735 1170 803 contigisset
1218 734 1527 797 impunitas,
1576 731 1738 787 etiam
1788 732 2116 803 providentia

542 815 847 877 negaretur.
898 802 1251 877 Inﬁrmabitur
1281 817 1409 871 ergo
1446 803 1615 877 omnis
1656 804 1832 877 cultor
1880 802 2119 877 regionis

540 877 598 930 in
620 873 777 931 Bestia
806 878 935 944 agri,
968 883 1014 927 et
1042 875 1095 927 in
1126 874 1329 927 volucre
1362 874 1495 926 ctrli.
1532 873 1735 944 Bestias
1780 875 1891 942 agri
1932 873 2119 941 appel-

544 947 681 1010 lare,
713 943 973 1008 armenta,
1007 954 1059 998 et
1102 961 1291 1013 greges
1322 946 1481 997 etiam
1514 943 1649 997 solet
1680 944 1889 997 divinus
1914 957 2116 997 sermo.

544 1016 687 1085 Ergo
711 1031 830 1069 cum
854 1016 1064 1085 frugum
1096 1016 1216 1085 (ait)
1243 1027 1296 1068 et
1325 1013 1935 1085 fructuomjincubuerit
1961 1028 2116 1082 eges-

548 1084 649 1150 tas,
700 1101 951 1153 pecorum
983 1102 1193 1153 quoque
1239 1086 1483 1139 defectus
1513 1094 1566 1137 et
1596 1084 1776 1148 itionia
1824 1099 2121 1153 conseque-

544 1166 653 1210 tur.
684 1157 790 1210 Nec
813 1155 890 1209 sic
919 1170 1047 1211 sane
1076 1155 1195 1208 linis
1225 1157 1437 1224 angoris
1470 1173 1482 1207 :
1510 1154 1600 1207 sed
1627 1156 1781 1207 etiam
1806 1158 1965 1223 pisces
1996 1172 2119 1207 con-

545 1227 908 1297 gregabuntur,
964 1226 1119 1289 idest,
1162 1227 1412 1279 deficient
1452 1236 1507 1279 ut
1549 1225 1761 1291 desint,
1825 1239 1881 1279 ut
1930 1240 2028 1280 nec
2066 1226 2119 1280 in

546 1298 700 1363 aquis
730 1299 897 1366 pos~it
927 1297 1176 1350 alimonia
1210 1297 1453 1364 reperiri.

620 1367 770 1421 Vcrs.
803 1367 853 1422 4.
889 1366 942 1421 5.
972 1397 1041 1406 —
1078 1367 1438 1421 Verumtamen
1475 1366 1820 1433 unusquisque
1849 1381 1950 1419 non
1971 1366 2121 1435 judi-

541 1446 637 1500 cet,
666 1448 712 1492 et
735 1456 834 1490 non
864 1448 1107 1508 arguatur
1146 1438 1240 1490 vir.
1283 1435 1515 1508 Papulas
1542 1437 1673 1489 enim
1719 1449 1833 1489 tuus
1857 1477 1871 1499 ,
1913 1438 2037 1489 sicut
2069 1437 2122 1489 hi

541 1510 630 1577 qui
674 1506 1023 1561 contradicunt
1067 1508 1336 1561 sacerdoti.
1368 1506 1455 1560 Et
1503 1523 1707 1559 corrues
1738 1517 1762 1543 ι
1790 1521 1874 1570 tu,
1923 1516 2121 1577 corruet

541 1576 697 1633 etiam
750 1580 996 1647 propheta
1039 1588 1222 1631 tecum.
1256 1577 1312 1633 Si
1352 1585 1547 1641 stante,
1581 1576 1771 1645 inquit,
1824 1576 2118 1644 republica,

544 1664 641 1715 per
671 1652 991 1703 sententiam
1018 1649 1256 1717 iudicum
1304 1656 1554 1701 nocentes
1583 1649 1742 1715 aliqui
1774 1647 2115 1714 disperirent,

545 1731 861 1788 argueretur
889 1731 1034 1773 certe
1060 1722 1217 1781 alter,
1249 1726 1303 1773 et
1333 1718 1471 1771 alter
1516 1728 1765 1787 argueret
1796 1735 1806 1769 :
1845 1718 2117 1788 proprium

545 1787 808 1856 sitptidem
857 1805 1048 1843 munus
1073 1804 1294 1842 censura
1323 1797 1621 1842 exerceret.
1660 1788 1755 1841 Per
1785 1788 1927 1855 quod
1958 1787 2117 1843 simul

544 1861 868 1925 ostenditur,
913 1862 1033 1928 quia
1076 1876 1179 1911 non
1210 1874 1420 1912 omnem
1454 1859 1610 1911 simul
1656 1862 1912 1927 populum
1945 1862 2117 1912 scele-

546 1946 665 1983 rum
693 1933 859 1991 tabes.
896 1930 1067 1983 morbi
1101 1933 1281 1991 instar,
1324 1941 1413 1982 aut
1438 1929 1770 1997 pestilentiae,
1801 1928 1825 1966 ιι
1854 1930 2119 1994 possedis-

547 2012 669 2065 set;
703 2002 792 2056 sed
844 2003 977 2054 sicut
1006 2001 1091 2053 alii
1138 2000 1328 2067 turpia,
1383 2000 1452 2052 ita
1488 2000 1730 2067 plerique
1777 2003 1992 2053 licuesta
2027 2015 2114 2053 se-

548 2080 862 2133 querentur.
901 2075 969 2127 At
1010 2072 1097 2124 ubi
1145 2071 1423 2124 universos
1457 2086 1593 2136 pene
1642 2080 1815 2124 cmtus
1868 2069 2117 2136 iniquitas

542 2142 694 2211 quasi
721 2142 995 2207 coujurata
1026 2141 1339 2207 possederit,
1364 2141 1512 2211 quod
1540 2142 1649 2193 Suis
1678 2141 1945 2211 accidisse
1978 2148 2115 2192 tem-

545 2210 764 2279 poribus
792 2212 929 2267 Osee
962 2215 1219 2281 praplteta
1250 2210 1516 2279 deplorat,
1570 2210 1763 2263 merito
1801 2212 1962 2281 etiam
2012 2218 2116 2281 tam

541 2284 778 2336 doctrina
810 2280 969 2351 quam
1000 2299 1219 2337 censura
1257 2281 1511 2341 ct-ssabit.
1562 2293 1615 2333 ut
1645 2281 1809 2333 cllusa
1838 2280 1889 2351 in
1926 2280 2119 2351 impios

544 2367 698 2418 mana
741 2350 1015 2408 desteviat.
1071 2355 1207 2420 Ergo
1238 2353 1337 2405 sub
1385 2353 1563 2419 specie
1606 2350 1881 2418 prazcepti,
1928 2350 2006 2402 vis
2037 2362 2118 2403 est

540 2437 790 2491 expressa
821 2424 1024 2489 jttdicii.
1062 2423 1420 2477 Verumtamen
1463 2424 1800 2490 unusquisque
1840 2437 1936 2473 non
1977 2422 2119 2486 iudi-

546 2502 645 2559 cet,
688 2503 734 2547 et
773 2511 872 2546 non
906 2504 1155 2565 arguatur
1188 2496 1283 2558 vir,
1310 2494 1470 2565 idest,
1514 2506 1670 2565 nemo
1704 2492 1981 2558 jodicabit,
2026 2506 2119 2565 ne-

541 2577 647 2633 que
694 2566 885 2632 aliquis
921 2560 1171 2632 ar'guetur
1199 2581 1211 2615 :
1245 2563 1433 2633 hostili
1466 2562 1608 2615 enim
1648 2560 1829 2615 furore
1861 2563 2115 2633 vastauda

540 2629 624 2697 es,
678 2629 1067 2702 non—judicum
1121 2632 1471 2702 expungeuda
1531 2634 1825 2685 sententiis.
1888 2629 2119 2700 Populus

541 2705 678 2756 enim
705 2715 817 2757 tuus
846 2706 975 2757 sient
1014 2704 1065 2756 hi
1092 2709 1179 2767 qui
1205 2704 1561 2757 contradicunt
1600 2703 1869 2761 sacerdoti.
1920 2718 2119 2754 carruca

546 2782 626 2837 tu,
657 2786 859 2829 corruet
903 2776 1054 2826 etiam
1102 2774 1344 2845 propheta
1375 2785 1560 2826 tecum.
1610 2773 1713 2825 Pro
1752 2773 1986 2845 iudicio,
2012 2788 2116 2825 non

542 2858 641 2905 pro
673 2847 1072 2911 comparatione
1123 2842 1281 2905 istud,
1336 2847 1486 2907 sicut,
1516 2845 1768 2912 praplieta
1820 2842 2115 2895 t0ustituit.

542 2912 686 2985 Ergo
735 2916 867 2969 nihil
918 2930 1110 2969 novum
1146 2919 1193 2969 iu
1229 2916 1432 2968 ultione
1476 2915 1793 2981 conspicies,
1846 2912 1939 2985 scd
1978 2913 2119 2981 quod

543 2981 833 3040 exercuisti
867 2989 917 3039 iit
948 2986 1138 3055 culpis,
1174 3000 1527 3056 recttguosces
1557 2986 1607 3037 in
1643 2986 1832 3051 poenis.
1885 2981 2119 3056 Populus

542 3056 741 3125 quippe
772 3066 893 3111 tuus
940 3059 1134 3110 restitit
1159 3055 1447 3115 sacerdoti.
1484 3056 1639 3119 idest,
1677 3070 1705 3107 a
1750 3068 1877 3107 vero
1909 3055 2118 3125 poutd‘t-

541 3124 701 3191 calu’,
744 3128 1102 3183 consectando
1162 3129 1342 3189 idola,
1396 3126 1685 3180 reci-ssisli.
1737 3124 2115 3177 Cunlt'adixisti

2223 520 2515 597 ccientiam.
2556 520 2909 597 Justurnerat
2954 525 3173 595 (inquit)
3213 520 3435 580 ut'labia
3467 529 3640 597 plebis
3669 548 3790 590 mea:

2222 590 2430 669 lugubri
2454 592 2669 669 silentio
2684 590 3215 669 clau_derentuf,qtia_2
3235 590 3521 653 noluerunt
3542 600 3792 669 loquendo

2222 661 2558 740 condiscere.
2612 663 3055 740 Proinde,__quod
3095 661 3237 721 dixit
3283 669 3565 740 scientiam
3606 661 3792 740 popqu

2220 730 2478 810 defuisse,
2521 748 2587 787 ne
2631 743 2686 810 t_u_
2725 734 2793 789 ad
2836 730 3069 803 aliquam
3116 739 3492 810 necessitatem
3547 730 3789 810 relerres,

2222 803 2531 875 continuo,
2560 804 2689 871 quid
2728 814 3049 870 accusasset,
3099 807 3355 862 ostendit.
3392 809 3531 875 Quia
3555 819 3613 863 tu
3642 803 3792 868 scienl

2221 873 2344 925 tiam
2368 874 2622 944 repulisti,
2652 875 2895 941 repellam
2931 886 2980 929 te
3006 886 3055 929 et
3082 892 3202 944 ego,
3256 894 3321 931 ne
3353 873 3642 935 sacerdotio
3684 888 3793 943 fun-

2221 945 2359 1013 garis
2405 943 2573 997 mihi:
2599 954 2645 998 et
2673 946 2911 1019 oblita__es
2939 947 3064 1019 legis
3094 948 3191 1019 Dei
3238 949 3329 1019 tui,
3362 950 3632 1004 obliviscar
3660 954 3788 1019 ﬁlio.

2219 1028 2336 1089 rum
2365 1020 2569 1067 tuorum
2596 1025 2643 1089 et
2666 1031 2783 1089 ego.
2828 1016 3054 1089 Noluisti
3083 1018 3105 1085 (
3125 1018 3295 1088 inquit
3320 1018 3340 1089 )
3379 1016 3700 1086 intelligere,
3742 1038 3794 1079 ut

2220 1080 2363 1159 benc
2385 1098 2573 1149 ageres
2606 1086 2625 1153 (
2657 1080 2819 1159 Psal.
2855 1086 2945 1141 35.
2974 1086 3016 1156 ),
3044 1080 3138 1143 sed
3172 1080 3505 1159 iniquitatem
3550 1080 3605 1145 in
3637 1080 3788 1150 cubili

2224 1153 2513 1212 meditata.
2536 1153 2981 1233 _pro__arbitratu'
3016 1168 3108 1233 tuo
3146 1153 3278 1233 ausa
3318 1176 3377 1215 es
3415 1163 3557 1228 apud
3591 1173 3642 1217 te
3670 1165 3791 1233 legis

2222 1238 2356 1300 mea:
2387 1225 2627 1300 membra
2658 1228 2928 1290 dirimere,
2977 1239 3034 1282 ut
3067 1228 3288 1298 justitite
3342 1225 3496 1297 parte
3536 1225 3786 1300 neglecia,

2224 1294 2513 1370 hostiarum
2547 1296 2787 1370 instituta
2819 1294 3097 1370 Aretinere's
3128 1318 3142 1355 :
3179 1301 3301 1355 ideo
3328 1294 3424 1355 ibit
3445 1294 3659 1356 obviam
3683 1294 3791 1370 per;

2222 1366 2459 1436 versitati
2489 1376 2591 1419 tua:
2617 1367 2778 1436 digna
2809 1368 3109 1435 frustratio,
3146 1380 3201 1423 ut
3244 1388 3348 1424 non
3378 1373 3449 1425 sit
3480 1366 3693 1427 licentia
3719 1376 3793 1429 of-

2224 1435 2565 1508 ferendarum
2614 1434 2929 1504 hostiarum,
2972 1444 3057 1495 cui
3098 1434 3497 1508 Sequendarum
3548 1458 3653 1497 non
3700 1446 3792 1501 fuit

2221 1519 2348 1584 cura
2372 1507 2632 1584 virtutum
2652 1526 2667 1563 :
2688 1508 2822 1584 dura
2854 1510 2945 1563 tibi
2977 1507 3272 1584 imminebit
3300 1514 3791 1584 taciturnitas,qute

2222 1576 2291 1628 ab
2312 1576 2545 1652 auribus.
2561 1577 2664 1652 tuis
2708 1580 2971 1634 salutares
3009 1582 3244 1635 monitus
3276 1584 3581 1652 pronulisti.
3631 1576 3793 1640 Oblita

2222 1661 2274 1699 es
2313 1647 2443 1711 mei,
2494 1646 2761 1702 obliviscar
2795 1658 2841 1703 et
2878 1666 2976 1725 cgo
3001 1652 3248 1725 filiorum
3278 1646 3527 1721 'tuorum,
3585 1664 3640 1708 ut
3683 1671 3794 1725 qua:

2222 1728 2575 1793 spontaneum
2603 1722 2928 1793 passa_es_gi_n
2957 1720 3146 1793 ofticiis
3175 1720 3519 1790 caecitatem,
3548 1720 3791 1793 experia-

2228 1788 2300 1859 ris
2322 1788 2721 1859 acerbissimam
2750 1789 2818 1844 de
2844 1790 3026 1845 liberis
3054 1793 3362 1847 orbitatem.
3395 1788 3548 1859 Quod
3582 1788 3652 1848 ita
3674 1810 3793 1853 sane

2224 1856 2627 1936 intelligendum
2677 1868 2782 1927 est,
2814 1871 2893 1936 ut_
2911 1876 3013 1915 non
3064 1874 3311 1936 putemus
3360 1856 3509 1917 illum
3544 1867 3788 1933 populum

2222 1928 2378 2007 idolis
2428 1930 2809 2007 mancipatum,
2862 1930 2973 2007 Deo
3006 1947 3155 2007 vero,
3189 1937 3269 2007 vel
3305 1928 3628 2007 hostiaru'tn'
3652 1936 3793 1990 obla-

2221 2001 2365 2051 tione
2409 2002 2681 2065 servisse,
2715 2015 2835 2054 cuni
2874 2001 2985 2055 hac
3026 2004 3360 2069 potissimum
3410 2006 3563 2059 fuerit
3608 2021 3791 2061 caussa

2220 2070 2706 2144 consecrandornm
2738 2072 2790 2125 in
2834 2075 3050 2144 regione
3078 2073 3389 2142 vitulorum,
3423 2091 3490 2128 ue
3532 2091 3628 2144 per
3653 2078 3792 2130 obla-

2221 2138 2441 2209 tionem,
2470 2139 2762 2194 hostiarum
2803 2138 3032 2197 adeundi
3069 2146 3323 2209 templum
3372 2138 3546 2198 dctur'
3579 2147 3684 2199 illis
3708 2162 3792 2201 oc-

2218 2210 2384 2283 casio.
2414 2208 2669 2283 Geminus
2699 2226 2827 2280 ergo
2856 2212 3158 2267 intellectus
3182 2208 3345 2269 debet
3374 2217 3604 2283 assumi,
3640 2227 3695 2270 ut
3717 2219 3792 2272 vel

2220 2280 2323 2349 sub
2349 2280 2659 2334 conditione
2704 2283 2846 2335 illius
2878 2285 3106 2349 positqu
3137 2285 3234 2348 sit,
3285 2302 3349 2339 ac
3377 2287 3426 2339 si
3454 2280 3792 2343 diceremus:

2224 2348 2441 2424 Etiamsi
2491 2351 2781 2424 sacerdotii
2825 2348 3004 2419 partes
3046 2356 3279 2422 graviter
3309 2356 3627 2424 impleretis,
3668 2358 3793 2412 nihil

2224 2422 2464 2493 profecto
2492 2422 2554 2474 ad
2583 2422 2947 2477 defensionem
2982 2433 3215 2479 vestram
3247 2422 3471 2489 valeret,
3519 2443 3656 2493 quos
3688 2444 3794 2481 mo-

2223 2507 2340 2543 rum
2368 2492 2583 2563 foeditas
2605 2494 2900 2561 arguebat:
2924 2495 3014 2547 sed
3043 2506 3438 2563 causequeuter
3457 2492 3621 2551 etiam
3649 2502 3795 2551 amit-

2224 2562 2407 2634 teretis
2450 2565 2845 2630 superstitionis
2888 2576 3080 2619 vestrae
3126 2576 3354 2634 augusta
3411 2566 3601 2621 isthmc
3638 2578 3693 2621 et
3730 2570 3795 2622 ri-

2222 2632 2394 2705 denda
2450 2634 2662 2694 solatia,
2717 2637 2805 2702 qui
2860 2636 3170 2689 meritorum
3204 2632 3407 2690 auxilia
3467 2637 3787 2705 perdidistis.

2228 2701 2319 2774 γει
2351 2713 2529 2765 certe,
2561 2705 2681 2772 quia
2716 2701 2867 2757 erant
2903 2707 2953 2757 in
2986 2706 3113 2774 ipsis
3142 2707 3408 2761 Tribuhus
3440 2701 3668 2774 sparsim
3708 2708 3794 2762 ha-

2222 2771 2451 2847 bitantes
2490 2771 2856 2847 etgpmphette
2901 2787 2955 2831 et
2994 2771 3213 2845 legitimi
3252 2771 3581 2840 sacerdotes,
3639 2778 3793 2847 aliqui

2222 2844 2383 2896 etiam
2413 2844 2483 2898 de
2514 2843 2668 2913 plebe
2698 2846 2883 2899 eadem
2932 2843 3240 2900 munuscula
3272 2847 3468 2901 olIerre
3498 2843 3790 2903 consueve-

2224 2925 2365 2977 rant,
2396 2926 2450 2967 et
2480 2930 2572 2981 per
2596 2913 2696 2969 hoc
2722 2915 3087 2982 impunitatem
3129 2917 3395 2972 scelerum
3424 2918 3716 2972 credebant
3738 2934 3795 2973 se

2226 3000 2381 3051 posse
2434 2986 2713 3039 obtinere:
2745 2985 2827 3042 his
2882 3002 3094 3056 quoque
3142 2988 3354 3051 talibus,
3416 2988 3520 3041 sub
3568 3004 3789 3053 persona

2225 3056 2435 3139 populi,
2478 3057 2834 3139 comminatur
2862 3056 3014 3138 ⁹[Αηι.
3043 3056 3459 3139 conni'tinatus],_
3494 3059 3637 3139 quod
3678 3075 3791 3114 cum

2226 3126 2442 3178 iuuerit
2470 3142 2653 3193 aperta
2682 3126 2978 3194 captivitas,
3010 3128 3169 3183 etiam
3204 3128 3344 3182 illius
3374 3126 3646 3196 opinionis
3684 3145 3793 3184 am-

542 3210 674 3267 ergo
702 3199 990 3262 sacerdoti,
1019 3199 1113 3263 ait,
1140 3216 1257 3253 cum
1290 3214 1470 3251 saetas
1500 3197 1830 3249 t-eremonias
1860 3211 1899 3246 ιη
1920 3195 2114 3267 pulisti,
2148 3195 2196 3259 ο
2228 3196 2489 3249 mittit-uiis
2511 3207 2778 3250 exuautur
2802 3213 2902 3264 qua
2933 3214 2992 3251 se
3014 3213 3140 3266 erga
3173 3195 3479 3263 Dominum,
3514 3200 3597 3253 vel
3628 3214 3692 3253 ex
3719 3200 3794 3253 in-

542 3264 667 3322 cuin
721 3269 979 3323 salutares
1020 3270 1281 3334 monitus,
1329 3278 1384 3323 et
1429 3282 1690 3334 pra-cepa
1729 3280 1905 3318 mores
1954 3264 2120 3318 infor-

540 3338 740 3392 mantia
791 3341 1038 3408 reSpuisti
1076 3357 1088 3391 :
1121 3350 1176 3393 et
1221 3352 1278 3392 ut
1322 3339 1498 3404 impiis
1533 3339 1757 3389 duribus
1786 3376 1799 3399 ,
1856 3337 1923 3387 ita
1958 3336 2118 3388 etiam

542 3408 778 3477 profanis
805 3411 1019 3464 vatibus
1048 3419 1098 3463 te
1127 3410 1410 3464 tradidisti.
1464 3409 1571 3461 Mer
1596 3417 1647 3458 to
1679 3410 1836 3475 igitur
1867 3416 2122 3471 utrosque

542 3484 808 3534 sententia
840 3497 980 3535 nunc
1013 3482 1247 3533 immissa
1282 3481 1539 3537 involvet,
1594 3486 1648 3530 ut
1677 3488 1731 3531 et
1762 3489 1813 3531 tu
1845 3493 1962 3528 cit-.u
1998 3492 2119 3542 pro-

541 3549 717 3617 phetis
740 3552 867 3616 tuis,
900 3552 1053 3609 idest,
1087 3552 1265 3604 :triolis
1299 3549 1620 3603 c-onlabaris.

622 3619 772 3675 Vers.
815 3622 869 3674 6.
894 3651 961 3660 -—
991 3620 1157 3673 Nocte
1188 3632 1353 3673 tacere
1379 3620 1474 3690 feci
1515 3632 1723 3670 matrem
1756 3628 1916 3690 tuam.
1950 3616 2115 3690 Conti-

544 3691 649 3742 cuit
687 3692 907 3758 populus
938 3709 1097 3754 meus,
1136 3708 1195 3743 eo
1236 3687 1511 3759 quodnon
1561 3690 1787 3739 habuerit
1836 3687 2119 3741 stienliam.

547 3759 687 3827 Quia
716 3772 768 3812 tu
790 3762 1052 3813 scientiam
1078 3763 1327 3828 repulisti,
1373 3759 1610 3826 repellant
1643 3768 1687 3809 te
1714 3769 1760 3828 et
1791 3774 1901 3823 ego,
1925 3773 2005 3828 ine
2031 3773 2118 3807 sa-

545 3832 771 3882 cerdotio
803 3833 1037 3899 fungaris
1070 3827 1214 3894 mihi,
1250 3842 1295 3883 et
1326 3832 1481 3883 oblita
1512 3845 1560 3880 es
1588 3830 1709 3897 legis
1740 3827 1829 3879 Dei
1859 3827 1955 3890 tui,
1996 3828 2121 3877 obli-

545 3901 711 3954 viscar
735 3902 961 3968 ﬁliorum
1016 3911 1219 3955 tuorum
1257 3914 1303 3954 et
1333 3917 1443 3968 ego.
1480 3900 1675 3951 ldioma
1724 3901 1821 3951 Scr
1846 3905 2119 3961 ptutarum

547 3983 653 4033 est,
677 3972 968 4026 secundum
994 3976 1132 4040 quod
1159 3974 1463 4041 frequenter
1486 3971 1605 4021 adm
1647 3970 1756 4031 nui,
1788 3980 1840 4020 ttt
1871 3968 2120 4035 quoniam

543 4041 612 4096 ad
640 4055 849 4112 gentem
875 4058 1052 4096 seruio
1082 4044 1345 4109 dirigitur,
1383 4055 1490 4094 tum
1526 4056 1757 4107 proprio,
1794 4050 1899 4091 tum
1928 4053 2118 4112 pareit-

542 4108 665 4177 tis,'
688 4113 839 4181 Cujus
876 4114 978 4167 lilia
1020 4114 1111 4180 sit,
1156 4129 1391 4171 nontrue,
1425 4114 1666 4164 videatur
1714 4108 2021 4181 Conveniri.
2060 4109 2122 4161 Et

546 4181 671 4237 ideo
700 4179 816 4237 cum
849 4179 1323 4245 dixisset,corrues
1354 4183 1613 4247 hodic,_et
1643 4190 1842 4233 corruet
1874 4179 2121 4249 proltheta

545 4264 756 4307 tecum:
794 4255 960 4321 idest,
1015 4255 1327 4307 vastationis
1377 4265 1479 4306 tua:
1519 4264 1729 4318 tempus
1776 4253 2013 4313 advenit,
2066 4258 2122 4302 et

545 4340 666 4392 qua:
695 4326 821 4378 olim
848 4342 876 4378 a
904 4324 1064 4395 417
1094 4326 1346 4379 discenda
1391 4336 1444 4377 et
1474 4325 1734 4387 lotlueuda
1762 4321 2121 4395 justitia_des-

545 4390 723 4459 titisti,
751 4411 891 4449 nunc
919 4390 1077 4448 ett—ain
1106 4410 1132 4447 a
1160 4399 1379 4464 profana
1404 4409 1532 4448 voce
1564 4395 1815 4445 cess:tbts.
1848 4390 2117 4464 Subdidit,

541 4475 688 4518 nocte
715 4479 878 4521 tacere
910 4467 1002 4536 feci
1043 4476 1255 4518 matrem
1285 4478 1444 4516 tuam.
1482 4467 1531 4517 lil
1574 4474 1748 4517 autem
1776 4479 1879 4516 non
1912 4463 1989 4515 sic
2032 4475 2121 4513 ac-

541 4537 869 4605 cipiendum,
901 4537 1052 4602 quasi
1082 4551 1176 4604 per
1205 4536 1344 4587 diem
1378 4536 1518 4601 loqui
1553 4536 1878 4605 permiserit,
1915 4543 1964 4585 et
2000 4540 2118 4583 tan-

542 4604 655 4659 tum
688 4621 842 4661 noete
874 4610 1121 4661 reticere.
1157 4606 1261 4658 Sed
1291 4608 1559 4658 cumulum
1592 4604 1754 4656 voluit
1797 4604 2006 4654 indicta:
2036 4612 2116 4652 ta-

540 4677 870 4731 citurnitatis
899 4678 1231 4745 exprimere,
1269 4686 1325 4729 et
1370 4675 1510 4737 ideo,
1546 4686 1598 4727 ut
1645 4675 1957 4745 ostenderet
1997 4686 2115 4745 eam

519 4749 901 4814 fobmutuisse.
934 4741 1168 4799 irruente
1200 4746 1457 4814 pernicie,
1490 4745 1658 4797 uoetis
1691 4744 1867 4798 intulit
1895 4741 2118 4796 mentio-

536 4814 689 4883 item,
743 4834 805 4872 ac
852 4819 895 4870 si
945 4818 1169 4877 diceret,
1216 4816 1305 4870 Sic
1354 4830 1470 4868 eam
1516 4816 1683 4868 clluso
1715 4828 1945 4867 maerore
1984 4826 2120 4865 Cou-

515 4874 792 4950 ‘vesti'am,
825 4889 961 4941 sicut
992 4902 1095 4939 nox
1121 4874 1289 4941 terras
1325 4887 1535 4953 operire
1569 4884 1867 4949 consuevit,
1902 4884 2122 4936 utsicut

543 4960 792 5027 generale
835 4968 889 5011 et
934 4971 1217 5011 commune
1256 4956 1524 5011 silentium
1573 4955 1808 5027 conditio
1842 4954 2111 5006 tenebrosi

547 5026 807 5095 temporis
837 5028 1121 5082 introducit
1157 5046 1169 5080 :
1200 5029 1270 5081 ita
1303 5028 1399 5081 ista
1434 5028 1586 5079 turba
1622 5026 1917 5087 seniorum,
1957 5037 2117 5091 quam

546 5108 771 5152 matrem
820 5109 959 5152 tuam
1007 5100 1211 5163 vocavi,
1266 5114 1383 5167 qua:
1430 5101 1586 5167 paulo
1625 5104 1748 5149 ante
1805 5096 2123 5167 profauitate

548 5171 761 5240 garrula
816 5170 1213 5240 perstrepebat,
1269 5164 1367 5223 sub
1416 5164 1570 5240 nocte
1608 5168 1817 5240 adversi
1868 5164 2124 5240 temporis

544 5234 889 5296 conticescet.
917 5234 1043 5294 Post
1072 5255 1197 5294 vero
1222 5240 1511 5294 secundum
1534 5238 1832 5290 institutum
1856 5234 2118 5296 ordinem,

553 5313 639 5366 ubi
692 5323 895 5368 terrore
946 5312 1259 5382 personuit,
1317 5324 1561 5364 caussam
1611 5308 1985 5361 commotionis
2031 5304 2125 5355 ad-

617 5480 643 5507 ·
676 5468 878 5524 Eadem
926 5467 1102 5524 Editio
1138 5480 1234 5535 pro
1276 5474 1330 5516 tu
1370 5462 1531 5535 habet
1568 5462 1719 5513 hodie
1748 5474 1865 5513 cum
1902 5457 2124 5535 llebrago

541 5547 691 5601 D‘Itt't.
723 5541 913 5595 Noster
954 5540 1008 5593 iu
1049 5552 1112 5592 ea
1140 5528 1352 5588 'iterum
1400 5534 1627 5586 lectione
1679 5538 1899 5601 perstat,
1931 5528 2024 5601 sed
2070 5529 2121 5580 in

541 5598 920 5680 subSequeutis
949 5606 1191 5680 versiculi
1222 5603 1579 5680 expositione,
1610 5616 1729 5654 cum
1760 5599 1914 5680 tertio
1948 5598 2120 5680 locum

542 5696 664 5733 eum
714 5668 927 5748 repetit,
959 5687 1107 5733 recte
1152 5668 1369 5729 demum
1415 5674 1576 5728 habet
1627 5686 1832 5724 corrues
1882 5668 2048 5731 hodie,
2078 5676 2123 5719 et

541 5759 760 5811 εοτηιιι,
790 5762 893 5804 CIC.

2229 3268 2474 3331 tervallo,
2502 3268 2780 3321 nttmiticos
2806 3268 3163 3322 testimabaut.

2298 3336 2451 3390 Vers.
2504 3337 2977 3391 7.—Secundum
3028 3338 3408 3392 multitudinem
3460 3354 3674 3403 eorum,
3729 3341 3798 3393 sic

2226 3416 2553 3474 peccaverunt
2576 3407 2699 3479 mihi
2722 3423 2741 3461 .'
2760 3408 2987 3479 gloriam
3012 3424 3183 3462 eorum
3214 3411 3267 3463 in
3294 3410 3630 3479 ignominiam
3652 3426 3786 3464 cont-

2224 3479 2449 3530 mutabo.
2482 3478 2642 3543 Quasi
2672 3478 2849 3531 dedita
2892 3493 3055 3546 opera
3085 3478 3431 3549 impensaque
3465 3481 3644 3533 studio
3674 3496 3792 3535 cou-

2226 3558 2305 3599 tra
2359 3550 2629 3619 benelicia
2670 3563 2786 3601 mea
2843 3550 3316 3619 populuscertare
3368 3551 3689 3619 proposuit,
3744 3559 3795 3602 tit

2225 3629 2425 3686 quanto
2466 3634 2568 3687 ego
2614 3618 2831 3671 fuissem
2874 3620 2925 3671 itt
2973 3618 3245 3685 largiendo
3284 3618 3611 3682 afﬂuentior,
3657 3628 3793 3673 tanto

2228 3689 2313 3741 ltic
2343 3690 2392 3740 in
2432 3688 2700 3742 abolendo
2742 3699 3022 3756 appareret
3071 3691 3326 3743 insanior.
3369 3690 3633 3757 Denique,
3677 3706 3791 3743 cum

2227 3759 2296 3811 ita
2332 3759 2610 3825 pignorttm
2641 3758 2978 3813 successibus
3016 3773 3136 3812 eum
3177 3761 3520 3821 extulissent,
3561 3770 3619 3813 ut
3650 3760 3793 3814 latis-

2225 3831 2483 3883 simarum
2524 3831 2691 3895 Spatia
2724 3837 2985 3882 terrarum
3025 3829 3372 3898 progrediens
3409 3833 3584 3884 cultor
3615 3832 3791 3897 imple-

2228 3910 2344 3953 tet:
2381 3900 2465 3952 hic
2493 3913 2643 3952 actus
2688 3912 2812 3970 Suos
2856 3900 3194 3952 tendentibus
3232 3899 3397 3970 418
3437 3902 3487 3953 iu
3520 3911 3792 3953 contume-

2228 3972 2348 4023 liam
2398 3985 2569 4023 meam
2600 3969 2915 4033 sceleribus,
2948 3972 3281 4035 exmiiuabat.
3307 3969 3546 4024 Prorsus
3574 3979 3629 4022 tit
3658 3972 3794 4025 vide.

2226 4056 2371 4095 retur
2414 4041 2609 4104 vereri,
2644 4056 2710 4093 ne
2743 4039 2888 4108 plura
2919 4052 3097 4093 essent
3129 4040 3307 4107 populi
3337 4042 3603 4106 membra,
3646 4056 3793 4107 quant

2224 4117 2447 4166 scefera.
2504 4112 2643 4181 Ergo
2687 4113 2807 4179 quia
2850 4112 3073 4178 gloriam
3119 4126 3271 4181 suam
3311 4111 3361 4164 iu
3407 4111 3792 4164 multitudinem

2228 4193 2331 4236 tam
2392 4180 2685 4236 facinorum
2721 4196 2963 4250 posuere,
3006 4197 3163 4248 quam
3208 4180 3457 4245 militum,
3514 4183 3793 4249 ignominia

2225 4255 2548 4306 succedente
2579 4252 2717 4304 illam
2758 4253 2972 4303 mutabo
3001 4269 3011 4303 :
3045 4260 3101 4304 ut
3128 4250 3189 4303 ad
3224 4262 3522 4305 extremam
3552 4252 3794 4303 videlicet

2226 4324 2569 4391 paucitatem,
2600 4322 2855 4375 utrumuis
2893 4322 3351 4384 consumentibus,
3387 4322 3728 4380 perducatur.

2303 4394 2452 4448 \’ers.
2482 4390 2537 4446 8.
2566 4420 2637 4430 —
2666 4392 2887 4443 Peccata
2938 4392 3116 4459 populi
3164 4393 3261 4443 mei
3302 4392 3587 4454 comedent,
3636 4404 3681 4444 et
3728 4390 3788 4443 ad

2224 4464 2539 4535 iniquitatent
2566 4478 2739 4535 eorum
2763 4462 3090 4535 sublevabunt
3112 4461 3328 4513 animos.
3347 4461 3478 4535 Qum
3509 4462 3793 4535 exprobra-

2228 4531 2372 4590 tione
2420 4545 2588 4590 totum
2630 4532 2910 4600 legendum
2939 4548 2954 4584 :
2988 4532 3038 4585 id
3068 4542 3169 4601 est,
3203 4532 3532 4594 sacerdotes,
3586 4533 3670 4585 vel
3702 4531 3793 4595 illi,

2224 4608 2314 4676 qui
2347 4606 2611 4659 idolorum
2642 4604 3085 4676 erantministri,
3128 4614 3181 4654 et
3218 4616 3309 4667 per
3336 4603 3525 4676 hocse
3558 4601 3666 4676 Deo
3698 4601 3793 4653 im-

2225 4672 2425 4730 molare
2445 4676 2719 4736 dicebant,
2745 4672 2828 4727 vel
2855 4675 3123 4740 principes
3154 4686 3271 4723 cum
3303 4672 3532 4738 populis,
3569 4674 3659 4738 qui
3690 4682 3794 4724 stu-

2224 4748 2369 4801 dium
2420 4744 2613 4799 fuuesti
2654 4745 2852 4796 erroris
2904 4742 3215 4803 induerant,
3266 4742 3402 4794 inter
3432 4752 3654 4803 caetera,
3684 4756 3795 4809 qua:

2227 4820 2499 4885 plecteuda
2533 4813 2818 4877 faciebant,
2853 4813 3179 4885 usurpabant
3204 4825 3414 4879 quoque
3436 4812 3703 4885 vocabula
3733 4825 3795 4864 ex

2226 4881 2357 4955 legis
2399 4886 2695 4955 traditione
2734 4882 3021 4937 venientia.
3056 4881 3487 4955 Namgquomodo
3515 4882 3793 4955 circumci-

2224 4951 2429 5012 sionem
2474 4972 2535 5009 ac
2584 4954 2803 5008 sabbata
2855 4954 3141 5008 servabant
3194 4951 3528 5006 Samaritica:
3573 4951 3791 5011 Tribus,

2225 5028 2467 5098 quamvis
2500 5027 2659 5079 idolis
2684 5024 2982 5098 servientes
3011 5039 3023 5074 :
3057 5024 3127 5077 ita
3160 5024 3321 5098 etiam
3352 5022 3529 5098 aliqua
3551 5020 3793 5098 iustitnta

2228 5090 2360 5167 legis
2419 5109 2711 5167 usurpasse
2750 5093 3075 5167 credendum
3125 5093 3403 5167 est__ipsos
3429 5091 3649 5167 ari_o_|os_.
3700 5090 3794 5143 Per

2229 5160 2615 5225 institutionem
2647 5165 2806 5234 igitur
2847 5166 2982 5218 beati
3014 5164 3174 5234 Mosis
3201 5160 3427 5216 diversae
3465 5160 3793 5213 oblationum

2228 5239 2437 5308 species
2482 5233 2836 5308 erant,’iuter
2866 5248 2995 5302 quas
3022 5242 3076 5287 et
3117 5233 3399 5308 ista,_quae
3440 5246 3536 5308 pro
3584 5236 3795 5308 peccato

2229 5301 2571 5366 o'lIerebatur.
2625 5306 2707 5358 Ex
2756 5320 2856 5371 qua
2886 5301 3075 5356 tamen
3131 5302 3302 5367 adipis
3354 5302 3518 5354 certis
3564 5301 3795 5370 partibus

2230 5383 2353 5452 igne
2380 5375 2698 5452 consumtis,
2742 5376 2947 5452 reliqua
2974 5372 3228 5452 iit-cibum
3262 5373 3599 5452 sacerdotqu
3636 5385 3795 5452 niciu-

2226 5439 2325 5510 hia
2356 5451 2635 5504 cedebant.
2662 5439 2727 5499 Et
2754 5439 2874 5514 quia
2899 5444 2981 5514 liis
3005 5444 3193 5496 ritibus
3222 5439 3616 5510 propiciabatur
3637 5440 3790 5514 Dens,

2299 5523 2504 5575 ntilices
2532 5527 2744 5585 peceata
2773 5510 2981 5583 populi,
3014 5528 3110 5582 pro
3127 5514 3318 5583 quibus
3346 5514 3591 5585 orabant,
3613 5510 3789 5573 edere,

2227 5582 2283 5647 id
2311 5601 2414 5654 est,
2469 5582 2753 5642 absumere
2780 5582 3093 5640 dicebantur
3125 5601 3139 5636 :
3167 5582 3459 5637 secundum
3500 5596 3654 5654 quem
3687 5595 3794 5633 mo-

2224 5666 2373 5725 dum,
2403 5653 2605 5724 arioli,
2636 5668 2694 5713 ut
2728 5657 2992 5711 variorum
3035 5654 3355 5709 delictorum
3405 5653 3787 5723 impunitatem,

615 5798 907 5890 Siié'giuiit
938 5816 1246 5890 particulam
1268 5854 1283 5884 ,
1310 5828 1428 5885 quae
1456 5814 1571 5868 lieic
1601 5824 1875 5883 perperam
1908 5804 2267 5877 repetebatur,
2297 5798 2624 5858 indusiatus.
