4098 6356
226 336 361 397 ῖθδδ

1107 342 1174 399 IN
1213 342 1442 400 OSlsAM
1480 339 2038 398 COMMENTARIUS.
2080 339 2283 399 LlBER
2320 341 2701 402 SECUNDUS.

3404 314 3505 407 ast

230 464 233 465 '
260 470 357 525 per
384 455 519 529 lucri
549 455 630 510 sui
658 458 1015 513 emolumenta
1046 468 1432 528 promitterent,
1468 458 1740 517 dicebant.
1773 472 1830 511 se
1858 457 1903 513 Α
1935 469 2052 529 eam
2085 456 2395 511 temulentia
2441 458 2771 523 conciliaret,
2803 468 2858 512 et
2885 461 3106 529 crapula
3138 479 3151 515 :
3182 472 3341 529 atque
3386 465 3504 520 ideo

262 527 459 599 populi
491 539 703 594 peccata
735 543 1070 584 consumere.
1101 531 1209 584 Hoc
1237 547 1363 599 ergo
1397 545 1489 594 per
1515 531 1827 597 prophetam

262 612 403 671 nunc
434 597 595 671 [_)_eus,
623 599 727 671 sub
745 613 871 652 voce
892 602 1111 671 et.vultu
1136 601 1536 671 indignationis,
1561 600 1829 671 exagitat:

264 682 327 721 ac
356 670 399 720 si
430 667 652 729 diceret,
690 667 767 721 En
796 686 915 735 qua:
937 670 1175 737 prodigia
1198 715 1211 735 ,
1252 667 1447 723 iamam
1478 686 1582 723 non
1612 667 1681 722 de
1709 669 1831 722 ullis

262 750 497 805 unquam
538 737 772 803 pulchris
809 740 1150 803 facinoribus,
1193 741 1285 795 sed
1330 740 1398 794 de
1444 741 1572 794 solis
1617 738 1830 808 ﬂagitiis

261 809 590 876 expetenlia,
638 811 944 863 reverenda:
970 811 1101 879 legis
1141 811 1384 864 instituta
1414 812 1515 863 sub
1546 811 1828 863 verborum

260 879 609 948 usurpatione
653 888 1001 943 temerarunt,
1054 895 1108 934 ut
1142 882 1535 948 promitterent,
1580 880 1833 934 videlicet

257 947 626 1019 circumvento
655 952 867 1016 populo,
912 947 1163 1019 quoniam
1217 956 1260 1003 si
1298 965 1393 1019 per
1420 967 1605 1004 manus
1645 965 1828 1004 eorum

260 1016 469 1071 hostias
516 1019 868 1083 obtulissent,
923 1016 1100 1075 statim
1155 1016 1345 1077 tierent
1392 1022 1730 1084 innocentes,
1777 1030 1832 1075 et

257 1099 717 1161 consequerentur
772 1092 1149 1159 indulgentiam
1220 1103 1578 1161 peccatorum.
1637 1092 1831 1159 Sicque

257 1157 606 1223 sublevabant,
635 1161 684 1214 id
708 1171 810 1222 e~t.
833 1157 1269 1228 consolabantur,
1295 1171 1349 1215 et
1368 1178 1516 1228 supei
1533 1163 1645 1215 bire
1671 1157 1833 1215 facie-

259 1228 391 1282 bant
426 1244 638 1283 reorum
685 1232 927 1296 animas,
969 1234 1019 1287 in
1069 1236 1260 1302 quibus
1300 1232 1431 1286 nihil
1475 1233 1721 1287 sinebant
1764 1234 1832 1289 de

256 1301 671 1368 eumpunctione
698 1303 953 1357 residere.

334 1368 473 1442 Ergo
495 1371 617 1439 quia
657 1388 754 1425 nec
794 1375 1049 1442 magister
1075 1374 1241 1440 loqui,
1284 1389 1382 1428 nec
1409 1374 1701 1441 discipulus
1731 1389 1829 1427 au-

255 1438 375 1493 dire
414 1438 471 1494 id
513 1438 655 1509 quod
693 1442 758 1497 ad
802 1438 1026 1497 salutem
1073 1438 1284 1510 attinet,
1319 1438 1690 1508 assueverunt,
1733 1445 1829 1499 sed

259 1519 522 1583 utrosque
562 1514 737 1580 culpa,
765 1529 882 1580 qua:
909 1516 1115 1582 polluit,
1146 1517 1467 1583 extequavit,
1512 1517 1704 1568 merito
1735 1531 1828 1570 eos

256 1579 716 1655 etiam'sententia
755 1579 979 1655 sequuta
1004 1579 1305 1655 componet,
1341 1594 1399 1639 ut
1442 1589 1667 1639 fructum
1701 1600 1831 1652 ope-

256 1664 378 1725 rum
409 1664 627 1706 suorum
657 1654 771 1707 sine
801 1654 984 1709 fraude
1022 1657 1331 1725 suscipiant.
1376 1665 1430 1711 et
1462 1672 1616 1709 unam
1666 1658 1830 1710 inter-

258 1720 839 1796 necionem_sacerdos
865 1741 941 1796 _ac
972 1720 1197 1796 populus
1229 1727 1481 1794 patiatur.
1540 1726 1829 1781 Possumus

256 1801 439 1845 autem
471 1793 523 1846 in
556 1793 659 1848 hoc
702 1795 819 1848 loco
856 1793 1145 1850 faciliorem
1178 1793 1505 1851 intellectum
1548 1812 1753 1859 creare,
1778 1801 1821 1852 si

257 1873 544 1937 personam
568 1864 718 1917 Iuda:
746 1880 975 1937 quoque,
1018 1883 1175 1937 quem
1211 1877 1328 1934 post
1356 1866 1623 1936 paululum
1652 1869 1823 1921 nomi-

258 1936 373 2003 nat,
403 1932 715 1988 inferamus.
752 1934 818 1990 Ut
851 1932 1098 2003 quoniam
1131 1948 1185 1991 et
1213 1932 1388 2002 ipsam
1421 1938 1662 2000 Tributn,
1700 1938 1823 1993 licet

256 2001 433 2056 minus
463 2004 637 2077 adhuc
672 2020 838 2073 ream,
871 2001 989 2061 'non
1024 2018 1198 2061 tamen
1238 2001 1382 2061 enini
1415 2024 1476 2060 ex
1512 2020 1659 2075 parte
1694 2024 1826 2077 pur-

255 2080 457 2149 gatatn,
484 2076 618 2149 seria
648 2078 1008 2133 admonitione
1038 2078 1279 2149 caSIigat,
1314 2077 1440 2131 illud
1463 2094 1671 2148 quoque
1687 2076 1820 2147 jam,

254 2143 399 2218 quod
429 2145 736 2218 sacerdotes
781 2148 989 2201 oblatas
1016 2165 1108 2218 pro
1141 2143 1371 2218 péccatis
1404 2143 1606 2202 ltuSlias
1645 2143 1825 2203 come?-

254 2213 411 2287 dunt,
460 2215 701 2287 intulisse
750 2213 1241 2287 videatur,'fi:itque
1284 2234 1473 2274 sensus
1513 2218 1820 2287 ejusmodi:

256 2282 360 2355 Sed
391 2286 517 2355 quid
546 2287 761 2353 mirum,
804 2290 973 2343 tribus
1002 2282 1029 2341 ἐι
1072 2282 1167 2345 Dei
1190 2292 1337 2344 cultu
1367 2299 1423 2343 et
1452 2282 1643 2343 timore
1675 2305 1823 2345 recc-

253 2352 635 2426 dcntesatque
660 2352 899 2414 colendis
931 2360 1082 2413 idolis
1112 2363 1436 2426 mancipatas
1462 2404 1476 2426 ,
1510 2364 1671 2414 variis
1701 2376 1820 2415 sor-

255 2424 386 2499 dere
433 2424 763 2491 criminibus,
794 2445 914 2483 cum
953 2432 1114 2484 etiam
1162 2432 1251 2486 illa
1293 2424 1419 2498 pars
1461 2424 1663 2498 populi,
1704 2447 1823 2499 qnte

258 2496 480 2572 videtur
497 2500 816 2572 cerimonias
855 2502 1028 2555 adhuc
1057 2496 1309 2572 mysticas
1334 2496 1630 2565 Continere,
1658 2496 1821 2555 simili

255 2579 443 2641 errore
471 2568 791 2637 lympltetur,
815 2580 868 2624 et
888 2568 1127 2641 corrupti
1156 2573 1459 2627 sacerdotes
1479 2587 1608 2640 pecc
1627 2575 1823 2628 InllbllS

258 2636 638 2709 blandiantur,
688 2636 831 2709 quad
876 2643 995 2706 eis,
1040 2636 1323 2707 videlicet,
1369 2657 1461 2709 per
1480 2636 1818 2697 'ublatiouetn

256 2704 574 2782 hostiarum,
598 2704 727 2776 quas
753 2711 849 2779 ipsi
876 2704 1159 2777 devorant,
1188 2704 1459 2782 contingat
1492 2713 1821 2780 impunitas?

252 2777 618 2852 Sublevabant
638 2777 796 2849 igitur
819 2782 902 2836 bis
930 2777 1405 2846 consolationibus]
1431 2777 1662 2847 animus,
1684 2801 1819 2852 quos

254 2847 552 2923 facinorum
575 2847 899 2923 conscientia
929 2854 1297 2921 deprimebat:
1322 2867 1373 2907 et
1400 2856 1540 2923 quod
1571 2847 1821 2907 sacerdo-

256 2926 337 2972 trs
360 2920 822 2988 impudentissime
865 2920 1279 2991 pollicebantur,
1322 2920 1431 2978 hoc
1469 2926 1819 2979 libent.Ssime

256 2992 485 3063 populus
512 2992 762 3063 audiebat
795 3011 806 3045 :
840 2995 960 3048 ideo
994 3004 1046 3049 et
1082 2996 1136 3049 in
1178 3006 1420 3063 tempore
1462 2995 1816 3061 calamitatis,

255 3062 400 3134 nulla
430 3062 568 3134 inter
587 3062 751 3134 [‘19
763 3066 967 3133 plebem
988 3067 1085 3119 erit
1112 3067 1522 3134 sacerdotesque
1542 3066 1813 3129 disctetio,

253 3131 462 3204 sedqui
484 3131 733 3204 vixerit—ni
762 3131 1081 3204 promiscue,
1114 3136 1287 3190 viliter
1312 3131 1471 3190 etiam
1502 3137 1815 3190 interibunt.

330 3201 479 3277 γει-8.
529 3201 583 3257 9.
619 3208 702 3257 ii).
745 3201 813 3245 ὲ-
848 3201 1075 3261 Visitabo
1108 3224 1262 3277 super
1298 3223 1413 3261 eum
1442 3209 1547 3260 vias
1592 3209 1734 3277 ejus,
1776 3217 1821 3259 et

254 3274 585 3346 cogitationes
617 3278 724 3346 ejus
747 3278 961 3329 reddam
985 3281 1051 3331 ei.
1084 3274 1353 3331 Coinedent
1372 3316 1386 3338 ,
1421 3290 1466 3329 rt
1493 3274 1825 3331 non'satnra-

255 3344 443 3415 buntur
473 3359 492 3397 :
540 3344 774 3414 fornicati
818 3358 971 3415 sunt,
1024 3362 1071 3401 et
1114 3364 1216 3401 non
1264 3358 1602 3401 cessaverunt.
1652 3347 1822 3413 Cum,

258 3414 462 3483 inquit,
510 3420 732 3483 cmperit
780 3432 839 3471 se
868 3434 1118 3473 exercere
1164 3418 1379 3472 ultionis
1432 3434 1693 3483 censura,
1743 3419 1825 3473 ita:

263 3499 527 3557 niensurte
571 3487 846 3555 dolorum,
892 3503 1023 3555 quas
1051 3489 1149 3557 ipsi
1199 3490 1251 3543 iu
1293 3493 1525 3557 peccatis
1557 3490 1821 3555 fecerant,

260 3553 642 3628 implebuutur,
677 3553 1151 3627 utexperiauturin
1166 3553 1460 3627 suppliciis,
1485 3560 1625 3628 quod
1654 3561 1705 3613 in
1727 3553 1826 3614 de?

257 3625 468 3698 side-riis
494 3625 859 3695 perpetrarunt
884 3670 899 3693 ,
924 3630 1163 3684 fundenti
1193 3625 1318 3683 sunt
1347 3625 1573 3698 quippe,
1598 3633 1678 3685 vel
1703 3633 1823 3685 obs-

257 3696 556 3769 capitatas,
580 3699 659 3752 vel
677 3701 1017 3766 profanitales
1034 3702 1324 3769 sequendo,
1341 3696 1544 3755 uec’eos
1561 3712 1829 3769 usurpatae

258 3765 443 3839 puduit
463 3765 736 3839 fteditatis,
755 3778 811 3823 ut
837 3770 925 3839 qui
953 3770 1020 3825 de
1047 3765 1211 3839 prima
1240 3772 1467 3825 statione
1496 3765 1826 3837 deciderant,

256 3837 446 3912 saltem
479 3838 547 3893 de
566 3841 813 3912 secundis
843 3837 1090 3897 remediis
1121 3843 1444 3912 cogitarent,
1467 3854 1521 3897 et
1558 3844 1697 3912 quod
1726 3859 1829 3898 non

257 3908 513 3983 decuerat
570 3910 903 3983 contigisse,
960 3913 1041 3968 vel
1100 3908 1441 3983 frequentare
1496 3908 1823 3980 desinerent,

258 3977 447 4045 sicque
492 3977 789 4032 imitaretur
815 3977 1418 4037 abstinentiam'erroris
1455 3985 1664 4037 admota
1713 3977 1831 4036 ces-

257 4057 421 4102 satio.
469 4046 573 4101 Sed
619 4063 737 4102 cum
770 4050 1014 4105 fornicati
1053 4063 1264 4117 essent,
1313 4067 1417 4106 non
1464 4065 1829 4107 cessaverunt.

256 4117 405 4191 Ergo
454 4117 594 4186 quod
642 4131 992 4174 exercuerunt
1048 4122 1100 4175 in
1158 4121 1343 4189 viciis,
1387 4124 1731 4191 experiantur
1772 4123 1826 4175 in

260 4186 474 4258 pwuis,
507 4196 567 4241 ut
613 4194 897 4258 comedant
925 4200 980 4246 et
1007 4206 1110 4244 non
1142 4186 1477 4256 saturentur;
1513 4193 1835 4257 impleantur

259 4256 511 4312 videlicet
558 4256 979 4327 afﬂictionibus,
1038 4261 1133 4316 sed
1176 4262 1245 4314 ita
1304 4275 1397 4315 eas
1455 4256 1665 4316 haurire
1728 4277 1833 4316 non

258 4339 495 4401 cessent,
514 4338 569 4382 ut
588 4330 816 4383 esuriem
840 4333 1122 4399 quamdam
1154 4331 1295 4386 ferre
1318 4333 1619 4387 videantur.
1654 4332 1836 4401 Neque

258 4399 403 4452 enim
428 4414 547 4453 cum
582 4401 988 4455 fornicationem
1021 4404 1205 4469 audis,
1234 4405 1633 4471 usurpationem
1662 4399 1836 4457 modi-

259 4484 378 4541 cam
409 4472 704 4541 corporalis
733 4472 872 4526 illius
900 4473 1187 4540 voluptatis
1206 4472 1519 4541 existimes,
1547 4476 1639 4527 sed
1671 4475 1832 4540 sacri,

254 4538 458 4619 inquit,
488 4540 724 4619 _l'tede_ris
756 4552 905 4609 pacta
935 4538 1223 4619 violantes,
1244 4616 1252 4619 _
1271 4538 1692 4619 omnipotentem
1727 4538 1828 4597 llo;
1856 4551 1909 4611 ι)

256 4612 467 4683 tuinum
487 4613 536 4663 iu
568 4612 723 4681 cujus
751 4615 1078 4668 consortium
1110 4615 1298 4669 adsciti
1323 4616 1527 4668 fuerant
1553 4655 1567 4680 ,
1602 4616 1829 4683 relique-

256 4690 402 4753 runt.
427 4682 502 4753 Et
542 4683 665 4736 ideo
703 4685 1070 4753 intelligentia:
1119 4686 1238 4739 luce
1291 4685 1478 4753 privati
1505 4695 1669 4749 sunt,
1722 4682 1827 4739 non

255 4750 656 4807 considerantes
685 4764 807 4822 post
849 4750 967 4823 qua:
990 4758 1262 4824 religionis
1284 4750 1531 4826 insignia,
1557 4758 1623 4809 ad
1645 4758 1830 4826 quales

210 4824 215 4829 ’
255 4832 440 4875 essent
468 4836 643 4878 sortes
671 4828 865 4878 rituum
898 4827 1155 4894 devoluti,
1190 4842 1308 4892 qua:
1349 4824 1588 4890 profecm
1619 4824 1829 4895 opinio-

252 4905 383 4943 num
412 4895 663 4961 stultitia,
714 4910 1046 4965 nequaquam
1079 4899 1131 4951 in
1162 4899 1371 4953 animus
1402 4899 1697 4967 irreperet,
1726 4897 1829 4951 uisi

714 5455 940 5512 CAPUT
979 5455 1043 5513 IV
1084 5455 1379 5529 (sequitur).

329 5585 484 5643 Vcrs.
512 5586 598 5643 15.
626 5616 697 5627 —
725 5587 785 5643 Si
816 5590 1084 5659 fornicaris
1114 5601 1189 5655 tu,
1223 5590 1387 5645 Israel
1438 5607 1542 5646 non
1571 5590 1834 5649 delinquat

329 5736 353 5762 ι
391 5724 647 5797 Versiculi
676 5733 901 5794 partem,
927 5742 1083 5792 neque
1108 5728 1438 5797 jurareritis,
1486 5726 1617 5781 Vivit
1652 5724 1825 5780 Domi-

256 5812 371 5865 nus,
399 5811 519 5865 qua
540 5796 750 5864 deerat,
783 5798 1111 5863 suﬂecitnus,
1146 5798 1263 5868 ipso
1312 5796 1638 5872 lidejubente
1696 5805 1833 5854 Auc-

1934 526 2177 598 dicentes
2206 543 2263 581 se
2288 542 2408 582 esse
2428 534 2720 595 sapientes,
2750 529 2893 583 stulti
2926 528 3048 585 lacti
3076 545 3195 586 sunt
3216 574 3231 596 ,
3259 526 3417 598 adeo,
3450 546 3503 588 ut

1933 596 2313 664 prophetarum
2342 614 2538 669 munus
2568 615 2594 649 a
2645 599 2798 668 lignis
2844 601 3009 654 aridis
3058 596 3420 669 postularent,
3454 616 3503 660 et

1933 681 2051 734 qua!
2100 677 2285 740 essent
2332 668 2503 740 futura
2562 670 2888 740 unicuique,
2919 671 3141 727 baculus
3190 668 3445 727 iudicaret
3491 692 3505 729 :

1931 750 2090 804 quam
2161 738 2491 803 profanitatis
2564 738 2794 805 speciem
2862 739 3034 797 Graeci
3111 744 3505 798 rabdomantias

1933 806 2223 880 appellant.
2255 808 2486 880 Spiritus
2516 824 2644 879 ergo
2676 812 3030 878 profanitatis,
3063 829 3243 880 quem,
3272 814 3504 868 fornica—

1933 878 2130 929 tioiiem
2177 887 2388 943 vocant,
2423 878 2633 947 decepit
2680 896 2805 949 eos,
2839 890 2895 934 ut
2944 878 3284 938 discederent
3326 900 3351 936 a
3397 885 3504 938 Deo

1937 956 2158 1018 vero,et
2186 949 2387 1013 multis,
2422 951 2687 1018 variisque
2718 952 3075 1018 daemonibus,
3101 955 3152 1007 in
3183 970 3276 1009 ore
3303 969 3431 1009 sane
3452 964 3504 1009 et

1932 1011 2109 1069 froiite
2138 1011 2573 1081 adultera’ntium,
2605 1011 2976 1076 miscerentur.

2006 1085 2159 1139 Vers.
2195 1086 2281 1160 id.
2314 1116 2384 1128 —
2429 1090 2597 1157 Super
2629 1094 2798 1158 capita
2836 1094 3081 1145 montium
3106 1092 3498 1160 sacriﬁcabant,

1930 1164 1979 1207 et
1998 1171 2155 1230 super
2176 1156 2327 1211 colles
2350 1156 2987 1230 accendebant‘thgmiama
3017 1180 3033 1215 :
3060 1156 3501 1230 subtus‘quercum

1930 1236 1975 1303 et
2000 1226 2242 1303 pepulum
2268 1237 2314 1280 et
2342 1227 2695 1303 therebinlum,
2719 1226 2836 1300 quia
2866 1231 2995 1285 bona
3020 1241 3130 1287 erat
3171 1226 3346 1286 umbra
3370 1237 3499 1303 ejus.

1929 1294 2053 1371 lion
2080 1312 2203 1362 uno,
2230 1296 2421 1364 inquit,
2463 1300 2621 1354 modo
2648 1294 2856 1356 errasse
2902 1304 3170 1367 contenti,
3202 1303 3291 1371 qui
3319 1294 3498 1357 divina

1931 1365 2173 1420 instituta
2197 1377 2619 1439 centeniserunt,
2642 1381 2942 1425 commenta
2961 1375 3119 1427 anilia
3137 1365 3499 1439 sectabantur,

1932 1444 1988 1489 ut
2012 1451 2121 1512 non
2154 1439 2323 1512 solum
2354 1438 2552 1493 baculis
2599 1440 2649 1492 iu
2688 1440 2924 1495 fraudem
2957 1444 3186 1511 aliquam
3219 1438 3497 1512 laevigatis,

1930 1506 2023 1582 sed
2052 1506 2162 1573 jam
2196 1509 2461 1582 colliculis
2492 1512 2651 1577 paqu
2680 1506 3154 1582 eminentioribus,
3182 1522 3274 1567 aut
3300 1506 3500 1567 m'nbris

1929 1577 2180 1647 arborum
2208 1580 2365 1645 paulo
2391 1580 2728 1635 densioribus
2758 1594 3116 1647 moverentur,
3140 1577 3192 1637 et
3215 1585 3499 1639 crederent

1930 1646 2038 1720 illic
2064 1648 2370 1720 divinitatis
2394 1664 2517 1720 esse
2549 1651 2855 1719 plurimum,
2882 1653 2970 1706 ubi
3001 1646 3198 1720 aliquid
3221 1655 3501 1708 amoenita-

1929 1718 1999 1789 tis
2025 1717 2302 1789 vidissent.
2338 1719 2722 1775 SacrillCabant
2747 1717 2925 1789 itaque
2955 1724 3005 1776 in
3035 1717 3325 1777 verticibus
3349 1740 3501 1777 tuon-

1932 1788 2085 1861 tium,
2115 1787 2277 1859 420
2306 1790 2444 1858 quod
2477 1790 2693 1861 historia
2744 1787 3049 1861 frequenter
3074 1804 3291 1847 accuSat
3312 1840 3327 1858 ,
3378 1810 3498 1848 cum

1931 1856 2063 1910 dicit
2112 1856 2452 1927 tie—regibus,
2485 1860 2632 1915 Fecit
2680 1864 2780 1917 lioc
2826 1856 2915 1917 aut
2968 1864 3123 1927 illud,
3158 1856 3496 1917 verumtamen

1920 1928 2126 2004 excelsa
2160 1945 2259 2004 non
2288 1930 2525 1999 abstulit,
2550 1933 2639 2004 sed
2663 1934 2833 1985 adhuc
2874 1934 3171 1988 immolabat
3200 1935 3418 2004 populus
3449 1936 3500 1987 in

1927 1999 2181 2072 excelsis;
2211 2002 2295 2054 hic
2324 2012 2497 2072 autem
2529 2003 2739 2071 adjicit,
2771 2005 2911 2071 quod
2943 2014 2996 2057 et
3026 1999 3212 2058 subtus
3242 1999 3497 2072 quercum

1927 2079 1979 2142 et
2009 2069 2257 2142 populum
2288 2071 2524 2125 adoleret
2554 2069 2826 2126 incensum
2846 2118 2860 2142 ,
2893 2089 3242 2140 caussamque
3263 2069 3501 2128 admira-

1929 2138 2087 2215 t_iunis
2104 2155 2402 2215 exponens,
2434 2142 2691 2215 subdidit.
2723 2138 2855 2215 Quia
2881 2146 3012 2215 bona
3032 2154 3140 2197 erat
3161 2138 3340 2197 umbra
3365 2147 3496 2215 ejus.

1928 2207 2293 2284 [tepudiantes
2324 2212 2458 2265 lucis
2488 2222 2540 2265 et
2568 2207 2783 2284 luminis
2811 2214 3174 2283 conditorem,
3204 2231 3325 2269 vere
3349 2207 3501 2284 quasi

1926 2278 2057 2352 filii”
2083 2280 2457 2346 tenebrarum,
2493 2282 2729 2337 nemoris
2768 2285 3114 2352 capiebantur
3155 2278 3496 2339 umbraculis.

1924 2350 2218 2404 Audiamus
2238 2366 2384 2421 ergo,
2408 2352 2530 2419 quid
2548 2368 2819 2420 pmnarum
2834 2350 3064 2408 amentia
3097 2356 3190 2408 ista
3207 2366 3495 2410 mereatur.

2004 2421 2151 2473 Vers.
2192 2419 2276 2474 M.
2306 2419 2388 2461 ⁷-
2413 2419 2964 2493 Ιάεοτοτηὶεαὺαηιιιν
3010 2424 3134 2492 ﬁlia:
3183 2440 3357 2479 vestra:
3382 2466 3396 2485 .
3451 2438 3500 2480 et

1924 2504 2125 2560 sponstz
2143 2500 2322 2565 vestrte
2338 2494 2583 2565 adulteris
2604 2503 2770 2546 erunt.
2801 2494 2924 2548 Non
2947 2496 3157 2548 visitabo
3184 2513 3336 2563 super
3362 2496 3500 2565 ﬁlias

1924 2571 2135 2624 vestras,
2160 2577 2273 2614 cum
2294 2562 2481 2631 fuerint
2504 2567 2788 2632 {orn-caue,
2812 2576 2858 2618 et
2878 2581 3027 2631 super
3046 2562 3258 2632 sponsas
3283 2562 3494 2628 vestras,

1925 2645 2039 2682 cum
2067 2632 2487 2704 adulteraverint.
2502 2634 2873 2700 Commisistis,
2892 2636 3079 2704 inquit,
3097 2637 3289 2704 turpia,
3316 2653 3413 2690 nec
3433 2638 3501 2690 ab

1923 2714 2087 2773 Opere
2104 2702 2404 2768 destitistis,
2432 2705 2544 2757 utsi
2562 2720 2664 2757 non
2693 2720 2785 2759 eos
2813 2719 2944 2773 quos
2966 2702 3294 2769 innocentes,
3313 2708 3502 2760 veleos

1923 2772 2283 2841 saltem,quos
2298 2774 2374 2826 rei
2390 2772 2843 2829 solentsentiretis
2872 2776 3109 2841 affectus,
3142 2778 3188 2828 id
3205 2786 3376 2839 est,ut
3400 2777 3432 2829 lt
3460 2802 3499 2819 ~-

1924 2842 2060 2915 nesti
2076 2846 2360 2915 violatores
2374 2845 2596 2915 puderet
2622 2846 2864 2908 admissi,
2889 2846 2981 2899 sed
2999 2849 3048 2898 in
3063 2847 3311 2915 operibus
3331 2848 3500 2900 noxiis

1923 2909 2277 2964 eonfirtnastis
2298 2913 2595 2984 audaciam,
2626 2929 2690 2967 eo
2716 2931 2878 2983 usque
2907 2909 3192 2981 sectantes,
3212 2931 3330 2984 quae
3351 2928 3502 2969 erant

1925 2985 2199 3054 probrosa,
2224 2991 2281 3035 ut
2302 2983 2538 3054 stipitum
2565 2998 2919 3054 saxorumque
2942 2985 3153 3037 umbras
3181 2983 3501 3051 preferretis

1923 3052 2307 3105 elementorum
2359 3053 2595 3124 omnium
2621 3052 2869 3107 creatori.
2905 3054 3050 3107 Hanc
3074 3056 3231 3124 igitur
3256 3056 3499 3123 impieta-

1928 3130 2030 3173 tem
2081 3122 2401 3177 t-alatnitatis
2431 3125 2627 3176 ultima:
2652 3126 2935 3194 dispungat
2966 3122 3149 3188 illatio,
3183 3128 3250 3177 ita
3283 3122 3339 3178 ut
3367 3126 3504 3178 miro

1849 3180 1893 3241 C
1924 3204 2123 3259 genere
2161 3194 2406 3247 vindicta:
2461 3194 2526 3248 ad
2573 3180 2878 3263 culparum"
2896 3180 3320 3260 similitudinem,
3347 3210 3501 3263 ptena

1929 3265 2188 3316 formetur
2222 3280 2234 3315 :
2268 3277 2448 3337 eoque
2476 3266 2554 3337 sit
2586 3266 2856 3337 acerbior,
2891 3267 3031 3337 quod
3063 3281 3166 3318 non
3200 3265 3363 3318 fuerit
3410 3279 3504 3337 ex:

1928 3340 2076 3400 perta
2102 3348 2324 3387 censura
2358 3351 2372 3387 :
2399 3334 2605 3387 libidini
2626 3336 2887 3403 siquidem
2912 3335 3264 3397 vincentium,
3290 3334 3504 3402 sponsa:

1926 3411 2119 3474 vestra:
2135 3418 2197 3458 ac
2224 3404 2348 3457 lilize
2369 3404 2722 3474 suhjacebunt
2753 3422 2765 3457 :
2794 3419 2893 3459 nec
2915 3407 3051 3473 apud
3076 3405 3503 3473 aliquosjudices

1928 3472 2085 3546 istam
2116 3472 2491 3546 ignominiam,
2525 3478 2606 3529 vel
2638 3477 2813 3529 mariti
2844 3472 3089 3546 arguent,
3117 3472 3198 3530 vel
3231 3483 3496 3545 parentes.

1926 3543 2188 3597 (Steterunt
2202 3552 2371 3598 totum
2385 3544 2636 3613 ﬂagitium
2659 3543 3002 3600 consumeiur
3018 3547 3069 3600 in
3091 3543 3336 3609 dedecus,
3366 3555 3420 3598 ut
3436 3545 3504 3601 de

1927 3627 1993 3697 eo
2023 3617 2256 3697 supersit
2280 3616 2424 3696 nihil.
2440 3616 2503 3668 ad
2529 3628 2757 3697 reatum.
2779 3616 2941 3697 Quasi
2961 3631 3114 3697 acute
3140 3630 3289 3686 ergo,
3314 3624 3503 3697 negata

1927 3683 2109 3752 ﬂagitii
2165 3685 2566 3755 objurgatione,
2609 3690 2895 3752 conclusit,
2928 3688 3058 3741 nihil
3079 3683 3500 3755 esse'acerbius,

1929 3770 2085 3827 quam
2110 3758 2209 3810 sub
2234 3758 2539 3811 conditione
2567 3760 2837 3812 servitutis
2863 3759 3129 3827 ejusmodi
3162 3757 3504 3826 constitisse,

1931 3826 1984 3879 in
2011 3841 2113 3896 qua
2156 3837 2392 3881 extrema
2436 3826 2905 3883 necessitudinum
2942 3830 3135 3898 ilagitia
3168 3828 3352 3883 videre
3391 3842 3511 3897 per-

1930 3909 2047 3969 gas,
2080 3902 2335 3969 accusare
2364 3913 2470 3952 non
2493 3899 2710 3953 audeas.
2741 3899 2901 3969 Ergo,
2926 3913 3046 3953 eum
3079 3900 3180 3952 hoc
3203 3913 3323 3952 esse
3349 3900 3509 3969 mise-

1933 3968 2136 4038 riarum
2162 3968 2406 4021 ultimum
2442 3969 2796 4035 pragvidisset,
2827 3968 3023 4038 quippe
3045 3969 3186 4037 quod
3211 4006 3226 4030 ,
3262 3968 3360 4019 nisi
3386 3981 3509 4034 cap-

1933 4036 2109 4089 tivitas
2153 4053 2258 4090 non
2308 4048 2489 4105 posset
2544 4038 2779 4103 inferre,
2826 4036 3005 4091 statim
3059 4036 3300 4091 caussam
3350 4046 3509 4089 tanta:

1933 4106 2351 4175 commotionis,
2422 4111 2816 4175 prtemissorum
2873 4106 3191 4174 repetitione
3256 4105 3507 4172 subjecit.

1939 4174 2199 4240 Quoniam
2228 4177 2357 4243 ipsi,
2388 4174 2503 4228 cum
2543 4177 2887 4229 meretricibus
2924 4176 3278 4239 versabantur,
3320 4185 3366 4227 et
3397 4190 3511 4227 cum

1935 4243 2257 4311 e/ftcntinatis
2286 4247 2676 4314 sacriﬁcabant,
2716 4257 2765 4299 et
2806 4248 3028 4315 populus
3072 4262 3174 4298 non
3225 4245 3513 4315 intelligens

1937 4316 2213 4385 vapulabit.
2268 4313 2557 4382 Nesciunt,
2605 4313 2815 4384 inquit,
2858 4327 3112 4383 quantum
3164 4315 3419 4385 dolorem
3447 4313 3515 4368 tle

1946 4382 2297 4454 perversitate
2333 4386 2483 4455 ejus,
2531 4402 2651 4455 qua:
2680 4382 2732 4439 in
2764 4382 3035 4440 consortio
3080 4399 3202 4439 meo
3244 4382 3514 4455 quondam

1940 4455 2069 4524 egit,
2105 4457 2371 4523 experiar;
2405 4457 2526 4512 ideo
2549 4461 2599 4509 in
2624 4458 3073 4511 necessitudinum
3104 4470 3323 4509 suarum
3354 4455 3517 4505 dede-

1940 4540 2105 4591 core,
2151 4526 2567 4596 magnitudinem
2598 4527 2880 4581 criminum
2932 4526 3166 4595 priorum
3225 4538 3516 4596 recognos-

1933 4607 2057 4650 cent
2085 4615 2098 4650 :
2128 4607 2185 4651 ut
2210 4594 2298 4667 qui
2321 4598 2675 4652 etftnminatos
2699 4609 2752 4651 et
2777 4594 3086 4666 prostibula,
3117 4611 3145 4648 a
3173 4597 3365 4667 quibus
3395 4594 3508 4646 cul-

1944 4675 2054 4744 tum
2083 4665 2384 4744 daemonum
2412 4680 2747 4744 acceperant,
2778 4665 3089 4744 subsequuti
3112 4665 3511 4744 suun-abuten-

1938 4737 2078 4792 tibus
2107 4753 2187 4803 se,
2215 4739 2486 4793 obscoenis
2519 4738 2760 4793 hostibus
2788 4740 3169 4798 distrahantur,
3199 4737 3515 4788 Voluntaria:

1937 4809 2178 4879 stultitiae
2206 4809 2407 4863 fructus
2435 4812 2488 4863 in
2511 4810 2869 4872 contumeliis,
2892 4822 3024 4878 quas
3050 4810 3260 4879 tyranni
3286 4808 3517 4861 victores

1939 4878 2237 4947 intulerint,
2268 4881 2578 4935 sentientes.

1222 5226 1691 5335 LIBER
1764 5224 2618 5335 SECUNDUS.

1941 5452 2122 5506 saltem
2150 5451 2313 5508 Juda.
2349 5451 2527 5507 Nolite
2550 5452 2748 5521 ingredi
2769 5454 2821 5507 in
2843 5451 3085 5520 Galgala,
3111 5459 3162 5506 et
3193 5467 3256 5505 ne
3274 5451 3521 5504 ascende-

1942 5525 2053 5577 ritis
2083 5526 2135 5576 in
2164 5522 2459 5588 Bethaven;
2486 5532 2512 5559 ιι
2539 5538 2699 5590 neque
2721 5524 3038 5591 juraveritis,
3080 5522 3211 5575 Vivit
3244 5522 3519 5581 Dominus,

1940 5596 2181 5662 quoniam
2210 5596 2341 5647 sicut
2369 5609 2519 5645 vacca
2547 5594 2815 5645 lasciviens
2842 5592 3114 5645 declinavit
3150 5592 3318 5646 Israel
3352 5608 3367 5645 :
3391 5603 3523 5643 nunc

1940 5735 2055 5782 tore
2083 5735 2287 5790 nostro,
2310 5724 2399 5793 qui
2428 5739 2546 5778 eam
2571 5722 2623 5805 in
2652 5722 2892 5779 subnexa
2932 5726 3266 5795 expositione
3290 5726 3523 5795 singilla-

1949 5802 2063 5862 titn,
2096 5814 2195 5853 nec
2223 5800 2386 5850 semei
2414 5800 2658 5862 exponit.
2922 5827 2929 5832 -
