4098 6356
560 268 660 328 987

1628 259 1765 317 RUF
1772 258 1882 314 1Νο
1940 255 2386 313 PRESBYTERO
2428 253 2667 311 ASCRIP
2683 256 2707 308 Γ
2718 253 2802 310 US

3746 254 3842 310 988

563 390 736 457 pascet
759 395 841 433 eos
864 377 1113 432 Dominus
1136 378 1487 457 quasiagnurn
1506 372 1876 457 latitudine.
1897 370 2150 452 Quamvis
2180 375 2224 428 Α
2256 384 2358 457 (Ille
2396 368 2514 449 loca
2572 368 2669 422 ista
2698 407 2713 429 ,
2753 384 2878 457 qua:
2910 366 3267 457 celeberrima
3299 367 3845 457 .sacrileg'isjritibus

565 440 848 506 'tmiversas
879 450 1066 513 tribus,
1101 440 1363 501 idolorum
1391 446 1621 500 cultibus
1663 444 1938 513 sorduisse
1966 482 1981 502 ,
2015 440 2149 493 vati-

568 523 695 577 ciuti
738 520 908 589 ipsius
955 510 1177 593 censura
1212 510 2149 593 detnonstret._tameudeteriorem

570 584 784 649 Israelis
811 600 1005 644 statum
1029 588 1339 652 denunciat,
1364 601 1419 641 et
1444 584 1533 653 qui
1565 584 1926 637 damnationis
1958 584 2147 647 magis,

574 679 734 730 quam
765 660 1115 714 correctionis
1146 673 1310 730 capax
1360 671 1477 730 esse
1508 656 1797 730 videatur}
1832 666 1936 705 non
1977 653 2150 730 solum

573 722 715 788 enim
738 732 897 803 421
926 728 1257 803 profanitatis
1285 727 1559 803 audaciam
1588 727 1723 803 intra
1755 722 1888 777 ﬁnes
1912 723 2153 791 proprios

579 798 895 870 moresque—
914 801 1207 862 continuit,
1246 799 1349 870 sed
1381 798 1907 870 containinationeur
1942 808 2153 870 quoque

504 878 509 879 ⁷
575 874 755 927 fratris
777 863 928 940 quasi
953 872 1155 944 lucrum
1186 869 1401 939 aliquod
1418 884 1495 944 ex
1508 865 1846 944 petivit._Hoc
1865 863 2150 944 siquidem,

577 948 641 997 ad
671 939 891 996 crimina
920 942 1265 995 sollicitantis
1313 940 1544 992 studium
1572 939 1826 1004 propheta
1852 939 2151 998 convincit,

575 1030 695 1069 cum
716 1013 1000 1066 denunciat
1031 1012 1234 1074 lsraeli,
1262 1020 1318 1063 ιιι
1349 1026 1453 1063 non
1478 1008 1754 1075 delinquat
1776 1006 1966 1059 saltent
1993 1004 2152 1075 Juda,

577 1100 749 1153 neque
772 1086 912 1137 enim
943 1098 1069 1135 cura
1113 1080 1360 1153 fralcrttm
1387 1077 1873 1153 commiserationis
1901 1077 1949 1130 ei
1984 1074 2156 1153 fuerat

578 1146 823 1221 imposita
850 1195 863 1216 ,
922 1154 1009 1221 qui
1045 1163 1097 1203 ut
1141 1152 1208 1203 sit
1246 1152 1472 1219 diligens
1495 1191 1509 1213 ,
1544 1152 1885 1210 admouetur,
1918 1146 2011 1200 sed
2038 1162 2156 1221 _per

576 1216 730 1277 istam
763 1216 1013 1291 princepti
1039 1223 1292 1292 Speciem,
1320 1216 1481 1274 etiam
1503 1221 1638 1292 illud
1661 1221 1866 1292 crimen
1899 1216 2153 1285 exagitat,

577 1299 717 1363 quod
751 1289 1185 1347 Sintiliorettt'silti
1218 1291 1673 1363 malueritJudam
1708 1289 1966 1363 reddere,
1996 1303 2154 1357 quam

578 1360 636 1419 ut
674 1367 785 1429 ipse
810 1366 875 1418 de
904 1364 1278 1418 emendatione
1306 1362 1577 1430 quippiam
1615 1360 1900 1431 cegitaret.

655 1428 844 1501 Fitque
874 1451 1064 1489 sensus
1096 1428 1357 1499 ejusmodi
1403 1428 1414 1484 ἐ
1442 1428 1489 1487 ιι
1521 1442 1573 1485 ιιι
1607 1428 1763 1485 Israel
1794 1470 1807 1493 ,
1841 1428 1929 1498 qtti
1964 1428 2157 1495 princi-

580 1521 699 1573 pem
732 1508 932 1560 erroris
964 1516 1200 1569 secutus,
1254 1505 1304 1556 id
1344 1516 1448 1568 ρει,
1492 1503 1777 1558 Jeroboant
1805 1541 1819 1563 ,
1846 1515 1876 1553 a
1918 1502 2155 1573 germani

582 1571 679 1640 tui,
702 1577 950 1631 videlicet
971 1575 1144 1639 .lttdzt‘,
1171 1576 1440 1628 consortio
1460 1574 1748 1635 rccvssisti,
1772 1587 1873 1623 non
1898 1572 1967 1623 ob
1990 1571 2153 1635 aliud,

581 1664 739 1715 quam
776 1664 840 1700 ne
874 1646 965 1700 tibi
996 1663 1087 1714 per
1128 1648 1381 1699 boinu-cnt
1415 1644 1595 1710 templi
1630 1655 1680 1696 et
1732 1656 2008 1715 sacrorum
2043 1642 2156 1696 dic-

582 1712 701 1771 rum
734 1712 1115 1780 celebritaiem,
1167 1715 1465 1782 rt‘Spiralltii
1495 1724 1654 1782 atque
1702 1712 1766 1766 ad
1800 1715 2020 1765 meliora
2074 1729 2156 1767 re-

583 1789 780 1843 deundi
812 1797 955 1842 esset
977 1787 1210 1852 occasio,
1243 1786 1286 1839 si
1312 1803 1415 1839 non
1445 1785 1679 1853 generis,
1709 1784 1788 1836 vel
1814 1783 2055 1836 criminis
2082 1786 2155 1837 tui

584 1862 890 1928 pactionem
925 1867 1074 1912 tuere
1095 1899 1109 1923 ,
1135 1867 1187 1911 cl
1208 1859 1294 1925 qtti
1320 1858 1533 1909 noluisti
1580 1853 1895 1928 laudabilem
1945 1870 2163 1910 servare

585 1925 959 1991 concordiam,
994 1937 1294 1995 susceptmt
1343 1929 1507 1981 semel
1535 1925 1905 1979 discissionem
1958 1934 2158 1990 teneto,

586 2017 759 2068 neque
791 2001 841 2054 in
885 2002 1272 2067 professionem
1302 1999 1590 2064 repudiat-as
1614 1996 2015 2063 germanitatis,
2045 2007 2162 2050 astu

585 2072 915 2139 corruptoris
934 2072 1155 2137 itrcpas.
1189 2070 1281 2139 sed
1308 2071 1516 2138 propria
1542 2069 1837 2139 saltetttlue
1854 2075 2161 2133 contentus,

588 2137 773 2209 patere
801 2142 1159 2195 innocentiam
1194 2137 1337 2209 [Anu
1371 2137 1756 2208 innocentium]
1791 2152 2009 2191 manere
2037 2152 2163 2190 con-

588 2208 769 2277 sortis,
802 2222 853 2266 et
894 2213 1120 2264 invitare
1149 2208 1300 2264 cessa
1332 2211 1395 2262 ad
1429 2226 1551 2264 eum
1585 2219 1813 2273 statum,
1846 2208 1896 2260 ιιι
1926 2224 2083 2275 quem
2109 2218 2163 2261 tu

585 2284 801 2337 venisse
828 2283 1067 2336 deﬂebis.
1099 2281 1247 2335 Nunc
1273 2282 1415 2335 enim
1446 2280 1700 2346 majorem
1736 2279 1786 2331 in
1819 2282 2033 2332 modum
2063 2278 2164 2332 itn-

590 2355 870 2422 prudentia
926 2364 1226 2419 grassatur,
1262 2354 1303 2405 si
1334 2366 1561 2419 quorum
1600 2351 2065 2422 elcgistigretnedii
2103 2349 2166 2403 ti-

594 2420 739 2477 inure
766 2424 1077 2490 dissidtutu,
1129 2440 1247 2475 cum
1282 2425 1468 2477 iisdem
1503 2423 1650 2475 ineas
1681 2420 1945 2488 sacrilegii
1983 2436 2167 2479 amore

592 2496 895 2557 collegium.
925 2496 1073 2548 lélutn
1107 2501 1293 2545 saltem
1326 2494 1419 2545 tibi
1448 2493 1695 2546 allectum
1720 2506 1897 2552 serva,
1925 2491 2015 2559 qui
2041 2507 2165 2558 pec-

591 2565 836 2618 cantibus
876 2575 1155 2619 consucvtt
1206 2565 1405 2617 innasci
1433 2602 1449 2625 .
1499 2572 1553 2616 ut
1586 2573 1636 2616 te
1669 2562 1919 2615 videlicet
1974 2564 2167 2630 pudeat

595 2636 852 2689 deformis
890 2635 1130 2687 admissi.
1178 2632 1287 2687 Cur
1327 2650 1355 2686 a
1405 2644 1454 2687 te
1492 2634 1696 2687 scilicet
1728 2641 1889 2686 tenue
1929 2636 2164 2686 solamen

597 2705 861 2765 excludis.
886 2713 942 2758 ut
964 2705 1176 2757 videare
1206 2706 1493 2773 deceptus?
1526 2720 1645 2755 nam
1678 2714 1881 2756 reatum
1913 2718 2018 2756 non
2046 2719 2168 2757 eva-

596 2778 685 2830 det
713 2776 987 2838 ascensio;
1023 2786 1196 2829 tamen
1239 2790 1357 2829 esse
1399 2774 1601 2844 aliquid
1640 2773 1997 2829 distinctionis
2028 2776 2170 2829 inter

596 2846 840 2901 incautos
880 2857 927 2900 et
984 2861 1235 2915 procaces
1285 2845 1524 2910 indicat,
1575 2846 1713 2915 quod
1746 2847 1897 2915 alios
1943 2846 2166 2901 audacia

598 2916 787 2971 reddat
818 2914 1042 2978 exo~os,
1076 2917 1208 2970 alios
1232 2917 1459 2970 formido
1488 2914 1842 2970 miserandos.
1866 2914 1943 2968 Tu
1965 2928 2164 2983 autem,

596 3004 717 3041 cum
751 2988 953 3041 nullum
1009 2990 1203 3055 pateris
1249 2995 1351 3040 tua:
1397 2988 1651 3042 fmditatis
1674 2986 1969 3040 immunem
1996 3030 2008 3051 ,
2042 2988 2166 3057 quid

597 3059 762 3125 aliud,
788 3075 942 3128 quam
968 3074 1073 3112 non
1103 3073 1306 3120 errore,
1337 3059 1428 3112 sed
1450 3068 1746 3127 spontaneo
1759 3058 2170 3124 detestabilique

596 3128 828 3198 judicio,
862 3139 913 3184 te
944 3144 1082 3201 _esse
1132 3129 1593 3196 nocentissimum,
1621 3128 1931 3201 conﬁteris?
1964 3130 2023 3184 Si
2065 3132 2171 3201 for-

600 3201 812 3266 nicaris,
845 3212 900 3253 tu
932 3198 1120 3263 Israel,
1144 3216 1243 3254 non
1268 3201 1529 3271 delinquat
1557 3203 1737 3254 saltem
1764 3198 2074 3271 JudaaCur-
2098 3204 2177 3257 in-

598 3287 780 3340 quam,
824 3272 981 3325 isrum
1011 3270 1473 3340 prioribusjungis
1495 3286 1731 3326 errorem
1751 3311 1765 3336 ,
1798 3278 1856 3324 ut
1880 3270 2095 3328 minore
2126 3284 2177 3328 te

602 3342 789 3412 dolore
848 3343 1143 3409 petiturum
1173 3382 1187 3405 ,
1231 3342 1275 3394 si
1323 3356 1443 3412 cum
1486 3344 1760 3412 pluribus,
1790 3357 1947 3412 quam
1979 3344 2023 3398 si
2054 3360 2174 3397 cum

606 3411 787 3479 paucis
811 3428 999 3481 pereas
1025 3454 1038 3475 ,
1063 3412 1381 3466 arbitreris?
1416 3410 1525 3467 Cn'r
1557 3410 1821 3482 prodigus
1840 3415 2173 3481 propriorum

602 3482 889 3541 bonorum,
925 3486 1081 3536 etiam
1119 3483 1299 3536 fratris
1342 3485 1462 3550 jura
1501 3484 1869 3538 cotttaminas?
1900 3486 2037 3550 Quid
2072 3502 2178 3539 uno

606 3556 810 3607 tumulo
842 3569 1009 3624 genus
1039 3570 1197 3624 omne
1246 3555 1323 3607 vis
1375 3554 1606 3607 involvi?
1658 3554 1848 3608 Patere
1895 3571 2178 3622 superesse

604 3622 951 3691 aliquattt‘tui
1003 3622 1276 3688 Sanguinis
1327 3628 1661 3689 portioitem,
1709 3624 1862 3694 cujus
1908 3627 2179 3693 adjnvt-ris

607 3694 882 3762 sutItagio,
913 3694 1221 3747 reformeris
1244 3697 1509 3762 exemplo.
1543 3696 1601 3747 Si
1626 3696 1967 3763 fornicaristn
1989 3695 2178 3763 Israel,

607 3780 711 3818 non
737 3768 995 3833 delinquat
1017 3763 1367 3837 saltqent_.luda
1399 3780 1418 3817 :
1451 3767 1609 3819 nolite
1640 3765 1839 3836 ingredi
1860 3769 1909 3818 in
1935 3764 2175 3837 Calgnla,

607 3846 654 3906 et
678 3852 739 3887 ne
758 3838 1084 3889 ascenderitis
1109 3835 1158 3886 in
1195 3833 1476 3906 Bel/taren,
1511 3851 1671 3903 neque
1692 3833 2011 3906 juravcritis,
2039 3833 2180 3893 Viuit

606 3904 881 3979 Dominus.
938 3906 1215 3979 Quomodo
1262 3905 1575 3979 Israelipne
1612 3904 1775 3979 ludas
1812 3909 2177 3979 deiittquerct,

612 3978 945 4046 imperasset,
973 3993 1066 4046 per
1089 3975 1327 4045 subjecta
1358 3976 1623 4043 patefecit,
1652 3975 1991 4045 prohibendo
2031 3997 2098 4036 ne
2130 3982 2179 4034 in

611 4048 829 4119 Galgala
886 4060 937 4102 et
974 4047 1284 4111 Betbaven,
1317 4064 1435 4117 qua:
1476 4049 1586 4102 loca
1630 4061 1783 4103 erant
1831 4051 1990 4105 tribui
2031 4052 2181 4106 .lttdze

605 4119 793 4188 juncta
812 4158 828 4178 .
875 4121 1053 4190 studio
1082 4122 1467 4187 permiscenda:
1498 4120 1774 4189 religionis
1802 4122 2178 4190 ascenderem,

608 4203 657 4243 ct
678 4190 942 4257 jurarent,
968 4188 1099 4243 Vivit
1116 4189 1384 4255 Dominus;
1408 4194 1546 4260 quod
1571 4188 1642 4244 ita
1674 4192 2098 4259 intelligendum,
2128 4188 2184 4245 ut

608 4260 733 4329 quia
750 4264 798 4314 in
817 4261 1003 4317 iisdem
1018 4262 1148 4315 locis
1161 4260 1296 4316 sicut
1313 4261 1362 4314 in
1378 4261 1615 4315 samaria
1632 4262 1826 4316 vitulus
1838 4278 2182 4318 consecrave-

611 4342 749 4397 rant,
773 4334 965 4399 etipsis
988 4332 1149 4386 etiam
1167 4330 1279 4386 veri
1300 4332 1387 4386 Dei
1411 4333 2035 4403 nomenadscripserant,
2064 4351 2181 4403 per-

609 4417 712 4471 que
741 4403 1049 4457 eorumdem
1071 4417 1265 4457 nomen
1284 4418 1587 4467 numenque
1605 4402 1873 4471 jurarent,
1902 4406 2021 4459 ideo
2040 4402 2182 4460 nunc

613 4475 851 4545 praecipit
874 4513 891 4538 ,
919 4485 974 4527 ut
1004 4474 1253 4545 quoniam
1282 4489 1346 4527 ex
1376 4473 1644 4545 vicinitate
1669 4473 1853 4545 ludat,
1876 4476 1966 4529 illo
1998 4477 2176 4545 papuli

611 4542 975 4609 conﬂuebant,
991 4545 1056 4597 ad
1072 4544 1343 4597 Bethaveu
1360 4542 1627 4613 videlicet,
1644 4555 1802 4609 atque
1829 4542 2175 4613 Galgala,'isd

612 4613 742 4669 illnc
764 4616 1059 4669 ascendere
1084 4617 1346 4667 lacessant
1368 4626 1417 4666 et
1436 4612 1641 4682 jurare,
1670 4614 1801 4669 Vivit
1827 4612 2099 4679 Dominus,
2128 4617 2178 4670 id

610 4696 717 4751 est,
754 4688 802 4738 itt
826 4686 930 4738 illis
957 4685 1088 4738 locis
1115 4697 1378 4738 consensu
1410 4686 1585 4751 populi
1612 4689 1963 4748 consecratis,
1995 4705 2061 4741 ne
2084 4687 2179 4741 Ju-

614 4755 713 4809 das
745 4757 841 4808 Itac
869 4756 1230 4825 familiaritate
1244 4757 1524 4808 verborum
1551 4756 1829 4823 deceptus,
1851 4760 2182 4825 ipsequoque

616 4825 815 4898 vit_u_l_o_s
834 4826 1002 4892 primo
1036 4840 1138 4877 non
1170 4824 1419 4898 horrere,
1444 4825 1880 4898 deltineincipiat
1906 4841 1955 4881 et
1975 4824 2179 4898 jurare.

693 4892 915 4968 videtur
955 4904 1139 4968 autem
1188 4905 1243 4950 et
1296 4896 1423 4948 illud
1473 4892 1796 4963 ostendere,
1829 4892 2180 4968 quod'pnpu'i

614 4964 972 5039 confundebat
1020 4967 1281 5039 impietas,
1313 4977 1371 5019 ut
1410 4968 1497 5034 qui
1522 4968 1765 5039 videlzcet
1796 4968 1957 5039 432
2001 4964 2183 5023 vit-uiis

614 5036 938 5101 serviebant,
971 5037 1129 5090 etiarn
1160 5054 1254 5103 per
1285 5053 1467 5091 verum
1521 5036 1993 5102 Doininnm'tﬁie—m
2019 5041 2183 5095 Judas

616 5105 847 5175 colebat,
881 5109 934 5161 in
966 5108 1368 5178 quibuscunque
1390 5111 1624 5177 uegociis
1652 5110 1979 5177 adjurarent,
2010 5123 2062 5165 et
2082 5113 2181 5165 ob-

619 5180 930 5236 testationes
957 5194 1079 5233 suas
1127 5180 1270 5234 illius
1299 5181 1692 5247 appcltatione,
1727 5183 2181 5250 constringerent,

615 5250 769 5321 quasi
800 5252 1057 5317 Optimum
1105 5252 1424 5317 judicando,
1460 5262 1739 5317 utramque
1772 5253 2180 5318 appellationem

617 5335 771 5390 atquo
829 5321 1033 5385 honore
1062 5324 1304 5377 venerari
1330 5364 1344 5386 ,
1398 5334 1449 5373 ut
1480 5321 1581 5374 hoc
1609 5322 1808 5385 colere,
1841 5327 1998 5373 etiam
2032 5323 2137 5376 illis
2166 5367 2181 5391 ,

618 5397 707 5463 qui
738 5394 789 5446 iu
822 5392 928 5447 [ide
957 5404 1280 5458 manserant,
1315 5391 1738 5458 persuaderent,
1761 5402 1814 5444 et
1836 5402 2034 5463 cntum
2066 5411 2183 5446 sus-

618 5462 799 5532 cipere
850 5465 1168 5529 vitulorum,
1221 5463 1511 5531 religionis,
1547 5464 1782 5529 inquam,
1829 5462 2018 5528 prioris
2068 5481 2176 5518 ma-

606 5531 781 5590 nente
806 5536 1103 5589 reverentia
1133 5549 1147 5587 :
1178 5535 1363 5601 sicque
1390 5532 1690 5589 devotionis
1723 5548 1825 5585 non
1869 5542 1975 5586 tam
2009 5544 2177 5588 muta-

623 5608 718 5670 tio,
748 5619 905 5673 quam
928 5611 1167 5672 quaedam
1198 5605 1335 5659 facta
1366 5604 1631 5658 videretur
1657 5603 1759 5673 adj.
1781 5604 1850 5657 cli
1870 5621 1905 5655 ι.
1944 5607 2053 5657 ttoe
2080 5620 2175 5658 au-

625 5688 729 5732 tem
779 5684 965 5729 contra
1009 5674 1142 5743 legis
1186 5684 1451 5744 praecepta
1492 5687 1821 5741 susceptum,
1862 5674 1976 5727 sine
2013 5676 2176 5730 dubio

622 5748 890 5806 cumulata
921 5745 1238 5816 profauitate
1267 5746 1489 5802 miseros
1518 5745 1806 5817 polluebat.
1848 5745 2020 5803 Nolite
2069 5748 2169 5804 ita-

2257 439 2533 500 cﬂ’ecistis,
2558 454 2623 493 eo
2645 439 2821 490 studio
2850 437 3224 507 frequentare,
3259 446 3316 490 ut
3347 438 3515 491 etiam
3545 436 3699 492 Judze
3730 456 3845 505 pec-

2259 518 2371 561 tora
2390 518 2568 562 vestro
2589 509 2818 563 crimine
2833 519 3186 562 veneueutur.
3206 508 3644 572 Respiciatenim
3662 508 3843 574 ludas,

2256 580 2299 631 si
2326 578 2502 633 adhuc
2538 596 2643 633 non
2678 589 2821 631 totus
2853 581 3138 643 emarcuit,
3164 578 3253 646 qui
3286 588 3465 632 status
3490 582 3846 646 comprehen-

2256 648 2396 704 derit
2431 649 2711 710 Israelem;
2737 661 2788 703 et
2821 661 2968 714 tunc,
2992 650 3119 720 quid
3147 650 3312 705 etiam
3343 649 3471 716 sibi,
3498 650 3605 703 nisi
3627 654 3845 719 caverit,

2260 720 2554 783 impendat,
2587 728 2953 790 recognoscet.

2334 791 2487 847 Vers.
2531 792 2617 845 16.
2649 789 2726 832 -ί
2747 794 2995 855 Quoniam
3017 789 3149 844 sicut
3190 805 3345 842 caeca
3379 789 3663 844 lasciviens
3693 792 3847 845 decli-

2265 863 2401 915 navit
2420 860 2611 925 lsrael,
2645 880 2778 916 nunc
2800 871 2967 932 pascet
2992 878 3075 914 eos
3108 860 3382 921 Dominus,
3411 856 3569 924 quasi
3593 879 3782 931 agnam
3802 867 3851 919 in

2259 932 2554 988 latitudine.
2593 936 2728 1002 Apte
2766 949 2984 1002 prorsus
3018 948 3047 984 a
3072 946 3232 986 vacca
3271 932 3577 986 similitudo
3607 945 3848 1001 suscepta

2258 1012 2366 1069 est,
2399 1015 2453 1056 ut
2478 1006 2674 1069 peccati
2709 1005 2876 1071 ipsius
2898 1004 3126 1071 species,
3158 1011 3213 1056 et
3258 1012 3437 1055 tumor
3481 1004 3846 1071 peccantium,

2260 1086 2315 1127 et
2343 1078 2571 1142 Ittltgiltts
2603 1076 2936 1141 pereuntium
2981 1075 3306 1141 signaretur.
3346 1074 3402 1127 In
3428 1076 3581 1129 cultu
3604 1116 3621 1137 ,
3658 1076 3846 1141 inquit,

2262 1145 2575 1209 vitulorum,
2600 1146 2729 1215 jugu
2764 1162 2895 1199 mea:
2919 1144 3051 1211 legis
3090 1158 3351 1215 excusso,
3387 1143 3612 1199 lsraelis
3641 1145 3850 1213 deliquit

2261 1216 2503 1281 audacis,
2538 1230 2586 1269 et
2614 1234 2641 1269 ιι
2676 1218 2888 1269 virtutis
2937 1215 3144 1268 sentitis
3172 1214 3467 1269 declinavit
3490 1257 3506 1278 ,
3536 1216 3770 1270 credens
3796 1234 3849 1273 se

2263 1287 2458 1351 opimis
2488 1288 2643 1340 bonis
2675 1288 2788 1341 suis
2812 1284 3550 1353 interpulatiouelruiturum
3587 1303 3600 1337 :
3630 1286 3725 1340 sed
3758 1289 3849 1340 im-

2266 1357 2380 1423 pios
2420 1367 2561 1410 tanta
2606 1368 2849 1410 votorum
2899 1358 3181 1409 frustratio
3227 1370 3527 1413 consecuta
3556 1368 3673 1420 est,
3705 1368 3761 1411 ut
3792 1361 3851 1413 ad

2264 1432 2382 1487 agni
2410 1430 2753 1496 exiguitatem
2780 1432 2846 1482 de
2865 1429 3071 1481 taurina
3101 1429 3251 1493 quasi
3283 1430 3426 1480 mole
3451 1428 3851 1483 descenderint.

2262 1498 2352 1551 Sic
2397 1508 2502 1551 tota
2556 1514 2686 1568 gens
2714 1544 2727 1564 ,
2781 1515 2898 1566 qua:
2926 1498 3232 1553 conlidebat
3260 1500 3311 1553 in
3347 1501 3556 1552 viribus
3582 1539 3599 1564 ,
3632 1500 3849 1561 gloriam

2263 1583 2412 1621 sitam
2443 1569 2732 1638 ignominia
2762 1581 3021 1637 sequente
3049 1569 3179 1622 vidit
3206 1580 3493 1635 mutatam,
3519 1580 3577 1623 et
3605 1572 3709 1621 sub
3741 1584 3849 1635 pas-

2268 1640 2397 1691 toris
2430 1640 2618 1693 baculo
2671 1652 3039 1705 constitutam,
3096 1650 3237 1693 tanta
3260 1650 3462 1708 quanta
3497 1640 3646 1694 solet
3674 1654 3855 1708 agnus,

2268 1711 2520 1764 facilitate
2539 1714 2833 1777 ceinpesci.
2860 1711 3041 1778 Neque
3067 1710 3166 1764 hoc
3180 1722 3360 1764 tamen
3375 1712 3580 1773 solum,
3605 1713 3701 1763 sed
3726 1712 3853 1765 sicut

2272 1796 2437 1849 agnus
2460 1781 2511 1835 in
2540 1792 2683 1835 vasta
2712 1784 2824 1835 loca
2852 1785 3156 1850 perductus,
3181 1791 3237 1837 et
3259 1782 3595 1845 imbecdlus,
3617 1791 3675 1835 et
3694 1784 3848 1845 solus,

2270 1862 2375 1905 tam
2409 1853 2623 1913 matris,
2664 1869 2822 1918 quam
2864 1856 3041 1921 gregis
3071 1853 3268 1905 solatio
3301 1854 3627 1916 destitutus,
3679 1858 3853 1907 metuit

2267 1922 2521 1995 quicquid
2545 1924 2833 1990 aspexerit,
2864 1925 3115 1990 quicquid
3139 1924 3373 1977 audierit
3400 1940 3414 1977 :
3441 1926 3523 1995 ita,
3538 1924 3705 1978 etiam
3735 1940 3859 1995 gens

2267 1994 2509 2059 subjecta
2544 1995 2786 2046 hostibus
2820 1994 3164 2057 truculentis,
3191 2010 3288 2062 per
3324 1994 3684 2048 solitudinem
3710 1994 3852 2061 euge-

2278 2073 2364 2135 t_ur
2392 2064 2661 2135 incedere.
2692 2066 2857 2130 Quam
2912 2075 3088 2119 tamen
3125 2080 3229 2118 non
3262 2081 3656 2135 usquequaque
3696 2069 3853 2133 provi-

2271 2133 2451 2187 dentia
2500 2136 2677 2206 divina
2727 2136 2989 2201 destituit,
3033 2144 3252 2205 propter
3289 2133 3662 2206 quod—died,
3714 2135 3853 2190 Nunc

2270 2214 2442 2271 pascet
2471 2222 2555 2258 eos
2601 2203 2771 2270 Deus;
2802 2208 2894 2260 sed
2928 2216 2984 2261 ut
3012 2203 3277 2273 imposita:
3309 2203 3645 2260 calamitatis
3674 2210 3855 2274 magis-

2271 2278 2406 2328 terio
2461 2276 2720 2345 intelligat
2776 2286 2937 2344 atque
2986 2275 3256 2339 fateatur,
3312 2294 3411 2332 nec
3467 2280 3855 2331 cotttctntibilie

2270 2345 2436 2400 fuisse
2482 2362 2647 2401 sacra:
2672 2348 2800 2415 legis
2849 2358 3148 2415 prmcepta,
3188 2364 3289 2402 nec
3335 2364 3433 2402 sua
3468 2350 3556 2402 vel
3608 2352 3857 2417 impunita

2270 2417 2515 2484 crimina,
2550 2419 2629 2471 vel
2667 2418 2929 2472 dt'sideria
2964 2417 3271 2482 fructuosa,
3300 2419 3604 2488 subjungit.

2350 2488 2499 2543 Vers.
2554 2490 2761 2543 £7.49.
2790 2520 2859 2529 -—-
2893 2490 3157 2557 l’articeps
3208 2490 3470 2542 idolorum
3498 2490 3760 2557 E/fmim.‘
3785 2492 3851 2543 di-

2272 2558 2414 2632 mitte
2461 2576 2597 2613 cum.
2634 2558 2941 2632 separatum
2977 2571 3049 2613 est
3080 2561 3367 2632 cottviriunt
3390 2577 3599 2625 eorum,
3638 2564 3852 2632 fornica-

2270 2630 2407 2682 tione
2462 2630 2703 2704 fornicati
2742 2640 2899 2696 sunt,
2952 2633 3240 2685 dilexerunt
3290 2631 3481 2695 n/ferre
3527 2630 3852 2704 ignominia»:

2270 2712 2580 2772 protectores
2610 2703 2747 2772 ejus,
2794 2704 2969 2771 ligauit
2995 2717 3112 2755 eum
3136 2704 3346 2772 spiritus
3374 2704 3429 2755 in
3482 2702 3587 2756 alis
3626 2721 3766 2765 stus,
3813 2715 3853 2755 et

2272 2721 2580 2772 ρῖυιθσιοηε
2610 2721 2635 2753 ε
2662 2721 2747 2764 Ill,
2794 2721 2969 2771 ugauu
2995 2721 3112 2755 eum
3136 2721 3346 2768 δρινιιιιε
3374 2721 3429 2755 ιη
3482 2721 3587 2756 αιιδ
3626 2721 3766 2765 εωσ,
3813 2723 3829 2755 ε

2272 2772 2611 2839 confundetur
2630 2721 2738 2843 (Al.
2762 2770 3163 2844 confundentut]
3197 2791 3229 2825 ιι
3253 2774 3529 2842 sacriﬁciis
3553 2777 3684 2829 suis.
3720 2777 3829 2829 Past

2272 2856 2429 2917 quam
2488 2844 2651 2897 Israel
2682 2844 2749 2897 de
2792 2845 3122 2898 desolatione
3152 2846 3259 2914 [ΑΙ.
3292 2846 3361 2898 de
3387 2847 3687 2917 solutione]
3736 2863 3847 2915 pro-

2276 2914 2514 2984 pheticus
2540 2930 2721 2967 sermo
2742 2919 3011 2977 Convenit,
3042 2917 3198 2983 eique
3228 2918 3415 2978 linem,
3446 2919 3577 2984 quia
3611 2914 3715 2971 non
3746 2921 3847 2971 fue-

2276 2993 2358 3035 rat
2384 2983 2438 3038 di
2475 2985 2538 3037 tis
2567 2986 2683 3052 ejus
2714 2986 2956 3050 audiens,
2992 2983 3713 3054 uunciavit.consequenter
3748 3007 3845 3044 mo-

2278 3055 2515 3120 niturus,
2543 3059 2809 3111 convertit
2846 3072 2905 3112 se
2935 3056 3001 3110 ad
3036 3056 3251 3111 ludam.
3286 3059 3363 3113 Ne
3388 3060 3540 3112 enim
3593 3062 3846 3117 videretur

2281 3124 2472 3202 Israeli
2514 3128 2712 3180 intenta
2753 3127 3251 3202 censura,_Judatn
3294 3130 3538 3202 rentibus
3570 3132 3851 3202 exemisse,

2279 3195 2369 3264 qui
2400 3198 2899 3270 utiqttenunquaut,
2935 3200 3039 3252 nisi
3071 3200 3375 3253 voluntario
3426 3195 3847 3270 eorrutnperemr

2279 3281 2537 3352 assensus
2563 3268 2683 3351 ideo
2707 3269 2877 3338 ipsum
2909 3271 3310 3352 quoque_siutili
3340 3272 3529 3352 vigore
3553 3268 3839 3352 compellar,

2280 3336 2491 3411 yidisti,
2523 3336 2740 3408 inquiI,'
2766 3336 3017 3408 quoniam
3039 3336 3287 3394 ’Ell'raim
3317 3356 3348 3395 a
3396 3336 3525 3411 iugo
3558 3336 3695 3411 legis
3733 3364 3845 3399 tum:

2278 3407 2483 3478 ingrata
2509 3422 2562 3464 et
2594 3407 2844 3466 infoalicia
2868 3413 3004 3482 colla
3032 3412 3364 3482 subduceris,
3397 3407 3670 3468 idolorum
3702 3422 3843 3482 parti-

2278 3496 2404 3556 φερε
2431 3496 2551 3556 esse
2580 3483 2665 3556 de}
2684 3485 2904 3537 reverit.
2948 3480 3107 3536 Nullo
3134 3497 3265 3551 ergo
3288 3484 3497 3539 findere
3524 3496 3579 3537 tu
3606 3488 3680 3539 illi
3704 3480 3847 3556 copu-

2281 3550 2432 3617 leris,
2460 3553 2553 3605 sed
2605 3554 2814 3609 dimitte
2854 3569 2997 3617 eum,
3040 3563 3257 3625 ettoto,
3305 3556 3445 3607 sicut
3469 3550 3849 3625 loetirumfita

2280 3625 2581 3676 studiorum
2606 3625 2711 3681 line
2732 3627 3002 3678 dirimere.
3029 3622 3294 3678 Cancrum
3319 3626 3364 3677 si
3394 3625 3442 3678 ci
3470 3636 3526 3679 te
3558 3630 3663 3681 ulla
3692 3622 3764 3683 sui
3782 3632 3823 3685 ie

2283 3695 2679 3769 ta_s_allig_averit
2710 3711 2725 3750 :
2748 3698 2908 3752 etiam
2935 3694 3231 3769 calamitas,
3256 3697 3513 3769 nimirum
3537 3714 3711 3769 requa,
3736 3717 3841 3754 cor-

2283 3764 2464 3839 ripiet.
2502 3766 2586 3818 Vis
2617 3771 2987 3839 contagionem
3022 3765 3358 3839 profauitatis
3401 3764 3680 3839 etfugere?
3726 3775 3849 3825 val;o

2282 3835 2551 3889 continua:
2583 3835 2938 3906 separatiojtis
2968 3838 3194 3900 ambire,
3224 3835 3656 3906 nunquam'cum
3692 3845 3853 3897 sacri-

2285 3906 2417 3980 legis
2449 3910 2598 3980 ineas
2641 3912 2719 3963 ιιι-Ι
2753 3909 2958 3980 publica
2990 3906 3214 3975 fmdera,
3246 3910 3326 3962 vel
3358 3914 3566 3976 privata
3596 3915 3841 3967 convitia.

2283 3974 2413 4053 Quae
2439 3978 2580 4032 enim
2610 3974 2839 4053 socie-ras
2862 3981 2962 4053 luci
2986 3994 3106 4053 cum
3136 3974 3374 4053 tenebris
3390 3981 3619 4052 (illam
3654 3984 3703 4037 6.
3728 3986 3847 4053 54.)?

2284 4049 2404 4123 quis
2433 4064 2726 4123 consensus
2754 4050 2914 4123 [‘23
2946 4051 3145 4123 templo
3178 4049 3303 4115 Dei,
3348 4049 3471 4106 cum
3503 4054 3697 4107 idolis?
3727 4049 3846 4109 For-

2283 4120 2537 4195 nicatione
2583 4120 2855 4195 Ῑυνιιὶεαιῗ
2852 4131 2990 4175 stitit.
3024 4120 3085 4174 Et
3133 4138 3199 4195 n_e
3249 4124 3351 4176 hoc
3383 4136 3540 4188 putes
3576 4128 3848 4195 contigisse

2284 4205 2469 4245 errore
2492 4191 2755 4260 deceptis,
2784 4195 3073 4248 dilexerunt
3100 4192 3286 4257 afferre
3310 4195 3645 4264 ignominiam
3670 4191 3847 4263 protec—

2285 4271 2422 4315 tores
2440 4265 2572 4333 ejus.
2602 4264 2783 4320 dedito
2806 4265 3006 4329 studio,
3040 4274 3093 4317 et
3127 4266 3347 4318 incenso
3382 4281 3591 4328 amore,
3626 4266 3846 4336 profani-

2287 4342 2422 4386 tales
2450 4346 2765 4400 sequuntur,
2818 4352 2915 4390 nec
2957 4338 3127 4388 solum
3161 4336 3467 4402 itt'plebeia
3502 4348 3655 4403 parte
3695 4339 3850 4391 delin-

2286 4414 2477 4473 quunt,
2500 4419 2529 4454 a
2557 4408 2864 4470 proceribus
2887 4406 2951 4461 ad
2982 4407 3118 4459 imos
3147 4404 3363 4459 funerea
3394 4409 3721 4474 profauitate
3737 4421 3846 4463 sunt

2289 4475 2679 4549 pervasirldeo
2706 4493 2968 4549 nusquam
2989 4491 3174 4549 eorum
3203 4478 3381 4530 sensui
3418 4480 3700 4549 cretuique
3736 4482 3845 4535 mis-

2284 4561 2441 4620 ceare
2486 4544 2630 4618 [Αιιι.
2683 4547 2949 4620 miscere].
2998 4547 3043 4620 si
3087 4557 3328 4620 tercaste
3359 4547 3485 4602 fidei
3527 4544 3851 4607 sacramenta

2285 4617 2575 4689 delectant.
2611 4618 2824 4673 Provisa
2872 4617 2952 4674 οέι
2990 4619 3275 4688 siquidem,
3304 4634 3336 4671 ο
3382 4622 3557 4673 tribus
3604 4621 3771 4689 Juda,
3801 4623 3845 4677 in

2286 4686 2652 4757 adjumentum
2672 4690 2859 4758 judirii
2894 4690 2991 4753 tui,
3016 4686 3197 4743 talium
3226 4698 3252 4726 λ
3286 4689 3534 4745 festinata
3565 4686 3844 4757 damnatio,

2288 4774 2353 4812 ne
2385 4770 2440 4812 tu
2474 4758 2655 4814 videns
2684 4762 2882 4814 dtlferri
2914 4763 3071 4814 exitia
3104 4775 3344 4825 reorum,
3378 4761 3537 4816 lieres
3581 4764 3742 4817 etiam
3778 4766 3848 4817 in-

2286 4840 2431 4883 certa
2464 4832 2799 4885 meritorum.
2834 4832 3023 4885 Adhuc
3053 4842 3101 4883 te
3128 4832 3413 4893 incolumi,
3438 4834 3654 4887 subitus
3681 4835 3845 4889 Sama-

2287 4902 2420 4953 riam
2443 4902 2595 4974 quasi
2618 4912 2806 4956 ventus
2828 4903 3066 4970 arripiet,
3088 4914 3131 4955 et
3148 4906 3273 4972 conf
3272 4903 3528 4955 nndentnr
3543 4922 3574 4957 α
3599 4905 3847 4974 sacriﬁciis

2287 4974 2415 5034 suis,
2450 4972 2606 5036 idest,
2652 4977 2990 5036 erubesceut,
3041 4988 3096 5027 et
3131 4975 3533 5027 confitebuntur
3575 4972 3841 5030 vanitatem

2288 5044 2400 5115 Spei
2425 5057 2635 5115 eorum,
2667 5044 2755 5112 qui
2786 5046 2883 5097 sibi
2914 5044 3214 5098 libertatem
3242 5057 3295 5097 et
3324 5045 3671 5099 securitatem
3704 5046 3842 5115 polli-

2287 5114 2507 5167 cebatur
2538 5114 2589 5167 in
2634 5116 2695 5167 iis
2742 5116 2951 5181 hostiis,
3002 5130 3135 5183 quas
3183 5115 3338 5168 idolis
3368 5114 3844 5171 otl‘erebant.’Alas

2287 5193 2466 5239 autem
2490 5184 2728 5253 spiritus,
2754 5188 2942 5255 quibus
2964 5200 3094 5252 gens
3114 5187 3310 5251 illigata
3328 5185 3660 5253 discesserit,
3690 5188 3844 5254 posuit

2287 5257 2580 5309 secundum
2614 5259 2879 5323 vulgarem
2904 5258 3229 5323 opinionem,
3264 5271 3382 5324 qua:
3409 5269 3693 5312 ventorum
3724 5260 3841 5313 ima-

2284 5326 2432 5392 gines
2470 5328 2657 5392 pennis
2708 5331 2970 5381 instruere
3018 5328 3312 5381 eonsuevit.
3346 5328 3488 5396 Ergo
3513 5329 3593 5383 sic
3625 5332 3699 5383 ait
3729 5328 3837 5384 :lsti

2285 5398 2373 5461 qui
2403 5399 2676 5467 sacrilegia
2710 5400 2917 5467 sequuti
2949 5408 3074 5451 sunt
3096 5439 3111 5461 ,
3171 5398 3657 5465 pessundabuntur,
3710 5410 3761 5454 et
3783 5396 3843 5451 ad

2282 5467 2437 5520 exilia
2458 5466 2669 5523 diversa
2688 5466 3008 5534 captivitatis
3032 5468 3241 5522 turbine
3264 5470 3621 5536 perferentur,
3646 5479 3701 5523 ut
3723 5485 3839 5525 rea-

2282 5547 2455 5593 torum
2483 5541 2601 5599 ,alis
2628 5538 2795 5592 innixi
2826 5539 2990 5592 fuisse
3025 5540 3330 5594 videantur.
3375 5540 3482 5593 Nos
3514 5553 3691 5595 autem
3734 5554 3837 5595 cum

2280 5611 2377 5663 ista
2408 5609 2650 5676 legimus,
2703 5610 2936 5679 cogitare
2967 5611 3256 5677 debemus,
3299 5627 3460 5682 quam
3495 5613 3684 5669 leviter
3729 5626 3835 5683 pro-

2345 5758 2372 5785 ι
2415 5746 2614 5803 VitiOse
2642 5756 2797 5804 antea
2829 5748 3080 5818 festinata.
