4098 6356
600 340 699 419 osi

1694 337 1947 395 ιιι]ιίΝο
1986 336 2244 395 Ριιεειιι
2258 336 2446 393 ΤΕΗο
2482 336 2863 394 Αευιιιιιτυε

3780 346 3873 399 999

601 472 717 516 rem
763 476 897 516 nunc
938 460 1198 514 devorabit
1243 476 1329 513 eos
1368 458 1544 513 messis
1589 475 1708 512 cum
1758 457 2005 528 partubus
2032 460 2179 511 suis:
2211 460 2258 514 Α
2288 471 2478 528 sensus
2505 456 2767 526 ejusmodi
2801 473 2815 508 :
2860 453 2915 528 S_i
2950 459 3261 528 meritorum
3298 458 3436 513 ratio
3475 460 3678 514 malum
3710 465 3873 526 capti-

600 531 830 586 vicinam
852 540 906 587 et
932 531 1325 599 impendentem
1353 530 1711 584 calamitatem
1740 530 1957 599 nomine
1989 529 2180 582 messis

606 601 881 657 ostendit:
915 603 966 655 in
997 598 1023 638 σί
1069 616 1175 671 quo
1205 611 1309 654 tam
1340 602 1580 671 germina
1613 615 1772 670 quam
1799 598 2003 653 fructus
2023 639 2040 666 ,
2073 614 2180 653 uno

610 672 897 743 pollicetur
923 671 1101 743 gladio
1126 670 1501 743 demetendos.

678 742 830 797 Vers.
863 738 995 795 8.1.).
1016 770 1088 781 —
1110 739 1343 801 Clanqite
1362 740 1574 795 buccina
1602 739 1655 793 in
1685 738 1881 801 Gabaa,
1917 749 1963 791 et
1986 739 2105 792 tuba
2128 739 2182 793 in

682 759 830 797 vers.
863 759 918 795 δ.
942 759 995 795 :i.
1016 770 1088 781 —
1110 759 1235 795 utan
1275 759 1343 794 ite
1362 759 1574 795 buccina
1602 759 1655 793 ιη
1685 759 1881 801 υιισαα,
1917 759 1963 791 ει
1986 759 2105 792 iuva
2128 759 2176 793 in

600 811 791 877 Ruina,
818 813 1012 866 ululate
1038 812 1093 865 in
1132 759 1402 865 Bel/gutum
1428 853 1443 877 ,
1492 820 1606 879 post
1646 821 1841 877 tergum
1886 808 2176 881 Benjamin.

602 882 824 950 E/fraim
847 884 899 936 in
922 882 1238 936 desolatione
1266 884 1503 948 erii,etc.
1546 881 1679 949 Quia
1710 881 2178 947 proniinciaverat,

602 954 726 1007 illos
753 952 898 1007 brevi
952 961 1197 1021 tempore
1243 954 1642 1007 consumendos
1666 992 1680 1014 ,
1717 952 2034 1019 pondusque
2056 966 2181 1004 sen-

601 1022 786 1079 tentia:
818 1026 869 1077 in
899 1022 1146 1077 effectum
1179 1024 1381 1092 absque
1419 1024 1524 1077 ulla
1565 1022 1819 1091 dilatione
1856 1021 2174 1090 gradientis,

598 1102 829 1149 noverat
856 1110 872 1147 :
921 1095 1071 1163 quasi
1100 1092 1211 1162 jam
1244 1094 1406 1148 rebus
1438 1093 1676 1163 impletis
1706 1132 1721 1157 ,
1769 1108 1864 1160 per
1888 1107 1981 1147 eas
2020 1094 2180 1147 urbes

599 1179 720 1233 qua:
771 1162 1218 1233 frequentissima:
1262 1176 1456 1229 erant,
1504 1162 1644 1233 tubis
1682 1163 2052 1233 clangentibus
2076 1204 2090 1225 ,
2125 1173 2182 1217 et

599 1231 811 1290 resonis
834 1231 1135 1303 planctibus
1160 1235 1319 1303 jussit
1346 1234 1568 1290 indicari
1603 1231 2013 1304 [Ant.judicari]
2039 1234 2179 1300 quod

604 1314 775 1359 totum
828 1304 1042 1359 Eﬂ'raim
1092 1306 1317 1359 vastitas
1364 1312 1670 1373 occuparet.
1736 1304 1926 1358 Omnia
1976 1313 2177 1369 autem,

600 1390 719 1445 qua:
748 1375 883 1445 dixit
913 1376 1049 1441 loca,
1075 1374 1234 1443 idest,
1263 1376 1492 1445 Tergum
1525 1373 1828 1443 Benjamin,
1858 1390 1977 1443 qua:
2009 1375 2177 1428 tribus

598 1444 700 1500 fuit
742 1444 893 1501 Judze
941 1446 1142 1513 regioni
1188 1444 1563 1512 contermina,
1611 1445 1788 1499 Gabaa
1833 1456 1885 1500 et
1936 1445 2097 1497 Rama
2125 1453 2181 1501 et

602 1516 914 1583 Betliaven,
973 1516 1125 1571 Juda:
1172 1515 1367 1570 finibus
1413 1516 1591 1570 vicina
1636 1514 1801 1569 fuisse
1853 1516 2174 1583 colligimus.

600 1582 736 1640 Cum
768 1582 928 1656 igitur
959 1586 1182 1641 istorum
1216 1587 1523 1651 calamitas,
1566 1600 1685 1653 qua:
1717 1582 2025 1656 praecessit,
2059 1586 2180 1641 illos

598 1655 838 1711 solicitos
862 1657 1108 1712 debuerit
1135 1657 1328 1723 facere,
1357 1658 1473 1726 ipso
1498 1656 1745 1709 nimirum
1777 1655 1982 1709 timoris
1998 1672 2178 1711 exem-

599 1726 731 1796 plo,
779 1743 884 1780 non
912 1726 1083 1780 solum
1134 1726 1264 1781 nihil
1311 1729 1377 1781 ad
1420 1726 1845 1782 emendationem
1890 1728 2172 1794 promovit,

600 1796 697 1850 sed
719 1797 878 1851 etiam
909 1796 1252 1866 delinquendi
1293 1797 1525 1866 praebuit
1558 1797 1907 1852 incrementa.
1940 1797 2051 1851 lloc
2080 1798 2177 1851 ita-

601 1881 707 1935 que
731 1868 1075 1937 vehementer
1104 1869 1411 1937 exprobrat,
1437 1875 1493 1921 et
1518 1867 1669 1931 dicit,
1698 1882 1791 1936 per
1823 1868 1874 1921 id
1902 1869 2181 1936 apparuis—

601 1951 665 2008 se
693 1936 931 2007 pejores,
981 1954 1076 2006 per
1100 1936 1240 2007 quad
1288 1940 1401 1993 fieri
1449 1938 1745 1993 debuerant
1796 1938 1880 1992 vel
1933 1954 2029 2007 pro
2062 1940 2177 2008 ipsa

600 2004 931 2063 humanitate
959 2004 1227 2062 meliores.

675 2077 831 2152 vers.
867 2080 952 2132 10.
971 2109 1039 2118 --
1063 2078 1213 2132 Facti
1234 2090 1350 2133 sunt
1380 2079 1522 2135 enim
1540 2079 1715 2152 426
1752 2079 2005 2152 principes
2037 2077 2176 2133 Juda

598 2150 746 2216 quasi
769 2159 1076 2223 assumentes
1102 2151 1405 2223 territiuum,
1435 2149 1711 2223 supeﬁ’eos
1742 2149 2003 2223 e/fundam
2028 2153 2176 2219 quasi

596 2233 783 2286 aquam
799 2220 927 2272 iram
949 2237 1132 2273 meam.
1174 2221 1343 2284 idest,
1377 2220 1618 2289 tempore
1653 2221 1973 2289 captivitatis
2012 2223 2176 2289 Assy-

598 2292 726 2356 rim,
758 2305 873 2357 qua:
900 2292 1071 2345 tribus
1098 2291 1284 2346 decem
1315 2292 1383 2347 de
1408 2292 1601 2346 finibus
1630 2292 1743 2345 suis
1772 2293 1994 2359 pepulit,
2025 2290 2173 2347 Judze

598 2360 865 2429 principes
886 2401 902 2426 ,
934 2376 1067 2430 quos
1099 2362 1333 2416 fraterna
1362 2364 1663 2417 calamitate
1710 2363 1761 2415 iii
1797 2363 1976 2414 [letum
2013 2378 2173 2431 opor-

600 2440 774 2486 tuerat
802 2434 1149 2503 commoveri,
1180 2448 1241 2503 ac
1272 2433 1519 2503 decorem
1562 2448 1767 2487 morum
1808 2432 1995 2485 sedulo
2032 2434 2175 2503 cogi-

599 2509 712 2553 tare
734 2539 749 2564 ,
783 2516 850 2555 ne
876 2511 931 2556 et
959 2502 1080 2569 ipsi,
1112 2502 1380 2567 videlicet,
1413 2502 1464 2556 in
1490 2504 1694 2557 similes
1732 2516 1997 2555 (erumnas
2025 2504 2172 2557 labe-

600 2581 825 2625 rentur:
857 2586 959 2625 non
990 2575 1160 2624 solum
1192 2572 1319 2625 nihil
1357 2573 1653 2627 formidinis
1683 2572 2174 2639 compuncuonisve

602 2648 909 2710 senserunt,
943 2641 1037 2694 sed
1073 2643 1446 2709 parricidalem
1472 2643 1635 2697 etiam
1669 2644 1905 2695 animum
1941 2644 2177 2710 publiea-

602 2719 750 2781 runt,
780 2709 956 2763 addita
984 2711 1116 2775 sibi,
1152 2712 1423 2777 videlicet,
1450 2712 1617 2780 spatia
1646 2709 2172 2781 terrarum,’expulso

602 2778 797 2844 fratre,
823 2781 1136 2849 gaudentes.
1177 2781 1235 2837 ln
1266 2782 1353 2837 die
1383 2778 1509 2851 ergo
1534 2778 2086 2848 desolationis,idest.
2119 2786 2171 2840 iii

602 2858 845 2919 tempore
875 2868 979 2920 quo
1006 2852 1199 2906 Tribus
1252 2853 1557 2907 lsraelitica:
1588 2853 1654 2907 de
1694 2856 1804 2908 suis
1844 2854 2036 2907 finibus
2066 2856 2171 2909 mi-

638 2931 908 2987 raverunt,
978 2924 1211 2996 ostendit
1244 2924 1399 2978 iidem
1451 2922 1750 2996 (subaudis)
1806 2922 2174 2996 Judzezcojus

622 3000 773 3063 aiens
800 3002 977 3046 votum
1010 2993 1213 3047 detexit
1240 2993 1472 3048 occasio.
1513 3000 1686 3063 Atque
1730 2993 1802 3047 ita
1843 2994 1892 3046 in
1920 2996 2044 3047 Levi
2075 2993 2174 3048 lia-

598 3058 717 3132 buit
741 3063 1044 3116 discrimina
1074 3078 1450 3132 germanorum
1473 3106 1489 3131 ,
1520 3076 1575 3118 ut
1600 3058 1663 3119 ea
1702 3064 1802 3119 sibi
1836 3065 1995 3118 etiam
2026 3081 2174 3119 com-

598 3131 754 3185 moda
786 3134 950 3203 fuisse
978 3131 1324 3201 loqueretur:
1359 3137 1498 3201 quod
1532 3151 1660 3189 sane
1692 3137 1821 3189 tanti
1865 3147 2043 3189 reatus
2069 3147 2171 3203 εει,

2285 527 2465 582 vitatis
2492 524 2700 601 eiegit,
2734 542 2843 601 Acur
2863 524 3036 601 indas
3064 537 3118 581 et
3151 528 3393 601 gentium
3427 531 3671 585 moribus
3702 524 3875 601 inqui-

2284 608 2461 667 natus,
2492 610 2548 653 et
2572 598 2699 653 odio
2729 596 2907 651 fratris
2934 596 3190 667 infectus,
3224 600 3329 654 vim
3364 601 3583 656 distulit
3609 596 3873 657 ultionis?

2284 666 2377 736 Sin
2422 681 2602 723 autem
2652 678 2772 736 post
2816 677 2894 721 tot
2940 666 3207 733 crimina,
3282 672 3517 725 necdum
3574 683 3874 727 mereretur

2282 735 2309 775 1³
2340 740 2567 806 expelli,
2601 735 2777 793 nunne
2807 738 2898 809 ille
2927 740 3014 806 qui
3045 752 3232 804 captus
3260 748 3379 808 est,
3423 758 3519 809 per
3545 742 3870 797 calumniam

2282 810 2453 880 magis
2478 825 2635 878 quam
2666 824 2760 878 per
2795 808 3056 880 justitiam
3102 811 3343 866 docentis
3387 808 3722 880 oppressus?
3778 812 3871 867 ϐαι

2282 877 2529 951 Ιιιινίηὶαηι
2562 877 2757 951 patiens
2785 877 3039 943 E/Iraim,
3070 883 3264 949 fractus
3284 877 3510 951 judicio.
3558 882 3698 948 Quid
3731 896 3871 939 esset

2280 949 2601 1004 calumniam
2626 948 2752 1020 pati,
2782 952 2988 1003 curavit
3010 948 3300 1019 exponere,
3332 954 3491 1018 idest,
3521 952 3726 1020 juilieis
3768 970 3868 1008 non

2280 1022 2565 1089 aequitate,
2593 1022 2686 1076 sed
2725 1028 2986 1090 potestate
3014 1021 3264 1090 deprimi.
3296 1022 3375 1076 Ad
3407 1026 3663 1076 eumdem
3691 1031 3867 1078 autem

2282 1105 2500 1145 sensum
2530 1092 2741 1158 respicit
2768 1132 2784 1154 ,
2812 1090 2952 1159 quod
3002 1090 3109 1152 ait,
3140 1091 3302 1159 Carpit
3330 1094 3472 1147 abire
3498 1104 3616 1157 post
3644 1095 3864 1149 sordem.

2281 1159 2337 1214 lu
2364 1159 2726 1225 superioribus
2753 1164 2895 1216 enim
2932 1172 2986 1214 et
3029 1164 3427 1217 multitudinem
3459 1173 3513 1217 et
3546 1174 3864 1218 vetustatem

2283 1242 2622 1304 peccatorum
2670 1232 3085 1296 exprobraverat
3132 1233 3291 1304 427
3346 1234 3568 1304 Israeli;
3618 1233 3712 1288 ubi
3745 1250 3863 1290 vero

2283 1303 2433 1357 Judai
2461 1305 2661 1357 crimen
2692 1304 2933 1373 agitavit,
2968 1303 3340 1367 videlicei’,’de
3368 1303 3553 1359 fratris
3585 1306 3669 1358 sui
3699 1307 3863 1371 capti.

2280 1373 2445 1427 vitate
2477 1374 2681 1427 lucrum
2709 1376 2998 1439 quaerentis
3024 1385 3076 1427 et
3121 1377 3373 1443 gaudium
3415 1375 3739 1436 sentientis,
3784 1377 3860 1429 id-

2281 1459 2386 1513 que
2429 1446 2638 1498 censuit
2681 1445 2800 1497 aliis
2832 1444 3239 1511 prmpnndeiare
3277 1443 3641 1500 criminibus:
3676 1446 3858 1502 eodem

2282 1516 2441 1567 etiam
2476 1526 2663 1569 tenore
2693 1514 2923 1584 subjecit
2949 1515 3171 1582 reliqua,
3203 1523 3256 1567 ut
3289 1516 3511 1579 diceret,
3543 1526 3598 1569 et
3628 1517 3857 1569 circuiu-

2280 1586 2583 1656 ventumiin
2608 1585 2813 1654 judicio
2843 1585 3005 1638 fuisse
3038 1585 3276 1648 Etlraim,
3310 1596 3361 1638 et
3394 1586 3573 1656 ipsum
3605 1587 3857 1656 principia

2280 1657 2479 1709 erroris
2506 1655 2774 1710 habuisse.
2818 1658 2894 1709 Ac
2920 1656 2965 1708 si
3013 1657 3255 1711 diceret:
3306 1656 3538 1708 Tantam
3572 1655 3855 1710 crudelita-

2280 1725 2637 1792 teni,.ludas,
2685 1727 2849 1779 animi
2897 1728 2969 1779 tui
3001 1727 3311 1794 publicasti.
3359 1737 3417 1778 ut
3456 1728 3511 1779 in
3540 1728 3853 1793 sceleribus,

2283 1810 2379 1863 pro
2407 1800 2600 1865 quibus
2630 1806 2712 1851 est
2757 1798 3040 1850 damnatus
3071 1798 3229 1849 Israel
3254 1837 3269 1858 ,
3317 1805 3369 1849 tn
3403 1796 3679 1850 horridior
3709 1808 3853 1851 vetu-

2280 1866 2519 1936 stiorque
2555 1867 2803 1921 videaris.
2849 1868 2999 1923 Unde
3026 1877 3079 1922 et
3101 1867 3288 1936 judicii
3321 1867 3445 1928 mei,
3501 1882 3601 1933 pro
3639 1870 3851 1921 merito-

2280 1950 2396 2007 rum
2428 1936 2725 1992 diﬂerentia
2751 1980 2767 2004 ,
2799 1939 2989 1991 modus
3015 1948 3264 2001 acuetur,
3316 1947 3371 1989 ut
3402 1937 3625 1991 Et‘iraim
3654 1979 3668 1998 .
3712 1940 3853 2007 quasi

2281 2006 2446 2073 tinea,
2482 2008 2839 2077 interpolem:
2874 2016 2923 2061 te
2957 2023 3103 2072 vero,
3133 2009 3281 2077 quasi
3310 2008 3581 2061 inhaerens
3615 2006 3849 2075 putredo,

2278 2091 2611 2132 consumam.
2645 2080 2836 2133 Notum
2860 2092 2936 2132 ρει
2962 2088 3139 2132 autem
3162 2090 3361 2147 quanto
3390 2081 3625 2141 minore,
3658 2094 3722 2133 ea
3744 2096 3853 2146 qua

2278 2148 2417 2201 tinea
2452 2153 2700 2215 mordet,
2747 2166 2904 2210 quam
2938 2165 3057 2217 quae
3105 2150 3327 2217 putredo
3376 2150 3667 2217 pervadit,
3699 2151 3852 2202 exitio

2276 2232 2677 2289 consumantur.
2740 2221 2803 2273 Et
2853 2219 2976 2273 vidit
3018 2220 3239 2285 Elfraim
3284 2221 3590 2289 languorem
3618 2236 3785 2283 suum,
3808 2232 3852 2273 et

2276 2286 2444 2343 ludas
2469 2292 2721 2344 vinculum
2752 2308 2899 2345 suum
2924 2306 2942 2343 :
2975 2292 3023 2343 id
3051 2300 3168 2353 est,
3199 2286 3575 2354 conSpieietis,
3602 2300 3656 2343 et
3687 2288 3853 2355 perfe-

2279 2361 2408 2414 retis
2438 2374 2660 2430 uterque
2692 2364 2973 2417 vindicmin
2996 2401 3009 2424 ,
3040 2376 3157 2430 qua:
3182 2363 3372 2415 vestris
3399 2362 3594 2413 studiis
3622 2361 3851 2413 destina-

2280 2438 2385 2489 tur.
2420 2446 2519 2485 nec
2550 2434 2701 2486 vobis
2729 2434 2965 2501 proderit
3003 2432 3262 2485 auxilium
3324 2447 3353 2484 a
3382 2432 3615 2485 diversis
3647 2432 3849 2497 regibus

2278 2502 2547 2569 postulare
2573 2519 2588 2560 :
2620 2504 2717 2558 sed
2744 2504 2900 2557 rebus
2930 2502 3226 2558 l‘atebimini
3247 2545 3261 2567 ,
3292 2503 3414 2556 illos
3456 2503 3608 2555 vobis
3639 2517 3849 2566 corrup-

2280 2573 2436 2625 tionis
2483 2577 2724 2639 exempla
2772 2581 2945 2627 solum
2978 2615 2991 2634 ,
3040 2588 3144 2626 non
3177 2574 3337 2627 etiam
3384 2576 3579 2626 salutis
3617 2572 3846 2625 subsidia

2278 2646 2611 2709 praestitisse.
2649 2645 2712 2697 Et
2735 2646 2857 2697 abiit
2888 2643 3105 2709 E/fraim
3127 2645 3193 2696 ad
3221 2645 3400 2707 Assur,
3444 2652 3490 2695 et
3519 2645 3660 2695 misit
3690 2643 3758 2693 ad
3779 2659 3848 2693 re.

2275 2728 2388 2782 gem
2412 2716 2647 2787 ultorem,
2679 2728 2721 2768 et
2753 2718 2859 2787 ipse
2879 2732 2975 2787 non
3000 2716 3182 2787 poterit
3212 2730 3399 2768 sanare
3422 2729 3528 2777 vos,
3552 2729 3647 2765 nec
3665 2715 3849 2787 solvere

2276 2786 2457 2853 poterit
2500 2801 2531 2836 a
2559 2788 2694 2839 vobis
2738 2784 3019 2838 vinculum.
3080 2785 3335 2850 Quoniam
3373 2800 3468 2853 ego
3508 2787 3661 2850 quasi
3698 2784 3847 2834 teretia

2278 2851 2519 2921 E/I'raim,
2547 2867 2594 2908 et
2624 2857 2771 2922 quasi
2796 2858 2997 2909 catulus
3023 2857 3184 2908 leonis
3208 2855 3381 2909 domui
3411 2851 3588 2907 ’Juda.
3639 2853 3848 2917 Unique

2278 2927 2472 2991 populo
2517 2928 2763 2994 promisit
2812 2943 2869 2980 se
2918 2927 3099 2980 habitu
3146 2926 3316 2979 leonis
3345 2940 3731 2985 occursurum,
3759 2927 3846 2976 sed

2278 2996 2667 3049 vehementiam
2687 3038 2701 3061 ,
2737 3013 2891 3067 quam
2922 2998 3099 3065 specie
3131 3012 3239 3067 non
3268 2998 3470 3049 fecerat
3496 3036 3510 3057 ,
3540 2994 3772 3067 servavit
3802 2996 3848 3046 in

2277 3078 2433 3130 sexu,
2472 3075 2528 3118 ut
2557 3068 2630 3120 illi
2663 3064 2924 3136 se,'quasi
2958 3067 3205 3127 letenam,
3230 3066 3356 3120 huic
3384 3081 3535 3127 vero,
3566 3067 3721 3131 quasi
3749 3064 3848 3117 leo-

2280 3149 2400 3207 nem
2428 3136 2652 3207 diceret
2697 3153 2978 3207 apparere.
3038 3138 3279 3205 implevit
3327 3148 3507 3189 autem
3557 3145 3846 3189 assumtaiu

599 3211 657 3287 ut
682 3200 1359 3287 coegeriLindigiiationgii
1380 3200 1951 3287 ulciscentiSIaugeri.
1984 3200 2173 3287 Sequi;
2199 3200 2244 3261 C
2278 3204 2682 3287 siiiiiliiudinein
2717 3200 2961 3287 dicendo.
3018 3200 3147 3278 Ego,
3180 3224 3273 3287 ego
3298 3209 3538 3287 cupiam,
3572 3216 3620 3287 et
3652 3208 3843 3287 vadum,

598 3282 683 3325 tur
703 3277 864 3337 enim,
900 3274 1071 3344 Super
1098 3292 1214 3328 eum
1242 3275 1504 3343 eﬂundam
1529 3317 1545 3343 ,
1585 3278 1729 3345 quasi
1762 3292 1946 3344 aquam
1976 3318 1991 3343 ,
2037 3278 2167 3330 iram

598 3358 807 3415 meum;
838 3345 973 3399 idest
1000 3386 1015 3409 ,
1072 3354 1352 3414 postquam
1382 3348 1609 3408 dixerat,
1638 3346 1898 3414 e/fundum
1922 3388 1938 3411 ,
1984 3357 2169 3415 aperte

598 3413 859 3478 subdidit,
892 3416 1039 3485 quasi
1075 3413 1289 3483 aquam.
1340 3416 1600 3482 Deterior,
1638 3413 1811 3485 inquit
1836 3456 1852 3480 ,
1893 3413 2032 3471 .ltida
2078 3434 2171 3485 per

595 3485 947 3557 exultationis
974 3489 1124 3541 istius
1154 3489 1358 3540 crimen
1403 3490 1665 3557 apparuit.
1719 3489 1784 3540 Et
1816 3488 1936 3540 ideo
1965 3503 2170 3556 merge-

597 3560 686 3627 tur
715 3554 1059 3627 inundatione
1109 3572 1383 3626 positarum
1410 3554 1593 3627 ,iquia
1640 3574 1759 3610 cum
1793 3558 1932 3610 inter
1974 3554 2166 3612 extera

595 3622 862 3696 beneﬁcia
893 3629 991 3679 hoc
1032 3622 1246 3696 quoque
1286 3622 1564 3681 cleineiiiia
1597 3641 1776 3681 nostra
1807 3628 1859 3679 ei
1905 3630 2168 3694 prmstiie-

596 3692 673 3767 rit
694 3735 709 3757 ,
741 3702 800 3747 ut
827 3695 1006 3767 timori
1051 3692 1175 3763 ejus
1218 3696 1685 3767 emeiidatioiiique
1720 3692 1933 3750 Effraim
1965 3703 2168 3765 impeti-

596 3761 817 3817 deretur
845 3761 1098 3819 exiiiumi
1139 3767 1231 3820 ille
1278 3775 1362 3819 est
1414 3781 1479 3821 eo
1523 3761 1715 3821 abusus
1745 3767 1809 3820 ad
1842 3761 2167 3823 incrementa

598 3834 903 3908 petulantia:
930 3837 1336 3908 ,gerinanique
1378 3837 1479 3891 sbi
1528 3838 1750 3892 credidit
1791 3853 1897 3891 non
1927 3841 2167 3908 exempla

597 3906 839 3972 provisa,
882 3907 973 3959 sed
1010 3908 1203 3973 przedia
1235 3908 1559 3962 contributa.

669 3973 820 4049 Vers.
856 3974 941 4049 ii.
967 4007 991 4017 -
1018 3975 1105 4029 15.
1129 4007 1196 4016 -
1220 3976 1547 4030 Calumniam
1577 3980 1772 4049 patiens
1797 3975 2040 4045 E/fraim,
2065 3980 2168 4048 [ra-

594 4047 949 4118 ctusjudicio,
969 4048 1213 4118 quoniam
1236 4053 1383 4115 carpit
1404 4052 1542 4103 abire
1564 4047 1675 4118 post
1702 4050 1927 4102 sordem.
1982 4049 2047 4103 Et
2066 4047 2169 4118 ego

591 4120 739 4189 quasi
762 4119 895 4189 tinea
928 4117 1146 4183 E/I‘iaiin
1167 4160 1182 4183 ,
1211 4128 1257 4171 et
1277 4124 1423 4189 quasi
1453 4117 1669 4189 putredo
1693 4121 1863 4172 domui
1885 4119 2057 4173 ludar.
2100 4117 2169 4176 Et

592 4188 717 4239 vidit
763 4187 981 4261 Είῖναιιιι
1025 4187 1323 4261 languorem
1375 4187 1556 4249 suum,
1603 4201 1649 4243 et
1697 4189 1863 4243 ludas
1912 4192 2168 4245 vinculum

591 4274 761 4331 suum.
804 4258 871 4311 Et
915 4261 1037 4314 abiit
1070 4258 1291 4327 Eﬁ'ruim
1331 4261 1397 4312 ad
1441 4263 1618 4324 Assur,
1660 4270 1706 4314 et
1736 4262 1871 4312 misit
1904 4264 1971 4313 ad
1999 4279 2168 4331 regem

601 4328 813 4382 ultorem
844 4346 863 4383 :
905 4341 954 4383 et
982 4333 1089 4400 ipse
1134 4347 1235 4383 non
1272 4332 1452 4397 poterit
1491 4348 1678 4384 sanare
1707 4347 1792 4383 vos
1813 4371 1827 4394 ,
1862 4348 1950 4383 nec
1979 4328 2169 4385 solvere

590 4403 770 4471 poterit
813 4418 845 4453 ει
876 4401 1012 4454 vobis
1056 4402 1335 4455 vinculum.
1399 4401 1651 4467 Quoniam
1697 4417 1787 4471 ego
1832 4406 1976 4471 quasi
2011 4403 2171 4457 leama

591 4468 844 4538 E/I'ruint,
895 4482 942 4524 ct
988 4474 1133 4540 quasi
1166 4473 1381 4524 catulus
1432 4474 1593 4525 leonis
1626 4468 1801 4524 domiti
1830 4470 1994 4526 Juda.
2030 4471 2165 4542 Ego,

589 4557 683 4610 ego
714 4544 915 4604 vadam,
944 4553 991 4595 et
1017 4544 1241 4609 capiam,
1273 4555 1320 4594 et
1348 4544 1523 4594 tollam
1546 4582 1561 4607 ,
1592 4554 1637 4596 et
1664 4559 1761 4594 non
1791 4550 1863 4594 Cal
1891 4546 1976 4610 qui
2000 4556 2162 4596 cruat.

603 4609 801 4665 Vadens
829 4625 1045 4665 revertar
1070 4616 1137 4665 ad
1161 4616 1324 4665 locum
1353 4629 1517 4665 meum
1540 4656 1554 4679 ,
1597 4613 1757 4665 donec
1788 4609 2037 4678 deﬁciatis
2062 4653 2077 4675 ,
2114 4624 2159 4665 et

587 4684 834 4752 quaeratis
860 4685 1045 4753 faciem
1075 4699 1259 4737 meam.
1301 4683 1546 4737 Graviter
1572 4699 1631 4737 se
1657 4687 1791 4736 Deus
1821 4687 2162 4739 commendat

589 4753 871 4817 offensum,
899 4756 1039 4822 quod
1059 4754 1189 4807 nihil
1217 4755 1642 4823 compunctionis
1666 4754 1732 4805 de
1763 4754 1991 4806 fraterna
2012 4755 2163 4807 dam-

591 4826 807 4876 natione
834 4827 1152 4893 susceperit,
1182 4830 1275 4879 sed
1302 4840 1584 4879 remanens
1613 4825 1797 4887 ludas,
1828 4825 2163 4878 insidtaverit

589 4895 821 4946 exulanti
843 4935 859 4960 ,
910 4897 1116 4949 laetatus
1140 4935 1156 4959 ,
1202 4896 1336 4948 lines
1362 4910 1489 4948 suos
1519 4910 1850 4963 quacumque.
1879 4909 2162 4948 occasione

591 4964 840 5087 Broierri.
885 4964 998 5019 Hoc
1030 4978 1160 5032 ergo
1202 4974 1473 5031 peccatum
1515 4966 1584 5019 ita
1615 4977 1847 5034 grauiter
1874 4967 2164 5019 mstiiiiavit

636 5048 764 5087 eus.
798 5043 854 5086 ut
886 5048 994 5087 non
1039 5036 1380 5087 admoturum
1412 5051 1470 5087 se
1501 5035 1634 5087 iram
1667 5036 1997 5087 moniitteret
2020 5040 2159 5087 .‘sed

636 5048 764 5098 eus,
798 5043 854 5086 ut
886 5048 994 5088 non
1039 5036 1380 5087 admoturum
1412 5051 1470 5089 se
1501 5035 1634 5089 iram
1667 5036 1997 5100 promitteret
2020 5040 2159 5100 ,θεά

582 5105 753 5159 instar
782 5118 935 5172 aqua
976 5107 1189 5172 penitus
1230 5102 1543 5158 eti'usuroin.
1607 5104 1671 5157 Et
1716 5111 1835 5174 quia
1867 5124 1959 5170 per
1990 5108 2159 5159 incre-

585 5185 762 5231 menta
798 5190 1101 5243 pwnarum,
1134 5184 1498 5229 nocentiorem
1533 5176 1937 5230 feceratludam
1971 5178 2158 5240 videri,

581 5265 778 5314 quippe
807 5249 896 5316 qui
923 5257 1067 5302 esset
1087 5285 1106 5312 ,
1156 5244 1452 5299 iuundaute
1480 5248 1970 5310 aitiiiiadi'eisiune,
1996 5264 2162 5314 popu-

586 5319 775 5370 landos
800 5354 816 5380 ,
864 5331 1155 5371 assumtum
1187 5317 1425 5368 colorem
1460 5318 1693 5383 perrexit
1722 5321 1990 5371 excidere.
2043 5325 2160 5371 Ait-

579 5401 683 5454 qne
712 5389 781 5439 ita
814 5389 964 5441 ludat
1008 5404 1127 5440 esse
1171 5388 1471 5455 graviorem
1503 5398 1741 5451 reatum,
1776 5398 1830 5439 ut
1858 5391 1903 5439 ei
1940 5404 2159 5455 compa-

583 5468 730 5510 tatus
761 5459 920 5512 Israel
953 5460 1192 5511 Videntur
1225 5459 1546 5512 ealuiiiiiiaiii
1589 5459 1894 5527 pertulisse.
1967 5460 2158 5529 b'itque

656 5594 684 5661 ξ
722 5584 837 5661 Sisi
864 5586 1093 5655 accipias
1125 5600 1218 5655 pro
1242 5604 1362 5661 qua
1403 5589 1455 5643 in
1494 5606 1547 5643 re
1576 5629 1592 5656 ,
1640 5590 1799 5645 debet
1846 5591 1911 5645 ad
1941 5606 2163 5661 mensem

584 5656 791 5721 referri,
824 5673 929 5710 non
961 5673 1189 5711 messeni.
1237 5660 1389 5713 'l‘unc
1417 5677 1543 5714 vero
1568 5663 1655 5715 illa
1707 5656 2005 5717 revocanda
2039 5663 2161 5714 tlte-

582 5741 913 5798 roiiyiiiiana:
943 5739 999 5781 et
1029 5728 1261 5798 Vulgata:
1294 5733 1555 5785 versionis
1586 5734 1743 5788 lectio
1772 5748 1803 5787 e
1835 5735 1874 5786 it
1902 5773 1914 5794 ,
1965 5734 2032 5787 de
2063 5748 2160 5794 qua

584 5802 640 5853 ln
687 5799 1005 5869 praecedenti
1051 5801 1288 5870 proxime
1340 5801 1692 5859 Adiiotatioiie
1724 5804 2007 5873 loquimur.
2060 5802 2165 5856 Nos

2277 3285 2321 3327 et
2347 3278 2618 3346 tollani,.ct
2650 3295 2749 3332 non
2776 3291 2847 3333 est
2868 3281 2953 3346 qui
2973 3289 3138 3334 eruat.
3192 3278 3397 3331 Vadens
3427 3284 3655 3330 revertar
3684 3282 3750 3327 ait
3775 3278 3847 3328 lo-

2275 3361 2387 3418 cum
2417 3364 2604 3412 meum,
2632 3353 2791 3403 donec
2820 3351 3088 3418 deﬁciatis,
3117 3360 3163 3402 et
3191 3349 3432 3418 quaeratis
3461 3349 3648 3417 faciem
3672 3364 3844 3399 meam.

2277 3417 2441 3489 Nemo
2471 3427 2571 3485 est,
2602 3420 2794 3489 inquit,
2822 3430 3090 3488 pastorum
3114 3417 3208 3488 qui
3234 3434 3509 3487 pervasam
3542 3434 3571 3472 a
3607 3434 3701 3472 me
3728 3434 3849 3485 prm-

2277 3488 2400 3541 dam
2431 3490 2571 3542 ausit
2599 3507 2788 3543 eruere
2813 3505 2826 3544 :
2858 3491 2952 3544 sed
2981 3490 3286 3557 despiciens
3312 3492 3638 3544 rusticiiruin
3666 3491 3846 3541 tumul-

2282 3568 2413 3623 tum,
2446 3575 2658 3613 exeiain
2690 3562 2848 3626 vires,
2880 3562 3053 3615 donec
3084 3560 3465 3632 indignationis
3495 3576 3637 3614 mea:
3655 3573 3849 3613 esuries

2281 3633 2578 3695 expleatur.
2638 3631 2883 3685 Revertar
2931 3641 3105 3685 autem
3136 3640 3199 3683 ad
3227 3632 3395 3684 locum
3425 3648 3615 3695 meum,
3648 3646 3743 3699 pro
3768 3644 3847 3682 eu-

2281 3699 2373 3753 bili
2429 3704 2640 3767 posuit,
2696 3705 2761 3755 ad
2808 3703 2950 3771 quod
3006 3704 3087 3756 leo
3129 3717 3235 3755 non
3269 3702 3485 3755 territus
3531 3701 3847 3768 recipeiese

2278 3773 2571 3825 consuevit.
2634 3772 2751 3826 Erit
2798 3784 2971 3826 autem
3030 3776 3165 3825 istud
3193 3810 3209 3836 ,
3257 3772 3432 3825 donec
3475 3787 3568 3825 vos
3600 3785 3846 3824 aerumnis

2280 3840 2659 3911 doloribusque
2685 3847 2888 3905 lassati,
2920 3858 3105 3907 meam,
3134 3843 3323 3911 inquit,
3354 3842 3539 3911 faciem
3562 3842 3846 3911 requiralis:

2281 3911 2420 3981 quod
2466 3926 2595 3966 sane
2637 3923 2785 3967 extra
2821 3920 3052 3979 rcgu'am
3082 3924 3347 3982 suscepta:
3378 3916 3446 3965 de
3478 3914 3639 3966 leone
3668 3914 3846 3977 imagi-

2282 3982 2366 4034 nis
2393 3997 2457 4035 ex
2506 3986 2702 4053 negotii
2746 3995 2973 4036 veritate
3019 3996 3230 4036 constat
3278 3985 3506 4036 illatum.
3566 3985 3846 4045 Caeterum,

2274 4061 2534 4120 'qnaiitum
2581 4056 2644 4107 ad
2695 4055 3149 4121 comparationem
3183 4054 3433 4121 respicit,
3484 4054 3609 4123 quis
3636 4069 3752 4107 eam
3784 4055 3846 4103 la-

2278 4125 2413 4176 ciem
2445 4127 2618 4177 visere
2647 4125 2820 4178 lassus
2849 4135 3078 4192 optaret,
3107 4125 3191 4176 cui
3222 4140 3319 4177 nec
3351 4126 3560 4177 validus
3595 4125 3849 4191 puiuisset

2277 4195 2572 4247 obsistere?
2614 4195 2792 4264 itaque
2828 4209 2949 4248 cum
2990 4207 3277 4247 assumtum
3310 4195 3739 4259 indignationem
3766 4209 3847 4245 ex-

2280 4266 2600 4330 pressisset,
2631 4281 2723 4332 per
2755 4265 2947 4317 laniem
2983 4266 3152 4318 leonis
3177 4306 3192 4330 ,
3240 4266 3346 4333 jam
3376 4267 3445 4318 de
3480 4279 3725 4332 persona:
3750 4276 3847 4315 sua

2277 4335 2554 4403 majestate
2580 4335 2837 4405 subjecit,
2886 4352 2944 4389 se
2972 4337 3036 4387 ad
3068 4337 3399 4389 liberandum
3441 4351 3548 4387 non
3578 4350 3703 4390 esse
3736 4348 3845 4385 ven-

2278 4416 2450 4457 turum
2481 4447 2496 4470 ,
2531 4408 2630 4459 nisi
2672 4408 2872 4459 vultum
2905 4405 3022 4475 ejus
3069 4406 3354 4471 proficiens
3397 4408 3515 4473 ipso
3544 4408 3845 4475 attritupo~

2280 4476 2434 4541 pulos
2463 4478 2838 4544 concupisset,
2871 4474 3017 4528 etab
3044 4490 3109 4528 eo
3152 4476 3267 4529 solo
3305 4477 3560 4543 coepisset
3592 4474 3847 4542 postulare

2199 4577 2246 4636 ο
2276 4545 2591 4613 remedium,
2620 4563 2648 4601 a
2676 4563 2782 4617 quo
2812 4546 3132 4615 supplicium
3163 4546 3423 4601 sensisset
3457 4548 3691 4600 illatum.

2874 4682 3100 4740 CAPUT
3159 4684 3245 4740 Vl.

2340 4819 2492 4873 Vers.
2528 4819 2577 4872 ‘l.
2604 4848 2628 4860 -
2647 4816 2703 4871 5.
2726 4847 2797 4858 -
2818 4818 2887 4889 In
2906 4817 3269 4889 .tribulatione
3314 4835 3410 4872 sua
3454 4835 3609 4872 mane
3639 4832 3843 4873 consar-

2264 4900 2383 4962 gent
2409 4891 2516 4962 [ΑΙ.
2546 4888 2881 4961 consurgunt]
2929 4890 2998 4942 ad
3024 4904 3126 4943 me.
3196 4888 3407 4955 Venite,
3456 4901 3505 4943 et
3546 4901 3844 4944 revertantur

2263 4966 2330 5013 ad
2355 4961 2667 5024 Dominum,
2694 4962 2817 5029 quia
2846 4962 2954 5031 ipse
2983 4962 3164 5030 erepit,
3192 4970 3240 5014 et
3277 4962 3480 5014 sanabit
3510 4978 3604 5014 nos
3631 4978 3649 5014 :
3679 4978 3843 5031 percu-

2267 5032 2376 5095 tiet,
2410 5041 2456 5085 et
2485 5032 2681 5085 curabit
2709 5047 2825 5085 nos.
2889 5030 3173 5099 Viviﬁcabit
3204 5046 3296 5083 nos
3324 5039 3437 5100 post
3476 5033 3608 5084 duos
3635 5030 3772 5095 dies,
3801 5036 3843 5085 iii

2266 5103 2352 5155 die
2380 5103 2529 5155 tertia
2555 5103 2819 5156 suscitabit
2848 5117 2975 5165 nos,
3011 5111 3056 5154 et
3086 5102 3306 5154 vivemus
3334 5104 3392 5153 in
3421 5115 3698 5174 conspectu
3727 5106 3843 5174 ejus,

2263 5182 2309 5227 et
2337 5174 2552 5227 sciemus
2579 5215 2592 5233 .
2623 5188 3015 5240 sequemurque,
3045 5182 3097 5223 ut
3136 5187 3502 5241 cognoscamus
3541 5171 3843 5225 Dominum:

2262 5249 2409 5312 quasi'
2448 5244 2735 5296 diluculum
2783 5253 3101 5312 preparatus
3132 5252 3205 5295 est
3248 5258 3481 5312 egressus
3509 5244 3622 5312 ejus
3649 5288 3663 5309 ,
3696 5258 3738 5296 et
3778 5259 3844 5295 re-

2264 5317 2367 5368 niet
2394 5314 2541 5385 quasi
2567 5315 2723 5385 imber
2755 5315 2898 5366 nobis
2927 5323 3283 5385 temporaneus
3319 5324 3367 5366 et
3400 5317 3660 5367 seruitutis
3687 5323 3841 5366 terra.

2264 5383 2481 5440 Dixerat
2508 5384 2648 5452 quod
2688 5384 2861 5437 instar
2891 5386 3062 5437 leonis
3087 5383 3153 5435 ad
3190 5387 3529 5435 venationem
3564 5386 3842 5452 progressi,

2261 5459 2316 5512 in
2357 5455 2640 5525 profanum
2692 5458 2943 5525 populum
3005 5454 3315 5519 desaiviret,
3366 5469 3560 5508 munus
3606 5455 3842 5509 videlicet

2269 5588 2410 5652 quod
2437 5588 2592 5642 unice
2621 5596 2827 5659 mutare
2853 5586 3149 5659 audemus,
3180 5591 3405 5643 verbum
3431 5601 3514 5643 est
3562 5590 3613 5643 in
3654 5590 3843 5659 periodi

2269 5659 2373 5730 line
2401 5656 2752 5730 demetendos,
2770 5674 2867 5730 pro
2885 5673 2989 5727 quo
3020 5658 3358 5730 demittendus
3384 5656 3680 5730 legebatur".

2340 5729 2365 5766 δ
2407 5728 2577 5782 Antea
2609 5728 2804 5798 capelle
2828 5770 2842 5795 ,
2882 5736 2936 5780 et
2976 5743 3141 5779 nonne
3166 5728 3244 5781 illi
3300 5733 3404 5786 Sed
3441 5728 3545 5785 non
3579 5733 3698 5788 ideo
3726 5734 3845 5786 satis

2278 5800 2487 5855 videtur
2514 5800 2619 5855 luci
2648 5802 2856 5853 smiiiazi
2885 5801 3211 5852 consultum.
