4110 6350
302 366 437 425 1321

1158 371 1219 426 ΙΝ
1258 368 1487 425 OSEAM
1525 368 2081 426 COMMENTARIUS.
2128 368 2325 426 LIBER
2368 367 2664 426 τεητευε

3430 371 3574 426 1023

301 486 476 557 [ναίω.
501 495 547 537 et
569 483 618 537 in
636 482 764 557 dolo
788 484 968 536 domus
993 480 1177 557 Israel.
1200 483 1368 557 ludas
1390 494 1557 557 autem
1586 482 1727 557 testis
1743 481 1871 557 de:
1900 484 1951 543 Α
1976 483 2193 557 visitatio
2215 502 2368 550 super
2395 485 2577 538 Iacob.
2606 483 2768 557 uxta
2794 484 2901 557 vias
2929 488 3061 557 ejus,
3080 492 3127 539 et
3141 486 3295 553 juxta
3314 485 3565 541 adiuuen-

298 550 464 612 reudit
484 571 600 625 cum
626 554 747 617 Deo,
768 566 812 607 rt
841 556 1189 625 cumsanctis,
1210 555 1393 623 ﬁdstis
1418 552 1632 625 [Incipit
1648 550 1873 625 CAPUT

298 625 413 683 XII.
444 655 516 666 —
546 624 697 697 Ver_s.
731 628 781 679 i.
813 624 901 697 —]
936 624 1151 697 E/I'raint
1175 622 1334 695 pascit
1363 622 1582 685 ventum,
1612 630 1656 673 et
1708 622 1876 697 sequi-

301 707 383 751 tur
407 704 608 750 a‘stum.
633 694 761 748 Tota
781 698 863 750 die
885 692 931 747 in
950 692 1200 747 'ndaciuiu
1231 705 1275 747 et
1301 698 1581 747 vastitatem
1626 692 1878 757 multipli.

301 777 402 829 rat,
430 776 475 817 et
507 766 671 836 [cadus
702 783 817 819 cum
839 766 1056 835 Assyriis
1074 766 1208 826 iniit,
1232 774 1275 817 et
1305 765 1471 836 oleum
1502 765 1565 836 iit
1585 760 1874 831 Egyptian

300 834 518 904 ferebat.
566 836 696 890 Cum
756 839 893 891 inter
938 834 1369 889 comminationis
1416 834 1689 892 fremitus,
1743 847 1877 904 quos

302 902 445 962 illius
501 907 755 969 temporis
786 907 917 961 ratio
969 907 1287 971 postulabat,
1322 920 1415 972 per
1444 916 1720 956 excessum
1753 902 1876 954 bre-

301 994 447 1039 vem,
479 976 809 1030 liberationis
837 975 1026 1041 gaudia
1057 976 1367 1041 contigis~et
1400 991 1413 1028 :
1445 977 1509 1026 ad
1541 986 1877 1038 consequen-

301 1050 429 1101 tiam
454 1058 717 1115 susceptae
746 1048 971 1101 actionis
1002 1060 1294 1112 regressus,
1330 1044 1544 1098 Eliraim
1574 1042 1767 1115 studia,
1792 1042 1875 1095 vel

301 1115 453 1183 quasi
481 1113 725 1180 maestus,
759 1117 841 1170 vel
872 1117 1021 1182 quasi
1073 1116 1375 1182 ind-gnatus
1414 1113 1725 1181 exsequitur
1755 1129 1767 1163 :
1792 1129 1877 1164 se-

302 1182 432 1241 dulo
456 1201 671 1253 curans,
694 1187 834 1241 sicut
858 1185 1161 1255 frequenter
1179 1190 1378 1245 notavi,
1398 1182 1731 1255 denuuciaiis
1752 1197 1878 1248 sup-

302 1257 476 1329 pliciis
492 1252 785 1329 subtexere
814 1252 1026 1326 speci—es
1049 1256 1547 1329 magnitudinesque
1573 1252 1874 1316 culparum,

342 1342 423 1381 me
451 1328 583 1381 nihil
607 1326 818 1382 invidiae
842 1326 1183 1381 commotioni
1212 1331 1327 1392 eius
1351 1326 1672 1393 re'ioquant,
1702 1331 1879 1393 osten-

342 1405 540 1466 antqne
571 1396 658 1452 illa
711 1397 870 1524 ἀξι
904 1396 1161 1464 supplicia
1211 1413 1315 1451 non
1347 1396 1475 1449 vitio
1493 1392 1517 1457 ,7
1541 1392 1636 1446 sed
1674 1392 1878 1474 judicio

342 1470 473 1522 tisse
531 1468 756 1524 prolata.
827 1471 873 1522 ic
904 1483 1031 1524 ergo
1061 1483 1178 1524 tum
1224 1477 1347 1522 sunt
1371 1483 1466 1524 per
1493 1477 1770 1518 excessum
1798 1479 1878 1515 tn-

303 1462 473 1522 fuisse
531 1462 756 1533 prolata:
775 1462 873 1524 Si?
904 1462 1031 1536 ergo
1061 1483 1178 1535 qtm
1224 1477 1347 1522 sunt
1371 1483 1466 1535 per
1493 1477 1770 1536 excessum
1798 1462 1879 1515 in-

305 1532 553 1613 teriecta,
588 1547 785 1605 ponent
817 1532 1024 1613 facilem
1078 1532 1576 1613 praesentis'vcrsus
1617 1532 1683 1613 ad
1721 1548 1879 1613 supe-_

304 1603 449 1663 riora
498 1603 803 1664 contexmm
835 1627 847 1661 :
874 1609 923 1663 id
951 1618 1052 1668 est.
1079 1605 1273 1667 Juqunt
1300 1608 1586 1673 imponetur
1625 1603 1718 1658 eis.
1744 1603 1880 1671 quod

305 1694 409 1733 non
434 1680 713 1744 auferetur.
748 1679 879 1733 Cum
912 1681 1087 1747 itaque
1116 1675 1634 1747 Circuntdeditmein
1655 1676 1883 1744 negotia-

308 1750 446 1803 tione
470 1749 713 1817 Efl'roim,
729 1760 777 1803 et
799 1751 849 1802 in
872 1751 988 1803 dolo
1004 1745 1190 1801 domus
1224 1747 1409 1813 Israel,
1426 1745 1737 1817 idest,sicut
1764 1747 1880 1812 qni-

308 1820 431 1873 dam
464 1814 763 1889 negotiator
789 1822 981 1883 malus,
998 1820 1182 1873 fraude
1194 1835 1349 1887 quam
1365 1817 1491 1871 mihi
1511 1814 1775 1889 intulisset
1788 1830 1879 1889 po.

312 1892 493 1956 pultis,
516 1886 811 1954 la‘tabatur,
829 1891 1147 1958 putabatque
1158 1886 1277 1943 cum
1295 1889 1610 1953 precabatur
1623 1901 1686 1944 se
1702 1886 1875 1941 illude-

308 1975 499 2019 re.nec
512 1962 631 2026 quia
650 1962 986 2015 clementiam
1004 1974 1175 2014 meam
1195 1959 1711 2015 noveratsubvenire
1727 1972 1883 2011 vexa-

312 2030 402 2094 tis,
420 2032 690 2101 plagarum
710 2042 949 2099 tempore
963 2046 1115 2084 suum
1129 2046 1227 2082 con
1238 2033 1484 2084 litebatttr
1496 2044 1741 2101 errorem
1758 2043 1772 2092 ;
1790 2027 1882 2101 sed

310 2104 434 2170 quia
452 2099 545 2158 cor
561 2102 675 2166 eius
702 2118 805 2156 non
823 2111 937 2155 erat
961 2109 1159 2154 rectum
1185 2116 1412 2163 mecum,
1436 2114 1533 2170 nec
1555 2099 1886 2170 emendatioe

310 2169 434 2224 nem
458 2173 688 2226 lidrliter
706 2174 1070 2241 promittebat.
1096 2172 1264 2224 instar
1291 2172 1432 2225 illius
1456 2169 1770 2233 Pharaonis,
1791 2169 1881 2236 qui

313 2243 402 2296 ubi
426 2248 653 2311 primum
670 2240 1116 2296 a’calamit-itibus
1140 2240 1475 2305 respirasset,
1497 2242 1560 2291 ad
1581 2241 1777 2311 ﬂagitia
1801 2254 1884 2293 re-

282 2373 285 2377 _
313 2315 584 2369 currebat.
623 2312 713 2366 Vel
745 2322 915 2376 certe,
944 2322 1001 2365 ut
1029 2312 1082 2365 in
1105 2313 1220 2375 ipso
1248 2312 1367 2365 libri
1399 2312 1670 2365 volumine
1692 2325 1886 2378 expro-

313 2384 490 2437 bravit
521 2382 939 2453 propheta,qnitt
969 2396 1156 2435 aurum
1172 2392 1226 2436 et
1254 2393 1531 2452 argentum
1562 2395 1885 2453 ratemque,

312 2455 396 2508 vel
424 2456 487 2507 ad
514 2459 731 2515 victum,
765 2453 845 2507 vel
875 2453 940 2505 ad
972 2453 1171 2506 cultum
1212 2453 1553 2518 pertinentia,
1577 2467 1695 2516 qua:
1723 2466 1750 2503 a
1778 2453 1888 2505 Deo

314 2535 647 2590 Susceperat,
681 2524 944 2577 idolorum
976 2525 1137 2577 cultui
1165 2524 1537 2589 mancipabant
1564 2522 1725 2575 :idem
1748 2535 1890 2575 nunc

314 2610 525 2661 quoque
556 2594 722 2654 voluit
776 2594 826 2646 in
854 2594 1021 2663 elligi,
1046 2595 1374 2663 negotiatum
1413 2592 1627 2646 Efl‘raim
1656 2594 1706 2645 in
1731 2606 1885 2645 suam

314 2668 715 2729 contumeliam,
746 2663 1122 2728 cunqtterendo
1152 2680 1164 2715 :
1195 2678 1314 2714 rum
1342 2664 1587 2716 videlicet
1631 2663 1888 2717 mentire-

316 2745 404 2788 tur
444 2752 503 2791 se
533 2736 601 2790 ab
631 2736 805 2798 idolis,
844 2742 1034 2788 cuncta
1055 2748 1173 2802 quas
1197 2748 1223 2783 a
1252 2732 1360 2785 Deo
1390 2744 1722 2801 perceperat,
1754 2746 1887 2802 con-

314 2817 579 2884 secutum.
612 2805 716 2884 S_ed
745 2820 864 2884 cum
895 2801 1082 2884 decent
1110 2803 1302 2884 Tribus
1331 2806 1430 2883 sub
1452 2803 1803 2884 regibus,gqui
1836 2801 1889 2855 in

317 2876 471 2929 titulo
520 2877 899 2946 praeferuntur,
932 2873 1012 2946 bis
1060 2888 1194 2946 quas
1242 2874 1472 2926 diximus
1523 2872 1890 2946 iniquitatibus

317 2943 674 3009 sordttissent,
697 2945 866 2998 ludas
913 2943 1087 2997 adhuc
1115 2943 1443 3013 aliquantum
1472 2957 1501 2997 a
1536 2944 1699 2997 fratre
1725 2943 1889 2997 dissi-

317 3018 459 3071 milis
489 3017 745 3072 descendit
787 3031 901 3069 cum
934 3014 1037 3067 Deo
1065 3015 1223 3075 testis,
1260 3023 1308 3067 et
1333 3029 1451 3066 cum
1484 3015 1675 3067 sanctis
1701 3013 1889 3083 ﬁdelis.

316 3088 371 3142 ld
398 3100 500 3159 est,
544 3088 852 3159 religiosum
880 3085 1069 3137 ducem
1101 3083 1647 3159 Ezechiatnusecutus,
1682 3083 1889 3159 studuit

318 3153 672 3227 maiestatem'
698 3157 891 3211 divinat
921 3153 1284 3227 proiectionis,
1305 3164 1357 3209 et
1386 3156 1541 3227 iidem
1564 3154 1887 3227 promissio-

1979 554 2137 606 tiones
2164 559 2274 624 ejus
2318 558 2493 609 reddet
2521 558 2587 608 ei.
2624 554 2851 610 Nomine
2875 554 3074 617 .IaCob,
3106 558 3292 610 decem
3328 557 3558 612 tribuum

1980 626 2201 690 populos
2246 627 2523 680 indicavit.
2551 626 2842 679 Diversitas
2887 625 3187 679 studiorum
3209 666 3223 685 .
3250 626 3438 689 inquit.
3474 628 3561 681 di—

1976 694 2282 749 versitatem
2330 711 2543 764 quoque
2571 706 2595 732 ἰ
2619 696 3030 758 expugnationis
3078 697 3283 764 exegit.
3316 707 3373 750 ιιι
3408 696 3560 763 judi-

1976 765 2116 818 cium
2170 766 2374 819 Domini
2405 782 2500 832 pro
2534 765 2677 820 Iuda:
2706 766 2875 819 salute
2897 765 3239 830 consisteret,
3263 765 3561 821 Samaritas

1978 849 2105 904 vero
2133 836 2365 887 visitatio
2390 851 2574 890 severa
2618 838 2952 904 percelleret.

2052 903 2205 976 vers.
2234 904 2460 959 5.o6.—
2491 904 2557 959 In
2607 903 2750 960 utero
2777 907 3122 975 supplantavit
3151 907 3361 976 fratrem
3384 923 3555 976 suum,

1977 983 2024 1027 et
2048 974 2426 1047 infortitudine
2444 975 2605 1047 462
2634 994 2729 1029 sua
2757 974 2977 1031 direetus
3017 988 3089 1030 est
3117 974 3230 1031 cum
3257 978 3471 1045 Angela.
3498 975 3567 1030 Et

1978 1045 2135 1116 valuit
2181 1044 2288 1115 [AL
2340 1044 2665 1116 iuvat—nitrati
2687 1048 2959 1116 Angelum,
2979 1058 3027 1100 et
3047 1063 3141 1101 con
3153 1044 3365 1101 fortuitis
3386 1056 3489 1113 est,
3514 1057 3563 1099 et

1977 1114 2141 1183 ﬂevit,
2164 1125 2210 1166 et
2234 1119 2432 1183 rogavit
2459 1114 2574 1169 eum
2592 1134 2609 1169 :
2636 1118 2688 1170 in
2710 1114 2887 1171 Bethel
2915 1119 3098 1170 invenit
3118 1128 3317 1179 eum,“
3335 1117 3405 1170 ibi
3426 1119 3564 1169 locu-

1979 1194 2059 1236 tus
2086 1195 2160 1236 est
2187 1185 2463 1239 nobiscum.
2495 1185 2521 1225 δ
2556 1187 2619 1239 Et
2639 1188 2708 1240 ad
2743 1188 3017 1243 Dominum
3055 1189 3217 1241 Deum
3255 1196 3401 1240 tuum
3442 1203 3567 1241 cauo

1977 1256 2217 1328 verteris:
2248 1256 2646 1328 misericordiam
2668 1268 2713 1309 et
2727 1259 2986 1328 judicium
3006 1260 3202 1311 custodi
3250 1269 3294 1310 et
3316 1273 3465 1327 spera
3506 1258 3564 1310 in

1980 1323 2090 1378 Deo
2113 1333 2200 1377 tuo
2245 1341 2460 1391 semper.
2498 1323 2823 1382 Hecordaiur
2879 1340 2931 1381 ut
2960 1344 3120 1393 supra
3148 1323 3563 1394 cmpit,'nobili-

1980 1397 2104 1447 tatis
2132 1399 2382 1461 antiquae,
2416 1406 2471 1449 ut
2491 1398 2739 1465 quicquid
2774 1399 3033 1451 honorum
3055 1398 3217 1463 stirps
3240 1398 3407 1452 electa
3434 1412 3561 1461 pro-

1981 1470 2196 1529 meruit,
2230 1466 2309 1517 vel
2342 1467 2592 1534 quicqnid
2624 1468 2835 1521 virtutis
2859 1469 3115 1531 ostendit,
3149 1469 3212 1521 ad
3237 1469 3559 1537 arguendam

1983 1546 2007 1573 ι·
2042 1548 2377 1600 posterorum
2422 1536 2677 1591 vilitatem
2713 1538 2974 1607 proﬁciat.
3008 1541 3083 1591 Ac
3111 1540 3154 1593 si
3186 1536 3393 1593 diceret
3427 1578 3439 1590 .
3484 1539 3563 1591 En

1983 1621 2091 1670 quo
2116 1617 2337 1673 parente
2358 1610 2620 1674 generati,
2648 1609 2713 1662 ad
2744 1624 2864 1677 qua:
2889 1609 3109 1662 ludibria
3152 1619 3508 1670 pervenerunt
3541 1625 3554 1661 :

1979 1686 2349 1800 quantumque
2406 1692 2435 1729 a
2469 1680 2763 1745 priscorum
2818 1678 3213 1747 degeneravere
3252 1679 3560 1732 virtutibus.

2017 1746 2149 1799 acob
2177 1746 2439 1800 stanidem
2499 1749 2569 1800 ita
2609 1750 2704 1800 fttit
2739 1759 3000 1800 anui-iens
3026 1745 3052 1784 ἀ
3082 1750 3286 1800 ttlorize.
3327 1757 3384 1800 nt
3412 1756 3560 1800 ante-

2017 1746 2149 1799 acob
2177 1746 2439 1818 siquidem
2499 1749 2569 1801 ita
2609 1750 2704 1801 fuit
2739 1745 3000 1818 appetens
3026 1745 3052 1784 (ί
3082 1750 3286 1816 glorias,
3327 1757 3384 1801 tit
3412 1756 3566 1802 antc-

1914 1843 1961 1902 B
1987 1831 2144 1902 quam
2177 1817 2228 1898 in
2242 1820 2390 1902 hanc
2418 1817 2587 1902 lucent
2618 1818 2685 1872 de
2724 1817 2876 1873 u'ero
2908 1819 3094 1902 matris
3115 1819 3568 1902 exiret.‘pr0pbe-

1991 1887 2151 1941 ticum
2186 1888 2360 1941 inierit
2386 1902 2504 1941 cum
2537 1888 2697 1943 fratre
2726 1901 2996 1943 certamen
3030 1888 3179 1958 (Gen.
3205 1886 3321 1956 55.)
3349 1906 3360 1940 :
3394 1888 3568 1957 quod-

1988 1974 2093 2025 que
2126 1959 2207 2010 vix
2244 1958 2356 2023 ipsa
2389 1970 2574 2012 natttra
2604 1962 2749 2013 credi
2784 1962 3142 2027 permitteret,
3178 1960 3411 2024 plantam
3444 1974 3565 2025 ger-

1989 2028 2152 2093 mani,
2188 2028 2273 2081 cui
2303 2039 2419 2082 erat
2442 2032 2600 2083 etiam
2650 2034 2998 2099 primogenita
3034 2047 3138 2084 non
3173 2030 3446 2083 fraudibus
3471 2030 3567 2083 sed

1987 2100 2196 2171 meritis
2225 2108 2528 2171 erepturus,
2556 2101 2770 2171 invasit.
2800 2102 3109 2168 Auspicium
3129 2116 3259 2171 ergo
3285 2101 3415 2171 lucis
3441 2114 3565 2153 cum

1989 2169 2296 2223 testimonio
2324 2168 2594 2229 dignitatis
2623 2172 2929 2238 assumpsit,
2960 2168 3250 2225 ostendens
3282 2170 3556 2232 videlicet,

1962 2239 2129 2309 quod
2161 2240 2350 2307 placita
2377 2238 2485 2295 Deo
2514 2242 2733 2308 polleret
2760 2240 3138 2309 generositate,
3155 2241 3239 2295 cui
3259 2240 3463 2309 frugem
3476 2255 3565 2294 se-

1988 2320 2192 2364 cuturae
2224 2309 2432 2364 virtutis
2453 2312 2767 2377 eoutigisset
2796 2318 2955 2367 etiam
2998 2320 3124 2366 ante
3150 2312 3414 2365 sentiendi
3437 2318 3569 2364 tem-

1989 2396 2142 2450 pora,
2171 2380 2433 2449 polliceri.
2458 2382 2651 2450 Sicque
2700 2382 2976 2444 deinceps.
3004 2396 3127 2435 cum
3177 2382 3241 2435 ad
3266 2381 3563 2451 juvenilem

1992 2451 2232 2504 venisset
2252 2460 2486 2517 :ctatem,
2509 2465 2563 2505 et
2611 2462 2854 2518 p.-rt:cpta
2882 2452 2991 2521 jam
3038 2454 3377 2520 primogeniti
3409 2451 3570 2505 bene-

1991 2522 2225 2576 dictione
2247 2523 2589 2588 conspicuus,
2616 2524 2857 2576 trucibus
2885 2522 3061 2575 l'ratris
3083 2532 3422 2590 appeteretur
3451 2524 3573 2575 insi.

1991 2592 2118 2657 diis,
2148 2592 2359 2660 longum
2390 2594 2635 2655 exilium,
2662 2592 2941 2646 consilium
2973 2606 3168 2647 saneta
3202 2595 3391 2646 matris
3418 2606 3571 2645 secu-

1994 2672 2100 2725 tus,
2132 2663 2357 2729 arripuit
2388 2678 2403 2715 :
2439 2665 2703 2731 nullisque
2730 2672 2754 2700 ο
2789 2664 3034 2717 humanis
3081 2664 3292 2731 opibus.
3318 2675 3576 2716 ueterum

1994 2733 2088 2787 Dei
2137 2742 2365 2797 tantum,
2389 2733 2474 2787 cui
2507 2735 2644 2801 apud
2682 2734 2864 2788 lletbel
2895 2734 2997 2788 sibi
3026 2734 3305 2799 apparenii
3335 2735 3578 2786 decimas

1993 2812 2231 2865 voverat,
2260 2804 2430 2855 confis
2470 2819 2494 2856 s
2521 2815 2572 2857 et
2604 2814 2949 2868 prostieratus
2976 2804 3198 2869 auxilio,
3227 2808 3486 2857 virtutum
3511 2818 3573 2854 ae

1993 2887 2183 2925 virum
2215 2887 2429 2925 suarum
2466 2876 2914 2940 magnitudinem,
2962 2890 3118 2942 quam
3174 2886 3297 2928 ante
3352 2872 3574 2939 experi-
3630 2890 3633 2893 ·

1995 2956 2178 2997 mento
2211 2944 2502 3006 nesciebat,
2532 2945 2765 3009 agnovit.
2801 2945 2929 2998 Nam
2962 2961 3080 2997 cum
3121 2957 3239 3007 post
3266 2946 3405 3012 longi
3437 2957 3577 2996 teut-

1996 3015 2140 3081 poris
2167 3016 2430 3081 spacium,
2464 3031 2491 3065 τι
2516 3024 2525 3063 I
2555 3016 2933 3067 liabtatiouem
2979 3025 3249 3079 paternam
3279 3015 3575 3075 locupleta-

1998 3094 2081 3137 tus
2112 3085 2325 3143 rediret,
2344 3098 2393 3137 et
2419 3086 2594 3137 subito
2617 3086 2853 3153 germani
2880 3084 3094 3139 territus
3118 3083 3298 3137 fuisset
3326 3098 3572 3143 recursu.

2002 3155 2231 3222 angelus
2262 3154 2311 3207 in
2363 3170 2539 3218 specie
2569 3156 2798 3207 hominis-
2825 3158 2872 3210 ei
2920 3154 3151 3209 obviaiit
3174 3196 3187 3217 ,
3219 3155 3500 3224 digritlltl‘tl
3544 3172 3576 3203 ιι

318 3215 734 3288 ιιίεόςιθιιᾶθτε.
766 3215 931 3295 δια-ἐ’
955 3226 1006 3278 in
1034 3225 1149 3293 ejus
1177 3215 1394 3291 viribus,
1419 3215 1606 3278 salutis
1628 3239 1739 3295 sua:
1762 3224 1897 3277 lidu-
1923 3215 1969 3277 C
1999 3215 2110 3278 est“
2129 3239 2252 3277 cum
2306 3215 2525 3295 timente
2584 3228 2766 3278 luctari
2796 3269 2810 3291 ,
2845 3227 2916 3279 ita
2974 3241 3103 3278 sane
3160 3215 3217 3277 ut
3260 3215 3363 3277 lion
3418 3215 3567 3276 illum

319 3303 479 3366 ciam,
508 3300 589 3354 vel
629 3300 767 3353 inter
796 3294 1064 3366 estremas
1096 3296 1338 3349 miserias
1369 3296 1668 3349 collocavit.
1695 3294 1889 3364 Sicque

320 3364 573 3435 liberari,
607 3368 834 3423 mirabili
885 3364 1068 3420 defens
1090 3380 1214 3431 one,
1264 3367 1609 3435 promeritus,
1660 3367 1894 3420 ostendit

322 3457 419 3495 nec
442 3452 618 3509 patres
638 3454 764 3494 soos
790 3438 954 3509 fuisse
974 3438 1246 3506 deceptos,
1269 3438 1357 3502 qui
1379 3436 1518 3509 hunc
1537 3453 1701 3509 unum
1725 3435 1891 3509 Deutn

320 3506 639 3566 tota'tneuie
669 3508 981 3570 coluissent,
1008 3522 1106 3561 nec
1136 3522 1193 3560 se
1217 3510 1449 3573 pomisse
1478 3506 1681 3559 diluvio
1727 3508 1896 3575 capti-

318 3583 500 3636 vitatis
520 3581 741 3645 oneriri,
760 3578 850 3644 qui
880 3578 1050 3631 veraci
1074 3577 1493 3647 propugnatione
1512 3577 1787 3645 gauderet.
1814 3576 1895 3631 Ad

319 3663 684 3719 competentes
712 3650 872 3717 igitur
902 3649 1034 3701 lines
1061 3647 1289 3719 populus
1310 3658 1531 3714 uterque
1556 3650 1817 3714 pervenit,
1840 3657 1898 3702 ut

319 3718 503 3775 Verum
530 3722 693 3775 Deum
726 3730 979 3787 sequutus
1009 3728 1059 3771 et
1087 3718 1251 3771 ludas
1284 3730 1488 3785 patrum
1520 3730 1820 3772 sanctorum
1844 3728 1898 3772 et

320 3794 698 3847 miraculorum
744 3790 892 3843 testis
921 3790 1206 3843 evaderet.
1243 3788 1520 3853 Samaritae
1552 3803 1679 3841 vero
1702 3830 1737 3850 ,.
1759 3790 1897 3844 sicut

324 3864 485 3916 falsos
501 3863 653 3927 deos,
667 3862 850 3914 relicta
870 3861 1109 3921 veritate,
1132 3859 1430 3920 coluerunt,
1452 3859 1521 3913 ita
1541 3860 1712 3913 ventis
1729 3860 1893 3928 pasci,

320 3936 488 3986 Secuti
522 3943 729 3991 mstum,
764 3930 811 3983 id
838 3938 940 3992 est,
958 3931 1218 3983 vanitates
1233 3938 1287 3983 et
1310 3931 1619 3997 perniciem,
1638 3932 1896 3997 detegun-

268 4012 271 4017 '
323 4013 430 4056 tur.
465 4002 666 4056 Relicta
715 4002 910 4067 quippe
933 4002 1350 4068 propugnatione
1382 4000 1496 4065 Dei,
1522 4016 1639 4067 qum
1692 4003 1896 4053 meritis

323 4080 439 4124 erat
472 4070 952 4139 itttpetratula,n0u
1005 4070 1205 4133 precio,
1233 4078 1342 4121 tum
1400 4070 1467 4139 ab
1496 4070 1745 4139 Assyriis.
1780 4079 1891 4123 tum

322 4142 391 4195 ab
422 4139 689 4207 Egyptiis
713 4138 905 4190 auxilia
930 4139 1325 4207 mercabantnr,
1357 4145 1410 4190 et
1441 4137 1678 4206 Assyriis
1704 4139 1893 4193 videli-

321 4221 409 4265 cet
464 4206 765 4276 pecuniam,
797 4216 851 4261 et
906 4206 1174 4275 Egyptiis
1230 4207 1431 4269 oleum,
1456 4209 1504 4259 id
1536 4220 1635 4271 est,
1674 4223 1896 4261 munera

322 4282 421 4335 soli
456 4280 677 4342 fertilia,
705 4277 1055 4340 destinando,
1090 4292 1185 4345 per
1228 4291 1385 4329 unam
1413 4279 1608 4346 quippe
1634 4279 1896 4344 speciem,

322 4353 490 4406 multa
518 4349 764 4419 signavit.
795 4348 944 4412 Quod
971 4363 1100 4419 ergo
1121 4356 1361 4419 secutum
1388 4349 1790 4419 estaudiatnus.

397 4423 545 4487 νει-ε.
567 4416 623 4474 9.
646 4417 979 4471 ——Judiciuiu
1011 4416 1103 4471 Dei
1127 4417 1237 4488 [ΑΙ.
1257 4416 1493 4486 Dontinil
1518 4434 1633 4471 eum
1656 4416 1820 4473 Iuda.
1841 4430 1888 4472 et

1995 3306 2183 3347 exi-ria
2219 3294 2498 3361 majestate
2521 3295 2871 3360 deprimeret,
2894 3298 2987 3348 sed
3019 3296 3171 3363 quasi
3200 3296 3417 3362 aequalis
3447 3308 3578 3347 eum

1997 3364 2211 3427 tumulo,
2247 3366 2531 3418 inierim-ve
2558 3378 2745 3419 Ct't'l't'-
2769 3376 2809 3419 t.
2837 3366 2987 3433 Quod
3036 3365 3123 3419 ubi
3172 3368 3357 3418 beatus
3385 3363 3579 3427 Jac-ili,

1999 3446 2057 3489 ut
2081 3436 2223 3489 ιωιιι
2270 3436 2479 3495 robore,
2518 3447 2584 3488 ita
2625 3440 2787 3489 etiam
2846 3436 3121 3504 prudentia
3177 3435 3457 3499 ot-ulatus,
3490 3449 3575 3486 as-

2002 3507 2161 3572 pexit,
2197 3506 2441 3560 videlicet
2494 3508 2776 3561 Dominum
2819 3523 2972 3561 suum
3031 3521 3218 3574 magna
3276 3506 3469 3574 pietate
3516 3519 3574 3556 se

1999 3580 2119 3631 ideo
2148 3578 2482 3635 submittere.
2507 3588 2563 3630 ut
2582 3578 2783 3645 qutede
2806 3576 2942 3631 servi
2967 3578 3045 3630 sui
3076 3576 3578 3629 subliunttionedis-

2003 3661 2274 3713 posuerat,
2305 3649 2557 3702 indicaret
2587 3688 2602 3712 ,
2630 3652 2677 3700 id
2720 3658 2822 3711 θαι,
2847 3651 2984 3713 quod
3012 3663 3079 3702 eo
3132 3656 3430 3715 protectore
3480 3662 3540 3696 su
3560 3673 3573 3685 -

2001 3718 2302 3773 blimandns
2327 3733 2494 3783 esset,
2518 3737 2622 3789 quo
2650 3722 3021 3783 colluctatore,
3054 3721 3186 3773 bene
3207 3718 3471 3789 extitisset
3493 3731 3575 3789 su-

2002 3791 2196 3857 perior,
2232 3790 2489 3858 ﬁeretque.
2518 3787 2584 3843 ad
2611 3790 3011 3861 intelligendum
3044 3791 3264 3843 idoneus
3288 3828 3302 3850 ,
3334 3787 3470 3856 qttod
3505 3787 3580 3839 ita

1999 3877 2118 3914 cum
2153 3878 2307 3914 nemo
2336 3864 2640 3914 mortalium
2664 3862 2911 3921 violaret.
2944 3869 3000 3913 ut
3048 3876 3145 3913 nec
3199 3861 3440 3922 superior
3484 3873 3577 3910 tta-

2001 3940 2114 3983 tura
2147 3932 2373 3997 idipsutn
2404 3944 2577 3999 posset
2604 3931 2859 3985 el'ficere:
2891 3932 3115 3999 proinde
3144 3945 3262 3981 cum
3319 3937 3423 3979 tam
3457 3943 3580 3999 prn-

1999 4002 2219 4053 l'undum
2250 3997 2531 4054 consilium
2560 4004 2859 4069 patriarrba
2884 3997 3162 4061 sensisset,
3197 3999 3438 4061 διιιινὶιιιιιι
3472 3997 3578 4069 illi-

1999 4088 2065 4121 t'o
2088 4071 2403 4124 humilitatis
2433 4088 2536 4123 ttntt
2560 4068 2806 4124 elationis
2832 4071 3105 4129 assumsit,
3130 4078 3185 4121 et
3216 4078 3271 4119 ιιι
3298 4068 3579 4119 benedit'e-

2002 4149 2148 4193 retur
2199 4148 2267 4192 ab
2295 4156 2383 4201 eo,
2404 4144 2486 4194 cui
2534 4142 2811 4193 videbatur
2858 4140 3198 4206 prtuvaluisse
3222 4178 3237 4199 ,
3269 4138 3582 4205 lztcryuithis

2004 4211 2487 4278 t-ttppltcaliouibtls
2532 4212 2864 4276 depoposcit.
2920 4210 3027 4261 Nec
3080 4209 3165 4260 ila
3216 4211 3579 4260 οιηιιιιιιειιςιις

2007 4296 2086 4331 sui
2118 4280 2455 4333 simulatione
2482 4281 2743 4341 deceptus
2789 4293 2901 4342 est,
2933 4290 2989 4330 ιιι
3015 4295 3072 4331 se
3099 4278 3250 4347 quasi
3302 4281 3579 4329 fortiori-tu

2012 4357 2222 4415 putaret
2274 4368 2287 4404 :
2340 4349 2434 4403 sed
2496 4349 2635 4402 sicut
2698 4350 2764 4402 ad
2813 4347 3089 4402 linendum
3166 4352 3386 4400 διάγει-εει
3465 4364 3577 4399 tua-

1996 4421 2305 4491 goauimus,
2362 4422 2431 4473 ita
2481 4420 2546 4473 ad
2587 4420 3002 4489 dignoscendutu
3032 4420 3239 4473 occulta
3291 4417 3571 4478 sollieitus,

264 4550 271 4593 ε
325 4564 523 4620 textus,
554 4570 711 4623 quem
745 4553 841 4606 sibi
872 4550 1240 4623 explicandum
1290 4550 1559 4619 prOpouit,
1587 4551 1891 4623 partitione.
1931 4558 1975 4615 ι)
2002 4564 2163 4619 tuum,
2198 4562 2304 4608 etc.
2340 4553 2504 4607 Paulo
2528 4561 2645 4617 [.osl
2672 4570 2769 4620 pro
2797 4551 3017 4613 custodi,
3047 4559 3096 4604 et
3126 4568 3292 4621 spera,
3321 4554 3578 4619 quemad-

322 4621 654 4680 l‘ostretntttn
683 4625 881 4692 quippe
933 4621 1090 4691 hujus
1138 4622 1341 4690 Capitis
1373 4624 1689 4675 versiculum
1742 4622 1892 4691 jnitia

327 4696 625 4763 Vulgatam,
650 4710 769 4747 cum
797 4695 966 4761 primo
989 4693 1360 4760 subsequentis
1383 4698 1566 4756 nectit,
1591 4695 1729 4760 qunti
1762 4695 1896 4745 tudi-

322 4770 406 4821 cio
430 4774 533 4829 e~t,
569 4764 1027 4834 llierouymianain
1051 4765 1371 4827 versionem,
1410 4779 1567 4831 quam
1616 4768 1683 4814 ob
1712 4765 1895 4816 oculos

326 4838 576 4900 habebat,
605 4837 671 4887 ab
723 4838 811 4888 ilio
840 4850 944 4903 quo
994 4843 1291 4900 postremus
1332 4849 1471 4885 nunc
1498 4845 1599 4896 est,
1632 4834 1760 4887 olim
1794 4850 1893 4885 no-

324 4922 449 4960 vum
475 4918 631 4974 caput
658 4907 796 4960 idest
828 4904 941 4957 XII.
971 4904 1267 4957 inchoasse.
1298 4903 1448 4971 Quod
1491 4908 1667 4973 utique
1697 4917 1747 4955 et
1780 4921 1896 4958 rec-

328 4979 433 5031 tius
483 4978 671 5038 habet,
696 4976 925 5028 maxime
955 4989 1082 5027 vero
1120 4976 1332 5040 antiqua
1390 4974 1595 5026 llehiaei
1627 4975 1896 5043 :ticltetypi

328 5048 613 5115 partitione
640 5048 916 5115 probatur,
951 5044 1035 5099 ubi
1092 5054 1251 5111 caput
1305 5043 1394 5099 XII
1425 5084 1440 5099 .
1472 5048 1538 5095 ab
1564 5049 1750 5099 eodem
1806 5048 1899 5097 ilio

326 5133 480 5171 versu
531 5116 876 5170 Circumdedit
915 5132 1012 5178 me,
1040 5124 1143 5168 etc.
1173 5116 1380 5167 initium
1436 5126 1620 5181 suout,
1652 5127 1706 5167 et
1755 5116 1894 5179 qttod

328 5202 504 5254 pra-ce
524 5189 602 5251 lit,
635 5188 764 5240 solis
794 5186 1043 5239 underim
1068 5186 1345 5239 versiculis
1368 5196 1595 5238 contui.
1631 5186 1709 5239 Ad
1765 5187 1902 5238 banc

325 5259 578 5310 amussim
611 5256 1074 5326 Hieronymianam
1103 5271 1312 5324 quoque
1338 5257 1636 5310 hditiunetn
1668 5264 1900 5309 nostrain

325 5327 531 5390 referri,
564 5328 730 5381 satius
754 5338 875 5381 erit.

397 5407 423 5433 ⁸
458 5398 696 5451 l’laceret
716 5400 887 5465 magis
908 5397 1074 5451 veteri
1110 5394 1309 5448 Editori
1330 5395 1653 5449 uisitatiouiu

397 5466 425 5505 δ
451 5470 768 5521 Eornmdem
803 5464 937 5537 pene
985 5467 1270 5521 verborum
1325 5465 1772 5537 occursnslrandi
1803 5464 1902 5520 fuit
1956 5508 1957 5511 η

325 5541 644 5607 antiquaria,
670 5548 727 5591 ιιι
780 5535 1147 5602 interpositum
1194 5538 1533 5599 versiculum,
1566 5535 1629 5588 Et
1656 5536 1900 5589 Dominus

328 5608 464 5662 Deus
516 5610 852 5670 exercituum,
887 5607 1156 5671 Dominus,
1181 5609 1475 5659 mentariate
1518 5610 1651 5675 ejus,
1685 5620 1896 5670 prmer-

328 5682 557 5733 uiitteret
588 5683 811 5732 solemni
841 5679 1258 5732 describenttum
1292 5678 1575 5743 lapsu.Qui
1606 5678 1890 5741 subsequi-

331 5759 417 5802 tur
446 5764 604 5815 pencs
667 5749 1069 5816 Hieronymum,
1106 5746 1381 5815 \"ulgatnm
1412 5749 1780 5814 interpretem,
1809 5747 1891 5813 ip-

328 5831 551 5889 suntque
580 5819 856 5874 Hebraeum
898 5827 1117 5885 textum,
1150 5818 1219 5870 ita
1250 5816 1425 5887 habet,
1458 5829 1504 5872 rt
1530 5828 1585 5871 tu
1613 5818 1683 5870 ad
1731 5816 1895 5869 Deum

2004 4626 2220 4677 modum
2245 4626 2593 4686 restituituus,
2629 4638 2906 4693 perperam
2958 4631 3113 4676 antea
3142 4625 3439 4692 legebatur,
3464 4637 3585 4675 διιδ-

2003 4696 2160 4747 (odiet
2182 4712 2353 4760 spera,
2381 4706 2489 4747 etc.

2078 4776 2098 4803 ε
2122 4766 2315 4818 Vitiose
2347 4767 2461 4818 lteic
2492 4767 2651 4817 etiam
2676 4763 3053 4834 legebatur,“
3079 4765 3390 4830 urguendum
3411 4773 3582 4832 poste-
3612 4764 3615 4765 ⁷

2001 4852 2173 4888 rorum
2197 4838 2487 4889 utilitatem.
2516 4835 2693 4893 Ιιθμυε
2720 4847 2824 4887 t.un
2856 4852 2885 4887 at
2914 4836 3020 4889 nob
3041 4850 3067 4889 s
3091 4834 3372 4889 lectionem
3390 4849 3586 4888 sensus

2002 4908 2102 4960 loci
2132 4919 2524 4970 cootextusquc
2546 4909 2759 4958 evuicit.

2072 4975 2096 5013 ά
2124 4977 2306 5030 Denuo
2334 4985 2483 5029 vetus
2517 4976 2717 5036 Editur.
2750 4993 2906 5046 quem
2932 4977 3059 5030 nihil
3089 4975 3261 5030 solent
3295 4975 3580 5029 manifesta

2000 5064 2144 5115 gravi
2178 5050 2416 5114 simaqnc
2448 5052 2634 5101 menda
2667 5065 2798 5098 movi
2821 5065 2895 5107 re,
2932 5051 2980 5100 iu
3025 5049 3060 5101 h
3082 5065 3106 5099 s
3131 5064 3247 5114 quae
3274 5050 3403 5100 8.tlt~
3434 5061 3585 5100 recte

2007 5121 2226 5182 habent,
2253 5119 2521 5186 ingenium
2550 5130 2790 5173 exercet.
2816 5124 2939 5173 lleic
2967 5128 3147 5175 erata
3178 5118 3356 5171 mallet
3384 5132 3581 5171 tescrt—

2008 5192 2056 5242 bi
2092 5205 2187 5254 pro
2210 5191 2309 5257 glm
2324 5194 2405 5241 tat.
3460 5255 3467 5257 _
3607 5191 3613 5197 ’

2080 5268 2105 5294 θ
2133 5255 2567 5325 Ρτὼιιιιδιιίοιιειιι
2595 5260 2660 5313 de
2706 5260 2829 5315 hinc
2859 5263 3156 5313 amovimus
3184 5276 3197 5310 :
3232 5266 3342 5308 tum
3389 5255 3581 5309 siibse.

2006 5331 2190 5398 quenti
2243 5345 2395 5384 vet-su
2439 5348 2532 5395 pro
2583 5333 2811 5384 decimus
2865 5338 3094 5391 noverat,
3126 5328 3268 5395 quod
3323 5328 3585 5398 hactenus

2008 5396 2126 5451 cum
2161 5402 2286 5455 recti
2318 5415 2506 5454 sensus
2535 5400 2810 5469 diapendio
2857 5402 3151 5459 obtinebat,
3188 5396 3582 5469 iescripsintus,

2008 5472 2232 5523 decimas
2263 5482 2489 5532 voverat,
2522 5468 2759 5539 satisque
2786 5484 2854 5522 tta
2878 5486 3014 5523 vera-
3038 5473 3338 5536 scriptiont,
3369 5468 3584 5539 locique

2008 5540 2298 5611 integritati
2352 5538 2685 5595 consultum,
2714 5546 2973 5592 |iiiCtll|||".
3010 5540 3170 5611 Vetus
3221 5538 3403 5590 Editur
3446 5538 3584 5611 satis

2008 5608 2187 5664 habuit
2208 5616 2496 5664 adnotasse
2516 5614 2646 5663 altas
2665 5612 2787 5676 legi.
2803 5626 2892 5661 nec
2909 5614 2971 5661 de
2988 5611 3106 5661 ullis
3118 5609 3355 5661 humanis
3369 5608 3577 5670 apibus,

1993 5686 2084 5734 sed
2118 5685 2209 5735 Dei
2236 5694 2453 5743 tantum,
2485 5695 2589 5734 etc.
2621 5683 2850 5732 Omnino
2879 5685 2962 5732 ubi
2995 5680 3245 5736 mendum
3278 5680 3431 5745 idque
3456 5692 3581 5745 gra-

1995 5754 2270 5807 vissimum
2301 5758 2552 5816 cubant,
2585 5768 2688 5803 non
2721 5752 3007 5813 intellexit.
