4110 6350
322 381 452 442 103⁷1
511 372 516 376 ’

1482 381 1542 436 ΙΝ
1583 378 1749 436 1081,
1787 374 2350 433 COMMENTARIUS.

3448 368 3581 423 1053

317 495 680 561 Macedonici,
711 505 766 551 et
796 496 1018 551 Romani
1050 494 1229 564 populi
1276 503 1603 565 putaverunt
1627 495 1893 565 signiﬁca-
1928 496 1970 551 Α
2002 489 2138 565 batis
2168 493 2357 565 ιιιονξεΔ
2380 489 2774 565 etut‘nhilibns,
2820 489 3011 565 ulzflute
3038 503 3243 550 ontnes,
3284 489 3372 565 qui
3412 489 3578 565 bibitis

320 569 519 622 tionem
551 568 768 620 valere:
795 584 1017 635 quorum
1051 566 1256 635 opibus
1285 565 1533 617 nituirum
1580 564 1890 619 Jttdainrum

318 648 402 693 est
452 639 632 692 attrita
675 633 1010 703 Respublica.
1070 637 1171 691 sub
1229 633 1591 703 descriptione
1650 636 1896 690 Vltleltt‘el

319 708 664 771 locustarum,
701 708 1118 762 vicissitudinem
1152 705 1384 758 hostium
1418 706 1739 770 public;it.im
1770 722 1894 759 esse

320 780 620 833 credentes.
669 777 821 842 Quod
872 779 1056 847 utique
1100 784 1137 847 ιγ
1175 776 1478 847 viderentur
1510 789 1623 847 per
1662 778 1893 847 aliquam

319 849 758 912 consequentiam
791 842 1071 915 suspicati,
1097 846 1141 900 si
1173 844 1303 899 nihil
1331 842 1695 898 calamitatum
1719 845 1891 901 Judaei

318 920 419 972 nisi
470 919 539 972 ah
581 916 824 971 lioStlbus
854 919 1217 985 pertulissent.
1264 915 1399 967 Cum
1444 930 1571 968 vero
1592 924 1653 985 et
1696 916 1891 970 famem

315 991 720 1056 gravissimam,
748 996 803 1040 et
835 984 1178 1055 prodigialem
1217 986 1357 1038 sicut
1396 985 1534 1056 beati
1563 984 1727 1038 llelia:
1760 998 1895 1037 teut-

315 1054 540 1126 pnribus
587 1054 921 1122 siccitatem,
972 1054 1027 1110 et
1070 1065 1295 1110 mortem
1347 1054 1577 1126 subitam
1609 1058 1891 1123 Variusque

315 1124 690 1197 corruptiones
724 1132 1006 1196 pertulisse
1036 1129 1348 1197 doceantur,
1383 1125 1507 1189 quid
1533 1124 1629 1178 luit
1659 1140 1885 1181 necesse

313 1214 432 1252 eam
461 1194 677 1268 quoque
708 1194 1002 1264 penuriam,
1038 1194 1279 1263 quatutis
1311 1197 1636 1268 locoSIarum
1670 1205 1725 1268 et
1764 1198 1889 1248 hru-

313 1265 538 1323 chorum
569 1265 804 1321 intulerit
837 1270 1187 1331 mentionem,
1222 1267 1457 1331 gentium
1488 1265 1887 1320 incursionibus

314 1339 622 1407 applicare?
649 1339 1008 1404 lutelligentes
1051 1352 1180 1405 ergo
1220 1336 1537 1401 simpliciter
1566 1338 1729 1407 verba
1764 1353 1887 1404 pru-

314 1404 737 1478 plretica,magis
756 1422 913 1475 quam
942 1404 1131 1459 eadem
1151 1408 1276 1468 alio,
1320 1420 1425 1474 quo
1450 1404 1677 1470 libuerit,
1718 1418 1887 1461 trans-

312 1480 571 1542 ferentes,
604 1481 832 1532 Iocustas
853 1491 899 1529 et
933 1493 1121 1532 erui-as
1150 1494 1254 1529 non
1279 1478 1653 1541 cataphractus
1682 1482 1887 1544 equites

314 1560 406 1605 aut
433 1550 707 1621 clypeatos
757 1549 998 1617 pedites,
1036 1549 1130 1621 sed
1171 1550 1491 1621 vermiculos
1531 1549 1804 1613 raripcdes
1832 1559 1886 1602 et

314 1618 555 1675 minutas
609 1630 971 1688 peuuatasque
1021 1618 1345 1683 accipiamus
1394 1618 1734 1671 animantes:
1767 1634 1883 1688 qua:

314 1691 385 1746 ita
416 1691 516 1745 sibi
549 1699 671 1743 tunc
702 1692 756 1742 in
790 1691 1077 1755 profanatas
1108 1690 1281 1756 gentis
1321 1696 1581 1741 tormenta
1613 1702 1885 1743 sutcesse-

310 1770 455 1823 runt,
484 1769 541 1814 ut
565 1760 752 1813 sedulo
780 1761 1110 1811 cusuotireut
1135 1761 1275 1811 vices
1304 1758 1564 1820 nocendi,
1598 1771 1651 1811 et
1680 1761 1723 1811 si
1754 1762 1878 1827 quid

309 1831 732 1900 praecedentibus
762 1832 1125 1893 remansisse',
1160 1829 1208 1881 id
1240 1839 1406 1900 totum
1434 1844 1552 1895 qua:
1582 1830 1881 1896 sequeban-

308 1897 396 1956 tur
425 1901 791 1956 absumerent.
825 1899 994 1965 Quam
1027 1915 1154 1952 sane
1183 1897 1473 1965 perniciem
1518 1911 1732 1951 saueius
1763 1901 1879 1955 Jocl

310 1972 708 2039 impendentem
755 1972 957 2038 magis,
988 1985 1145 2037 quam
1187 1970 1293 2037 jam
1328 1969 1527 2039 illatam
1583 1970 1880 2039 prophetali

306 2038 546 2097 intuetur
568 2050 789 2108 aspectu
819 2057 831 2093 :
861 2048 915 2093 et
940 2042 1058 2093 ideo
1082 2040 1207 2103 illis,
1232 2040 1298 2091 de
1328 2038 1520 2107 quibus
1541 2050 1753 2106 agatur,
1784 2038 1883 2095 titi-

304 2112 523 2167 serabili
553 2113 840 2165 securitate
870 2110 1236 2176 torpentibus,
1265 2110 1379 2181 ipse
1409 2109 1558 2174 quasi
1590 2112 1879 2181 benignus,

303 2193 359 2239 et
388 2182 695 2251 spectaculo
726 2182 816 2233 tali
846 2192 1241 2237 Consternatus.
1277 2180 1562 2251 inclamat:

378 2250 531 2307 vers.
562 2253 613 2306 5.
643 2278 711 2290 —-
743 2251 1171 2318 Expergiscimini
1195 2250 1351 2313 ebrii,
1377 2261 1422 2302 rt
1443 2252 1592 2319 ﬂete,
1616 2259 1662 2302 et
1690 2251 1882 2303 ululate

299 2339 480 2378 omnes
500 2323 590 2392 qui
613 2321 783 2374 bibitis
808 2323 984 2373 vinum
1026 2324 1077 2374 in
1107 2322 1379 2373 dulcedine
1404 2336 1424 2373 .'
1449 2321 1693 2389 quoniam
1728 2324 1880 2390 periit

300 2396 368 2448 ab
390 2409 478 2447 ore
509 2402 693 2447 rastro.
722 2393 989 2446 Moraliter
1018 2406 1237 2460 prorsus
1269 2393 1513 2443 inchoata
1539 2394 1876 2459 conquestio,

300 2481 425 2535 quze
453 2465 504 2516 iit
535 2464 837 2518 calamitate
867 2464 1145 2535 communi
1186 2464 1307 2516 illos
1341 2464 1608 2535 primum,
1640 2463 1737 2535 qui
1758 2478 1882 2530 gra-

302 2532 424 2588 vius
453 2543 568 2586 ea~tv
592 2537 667 2588 ris
695 2535 882 2588 eadem
921 2534 1093 2595 laturi
1114 2534 1399 2598 ducentur,
1429 2533 1683 2600 appellat.
1714 2532 1878 2587 Acer-

303 2605 424 2660 bius
446 2608 593 2657 enim
625 2604 835 2657 mordet
865 2606 1082 2671 penuria
1115 2604 1233 2657 deli.
1257 2605 1319 2656 iis
1347 2614 1611 2666 assuetos,
1644 2613 1700 2656 et
1729 2606 1879 2657 luxu-

302 2677 462 2731 riosis
510 2691 613 2729 non
661 2677 834 2729 solum
881 2674 1057 2742 inopia
1083 2714 1099 2738 ,
1137 2675 1231 2727 sed
1264 2674 1424 2727 etiam
1455 2673 1733 2741 frugalitas
1762 2677 1875 2741 ipsa

302 2756 625 2801 tormentum
652 2745 902 2799 est.Cum
932 2760 1059 2812 ergo
1083 2744 1337 2811 egestatis
1364 2754 1506 2797 esset
1535 2744 1875 2798 iucmumoda

298 2828 641 2878 narraturus,
671 2832 700 2868 a
733 2816 1093 2870 mediocribus
1120 2818 1303 2882 (Ithil,
1339 2824 1391 2867 et
1419 2812 1731 2867 deliciarum
1760 2826 1873 2869 tau—

300 2901 412 2942 tttm
439 2888 633 2940 damna
656 2884 938 2953 cootingit,
968 2900 1089 2951 qum
1115 2902 1217 2938 non
1250 2884 1302 2937 in
1323 2898 1608 2937 commune
1633 2886 1839 2938 cunctis
1860 2925 1873 2948 ,

294 2961 393 3014 sed
443 2957 802 3010 ltelluantihns
848 2965 1053 3010 tantum
1101 2966 1324 3023 possunt
1372 2969 1495 3009 esse
1546 2968 1629 3008 tne
1657 2960 1869 3009 nenda:

296 3044 499 3098 eosque
530 3038 635 3081 tam
668 3027 845 3081 \iliter
870 3028 1123 3089 azstimat,
1155 3039 1210 3079 ιιι
1244 3037 1457 3098 propter
1483 3026 1651 3079 solam
1682 3027 1871 3094 volup-

301 3097 465 3155 tatem
514 3112 697 3152 vivere
728 3098 961 3151 voluisse
1000 3102 1335 3165 pronum-iet.
1378 3097 1585 3164 Proque
1618 3108 1674 3149 ut
1703 3107 1872 3150 status

298 3171 483 3225 talium
517 3178 772 3232 meretur,
807 3168 1065 3237 atljungit,
1103 3178 1160 3219 ιιι
1190 3168 1214 3205 ι»
1249 3171 1569 3236 diligerent,
1602 3177 1655 3220 et
1682 3182 1873 3234 exper-

297 3242 587 3312 giscantur,
613 3253 798 3293 eorum
821 3251 1008 3312 saltem
1035 3255 1210 3312 rerum
1235 3239 1544 3292 imminente
1565 3242 1868 3312 dispendio,

300 3309 524 3381 quarum
548 3312 878 3364 studuis~ent
900 3309 1059 3379 [‘81
1082 3310 1369 3381 indortmre
1389 3312 1690 3381 consortio.
1719 3309 1874 3381 Nulla

297 3378 395 3437 vos
420 3423 433 3445 ,
469 3381 672 3450 inquit,
699 3378 994 3434 stnd.ortim
1026 3378 1283 3433 tiacteuus
1315 3378 1497 3432 habuit
1538 3393 1665 3431 cura
1696 3380 1877 3433 distri-

300 3462 455 3521 ctus,
490 3467 590 3505 nec
618 3453 1043 3517 compunctionis
1075 3451 1353 3504 stimulum
1391 3459 1661 3521 tantorum
1694 3450 1875 3502 crimi-

302 3520 445 3578 num
481 3526 812 3576 conscientia
861 3522 1139 3575 suscitavit
1169 3539 1180 3572 :
1210 3523 1304 3574 sed
1352 3520 1596 3573 servistis
1626 3521 1873 3574 omnibus

300 3592 585 3647 desideriis
606 3633 620 3655 ,
655 3592 804 3657 quasi
843 3593 1073 3660 ageretis
1100 3607 1128 3643 a
1158 3593 1365 3659 justitia
1396 3590 1550 3644 liberi
1580 3606 1593 3641 :
1627 3589 1765 3643 victa
1793 3601 1876 3645 est

302 3665 560 3732 patientia
601 3663 795 3731 judicis
844 3663 1047 3716 a'terni.
1073 3662 1398 3730 impudentia
1427 3672 1481 3715 et
1511 3663 1871 3715 obstinatione

299 3735 635 3805 peccantium
671 3751 684 3786 :
718 3735 959 3787 dicrevit
980 3748 1075 3785 vos
1102 3736 1298 3787 debitis
1325 3734 1612 3805 subjugare
1639 3735 1875 3787 verberi-

297 3804 417 3869 bus,
444 3815 497 3859 et
530 3804 698 3871 prima
731 3805 917 3857 istlizec
948 3806 1294 3872 deliciarum,
1328 3808 1521 3872 quibus
1549 3804 1828 3858 abutimini
1852 3847 1867 3870 ,

278 3877 652 3930 instrumenta
700 3874 1022 3929 subducere.
1055 3876 1216 3943 Cujus
1259 3890 1391 3928 sane
1439 3875 1675 3942 penuria:
1704 3892 1874 3943 quatt-

298 3958 458 4013 qnam
489 3958 770 4013 processus
805 3948 964 3996 etiam
995 3946 1060 3997 ad
1090 3947 1389 3999 medioeres
1426 3960 1716 4013 inpesque
1749 3961 1871 4013 per-

276 4017 475 4069 veniat
500 4056 513 4077 ,
568 4024 892 4083 vosrtamen
925 4023 1089 4067 etiam
1121 4023 1340 4069 exordia
1374 4021 1488 4083 ipsa
1531 4019 1868 4069 crucialiunt.

296 4090 445 4151 Quos
474 4098 600 4150 ergo
630 4082 762 4134 nihil
804 4085 986 4135 docuit
1024 4084 1303 4151 disciplina
1345 4084 1605 4151 justitite,
1656 4086 1872 4151 incipiat

292 4158 485 4210 saltem
534 4154 741 4205 timoris
773 4163 796 4190 ο
831 4153 1077 4205 stimulus
1104 4153 1331 4220 experiri
1359 4195 1373 4218 ,
1422 4164 1475 4207 et
1506 4157 1628 4223 date
1661 4153 1871 4223 lachr)-

276 4235 412 4281 ‘tnas
445 4224 618 4287 vitiis,
662 4236 796 4291 quas
837 4223 1029 4275 olliciis
1058 4238 1162 4276 non
1196 4225 1423 4277 dedistis
1456 4238 1469 4276 :
1499 4222 1699 4292 quique
1730 4222 1868 4279 nuu-

293 4312 453 4367 quam
495 4294 740 4367 doluisris
767 4292 1445 4367 sauciatamirinocemiaiu
1464 4334 1483 4367 ,γ
1511 4297 1632 4367 lletc
1654 4294 1867 4349 (lenium

293 4364 658 4422 temulentiatu
694 4365 1023 4417 destitutam.
1060 4364 1485 4432 Expergiscimini
1516 4365 1675 4427 ebrii,
1704 4376 1749 4417 et
1777 4367 1870 4433 [ιε.

291 4448 387 4491 te:
440 4437 635 4489 ululute
678 4450 852 4487 attines
916 4435 1003 4502 qui
1057 4434 1235 4487 bibitis
1270 4437 1439 4487 riuum
1484 4437 1536 4487 iu
1576 4436 1865 4502 dulcedine,

270 4510 527 4574 quoniam
558 4505 706 4574 periit
732 4509 793 4558 ab
828 4521 915 4557 ore
942 4516 1125 4557 vestro.
1158 4508 1386 4559 Cau~sas
1407 4547 1419 4568 ,
1453 4507 1623 4574 inquit
1650 4546 1664 4568 ,
1696 4507 1866 4561 οιΐςιιο

264 4582 455 4634 Ὲίιιιιὶς
494 4578 837 4648 gravissima;
875 4586 1203 4648 entisectattt
1234 4578 1457 4630 luxuriae
1495 4577 1862 4646 pra‘stitistis:

270 4651 389 4705 'nee
421 4646 578 4703 lautis
597 4646 1034 4715 tetnpestivisque
1055 4647 1310 4700 C0.tViVll8
1328 4648 1663 4715 autsimplici
1689 4648 1865 4703 ebrie-

290 4729 397 4774 tate
425 4720 661 4775 contenti
680 4760 694 4782 ,
723 4718 815 4771 sed
849 4718 1026 4770 viuum
1059 4718 1446 4787 permisceudis
1467 4720 1715 4772 dulcibus
1746 4732 1864 4774 eor-

294 4792 485 4859 ruptis,
519 4798 573 4844 et
603 4790 991 4841 irritamentum
1023 4788 1194 4854 epulis
1221 4788 1450 4841 artilicio
1472 4798 1825 4856 comparastis
1844 4831 1859 4854 ,

265 4861 349 4915 ἰιι
374 4875 532 4914 omne
555 4859 672 4912 vita:
702 4859 938 4928 spacioni
971 4860 1110 4912 inter
1128 4861 1397 4913 lasciviam
1422 4870 1473 4911 et
1497 4860 1860 4914 temuleuttam

288 4933 594 5001 disperiret.
629 4930 767 4984 Ecce
799 4943 940 5001 nunc
973 4941 1181 4997 tempus
1207 4930 1468 4997 ejusmodi
1513 4930 1732 4984 ultionis
1761 4933 1876 4999 ad:

289 4999 453 5067 veniit,
487 5017 605 5071 qua:
638 4999 950 5071 populandis
975 5010 1236 5055 terrarum
1264 5002 1526 5053 lruetibus
1548 5003 1859 5055 deliciarum

290 5074 621 5143 potissimum
672 5070 1021 5124 instrumenta
1071 5073 1354 5143 subducat.
1416 5072 1539 5126 Ilaec
1589 5087 1683 5143 vos
1732 5088 1862 5143 ergo

287 5144 508 5210 primos,
538 5141 738 5213 inquit,
767 5157 1002 5213 aerumna
1035 5143 1257 5195 vexabit
1281 5141 1421 5212 [Αιιι.
1456 5142 1708 5213 vexavit},
1740 5141 1860 5211 quia

286 5211 602 5283 frugalitatis
636 5211 836 5280 ignaris
865 5212 1195 5279 experientia
1223 5226 1499 5280 pinnarum
1528 5215 1584 5265 lit
1611 5211 1862 5266 inuoluu-

289 5286 360 5336 tio
390 5286 686 5352 cepiarutu.
719 5284 783 5335 Et
810 5283 1060 5351 quoniam
1092 5285 1313 5335 rationis
1344 5284 1529 5346 obliti,
1567 5285 1659 5337 bes
1688 5287 1857 5338 iurum

285 5366 380 5408 vos
408 5353 613 5407 similes
645 5353 976 5419 reddidistis,
1008 5358 1057 5407 in
1093 5356 1221 5423 ipsis
1250 5355 1441 5406 saltem
1470 5356 1663 5424 quibus
1699 5358 1853 5408 incu-

354 5499 381 5528 ι
407 5489 427 5542 ι
452 5498 626 5544 cetum
659 5495 817 5541 antea
845 5487 1021 5542 minus
1044 5497 1208 5553 recte,
1239 5489 1494 5543 videntur.

258 5557 263 5561 ’
350 5559 379 5598 δ
410 5563 650 5614 Placerct
673 5561 852 5625 utique
879 5561 1066 5628 magis,
1092 5568 1144 5611 ut
1174 5561 1398 5629 vigilem.

355 5642 376 5669 ο
407 5632 576 5690 Antea
607 5628 836 5682 stimulos
871 5629 1180 5695 legebatur:
1212 5634 1351 5698 quod
1382 5645 1486 5683 non
1513 5639 1806 5683 mutassem
1830 5673 1844 5697 ,

282 5718 326 5757 si
353 5715 404 5758 et
435 5703 681 5765 incipiant
712 5700 904 5751 lectum
936 5700 1119 5751 luisset
1152 5699 1382 5766 plurium
1408 5717 1648 5753 numero.

351 5782 376 5808 α
410 5782 512 5824 aut
544 5772 661 5823 huic
691 5783 844 5821 error
863 5769 1052 5830 cubat,
1080 5783 1170 5820 aut
1207 5773 1257 5823 iit
1289 5774 1533 5826 ἰσοκώλου
1555 5771 1709 5839 hujus
1744 5771 1863 5824 line

284 5851 402 5903 post
432 5845 649 5897 verbum
673 5840 898 5909 evigilat,
922 5846 975 5892 et
1005 5840 1305 5894 addendum
1328 5846 1403 5895 vel
1424 5854 1804 5914 expergiscatur
1828 5857 1846 5893 :

1999 562 2167 613 viuum
2193 562 2243 615 in
2266 560 2531 614 dulcedine
2549 605 2562 627 ,
2592 564 2711 628 quia
2734 561 2879 627 periit
2908 558 2970 611 ab
3002 576 3087 613 ore
3116 569 3296 612 cedro.
3324 560 3458 611 Cum
3487 561 3576 611 det

1998 632 2326 685 nuuciatinni
2359 632 2684 701 prepheticm
2720 630 2962 685 censoris
2994 630 3341 698 exprobratio
3372 632 3573 696 perini-

1996 716 2194 767 scetur,
2228 702 2463 757 ostettdt
2504 702 2626 770 quia
2682 701 2842 755 homo
2892 701 2943 754 in
2995 701 3200 753 honore
3252 700 3575 753 constitutus

1997 788 2100 825 non
2136 771 2463 827 intellexerit
2498 771 2666 839 (Psal.
2692 774 2830 837 .58.).
2857 782 2907 823 ιιι
2932 774 2942 822 i
2970 771 3131 824 lcirco
3161 770 3348 831 brutis,
3381 772 3578 833 quibus

1996 857 2055 897 se
2096 843 2322 896 εῐιηιιιτιιι
2358 842 2621 904 reddidit,
2657 857 3019 909 conipare'ur,
3061 844 3312 894 damttutu
3344 843 3572 909 quippe,

1996 922 2050 966 nt
2081 912 2346 977 diximus,
2380 912 2503 966 vita:
2528 924 2721 981 putans
2749 914 3097 971 detrimenta,
3129 910 3153 947 ά
3188 923 3236 965 ut
3267 915 3386 980 quia
3413 913 3574 964 luxit-

1995 984 2069 1035 ria
2102 998 2245 1052 :egre
2289 985 2387 1035 Sub
2419 985 2532 1051 ipso
2562 984 2768 1051 fragore
2799 993 2953 1036 ιιιοι.ι·
2986 983 3203 1036 ultionis
3237 984 3483 1048 evigilat,
3518 993 3575 1035 ιιι

1993 1052 2115 1120 quia
2146 1053 2314 1106 nescit
2341 1053 2490 1116 ﬂere,
2527 1055 2605 1107 Vt‘l
2640 1054 2843 1107 ululet:
2879 1056 3035 1120 qua'c
3079 1062 3163 1106 est
3199 1058 3209 1104 i
3240 1052 3324 1106 lud
3360 1052 3413 1104 in
3440 1062 3575 1120 psal-

1994 1138 2081 1175 mo
2108 1140 2120 1173 :
2158 1120 2367 1175 Famem
2389 1127 2646 1189 patientur
2672 1136 2724 1176 ut
2749 1139 2919 1184 canes,
2936 1133 2981 1175 et
3009 1124 3291 1175 circuibuut
3318 1124 3572 1176 civitatem

1993 1191 2166 1262 (l’sul.
2201 1193 2333 1259 58.).
2368 1196 2689 1262 Uportuerat
2736 1210 2904 1263 ergo,
2959 1203 3014 1247 ut
3063 1196 3198 1247 ratio
3248 1210 3338 1247 vos
3396 1194 3571 1260 potius

1990 1266 2417 1331 compunctinuis
2465 1265 2805 1324 stimn’aiet,
2858 1280 3013 1329 quam
3075 1280 3307 1317 arumna
3367 1265 3570 1318 deforis

1992 1333 2261 1404 morsibus
2287 1335 2546 1388 excitaret
2574 1352 2586 1386 :
2616 1334 2709 1387 scil
2740 1337 2990 1404 quaniam
3025 1334 3221 1403 ι-]ιι1.ιιιι
3248 1336 3412 1388 nimio
3440 1349 3570 1387 cou-

1988 1401 2271 1458 Sttlcntiaut
2304 1404 2629 1472 perdidistis,
2660 1416 2714 1457 ttt
2741 1401 2842 1456 non
2863 1405 2968 1472 jam
2998 1401 3294 1473 providere.
3330 1406 3421 1459 sed
3455 1414 3568 1458 tati-

1991 1473 2267 1544 tummodo
2295 1478 2495 1528 sentire
2528 1478 2741 1542 possitis
2763 1517 2776 1539 ,
2809 1476 3004 1529 ululate
3037 1491 3194 1542 percu
3229 1476 3302 1539 si,
3338 1479 3424 1544 qui
3461 1492 3566 1530 uoti

1990 1543 2240 1617 tiumistis
2268 1546 2549 1599 admoniti.
2584 1546 2649 1600 Et
2677 1562 2709 1617 q
2733 1564 2792 1599 ia:
2824 1554 2906 1600 Cal
2934 1560 3123 1599 caussa
3151 1548 3333 1600 talium
3356 1543 3592 1616 lacltry-.

1988 1616 2226 1668 tuarum?
3438 1650 3441 1651 ν

2061 1684 2228 1758 νει-επ
2254 1684 2400 1740 6.-8.
2430 1712 2501 1725 —-
2536 1682 2672 1740 Geus
2707 1702 2843 1758 enim
2880 1688 3109 1741 ascendit
3163 1703 3318 1758 super
3368 1696 3562 1741 terram

1986 1773 2170 1819 meam,
2202 1756 2351 1825 fortis
2379 1768 2423 1809 et
2451 1757 2839 1809 innumerabilis
2862 1772 2880 1809 :
2906 1765 3081 1810 dentes
3125 1756 3235 1826 ejus
3285 1769 3340 1810 ut
3388 1758 3564 1811 dettlcs

1986 1826 2187 1879 leonum
2220 1826 2327 1896 [AL
2361 1828 2539 1896 leonis]
2558 1868 2571 1888 ,
2597 1830 2813 1881 uio/ures
2840 1829 2951 1898 ejus
2981 1838 3037 1880 ut
3067 1829 3226 1881 catuli
3257 1829 3435 1882 leonis.
3464 1828 3571 1882 Po-

1989 1898 2090 1948 suit
2120 1899 2317 1951 vincam
2348 1914 2511 1949 meant
2543 1898 2592 1949 in
2620 1899 2912 1962 desertum,
2944 1908 2992 1952 et
3016 1900 3171 1960 ﬁrum
3203 1915 3365 1952 meum
3391 1900 3570 1953 decor-

1990 1967 2198 2020 ticarit:
2233 1969 2433 2021 nudatis
2453 1969 2712 2039 _.~poltavit
2751 1986 2863 2023 eain
2911 1979 2956 2021 e:
2997 1971 3212 2039 projecit
3235 1985 3253 2023 :
3291 1970 3398 2023 albi
3443 1973 3569 2039 [acti

1984 2046 2100 2110 sunt
2127 2040 2258 2091 rami
2285 2043 2417 2107 ejus.
2446 2037 2513 2091 Pl
2546 2056 2643 2109 ttge
2663 2041 2793 2092 sicut
2824 2040 2963 2110 rirgo
2989 2037 3218 2095 act-iusta
3246 2057 3394 2094 sacro
3415 2037 3570 2110 super

1983 2108 2149 2181 uirum
2183 2109 2467 2181 pttberfa’is
2495 2108 2623 2163 ww.
2651 2108 3005 2178 Temporibus
3033 2112 3246 2179 quidem
3279 2112 3415 2177 illis,
3448 2108 3569 2181 qua:

1985 2179 2125 2253 beati
2158 2181 2310 2233 Osca:
2341 2180 2496 2233 titulo
2521 2182 3179 2253 conlita-titur,frequens
3211 2183 3371 2237 etiam
3402 2179 3567 2253 Assy-

1983 2248 2184 2302 riorum
2235 2259 2485 2323 narratur
2523 2250 2734 2319 eruptio
2765 2271 2776 2305 :
2812 2252 2906 2306 sed
2936 2248 3056 2320 quia
3090 2268 3195 2306 non
3227 2267 3332 2307 uno
3366 2248 3567 2323 genere

1986 2328 2342 2393 temeratores
2361 2322 2490 2389 legis
2514 2336 2625 2374 sua:
2648 2337 2824 2376 rerum
2852 2323 3100 2376 conditor
3125 2322 3410 2393 afﬂigebat,
3441 2324 3564 2379 ideo

1984 2389 2122 2442 inter
2154 2394 2375 2446 lto-tiles
2406 2392 2798 2461 populationes,
2827 2396 2923 2447 tias
2951 2408 3162 2462 quoque
3195 2389 3309 2448 lu'es
3332 2395 3562 2449 accidis-

1980 2474 2061 2523 se,
2087 2475 2221 2533 quas
2245 2462 2540 2515 dentmciat
2571 2471 2850 2532 propheta,
2879 2464 3179 2532 colligimus
3206 2480 3219 2517 :
3250 2466 3300 2518 in
3337 2480 3562 2533 quarum

1980 2544 2110 2585 sane
2175 2531 2614 2602 descriptionem,
2666 2534 2886 2588 multam
2936 2531 3153 2602 Operam
3196 2531 3430 2590 intentus
3466 2552 3564 2591 ex-

1982 2603 2194 2668 pendit,
2228 2601 2390 2673 ﬁsa
2417 2605 2646 2657 consilio
2683 2607 2933 2659 nimirttm
2964 2601 3013 2660 ei
3046 2614 3161 2659 arte
3203 2607 3320 2659 med
3346 2609 3518 2660 cautis
3547 2626 3561 2660 :

1982 2680 2040 2747 ut
2084 2675 2377 2747 saluaretur
2421 2675 2569 2728 illum
2619 2676 2902 2747 timorem,
2951 2675 3041 2744 qui
3098 2676 3377 2730 illecebras
3424 2679 3566 2747 cogit

1979 2741 2296 2815 horrescere
2316 2785 2331 2807 ,
2366 2746 2417 2798 in
2448 2746 2784 2800 audientium
2820 2741 3129 2815 pectoribus
3160 2741 3562 2813 commoveret,

1981 2827 2079 2866 nec
2109 2813 2421 2868 deuuuciati
2454 2820 2678 2869 terroris
2708 2813 2959 2871 stimulos
2988 2817 3089 2871 sub
3122 2816 3303 2871 iudicii
3339 2828 3362 2854 °
3390 2819 3566 2873 brevi-

1980 2891 2087 2936 tate
2114 2896 2537 2947 transcurreret,
2562 2889 2655 2939 sed
2687 2889 3122 2941 consideratione
3162 2904 3337 2941 rerum
3368 2889 3563 2943 iiniuo-

1979 2958 2082 3005 rari
2123 2954 2422 3008 auditorem
2454 2958 2673 3010 doceret
2696 2997 2711 3020 ,
2743 2958 2893 3024 cujus
2923 2960 3227 3012 cineuilatui
3280 2969 3387 3011 tota
3445 2959 3560 3013 luee

1978 3027 2249 3092 plagarum
2280 3025 2423 3079 atubi
2444 3027 2503 3096 io
2533 3026 2835 3093 parabatur.
2862 3028 2970 3082 Nec
3006 3028 3177 3085 stilum
3207 3030 3561 3096 descripsisse

1973 3106 2278 3160 contentus,
2308 3095 2477 3163 pergit
2499 3100 2658 3150 etiam
2680 3099 2963 3152 vi-rburum
2988 3114 3093 3165 pou
3118 3100 3315 3153 leribtts
3336 3095 3554 3167 augere,

1976 3167 2117 3232 quod
2144 3169 2391 3239 gesserit.
2422 3169 2655 3236 Denique
2686 3171 3228 3235 locustarmuagtuini
3260 3171 3433 3239 gentis
3460 3187 3554 3225 ιιει-

1902 3234 1946 3295 C
1979 3250 2098 3311 men
2132 3238 2437 3311 adscripsit,
2466 3234 2615 3306 quasi
2647 3254 2741 3306 per
2772 3249 2973 3291 turmas
3000 3234 3402 3310 manipulosque
3432 3258 3555 3311 gra-

1977 3307 2206 3381 dientis,
2239 3310 2506 3381 etcujus
2557 3325 2593 3361 ιι
2633 3326 2662 3359 ιι
2708 3312 2882 3363 minus
2914 3321 3055 3363 t-sset
3100 3307 3342 3381 novitas:
3392 3307 3551 3381 quam

1978 3378 2288 3450 magnitudo
2317 3378 2604 3431 formidini.
2640 3380 2804 3445 llujus
2835 3396 2976 3434 enim
3008 3382 3049 3433 si
3075 3378 3422 3436 eltieieniiaui
3456 3399 3553 3450 po-

1978 3447 2101 3522 tius,
2134 3463 2291 3517 quam
2323 3455 2562 3522 tuemlira
2605 3454 2945 3511 consideres.
2981 3450 3186 3504 videbis
3220 3452 3409 3522 dentes
3438 3447 3557 3522 ejus

1979 3516 2190 3570 leonum
2222 3519 2443 3580 catulis,
2470 3522 2576 3574 imo
2605 3522 2734 3588 ipsis
2767 3522 3039 3590 praedandi
3080 3521 3268 3591 peritis
3308 3516 3555 3579 leonibus

1975 3591 2334 3663 conferendas
2357 3609 2370 3643 :
2404 3606 2578 3660 neque
2606 3607 2747 3647 enim
2772 3593 3046 3649 dil'lieilins
3071 3596 3139 3647 ab
3165 3594 3244 3647 his
3276 3597 3554 3663 germina,

1974 3674 2134 3726 quam
2156 3664 2223 3713 ab
2251 3660 2359 3715 illis
2380 3673 2620 3718 armenta
2650 3673 2946 3719 vastantur.
2976 3665 3040 3717 Et
3062 3676 3264 3732 quanto
3282 3660 3460 3719 minus
3486 3660 3554 3721 ad

1948 3764 1951 3767 -
1976 3742 2173 3805 victum
2199 3735 2516 3785 mortalibus
2538 3750 2726 3804 greges
2753 3745 2975 3791 constat
2992 3735 3337 3803 commodare
3356 3772 3372 3801 ,
3396 3753 3555 3805 quam

1975 3804 2156 3876 fruges
2183 3819 2197 3856 :
2232 3814 2378 3855 tanto
2407 3814 2638 3873 ampltus
2672 3809 2905 3875 l'ruguut,
2937 3822 3095 3875 quam
3125 3822 3346 3876 gregum
3379 3804 3553 3876 popu-

1975 3871 2112 3947 lator
2131 3871 2515 3947 incommodat,
2540 3871 2904 3947 iultiantiaque
2919 3871 3164 3947 sanguini
3190 3871 3405 3946 guttura
3427 3871 3556 3931 lies-

1975 3946 2191 4017 tiaruiu.
2220 3946 2259 3997 ὃ
2293 3949 2325 3997 d
2357 3946 2530 4017 ipsum
2561 3948 2642 3999 lac
2681 3946 2889 4015 frugum
2918 3957 2973 4000 et
3001 3946 3554 4017 graminumsmvieus

1944 4042 1949 4047 ι
1977 4015 2178 4085 locusta
2203 4014 2489 4077 consumit,
2503 4017 2690 4069 etideo
2703 4014 2860 4069 etiam
2880 4014 3093 4085 pecora,
3109 4016 3199 4085 qui
3224 4035 3325 4069 non
3351 4021 3556 4072 tnandit

1952 4082 2067 4152 μ’.
2082 4097 2321 4148 quianon
2344 4085 2622 4153 mandunt]
2637 4082 3110 4140 iuterlieiiﬂmnes
3126 4082 3267 4149 enim
3282 4086 3462 4156 sylvas
3478 4088 3552 4139 ιι-

1942 4193 1949 4203 .
1975 4168 2095 4205 rore
2116 4155 2399 4220 despoliat,
2423 4164 2479 4208 et
2496 4157 2644 4218 quasi
2677 4167 2883 4210 natura:
2906 4158 3068 4223 ipsius
3089 4155 3471 4217 conditionem.
3501 4160 3553 4212 vi

1972 4224 2136 4275 cladis
2162 4226 2423 4276 itttltoltlt‘:
2451 4234 2509 4277 ut
2531 4227 2975 4292 quemadmodum
2998 4228 3187 4281 soloin
3214 4228 3552 4296 ltyberttodt-

1973 4308 2130 4367 vexo,
2150 4296 2342 4346 liutttor
2364 4298 2615 4348 arborum
2630 4298 2693 4349 ad
2719 4298 2973 4351 interiora
2995 4299 3353 4364 compellitur,
3368 4303 3552 4367 sicque

1971 4366 2243 4417 frondium
2274 4367 2477 4420 honore
2506 4367 2782 4434 deposito,
2812 4371 3005 4421 robora
3041 4372 3180 4422 nuda
3199 4366 3511 4426 consistunt
3530 4411 3547 4435 ,

1971 4450 2092 4504 qua:
2137 4439 2181 4488 si
2224 4437 2515 4489 rusticaodt
2566 4439 2782 4505 ignarus
2811 4438 3070 4505 aspiciat,
3100 4438 3351 4505 desperat
3392 4454 3550 4507 posse

1973 4509 2414 4580 revirescerezita
2439 4508 2580 4561 istud
2609 4524 2825 4576 agtuen,
2856 4510 2998 4580 quod
3028 4512 3092 4562 ad
3105 4523 3289 4562 venire
3308 4513 3551 4576 deploro,

1979 4578 2119 4630 haud
2150 4580 2326 4630 Solum
2362 4580 2541 4632 mollia
2568 4581 2893 4647 graminum,
2927 4578 3022 4632 sed
3048 4580 3254 4634 matura
3279 4581 3438 4633 etiam
3472 4586 3551 4633 vi-

1976 4658 2096 4701 neta
2143 4658 2462 4711 consumet,
2503 4665 2603 4703 nec
2641 4649 2814 4717 pomis
2854 4651 3030 4703 albata
3081 4652 3357 4713 vindemia
3405 4662 3543 4704 tem-

1970 4720 2208 4787 perabit,
2256 4721 2440 4791 dulces
2496 4722 2692 4790 quippe
2743 4723 2877 4774 licus
2920 4737 3106 4774 amaro
3156 4723 3321 4774 dente
3358 4734 3549 4791 pepu-

1934 4809 1939 4819 ι
1969 4792 2193 4858 labitur,
2245 4801 2300 4843 et
2346 4790 2418 4843 ita
2468 4793 2645 4843 dedita
2687 4805 2851 4859 opera
2885 4802 3049 4845 totum
3081 4791 3335 4845 corticem
3367 4790 3550 4859 perse-

1937 4870 2183 4927 .quetur,
2234 4876 2328 4927 per
2374 4876 2532 4929 quem
2583 4862 2757 4915 vitalis
2806 4865 3056 4916 nimirum
3104 4872 3312 4931 poterat
3356 4878 3550 4916 succus

1934 4952 1941 4957 -
1968 4931 2136 5002 illabi,
2172 4942 2228 5002 ut
2256 4934 2373 4985 alba
2400 4947 2494 4999 pro
2518 4931 2674 4985 viridi
2701 4934 2846 5000 sylva
2874 4932 3092 4987 visatur.
3119 4934 3252 4987 Cum
3273 4948 3421 5002 ergo,
3447 4950 3548 4992 nec

1968 5000 2110 5072 [Αηι.
2141 5001 2231 5073 ne]
2263 5006 2519 5055 creditam
2552 5004 2652 5055 sibi
2686 5005 2887 5071 t’rugcm
2938 5012 3079 5059 terra
3127 5000 3412 5070 restituat,
3447 5023 3543 5058 nec

1932 5090 1935 5093 '
1967 5080 2294 5140 spontatteus
2326 5079 2595 5139 palmitem
2629 5075 2829 5129 fructus
2859 5075 3099 5140 inclinet,
3136 5090 3236 5130 nec
3262 5091 3544 5144 pomorum

1932 5146 2155 5196 'Stlialla
2210 5160 2368 5212 aegris
2410 5159 2586 5197 anuus
2634 5148 2931 5201 cultoribus
2978 5147 3347 5201 subministret
3377 5162 3389 5196 :
3417 5147 3544 5211 quid

1965 5225 2217 5282 superest
2238 5257 2253 5281 ,
2286 5223 2468 5267 noster
2498 5220 2693 5285 pepule
2715 5254 2732 5281 ,
2779 5218 2881 5270 nisi
2914 5228 2970 5269 ut
2998 5218 3353 5283 calamitatem
3382 5225 3544 5285 tuam

1926 5299 1935 5307 ί
1966 5287 2177 5337 lletihus
2206 5283 2581 5354 persequaris?
2610 5292 2702 5339 sed
2743 5289 2817 5340 ita
2851 5293 3068 5355 irriguis
3097 5299 3152 5339 et
3183 5283 3456 5353 plurimis,
3486 5297 3544 5337 ut

1961 5357 2135 5409 solent
2167 5357 2400 5411 [tenuate
2443 5373 2579 5427 Qttas
2627 5359 2801 5411 luctus
2842 5357 3121 5410 viduitatis
3142 5358 3413 5424 oppressit
3437 5394 3454 5421 ,
3485 5365 3541 5408 et

1964 5505 2121 5559 tuque
2153 5504 2399 5560 proprius
2443 5466 2650 5544 videtur
2672 5489 2738 5542 ad
2774 5503 2978 5542 verum.
3015 5466 3308 5541 -‘Vereor
3332 5468 3411 5543 (ne
3431 5504 3541 5546 non

1928 5577 2047 5615 sic
2067 5565 2229 5615 etiam
2262 5577 2454 5616 sensus
2482 5572 2589 5612 ttat.
2607 5561 2829 5612 obvius..
2851 5560 3012 5616 Eutr.

2033 5663 2057 5689 θ
2093 5656 2355 5707 Admouet
2396 5662 2548 5704 vetus
2589 5649 2772 5701 Editur
2821 5648 3102 5716 legendum
3138 5648 3362 5715 judicii;
3406 5664 3532 5704 mox

1956 5740 2165 5793 quoque
2199 5741 2293 5789 pro
2321 5722 2727 5773 consideratione
2768 5721 2818 5772 itt
2858 5721 2951 5771 Ms.
2983 5718 3276 5787 exetttplari
3306 5732 3405 5773 suo
3438 5726 3534 5775 ha-

1958 5800 2070 5851 beri
2100 5794 2518 5850 consideraturis.
