4110 6350
317 352 443 406 1081

1461 350 1523 405 ΙΝ
1560 349 1724 407 JOEL
1762 345 2314 406 COHMEN'I'ARIUS.

3406 343 3430 396 Ι
3441 337 3546 396 οη

315 462 526 523 sistere,
561 476 659 516 nec
683 461 994 531 subtrahere
1022 461 1294 531 quippiam
1340 462 1602 518 calliditas
1629 465 1878 519 occulen-
1907 468 1947 520 Α
1979 459 2099 522 bus.
2127 466 2219 510 at"
2249 468 2445 520 rorem.
2469 463 2558 531 alii
2579 452 2831 531 ριιιγίρηι,
2857 468 2961 521 (illo
2980 452 3220 531 ερςηιίηη
3249 453 3548 522 Ρΐοάηοεηο

315 531 444 582 tium
473 531 578 602 [AL
605 530 951 601 oculentum].
974 530 1121 598 Quod
1151 533 1310 600 igitur
1338 533 1431 594 ait,
1473 533 1696 585 Vastitas
1722 552 1754 587 α
1783 552 1871 600 po-

318 609 448 652 ten'e
489 602 666 664 veniet,
716 602 796 653 vel
844 604 1290 669 comparationem
1336 602 1558 668 positam
1590 603 1788 671 accipe,
1820 613 1877 658 ut

322 686 426 724 non
465 672 640 724 minus
684 672 959 725 valituram
1003 673 1399 740 castigationem
1431 673 1681 731 sciamus.
1718 690 1874 740 quam

319 740 364 810 si
395 750 536 794 esset
566 742 913 806 potentissimi
944 742 1168 810 alicujus
1196 742 1335 810 regis
1361 743 1605 796 stevitura
1634 741 1873 797 victoria.

321 809 398 863 De
425 825 531 878 quo
564 811 745 863 colore
773 813 930 863 etiam
967 809 1098 865 illud
1139 812 1189 864 in
1234 809 1436 878 psalmo
1463 819 1577 865 est:
1616 811 1878 868 Excitatus

320 890 559 948 tanquam
589 881 841 933 dormiens
875 879 1135 939 Dominus.
1161 892 1400 950 tanquam
1429 891 1602 951 potens
1641 885 1877 950 crapula-

322 960 401 1004 tas
428 967 457 1002 a
484 952 639 1012 vino;
678 961 751 1016 et,
797 951 1048 1004 Percussit
1098 954 1325 1004 inimicos
1351 969 1468 1004 suos
1497 952 1548 1004 in
1587 955 1881 1016 posteriori-

320 1020 431 1084 bus,
464 1021 786 1088 opprobrium
814 1022 1174 1089 sempiternum
1209 1021 1349 1073 dedtt
1386 1022 1488 1074 illis
1523 1022 1692 1090 (Psal.
1727 1025 1876 1086 77.):

321 1091 408 1143 vel
437 1101 600 1155 certe,
640 1106 746 1146 non
781 1105 873 1154 per
898 1093 1220 1158 exemplum,
1265 1091 1356 1143 sed
1395 1106 1488 1156 pro
1514 1093 1882 1154 singularitate

323 1160 513 1212 factam
537 1161 889 1228 intelligamus
911 1161 1466 1214 commemorationem
1492 1164 1738 1228 potentis,
1762 1179 1885 1217 neu-

323 1230 522 1296 tiquam
550 1247 713 1286 unum
743 1241 828 1284 aut
859 1229 1015 1290 duos,
1041 1232 1134 1285 sed
1159 1238 1343 1283 cuncta
1374 1246 1493 1298 quae
1521 1231 1745 1286 voluerit
1766 1234 1885 1287 abs-

324 1315 428 1367 que
460 1300 768 1354 dillicultate
799 1301 1076 1368 patrantis,
1106 1300 1288 1367 sicque
1322 1309 1509 1366 potens
1533 1302 1882 1368 Omnipoten-

325 1379 431 1422 tem
461 1371 785 1437 expressisse
814 1370 1072 1423 videatur.
1108 1370 1240 1434 Quia
1266 1384 1420 1437 prope
1443 1373 1551 1424 dies
1583 1371 1806 1436 Domini,
1839 1381 1884 1425 et

326 1442 532 1493 uastitas
570 1457 600 1493 a
641 1451 837 1506 potente
883 1441 1060 1492 veniet.
1109 1439 1370 1508 Numquid
1401 1458 1499 1494 non
1527 1458 1697 1495 coram
1729 1443 1886 1496 oculis

325 1511 495 1562 uestris
525 1511 763 1563 alimenta
785 1511 1036 1578 perierunt
1061 1511 1084 1564 .’
1112 1509 1224 1563 Non
1254 1520 1354 1576 est,
1387 1511 1571 1578 inquit,
1600 1522 1806 1575 tempus
1831 1519 1888 1565 ut

327 1580 760 1648 impedimentum
785 1580 1052 1633 mediocre
1074 1579 1346 1647 formides,
1368 1592 1418 1633 et
1439 1582 1750 1650 colligendis
1771 1592 1889 1635 tan-

327 1658 438 1702 tum
473 1650 731 1704 fructibus
763 1661 786 1686 ἰ
821 1651 955 1702 haud
987 1651 1145 1702 etiam
1187 1650 1421 1705 collectis
1450 1651 1722 1706 calamitas
1753 1652 1889 1706 infe-

327 1729 495 1780 ratur,
521 1722 615 1774 sed
645 1720 743 1774 sub
770 1720 898 1786 ipsis
924 1719 1088 1773 oculis
1117 1721 1341 1783 vesuis,
1394 1729 1449 1773 nt
1489 1721 1595 1787 jam
1648 1723 1891 1788 repositis

326 1789 610 1880 eoplldatis
648 1789 945 1880 alimentis:
984 1804 1095 1871 .nee
1143 1791 1584 1872 solumprivatis
1623 1792 1888 1880 domibus,
1924 1819 1970 1880 Β

327 1860 421 1912 sed
446 1859 606 1913 etiam
638 1861 817 1926 templi
847 1859 1034 1912 :nrario
1074 1860 1306 1924 inopiam
1335 1862 1614 1916 imminere
1639 1861 1891 1929 przedico,

328 1930 401 1982 ita
431 1939 488 1982 ut
519 1930 725 1993 laetitia,
746 1931 861 2000 imo,
887 1929 1189 1984 consolatio
1215 1931 1456 1984 universa
1486 1931 1758 2000 depereat.
1788 1932 1897 1988 Nec

329 2014 457 2053 sane
503 2000 692 2054 ablatis
736 1999 970 2066 frugibus
1016 2000 1447 2067 victum'pecora
1488 1999 1892 2068 ministrabunt,

328 2071 450 2137 qula
476 2082 524 2124 el
560 2070 658 2134 ipsi
684 2070 965 2136 perniciem
994 2070 1196 2135 depasti
1222 2081 1448 2135 montes,
1501 2082 1555 2125 et
1598 2074 1899 2127 consumtio

330 2140 522 2193 viroris
571 2139 821 2194 indicent.
873 2140 1077 2205 Quibus
1119 2141 1298 2207 utique
1339 2141 1704 2208 propiantibus
1749 2145 1900 2198 malis

334 2209 565 2262 ostendit
594 2224 652 2262 se
683 2210 934 2276 praphcta
961 2212 1177 2277 pulsari.
1209 2213 1347 2279 quod
1380 2212 1460 2265 vel
1489 2214 1551 2264 ad
1581 2213 1899 2277 siiiritalium

334 2293 586 2332 sensuum
615 2279 868 2345 judicium
896 2280 1054 2341 valet,
1090 2282 1311 2333 multum
1337 2296 1395 2335 se
1425 2282 1560 2335 ultra
1592 2282 1688 2336 hos
1711 2299 1902 2346 corpo-

335 2364 457 2403 reos
489 2351 890 2420 porrigentium,
923 2351 1005 2404 vel
1035 2350 1098 2403 ad
1126 2365 1366 2417 pompam
1400 2355 1482 2417 (ut
1510 2352 1762 2420 diximus)
1807 2354 1903 2408 de-

334 2420 662 2488 scriptionis,
694 2418 745 2471 in
777 2421 1084 2486 populorum
1117 2421 1366 2474 cordibus
1394 2422 1638 2476 allectum
1667 2418 1903 2477 formidi-

340 2491 425 2542 n's
451 2499 892 2562 commoventem.
925 2491 1240 2562 Ergoquasi
1269 2493 1500 2558 speciem
1525 2491 1903 2562 interrogantis

333 2560 608 2620 assumsit,
657 2559 940 2634 dicendo;
987 2559 1120 2624 Quid
1165 2561 1404 2634 ingemuit
1434 2563 1665 2634 raniinal,
1716 2559 1904 2634 mugie-

336 2639 457 2682 rnnt
483 2646 652 2700 greges
685 2632 897 2683 armenti
920 2632 944 2684 ?
973 2641 1024 2684 ut
1051 2647 1078 2681 a
1107 2631 1476 2696 respondentis
1498 2642 1646 2700 parte
1676 2631 1905 2699 subjice-

337 2709 438 2774 ret,
475 2689 606 2774 Quia
635 2716 733 2753 non
757 2712 872 2754 sunt
895 2718 1082 2772 pascua
1127 2689 1220 2755 eis'.
1256 2700 1358 2756 Sed
1389 2712 1435 2754 et
1462 2689 1638 2774 greges
1668 2689 1906 2772 pecorum

333 2769 689 2839 disperierunt.

413 2862 666 2922 Proinde.
697 2881 815 2917 cum
849 2880 932 2916 me
960 2880 1022 2917 ex
1056 2864 1198 2918 omni
1227 2873 1375 2928 parte
1404 2865 1753 2920 intolerabilis
1797 2867 1904 2920 cir-

332 2933 550 2999 cumdel
579 2934 816 2998 afﬂictio,
845 2933 871 2972 ι)
903 2935 965 2986 ad
1008 2943 1059 2987 te
1105 2935 1317 2988 unicum
1363 2936 1664 2999 Dominum,
1700 2953 1904 3001 manus,

339 3019 519 3066 voces,
554 3015 671 3057 vota
717 3006 980 3058 sustollo:
1032 3017 1081 3060 et
1129 3014 1186 3057 ut
1223 3007 1552 3060 calamitates
1604 3018 1760 3062 terra:
1798 3009 1905 3073 jam

341 3073 550 3144 defer,
579 3075 686 3141 jain
721 3075 862 3127 milis
894 3076 1135 3140 aspicias,
1172 3075 1349 3144 animo
1373 3087 1426 3129 et
1452 3091 1678 3144 corpore
1713 3085 1908 3130 stratus

343 3143 590 3208 imploro.
619 3144 754 3216 Ecce
779 3147 916 3216 enim
944 3145 1118 3216 [Vi-rs.
1166 3143 1268 3214 l9.l
1299 3148 1527 3214 speciosa
1549 3143 1734 3200 deserti
1759 3151 1908 3216 [Inm-

341 3205 756 3268 ina-consumsit.
808 3215 860 3268 lu
888 3205 992 3284 (ιιῖό
1025 3230 1153 3268 sane
1184 3205 1298 3270 loco
1328 3205 1564 3285 'diligens
1599 3205 1807 3271 auditor
1830 3222 1906 3270 in-
1935 3205 1978 3260 (ἶ

342 3285 537 3350 quirat,
573 3301 690 3352 qua:
724 3287 773 3336 in
803 3287 1029 3339 desertis
1058 3286 1391 3352 pulchritudo
1421 3287 1735 3353 prmdicetur
1756 3302 1908 3355 agro-

344 3369 481 3412 rum,
530 3370 685 3422 quam
743 3370 875 3408 nova
935 3355 1047 3409 ha-c
1101 3357 1308 3408 exustio
1357 3356 1611 3411 invidiosa
1656 3373 1906 3411 consum-

344 3423 473 3476 seuit
497 3442 510 3478 :
537 3426 827 3490 prresertiin
858 3441 976 3477 cum
1006 3440 1262 3492 nusquam
1292 3427 1517 3480 incendii
1551 3428 1910 3494 praecessisset

345 3497 604 3560 querela?
661 3495 1038 3559 consequentia
1090 3495 1314 3563 proinde
1362 3498 1603 3550 lectionis
1653 3498 1908 3561 ostendit,

348 3563 789 3636 pulchritudinem
821 3566 905 3618 hic
931 3580 1176 3632 agrorum
1209 3563 1514 3621 frondentes
1543 3569 1720 3636 sylvas
1742 3578 1796 3621 et
1823 3569 1912 3621 lte-

349 3641 398 3685 ta
429 3649 619 3700 pa~cna
653 3635 934 3689 nominari.
979 3636 1098 3688 Ideo
1129 3645 1300 3689 autem
1345 3652 1448 3690 nou
1487 3635 1636 3701 culti,
1682 3637 1774 3690 sed
1812 3637 1908 3691 de-

346 3703 472 3756 serti
501 3705 637 3758 ruris
663 3720 872 3780 alumna
906 3706 1157 3780 laudavit,
1209 3707 1328 3773 quia
1354 3717 1723 3780 armentorum
1751 3707 1914 3780 486

344 3784 395 3826 et
424 3789 638 3842 gregum
670 3778 864 3828 fecerat
895 3777 1248 3830 mentionem:
1275 3779 1393 3844 quia
1426 3781 1670 3845 quoniam
1700 3777 1792 3847 per
1816 3777 1910 3834 ne:

347 3859 493 3896 mora
545 3848 788 3918 laetantur
835 3857 888 3900 et
926 3861 1138 3911 pasrua,
1183 3847 1265 3900 bis
1311 3849 1489 3916 utique
1537 3850 1710 3918 aliqua
1759 3850 1912 3904 clade

343 3915 629 3989 corruptis,
659 3915 729 3967 illi
752 3931 962 3989 quoque
989 3918 1201 3989 subdun
1223 3934 1285 3986 ur
1310 3915 1508 3971 exitiis.
1535 3915 1709 3989 Ignem
1736 3930 1910 3974 autem

346 3986 520 4053 posuit
551 3999 643 4046 pro
670 3987 984 4049 vastatione,
1010 4003 1163 4053 quam
1193 3987 1394 4041 lucusta
1419 3986 1680 4042 intulisset
1709 4000 1762 4042 et
1789 3991 1913 4042 brut

347 4052 499 4112 chus,
532 4053 587 4104 sil
612 4067 663 4104 ut
695 4053 852 4124 etiam
881 4052 1102 4123 legimus
1135 4057 1184 4107 in
1220 4060 1457 4120 psalmo:
1505 4057 1681 4110 Posuit
1718 4060 1914 4124 pluvias

346 4137 518 4172 eorum
548 4122 862 4200 irandinetn,
895 4122 1074 4200 .ignem
1103 4127 1468 4178 comburentem
1510 4129 1560 4179 in
1607 4122 1741 4178 terra
1776 4130 1914 4196 ipso-

347 4207 480 4251 rum,
505 4201 550 4242 et
579 4193 822 4255 percussit
862 4193 1025 4244 vineas
1063 4209 1253 4254 eorum,
1301 4205 1348 4247 et
1397 4197 1628 4248 contrivit
1663 4193 1808 4249 omne
1849 4199 1912 4248 li-

347 4277 503 4326 gnum
543 4261 722 4325 ﬁnium
747 4277 919 4312 eorum
953 4261 1122 4324 (l’sal.
1173 4264 1338 4330 104.).
1383 4265 1609 4319 Proinde
1645 4279 1764 4319 cum
1795 4282 1913 4319 om-

349 4332 493 4382 nium
514 4331 778 4396 sylvarum
801 4341 854 4385 et
879 4334 1175 4401 graminum
1207 4335 1435 4386 virorum
1468 4336 1536 4388 ita
1562 4337 1762 4388 locusta
1789 4336 1916 4388 bru-

347 4401 583 4468 cliusque
630 4403 1003 4460 consumserit,
1040 4414 1094 4455 ut
1143 4419 1244 4456 non
1274 4407 1455 4468 adesa,
1501 4406 1592 4458 sed
1629 4415 1810 4458 exusta
1840 4406 1916 4459 vi-

346 4469 609 4522 dcantur:
642 4481 1027 4538 consequenter
1061 4482 1082 4510 ι’
1109 4474 1268 4527 etiam
1293 4472 1420 4528 fera:
1452 4478 1634 4528 bestiae
1662 4475 1726 4527 ad
1761 4475 1916 4530 famis

350 4542 582 4614 pericula
617 4549 988 4614 pervenerunt,
1034 4551 1085 4596 et
1114 4543 1178 4595 ad
1212 4553 1264 4597 te
1287 4560 1446 4596 unum
1479 4547 1701 4598 naturali
1748 4547 1912 4614 magi-

349 4610 514 4681 sterio
543 4610 712 4663 docta:
744 4612 1058 4677 susriiciunt,
1090 4622 1146 4666 ut
1182 4616 1472 4668 remedium
1518 4616 1747 4681 periculo
1791 4610 1912 4680 pro-

353 4680 573 4745 piciatus
604 4689 872 4748 apportes.
909 4683 1292 4737 Atlestantibus
1337 4680 1530 4752 quippe
1577 4687 1743 4740 sacris
1792 4701 1912 4738 cum

348 4752 569 4806 veritate
596 4766 657 4802 ac
680 4752 936 4804 suavitate
963 4753 1308 4808 carminibus.
1357 4756 1542 4807 Omnia
1570 4773 1602 4807 a
1652 4767 1697 4808 te
1739 4772 1918 4818 exspe-

349 4829 507 4880 ctant,
535 4831 587 4878 ut
613 4820 697 4874 des
722 4819 824 4874 illis
852 4835 1013 4874 escam
1037 4824 1088 4873 in
1120 4832 1357 4889 tempore.
1391 4824 1554 4877 Dante
1571 4838 1636 4887 te,
1660 4827 1752 4878 illa
1774 4826 1916 4877 colli-

350 4899 501 4960 gant:
532 4891 785 4963 aperiente
808 4900 854 4940 te
879 4908 1084 4944 manum
1114 4901 1277 4956 tuam,
1314 4897 1546 4948 universa
1579 4897 1925 4963 implebantur

350 4960 662 5026 iucunditate
687 4975 704 5012 :
735 4970 980 5014 acertente
1003 4972 1047 5013 te
1068 4971 1233 5014 autem
1255 4964 1432 5028 [aciein
1455 4975 1609 5029 tuam,
1641 4960 1914 5018 turbabun-

352 5039 452 5083 tur.
494 5031 704 5096 Auferes
747 5032 876 5082 enim
912 5031 1143 5098 spiritum
1180 5049 1353 5087 eorum
1401 5045 1448 5086 et
1493 5035 1745 5100 deﬁcient,
1789 5040 1912 5088 etin

350 5115 493 5150 suum
519 5101 769 5164 pulverem
799 5112 1105 5154 revertentur
1131 5101 1300 5169 (Psal.
1326 5103 1492 5169 103.).
1527 5106 1756 5158 Proinde
1778 5106 1855 5158 sic
1884 5120 1912 5156 τι

353 5174 402 5220 te
425 5169 582 5243 etiam
621 5170 847 5224 ferarum
894 5187 1080 5238 greges
1125 5173 1440 5243 remedium,
1468 5175 1566 5227 etsi
1599 5175 1912 5243 liquidarum

353 5252 536 5312 vocum
568 5239 770 5312 inopes,
806 5251 980 5294 tamen
1018 5243 1239 5295 diversis
1272 5241 1500 5295 faucium
1541 5239 1685 5296 sonis
1731 5255 1914 5312 postu-

352 5306 501 5362 lant:
543 5308 680 5364 sicut
728 5319 988 5365 terrarum
1019 5327 1142 5366 area
1191 5314 1451 5381 susceptis
1491 5323 1666 5383 aptata
1699 5306 1917 5369 seruiui-

425 5485 830 5559 fFortasseaut,
846 5503 939 5554 pro
966 5489 1187 5558 negandi
1209 5490 1487 5559 particula,
1509 5489 1786 5559 legendum
1810 5501 1915 5547 est.

425 5555 451 5591 δ
491 5557 703 5630 'l‘rausit
728 5555 1055 5630 explicaunif
1071 5555 1484 5630 subsequentem
1511 5555 1647 5616 ΧῘΧ.
1674 5563 1914 5616 versicu-

357 5627 462 5699 lum
486 5643 500 5679 :
539 5628 615 5699 Ad
645 5639 710 5690 te,
748 5627 977 5692 Domine,
1002 5627 1391 5699 clamabo,'qnia
1413 5632 1540 5699 ignis
1559 5633 1771 5685 comedit
1800 5650 1914 5699 spe-

354 5697 716 5772 riosa_deserti_,
742 5707 786 5750 et
811 5701 1020 5766 ﬂamma
1045 5697 1296 5772 _s_u_r_'ccndit
1320 5697 1491 5772 omnia
1514 5703 1651 5772 ligna
1673 5697 1910 5771 regionis.

427 5780 447 5803 ο
491 5766 640 5820 Nunc
667 5768 886 5821 alterum
919 5783 1009 5822 seu
1043 5769 1152 5823 XX.
1180 5766 1592 5841 exponitquein
1619 5781 1671 5827 et
1702 5766 1912 5841 prestat

1983 536 2090 590 tur,
2115 533 2408 593 exspectat.
2461 525 2611 593 Quod
2641 526 2685 577 si
2716 525 2849 578 bene
2879 523 3212 589 consideres,
3245 535 3424 578 noster
3454 540 3549 579 au-

1977 597 2140 658 ditor,
2169 596 2342 650 inesse
2372 595 2574 650 videbis
2604 594 2809 662 pondus
2836 593 3117 661 exemplo:
3163 594 3458 648 animarum
3490 610 3550 648 o-

1977 667 2084 720 nim
2108 666 2252 719 sitim
2283 666 2666 719 elementorum
2698 664 2920 718 uatura'i
2951 662 3292 729 appetetitim,
3324 679 3441 733 qua:
3462 673 3548 719 est

1978 736 2160 802 utique
2204 737 2370 789 multo
2400 733 2786 801 vehementior,
2829 734 3177 804 comparavit.
3228 733 3336 789 Sed
3373 734 3548 793 videa-

1979 821 2097 861 mus
2125 814 2180 860 et
2207 806 2433 876 reliqua.

2609 914 2835 970 CAPUT
2873 915 2938 972 ll.

2053 1008 2204 1061 Vers.
2239 1008 2373 1065 l.-2.
2397 1037 2465 1047 —
2486 1007 2664 1062 Canite
2696 1008 2816 1061 tuba
2839 1008 2894 1061 in
2921 1007 3070 1074 Sion,
3097 1006 3287 1060 ululate
3307 1005 3358 1060 in
3386 1015 3554 1060 monts

1982 1086 2154 1132 sancto
2185 1094 2314 1140 meo,
2344 1079 2704 1130 conturben'ur
2731 1093 2899 1130 omnes
2919 1077 3224 1130 habitatores
3256 1079 3554 1142 terranquia

1982 1148 2140 1200 veniet
2161 1148 2268 1200 dies
2292 1147 2516 1208 Domini,
2548 1148 2667 1213 quia
2697 1163 2851 1211 prope
2879 1156 2972 1200 est.
3011 1147 3130 1199 Dies
3157 1147 3474 1199 tenebrarum
3505 1156 3553 1199 et

1983 1216 2234 1286 caliginis,
2257 1216 2362 1268 dies
2390 1216 2532 1286 nubis
2559 1227 2605 1268 et
2633 1217 2841 1269 turbinis
2864 1232 2882 1268 :
2910 1217 3056 1284 quasi
3079 1233 3225 1270 mane
3245 1213 3270 1252 δ
3294 1227 3554 1286 extensum

1984 1285 2138 1354 super
2168 1285 2541 1356 montes.Cum
2566 1286 2737 1354 inquit
2767 1297 2972 1353 tempus
3010 1301 3212 1356 magna:
3243 1285 3554 1341 vastationis

1986 1359 2283 1420 approp‘et.
2348 1354 2577 1409 civitatis
2608 1356 2794 1409 incolae
2821 1354 3178 1423 agrorumque
3209 1358 3554 1422 conveniant,

1988 1437 2040 1479 et
2067 1423 2391 1478 orationibus
2418 1433 2578 1490 atque
2612 1425 2824 1478 fletibus
2856 1435 3066 1491 tempus
3094 1426 3423 1480 denunoiata
3465 1440 3556 1480 ca-

1989 1495 2240 1550 lamitatis
2278 1496 2592 1561 anticipent.
2640 1494 2803 1561 Cujus
2829 1494 2874 1548 si
2903 1508 3002 1564 ego
3035 1508 3258 1561 possem-
3287 1504 3422 1550 ante
3440 1494 3554 1563 ipsa

1991 1580 2169 1618 rerum
2213 1565 2574 1631 experimenta
2615 1565 2960 1618 acerbitatem
3010 1565 3278 1630 explicare
3306 1565 3552 1629 dicendo,

1990 1637 2242 1688 videntur
2272 1634 2397 1687 mihi
2428 1634 2540 1687 fore
2572 1634 2704 1688 tales
2732 1649 2987 1701 angor-um
3014 1635 3266 1697 tenelmc,
3293 1636 3477 1704 quales
3504 1636 3552 1688 si

1993 1705 2262 1771 contingat
2287 1715 2396 1756 atra
2427 1704 2702 1770 geminari.
2734 1713 2789 1757 ut
2816 1719 2937 1757 eum
2968 1715 3175 1757 noctem
3201 1705 3373 1773 caligo
3396 1714 3453 1758 et
3474 1713 3554 1758 ως

1998 1775 2176 1826 nobra'.
2205 1774 2404 1826 faciunt
2429 1773 2777 1829 densiorom:
2810 1774 2915 1826 imo
2957 1775 3000 1828 si
3034 1774 3114 1826 his
3151 1775 3317 1828 nubes
3344 1774 3560 1838 densas,

2001 1845 2344 1923 turbinesque
2365 1845 2663 1910 consocies,
2689 1843 2960 1923 ut_selatio
2979 1843 3213 1897 siderum
3238 1845 3447 1923 penitus
3471 1857 3563 1896 es-

1999 1914 2172 1978 cluso,
2202 1928 2296 1980 per
2321 1928 2516 1967 erectim
2539 1929 2715 1968 aerem
2742 1912 3022 1967 fulminum
3042 1923 3215 1967 terror
3241 1912 3559 1969 intermicet.

2000 1982 2128 2048 Quae
2161 1992 2333 2036 tamen
2367 1983 2625 2052 imagines
2669 1983 2834 2037 solam
2863 1983 2985 2036 mali
3015 1983 3324 2050 qualitatem
3356 1983 3563 2037 labora-

2001 2063 2190 2107 verunt
2218 2052 2473 2116 indicare,
2501 2055 2654 2117 cujus
2679 2055 2745 2106 de
2767 2054 3061 2120 quantitate
3086 2053 3136 2106 in
3166 2053 3421 2121 majorem
3453 2067 3564 2107 mo-

2002 2123 2126 2176 dum
2154 2124 2415 2178 acerbitas
2441 2133 2715 2190 augeatur.
2748 2121 2819 2175 Ita
2850 2124 2990 2177 enim
3020 2124 3122 2186 vis,
3169 2123 3236 2177 de
3265 2138 3370 2192 quo
3400 2123 3565 2190 loqui-

1991 2198 2142 2254 ‘mnr,
2175 2194 2318 2252 mali.
2352 2194 2593 2247 universa
2639 2193 2814 2259 spacia
2844 2203 3041 2247 nostra:
3067 2193 3298 2260 regionis
3327 2194 3566 2260 implevit

2005 2260 2110 2336 litt.
2141 2261 2424 2332 implebit],
2461 2263 2608 2332 quasi
2647 2264 2912 2336 limitibus
2955 2261 3268 2336 explicatis,
3285 2278 3472 2318 omnes
3496 2262 3568 2336 si-

2006 2332 2114 2386 inul
2159 2345 2364 2388 montes
2393 2344 2552 2398 atque
2577 2334 2740 2387 colles
2772 2348 2927 2388 mane
2952 2333 3196 2399 nitidum,
3222 2333 3272 2387 id
3304 2341 3411 2395 est,
3440 2332 3569 2390 ruti-

2005 2403 2122 2456 laus
2141 2419 2327 2458 aurora
2359 2403 2668 2468 perfuderit.
2694 2403 2861 2460 Unam
2883 2418 3010 2472 ergo
3039 2417 3150 2456 rem
3181 2413 3233 2456 et
3263 2403 3403 2457 nocti
3424 2416 3570 2472 conn

2008 2475 2234 2542 paravit,
2263 2484 2316 2528 et
2345 2473 2546 2537 lumini,
2583 2483 2640 2528 ut
2665 2490 2768 2527 non
2799 2471 3127 2543 contrarium
3173 2473 3372 2543 aliquid
3401 2471 3571 2526 infer.

2007 2541 2111 2606 ret,
2147 2545 2238 2599 sed
2270 2553 2324 2598 ut
2354 2543 2720 2598 dilatationem
2751 2543 2866 2612 ejus
2898 2553 2949 2595 et
2977 2541 3322 2612 acerbitatem
3345 2541 3570 2596 diversi.

2007 2621 2114 2669 tate
2139 2615 2547 2678 comparationis
2570 2611 2910 2677 exprimeret.
2941 2611 3169 2683 Populus
3191 2613 3382 2666 multus
3400 2623 3444 2664 et
3470 2615 3575 2680 for.

2007 2688 2106 2737 tis:
2134 2683 2312 2738 similis
2341 2685 2388 2738 ei
2417 2701 2516 2737 non
2548 2685 2641 2754 fuit
2670 2700 2700 2736 a
2726 2683 2994 2752 principio,
3020 2692 3066 2736 et
3098 2692 3207 2754 post
3223 2683 3575 2754 eunt‘nonerit

2006 2771 2164 2821 usque
2207 2757 2261 2808 in
2304 2770 2462 2808 annos
2490 2750 2828 2824 generationis
2861 2750 2907 2806 et
2943 2753 3302 2824 generationis.
3330 2751 3480 2820 Quod
3507 2750 3576 2807 do

2009 2825 2228 2878 locustis
2256 2825 2443 2890 magis,
2478 2823 2505 2860 ά
2524 2839 2681 2892 quam
2709 2823 2777 2878 de
2805 2823 3048 2878 hostibus
3077 2823 3148 2878 sit
3179 2823 3418 2876 instituta
3453 2836 3576 2892 nar-

2011 2895 2166 2954 ratio,
2198 2908 2449 2961 processu
2493 2890 2746 2947 orationis
2792 2893 3048 2948 ostendit.
3101 2893 3334 2961 Examen
3379 2890 3577 2960 quippe

2007 2962 2167 3034 487
2197 2960 2810 3034 ἱρειιιημιοςιιειειιήιιιηίει
2838 2962 3160 3034 brucborum
3185 3001 3203 3026 ,
3241 2960 3421 3034 cujus__
3441 2962 3576 3034 irru-

2009 3030 2052 3101 p
2073 3030 2145 3085 i'o'
2173 3030 2518 3098 multiplicem
2556 3033 2912 3086 calamitatem
2943 3032 3211 3100 peperisse
3232 3030 3578 3095 describitur,

2013 3117 2151 3156 nunc
2179 3112 2383 3156 armato
2411 3103 2665 3156 exercitui
2692 3101 3042 3170 frententiquc
3067 3101 3366 3170 composuit
3389 3117 3404 3154 :
3432 3102 3579 3169 quod

2013 3173 2192 3240 utique
2221 3189 2312 3240 per
2337 3171 2788 3239 comparationem
2817 3187 2922 3226 non
2957 3169 3136 3240 posset
3177 3169 3397 3233 inferre.
3436 3170 3481 3224 si
3509 3171 3578 3224 do

2013 3239 2263 3296 militibus
2293 3242 2478 3296 luisset
2507 3242 2741 3296 instituta
2768 3239 3072 3309 descriptio.
3097 3239 3283 3308 Pergit.
3304 3241 3476 3309 itaque
3495 3239 3579 3295 eli-

2013 3313 2230 3378 fcctum,
2264 3313 2499 3381 inquam,
2536 3313 2658 3365 mali
2707 3327 2798 3377 per
2830 3313 3006 3366 varias
3035 3309 3262 3378 species-
3288 3309 3580 3381 explicare,

2011 3391 2064 3436 rt
2091 3383 2216 3436 dicit
2239 3379 2446 3452 qualem
2478 3395 2737 3452 terrarum
2769 3382 2978 3446 faciem,
3012 3395 3130 3434 cum
3176 3381 3397 3452 veniret,
3434 3379 3580 3452 inve-

2012 3455 2168 3510 nerit.
2195 3449 2402 3521 qualem
2431 3451 2723 3522 reliquerit,
2775 3467 2903 3522 cum
2937 3452 3127 3508 abiret.
3177 3449 3338 3514 Nihil,
3385 3449 3579 3517 inquit,-

2010 3524 2182 3578 siniile
2205 3525 2462 3588 maiorum
2496 3521 2796 3578 uOSIrorum
2825 3521 2954 3577 vidit
2975 3532 3124 3587 a-tas,
3157 3521 3285 3574 nihil
3313 3535 3589 3579 ulmorum

2009 3593 2181 3647 simile
2213 3595 2432 3649 videbit.

2090 3683 2240 3738 Vers.
2273 3683 2324 3737 5.
2353 3713 2422 3723 -
2452 3685 2576 3738 Ante
2613 3685 2792 3752 facient
2831 3685 2960 3754 ejus.
2981 3684 3112 3754 ignis
3153 3699 3352 3746 uorans,
3385 3691 3432 3737 et
3469 3690 3592 3748 pou

2012 3771 2125 3807 eum
2167 3770 2381 3809 exurens
2419 3757 2624 3824 ﬂanmta
2673 3771 2692 3809 :
2731 3771 2872 3822 quasi
2911 3756 3104 3808 hortus.
3132 3755 3407 3823 voluptatis
3446 3763 3585 3807 terra

2012 3841 2183 3877 coram
2212 3842 2290 3889 eo,
2317 3835 2361 3877 et
2393 3835 2502 3892 post
2540 3843 2653 3878 eum
2691 3826 3134 3880 solitudo-deserti
3178 3841 3197 3878 :
3238 3841 3338 3877 non
3379 3834 3451 3878 est
3491 3825 3579 3892 qui

2010 3894 2222 3964 e/[ngiat
2252 3912 2382 3948 eum.
2423 3898 2549 3948 Ante
2575 3897 2754 3964 {aciem
2782 3897 2912 3964 ejus.
2936 3895 3077 3962 quod
3109 3897 3262 3957 dixit,
3294 3896 3463 3960 ipsum
3493 3893 3576 3964 l_o-

2012 3961 2282 4017 onst-arum
2311 3961 2582 4018 incursum
2607 3967 2775 4019 voluit
2797 3961 3053 4028 iudicare,
3078 3979 3182 4016 non
3217 3967 3395 4032 utique
3426 3971 3482 4015 ut
3501 3961 3582 4032 fa-

2014 4035 2146 4087 ciem
2197 4035 2516 4086 locustarqu
2566 4035 2712 4090 aliud
2763 4035 2956 4099 periret
3003 4031 3338 4096 incendium,
3380 4040 3436 4084 et
3475 4031 3582 4086 illa)

2013 4109 2215 4156 exusta:
2245 4103 2492 4169 deinceps
2523 4119 2648 4156 rura
2675 4115 3080 4169 corrumperent
3105 4119 3118 4153 :
3145 4102 3237 4155 sed
3268 4102 3360 4167 ita,
3385 4101 3578 4170 inquit,

2017 4180 2152 4222 totas
2195 4173 2442 4237 regiones
2472 4172 2918 4226 eorumvaslabit
2947 4172 3200 4234 incursio,
3234 4180 3292 4224 ut
3331 4185 3436 4223 non
3482 4172 3584 4224 mi-

2016 4254 2118 4292 nus
2157 4255 2316 4307 quam
2363 4240 2500 4306 ignis
2539 4242 2878 4294 absumserit.
2906 4242 2971 4294 Et
3001 4241 3121 4306 quia
3163 4255 3268 4294 non
3293 4240 3593 4294 efﬁcientia.

2021 4309 2270 4375 probatur
2314 4310 2564 4374 incendii,
2602 4326 2783 4364 verum
2827 4311 2967 4365 levia
3015 4323 3242 4378 quteque
3284 4325 3486 4371 rerum,
3524 4320 3596 4364 ιιιο

2020 4379 2341 4442 frondes,ut
2379 4380 2608 4444 culmos,
2638 4391 2692 4432 ut
2724 4380 2920 4448 paleas,
2944 4380 3326 4448 crepitantibus
3351 4379 3580 4434 volitano

2020 4449 2262 4516 libusque
2303 4452 2531 4502 flammis
2567 4451 2814 4505 celeziter
2851 4452 2986 4504 solet
3029 4450 3350 4517 penitusque
3379 4464 3603 4503 consum

2021 4535 2165 4572 mere
2198 4536 2210 4570 :
2243 4535 2359 4588 qum
2389 4535 2511 4571 vero
2541 4525 2776 4573 materia:
2817 4520 2933 4588 plus
2966 4521 3247 4574 habuerint
3279 4518 3581 4583 ﬁrmitatis,

1946 4565 1996 4624 Ῑ)
2025 4590 2226 4654 majore
2257 4565 2483 4642 incweudii
2516 4565 2905 4657 morasupcrrat
2932 4606 2944 4642 :
2975 4565 3186 4652 ideo,'et
3210 4598 3333 4644 ante
3361 4599 3416 4642 et
3439 4565 3580 4656 past:

2020 4659 2288 4714 llatntuam
2322 4661 2498 4725 vigere
2532 4661 2833 4713 denunciat.
2860 4660 3095 4728 Augendi
3123 4669 3302 4712 autem
3332 4659 3579 4713 ordinem

2019 4745 2085 4782 es
2116 4737 2230 4782 arte
2255 4733 2579 4791 custodiens,
2599 4738 2874 4797 postquam
2901 4730 3160 4783 locustam
3187 4729 3430 4784 incendio
3452 4743 3604 4784 conc.

2022 4799 2168 4859 tulit,
2196 4798 2462 4865 regio-teut
2504 4815 2621 4866 qua:
2664 4811 2863 4852 vastata
2901 4801 3000 4864 sit,
3027 4802 3182 4853 terris
3209 4799 3435 4863 amoenis
3463 4799 3585 4854 irri-

2019 4870 2237 4936 gulisque
2266 4870 2338 4922 ait
2369 4869 2602 4934 potuisse
2630 4869 2882 4923 conferri.
2917 4870 3072 4934 Quasi
3104 4871 3282 4923 hortus
3309 4869 3605 4938 uoluptatis.

2019 4951 2148 4991 terra
2178 4955 2347 4991 (oram
2377 4955 2466 5001 eo,
2503 4949 2548 4991 et
2587 4951 2696 5005 post
2724 4955 2837 4992 eum
2861 4942 3084 4992 solitudo
3113 4941 3299 4994 deserti
3327 4956 3345 4994 :
3373 4957 3474 4996 non
3507 4950 3586 4994 est

2018 5011 2104 5075 qui
2143 5007 2352 5078 e/fugiat
2381 5024 2512 5060 eum.
2547 5008 2610 5063 Ut
2648 5020 2770 5063 tunc
2799 5012 2980 5077 utique
3013 5012 3090 5064 vis
3133 5013 3254 5063 ntali
3294 5013 3615 5080 grassantis.

2015 5090 2287 5143 appareat,
2315 5089 2458 5132 utea
2492 5094 2523 5148 (ι
2549 5095 2610 5133 ιω
2655 5080 2850 5134 fuerint
2890 5082 3046 5136 nimis
3085 5097 3297 5138 alumna
3336 5095 3580 5134 consum-

2013 5159 2163 5202 serit.

2090 5241 2238 5295 Vers.
2273 5240 2445 5294 4.-11.
2485 5271 2554 5282 --
2597 5242 2756 5307 Quasi
2794 5253 3037 5310 aspectus
3064 5255 3306 5307 emtorem
3349 5248 3584 5307 aspectus

2018 5328 2190 5365 eorum
2208 5353 2220 5375 ,
2246 5322 2294 5365 et
2330 5314 2473 5382 quasi
2501 5316 2693 5385 equites
2719 5313 2790 5365 sic
2817 5325 3038 5365 current.
3063 5311 3207 5364 Sicut
3235 5311 3428 5362 sonitus
3457 5311 3596 5378 qua;

2019 5489 2358 5542 describere;
2393 5490 2498 5544 Sed
2526 5498 2572 5543 et
2601 5489 2766 5548 bestia;
2794 5491 2925 5554 agri,
2953 5487 3098 5554 quasi
3128 5501 3247 5538 area
3280 5486 3451 5549 sitiens
3485 5485 3576 5542 im-

2019 5560 2172 5621 brem,
2201 5571 2529 5629 sits-puerum
2551 5560 2705 5622 Mtte,
2744 5557 2978 5629 quanialn
3018 5555 3390 5629 exsiccatisunt
3414 5558 3611 5622 fontes,

2017 5624 2296 5698 nquurum,
2322 5641 2366 5680 rt
2399 5630 2528 5698 ignis
2556 5624 3293 5698 devorat'itespcciosa.deserti.

2087 5699 2110 5734 ά
2155 5699 2358 5764 Reliqui
2383 5697 2496 5748 Idni
2518 5711 2790 5760 expansum
2816 5695 3008 5750 habent
3041 5711 3134 5756 pro
3159 5704 3436 5749 extensum.

2092 5778 2114 5807 ε
2159 5770 2350 5822 llccolc
2379 5782 2494 5836 qua:
2521 5765 2767 5833 superius
2802 5766 2906 5820 col.
2942 5764 3044 5822 £30
3075 5765 3386 5822 dictasuut.
