4110 6350
585 372 717 428 1073

583 492 875 557 paenitendi
928 493 978 542 in
1023 492 1218 545 vestris
1266 490 1536 542 mentibus
1580 490 1811 542 evcitato
1844 529 1859 549 ,

582 565 886 618 etne..datio
916 578 1034 617 reos
1064 561 1342 613 subtrahat
1371 559 1581 613 ultioni.
1605 560 1759 624 Quod
1812 574 1943 612 sane
1990 574 2166 613 reme-

580 635 726 687 dium
759 635 1008 703 quoniam
1032 633 1293 703 obstinata
1319 631 2163 703 pravitatecorrumpitis,vorem

584 699 790 757 nostrai
813 702 1202 757 lamentationis
1227 701 1475 765 accipite,
1506 700 1659 769 cujus
1700 716 1913 761 semper
1966 699 2165 754 monita

585 776 866 839 respuistis
896 791 908 825 :
939 789 1147 835 vocem,
1179 773 1415 836 inquam,
1439 786 1541 837 qua
1571 787 1817 833 suprema
1833 779 2007 823 vestra
2040 786 2165 835 pro-

579 847 871 912 sequimur.
927 841 1121 896 Cecidit
1167 844 1367 905 cecidit,
1409 858 1511 894 non
1550 843 1763 912 adjiciet
1802 850 1857 894 ut
1908 851 2163 910 resurgat.

588 916 747 983 Virgo
798 914 960 968 Israel
988 916 1211 984 projecta
1238 922 1309 965 est
1340 916 1392 965 in
1435 920 1619 966 terram
1636 929 1802 974 suam,
1832 929 1933 984 non
1962 913 2166 984 estqui

577 974 785 1041 suscitet
802 1004 935 1040 eam.
961 974 1012 1039 Id
1042 974 1145 1045 est,
1178 986 1261 1037 illa
1294 999 1424 1049 gens
1444 984 1511 1035 de
1540 984 1685 1036 clara
1740 983 1952 1037 Israelis
1996 974 2168 1049 stirpe

576 1059 934 1114 descendens.
966 1065 1022 1110 et
1047 1071 1166 1124 quae
1188 1062 1336 1123 virgo
1364 1054 1621 1121 appellari
1663 1055 1744 1107 vel
1776 1065 1900 1107 ante
1950 1067 2164 1124 merue-

577 1130 665 1191 rit,
699 1128 780 1180 vel
812 1130 1046 1181 sueverit
1071 1123 1093 1195 ⁷(
1125 1127 1322 1194 quippe
1375 1125 1527 1190 cuius
1579 1125 1906 1193 pudicitiam,
1959 1138 2076 1195 qua
2110 1123 2165 1176 in

576 1201 911 1251 consortium
935 1193 1107 1250 fuerat
1135 1193 1330 1259 proprii
1364 1196 1589 1249 rectoris
1627 1195 1815 1257 ascita,
1874 1193 2167 1262 profanitas

578 1270 720 1321 nulla
750 1270 998 1321 violasset
1038 1286 1049 1319 :
1083 1268 1165 1321 vel
1196 1268 1348 1334 cujus
1393 1267 1700 1320 ltilieitatem
1725 1268 1975 1319 continua
2021 1264 2164 1318 inte-

574 1341 772 1403 gritztle
802 1340 1110 1404 pollentem,
1151 1339 1435 1405 captivitas
1486 1339 1624 1389 nulla
1677 1336 2059 1403 corripuisset)
2101 1350 2163 1388 ea

582 1425 721 1462 nunc
753 1411 1075 1471 piocttlcatui
1105 1410 1370 1463 vincmtis
1414 1408 1681 1473 exposita,
1709 1407 1901 1472 probra
1930 1406 2084 1457 simul
2110 1416 2167 1458 et

578 1489 843 1532 tormenta
901 1480 1209 1545 perpetitur.
1244 1479 1353 1532 Nec
1396 1487 1621 1542 usurpat
1656 1476 1867 1544 aliquod
1917 1477 1985 1530 de
2016 1490 2164 1528 amo-

576 1552 745 1601 venda
799 1552 1102 1605 calamitate
1146 1550 1429 1611 solatium;
1471 1559 1724 1601 caeterum
1768 1548 1821 1600 in
1868 1556 2007 1599 terra
2066 1561 2162 1599 sua

578 1622 724 1673 vellit
753 1624 943 1675 mulier
972 1622 1351 1685 polliitionibns
1376 1621 1613 1683 subiecta
1632 1619 1905 1679 decubuit,
1932 1627 1985 1669 et
2003 1616 2166 1671 mise-

582 1693 675 1741 riis
700 1693 1141 1759 deprimentibus.
1165 1692 1231 1743 ad
1282 1692 1562 1751 sepulchra
1625 1689 1891 1757 pervenit,
1926 1703 2024 1741 nec
2081 1699 2166 1741 est

578 1763 666 1819 uni
686 1780 840 1829 opem
870 1761 1013 1817 ferre
1037 1764 1233 1821 valeat.
1261 1772 1315 1814 et
1352 1762 1632 1813 sublevare
1661 1759 1945 1826 dejectaui,
2002 1774 2161 1827 quam

578 1848 806 1885 censura
846 1835 1227 1897 omnipotentis
1283 1832 1504 1885 attrivit.
1558 1832 1639 1885 Ab
1689 1832 1781 1883 illo
1828 1845 1957 1899 ergo
2004 1845 2161 1883 versu

580 1904 744 1972 526
771 1906 819 1955 in
842 1920 945 1972 qtto
974 1907 1068 1962 ait,
1101 1902 1357 1956 Formans
1388 1912 1601 1963 montes,
1644 1910 1691 1953 et
1731 1917 1907 1954 creans
1938 1915 2160 1964 ventum,

580 1975 818 2036 ttsqueiu
849 1986 1160 2038 prmsentem
1192 1975 1385 2036 locum,
1419 1988 1483 2026 ex
1529 1987 1756 2039 persona
1808 1973 2007 2024 dictum
2042 1986 2163 2036 pro-

585 2044 756 2107 phetae
784 2046 946 2112 accipi
981 2052 1179 2105 potest.
1212 2046 1278 2096 de
1314 2044 1403 2096 Ilei
1432 2042 1683 2095 videlicet
1708 2043 1939 2104 potentia
1993 2043 2163 2095 dissco

583 2114 767 2167 remis.
794 2118 941 2179 Quod
970 2127 1146 2169 autem
1170 2116 1298 2169 dicit
1330 2116 1397 2167 ita
1431 2116 1480 2165 in
1506 2125 1701 2165 teri-am
1733 2128 1880 2166 suam
1908 2114 2165 2167 cecidisse

578 2184 852 2255 Israelem,
887 2196 940 2239 ut
970 2188 1181 2255 penitus
1227 2202 1330 2239 non
1392 2199 1629 2247 resurgat
1665 2202 1675 2234 :
1710 2199 1830 2236 cum
1864 2194 1918 2237 et
1968 2197 2166 2248 pra-cc-

577 2254 766 2309 dentes
794 2267 845 2308 et
869 2270 1154 2325 sequentes
1183 2258 1461 2309 sementim
1508 2257 1889 2308 solvendarum
1921 2256 2159 2325 quando-

575 2340 680 2391 que
709 2326 1040 2380 miseriarum
1105 2327 1293 2380 solatia
1344 2328 1740 2391 repromittant,
1793 2334 1851 2379 et
1890 2326 1941 2378 in
1997 2325 2166 2393 ipsius

574 2396 1053 2451 animadversionis
1077 2409 1315 2465 tempore
1345 2397 1772 2451 imminutionem
1798 2398 2162 2465 magispupuli

575 2481 732 2533 quam
759 2468 1182 2523 internecionem
1211 2469 1497 2530 minentur,
1524 2469 1593 2518 ita
1616 2468 1877 2521 debemus
1898 2482 2161 2533 accipere,

578 2538 721 2603 quod
752 2541 832 2592 vel
865 2541 965 2606 Iug:
987 2542 1093 2592 ntis
1115 2539 1306 2591 all'eclu
1337 2538 1658 2591 cumulatius
1684 2539 1971 2591 aestimavit
2021 2539 2164 2589 illata

576 2608 886 2662 discrimina
912 2625 926 2662 :
959 2612 1145 2678 sicque
1176 2609 1412 2661 funditus
1439 2608 1741 2674 appellasse
1767 2609 1997 2667 deletos,
2028 2622 2161 2675 quos

576 2693 640 2729 ex
674 2680 875 2744 majore
904 2680 1110 2733 videret
1134 2692 1281 2745 parte
1310 2679 1591 2741 contritus;
1624 2682 1705 2731 vel
1736 2690 1882 2733 certe
1905 2680 1954 2731 iti
1978 2692 2161 2732 eonnn

576 2750 855 2814 personis,
884 2765 1014 2816 quos
1057 2750 1337 2817 captivitas
1386 2752 1730 2809 absumebat,
1781 2754 1855 2802 ire
1903 2765 2161 2811 itessntn:

574 2831 747 2887 neque
786 2835 811 2871 a
844 2822 1090 2890 quopiam
1124 2835 1334 2890 gentem
1377 2821 1585 2874 lsraelis
1606 2821 1852 2874 suscitari
1886 2835 2043 2889 posse
2092 2834 2165 2873 SI-

612 2904 673 2939 na
683 2891 831 2943 verit.

612 2904 741 2939 ηεινρ
819 2930 831 2943 .

574 2903 607 2957 Β
650 2903 882 3014 νει-215.
910 2990 982 3001 -
1009 2962 1143 3027 Quia
1168 2963 1274 3016 hare
1296 2964 1420 3015 dit-it
1454 2961 1709 3015 Dominus
1744 2960 1900 3021 Deus.
1938 2961 2071 3016 Urbs
2100 2962 2165 3015 de

573 3044 674 3096 qua
698 3034 1081 3097 egrediebantur
1102 3036 1210 3086 mill
1230 3053 1260 3096 ',
1282 3036 1630 3102 relinquentur
1646 3034 1697 3085 in
1721 3050 1778 3085 ea
1804 3043 2027 3086 centum:
2039 3045 2084 3085 et
2102 3036 2163 3087 de

578 3115 677 3172 qua
698 3103 1089 3172 egrediebantur
1112 3117 1308 3157 rentum
1326 3148 1340 3170 ,
1364 3106 1715 3172 relinquentur
1753 3106 1807 3157 in
1828 3120 1888 3157 ea
1916 3106 2085 3156 decem
2112 3108 2162 3158 in

576 3171 730 3223 domo
754 3171 985 3229 lsraclis.
1015 3175 1130 3228 Non
1152 3176 1329 3229 subito
1357 3171 1682 3239 captivitatis
1714 3174 1958 3228 miserias
1977 3174 2155 3228 irruis-

1644 370 1894 426 RUFINO
1935 368 2397 424 PRESBYTEBO
2436 373 2818 432 ASCllIl’TUS

3724 385 3860 441 i076

1913 487 1995 538 vel
2055 504 2172 540 sera
2204 487 2250 545 Α
2280 487 2511 539 studium
2589 492 2896 558 paenitentis
2973 502 3257 555 assumto.
3311 505 3365 551 et
3413 496 3482 551 de
3534 502 3862 560 correctione

2275 567 2512 618 actuum,
2530 561 2572 610 si
2590 562 2694 644 _vis.
2714 561 2912 643 vivere,
2950 564 3474 644 c_ogitato.__neqn_ire
3512 585 3600 621 me
3624 572 3857 644 proinde,

2268 642 2427 708 quem
2488 631 2796 708 ριγιβιιιῑιιιιὶ
2851 636 3089 687 serviens
3131 631 3395 701 reliquisti
3433 654 3447 690 :
3499 631 3715 708 require
3758 631 3857 706 tne:

2270 698 2511 775 inquam,
2546 701 2773 775 inveniri
2804 717 3069 769 paratum.
3092 716 3146 759 et
3194 698 3283 759 ubi
3344 698 3593 775 primnm'
3627 698 3861 775 quaerere

2266 772 2523 847 caperis,
2546 772 2853 847 obviautetn
2887 777 3189 847 inveniens:
3220 772 3555 843 qtiia'omnis
3593 772 3682 846 qui
3713 786 3857 847 petit,

2269 840 2495 916 accipiet
2526 843 2878 916 :_qtiiqttaerit
2904 844 3061 916 527
3090 840 3348 911 inveniet,
3390 840 3627 913 pulsanti
3660 840 3860 914 aperite;

2270 918 2357 961 tur
2382 908 2597 977 (Matth.
2651 913 2784 979 t5.).
2839 908 3279 987 Noli—sacrilegiis
3327 908 3433 973 iiiis
3477 908 3860 976 dissimulatio-

2277 995 2398 1033 nem
2431 991 2629 1035 no~trai
2674 988 2986 1051 quaestionis
3010 988 3324 1054 adiungere,
3372 1004 3441 1043 ne
3475 992 3751 1045 horridior
3768 997 3857 1047 de-

2273 1061 2493 1130 tegarts,
2518 1054 2695 1130 o‘lilata
2729 1056 2961 1109 remedia
2994 1058 3351 1122 negligendo,
3385 1076 3569 1125 quam,
3603 1078 3722 1129 qua:
3751 1078 3860 1130 pro-

2273 1124 2505 1197 mulgata
2541 1122 2785 1197 fuerant,
2820 1138 3081 1190 praecepta
3126 1122 3465 1183 temerando.
3504 1122 3858 1197 Quiritem.

2266 1204 2314 1263 et
2343 1193 2515 1245 uinetis
2534 1235 2547 1254 ,
2571 1194 2749 1249 Nolite
2776 1212 3016 1263 quaerere
3042 1199 3224 1253 llethel
3255 1208 3310 1253 et
3333 1193 3556 1263 Galgala
3583 1212 3640 1255 et
3676 1193 3859 1257 Βθπδθέ

2271 1262 2366 1315 hee
2386 1280 2409 1340 ⁸ε
2444 1264 2524 1340 ha:
2555 1277 2732 1318 autem
2764 1262 2926 1340 urbes
2957 1272 3093 1321 sicut
3124 1268 3333 1335 Regum
3365 1272 3549 1336 prodit
3608 1274 3856 1340 historia,

2267 1342 2321 1408 et
2349 1334 2524 1408 vitulis
2549 1375 2563 1395 ,
2596 1351 2731 1402 quos
2754 1336 3036 1408 Jeroboam
3070 1334 3264 1393 fecerat
3289 1382 3304 1401 ,
3351 1334 3406 1394 et
3458 1343 3681 1408 reliquis
3710 1334 3856 1397 eraoi

2270 1402 2791 1479 idolis‘tnin‘cipate
2846 1407 2948 1475 (5.
3008 1408 3135 1474 Iieq.
3179 1408 3317 1479 12.).
3385 1402 3683 1466 llcnttnciat
3737 1431 3857 1479 ergo

2268 1474 2873 1548 consuleusADominns,
2907 1479 3073 1533 utilla
3095 1496 3211 1547 quai
3261 1474 3644 1535 abominabilia
3697 1474 3861 1548 prola-

2270 1546 2408 1596 nitas
2431 1546 2793 1616 reddidisset,
2817 1546 3152 1616 tri-quentare
3182 1552 3517 1613 desinerent,
3552 1569 3620 1605 ne
3641 1546 3761 1607 cum
3788 1558 3860 1609 eis

2277 1617 2477 1693 parimr
2500 1620 2702 1693 quippe
2725 1614 3150 1693 [Fortequiquel
3182 1622 3467 1675 destinatis
3496 1626 3664 1675 exitio
3690 1627 3860 1693 dispro

2270 1690 2460 1739 rirent.
2493 1687 2742 1751 Quaerite
2773 1704 2899 1753 ergo
2934 1687 3235 1755 hominum,
3281 1708 3407 1759 qua
3439 1710 3546 1746 non
3576 1696 3690 1747 vult
3722 1687 3858 1748 mor-

2276 1764 2380 1832 lem
2415 1759 2724 1832 morientis;
2757 1768 2815 1832 et
2841 1771 3146 1832 qttauetitcs
3178 1766 3511 1815 revertimini
3550 1765 3616 1817 ad
3646 1782 3788 1832 eum,
3811 1779 3858 1819 et

2274 1828 2497 1899 vivetis,
2546 1844 2610 1879 tte
2659 1829 2927 1893 incipiatis
2960 1831 3201 1884 immisso
3230 1836 3387 1886 tectis
3411 1828 3859 1899 profanorutn’tn-

2269 1898 2465 1951 cendio
2492 1900 2849 1952 concremari.
2882 1900 2984 1953 Sed
3018 1902 3292 1956 videamus
3320 1917 3372 1957 ct
3414 1898 3623 1962 reliqua

2345 1969 2495 2021 Vers.
2528 1969 2580 2021 7.
2603 1970 2771 2044 8_._—
2798 1972 3205 2035 Quiconrertitis
3241 1974 3293 2026 in
3344 1976 3678 2043 absynthium
3716 1979 3855 2044 judi-

2268 2040 2423 2095 cium.
2453 2041 2768 2111 etiustitiam
2787 2044 2838 2092 in
2866 2052 2999 2093 terra
3020 2044 3323 2111 relinquitis.
3354 2040 3656 2099 Facientem
3686 2040 3856 2099 Arctoo

2267 2126 2378 2183 runt
2399 2121 2447 2183 et
2476 2110 2740 2170 Orionem,
2772 2121 2816 2162 et
2848 2110 3212 2166 convertentem
3236 2116 3287 2165 in
3337 2132 3493 2169 mane
3519 2120 3770 2183 tenebras,
3816 2130 3857 2174 et

2268 2181 2402 2254 diem
2432 2182 2485 2254 in
2516 2192 2711 2233 noctem
2748 2192 3024 2234 mutantem
3056 2199 3076 2236 :
3119 2185 3206 2252 qui
3234 2197 3377 2237 uocat
3417 2204 3584 2254 aquas
3616 2181 3792 2249 miris,
3815 2200 3856 2242 et

2267 2250 2485 2325 effundit
2513 2268 2599 2304 eas
2620 2269 2772 2321 super
2800 2254 2978 2325 facient
3008 2250 3155 2305 terra:
3178 2294 3193 2317 ,
3226 2250 3483 2309 Dominus
3515 2275 3701 2311 nomen
3730 2263 3855 2325 eius.

2270 2322 2472 2396 l'Aodem
2498 2336 2606 2390 quo
2634 2338 2790 2396 supra
2816 2364 2832 2389 ,
2863 2324 3074 2390 ordine,
3107 2335 3161 2378 tit
3202 2329 3500 2389 potentiam
3543 2322 3856 2396 judicis—es.

2269 2393 2489 2469 plicaret
2510 2434 2523 2455 ,
2553 2393 2695 2469 quod
2726 2394 2865 2469 idem
2896 2404 3041 2447 esset
3059 2404 3289 2469 creator,
3321 2393 3602 2451 admonuit
3624 2440 3641 2463 ,
3672 2416 3855 2469 propo-

2266 2466 2535 2532 situtnque
2573 2462 2691 2531 ejus
2712 2507 2725 2529 ,
2761 2466 2847 2533 qui
2883 2474 3139 2533 quantum
3189 2467 3241 2519 itt
3268 2482 3327 2521 se
3353 2480 3438 2520 est
3461 2509 3475 2528 .
3500 2462 3711 2524 eunetis
3738 2462 3855 2524 coo-

2267 2536 2462 2586 sultum
2514 2535 2698 2607 vellet,
2748 2537 3038 2607 ostendens
3094 2538 3315 2605 (quippe
3354 2540 3554 2607 quibus
3600 2543 3853 2597 existendi

2266 2619 2513 2681 caussam
2542 2606 2711 2681 solam
2742 2606 2859 2673 ejus
2886 2606 3096 2681 bonitas
3130 2606 3492 2681 praastitis’set)
3527 2611 3660 2664 dicit
3691 2628 3706 2663 :
3732 2617 3847 2681 quia

2261 2673 2520 2741 judicium
2548 2676 2666 2744 ejus
2690 2717 2707 2740 ,
2758 2677 2897 2746 quod
2922 2678 3080 2731 dulce
3109 2689 3253 2731 esset
3294 2673 3533 2733 innoxiis
3554 2723 3567 2743 ,
3622 2684 3709 2734 isti
3750 2673 3853 2737 "sibi

2268 2747 2433 2819 instar
2471 2747 2757 2819 _ab~yutliii
2826 2750 3223 2801 amarissimum
3279 2751 3668 2804 reddidissent.
3723 2753 3853 2819 Ergo

2265 2816 2404 2890 quod
2436 2817 2538 2890 ait,
2573 2806 2676 2883 Qui
2706 2819 2995 2871 convenitis
3021 2822 3070 2871 in
3100 2820 3433 2890 absyttthium
3456 2823 3718 2888 judicium
3781 2806 3852 2877 ie!

2266 2886 2335 2962 ita
2355 2887 2625 2962 debemus
2655 2890 2928 2962 accipere,
2977 2899 3033 2962 ut
3082 2886 3323 2962 divinum
3370 2886 3663 2957 judicium,
3718 2886 3851 2962 quod

2264 2957 2364 3010 sibi
2398 2958 2600 3009 meritis
2626 2963 2735 3011 suis
2766 2957 2876 3012 fieri
2904 2959 3174 3013 exitiabile
3202 2964 3603 3029 compulerunt,
3637 2957 3853 3018 convcr-

2266 3038 2393 3100 tisse
2432 3043 2527 3100 etis
2558 3030 2609 3081 in
2666 3031 3072 3083 amaritudinem
3100 3072 3114 3095 ,
3144 3042 3507 3100 conqueratur
3536 3049 3554 3087 :
3598 3035 3687 3087 vel
3717 3048 3853 3091 certe

2264 3099 2438 3161 ipsum
2472 3098 2715 3152 humana:
2744 3101 2963 3153 rationis
2989 3115 3213 3155 examen
3246 3098 3298 3155 iit
3330 3104 3744 3158 atttaritudinem
3776 3108 3848 3159 tli-

2262 3178 2349 3221 cat
2380 3170 2545 3222 fuisse
2572 3179 2883 3236 corruptum
2934 3187 2945 3221 :
2988 3172 3253 3225 culturam
3286 3173 3538 3227 videlicet
3570 3174 3850 3243 idolorum,

576 3256 657 3313 se,
690 3246 784 3296 sed
819 3250 997 3297 multis
1020 3247 1349 3308 temporibus
1378 3261 1498 3299 cum
1550 3255 1864 3313 expectatur
1909 3248 2162 3298 etnettda-
2191 3248 2234 3307 (ζ
2268 3254 2439 3313 siccis
2468 3253 2602 3313 quos
2636 3254 2746 3313 per
2790 3243 3038 3313 Moyscm_
3071 3254 3413 3310 acceperant,
3444 3244 3642 3299 ritibus
3676 3248 3851 3312 praele-

576 3311 692 3386 ἓίςι.
739 3316 1051 3386 (fastigatum
1100 3316 1263 3371 fuisse
1314 3311 1860 3386 pupulumpllegum
1921 3318 2165 3370 declarat

575 3382 832 3435 historia:
878 3382 1039 3455 atque
1069 3387 1188 3439 ideo
1216 3382 1629 3457 per-prophetas
1672 3382 1814 3440 varia
1862 3402 1983 3439 eum
2026 3389 2165 3441 Deus

575 3461 904 3509 nostcrvoce
932 3473 1122 3522 eomie
1147 3460 1235 3517 lat,
1274 3470 1382 3511 tum
1425 3458 1799 3510 detnniciaudo
1852 3458 2161 3522 perniciem,

575 3535 803 3597 eamque
834 3528 995 3579 ﬁxam
1025 3544 1145 3582 e~se
1174 3530 1423 3593 dicendo,
1458 3540 1565 3579 tum
1598 3543 1875 3597 prospera,
1904 3529 1947 3579 si
1977 3544 2163 3582 emen-

577 3594 829 3657 davcrit,
875 3599 1196 3663 pollicendo.
1260 3601 1408 3653 llattd
1464 3594 1641 3667 itaque
1687 3594 1836 3665 quasi
1896 3600 1946 3650 in
1998 3616 2161 3651 nutrit

579 3673 791 3737 tempus
818 3677 1116 3728 coarctatis,
1145 3672 1373 3737 aliquam
1403 3672 1453 3721 in
1491 3670 1649 3722 dictis
1679 3685 1800 3721 esse
1848 3670 2161 3737 discrepan-

580 3735 709 3785 tiatn
741 3738 1058 3803 Suspiceris:
1093 3741 1186 3791 sed
1236 3735 1473 3807 ptolatas
1522 3739 1817 3810 sententias
1866 3757 1958 3806 per
2004 3735 2155 3810 longa

580 3811 842 3872 tempora,
873 3822 1039 3876 eique
1061 3821 1354 3875 opportuna
1414 3808 1775 3873 distribuens,
1831 3808 2160 3870 consequen-

580 3876 710 3926 tiam
742 3892 888 3929 suam
920 3880 1168 3933 omnibus
1190 3889 1439 3934 constare
1491 3880 1754 3945 reperies:
1790 3895 1851 3934 ac
1908 3881 2159 3949 paulatim

580 3950 961 4021 crescentibus
993 3952 1165 4011 malis,
1217 3966 1439 4021 regnum
1483 3950 1684 4018 profani
1716 3952 1893 4017 populi
1942 3955 2165 4005 eummi-

580 4026 792 4089 nutum,
822 4019 991 4072 donec
1022 4025 1085 4072 ad
1118 4019 1315 4075 ultima:
1363 4022 1686 4089 captivitatis
1706 4024 1924 4074 exitium
1979 4038 2163 4089 perve-

582 4089 743 4163 niret.
776 4087 829 4143 In
862 4091 965 4144 illis
986 4094 1206 4157 proinde
1234 4087 1452 4147 urbibus
1482 4103 1643 4163 atque
1671 4087 1995 4159 regionibus,
2041 4110 2163 4161 quae

581 4158 757 4231 adhuc
778 4163 928 4227 quasi
952 4173 1126 4216 stante
1155 4165 1456 4231 metropoli.
1490 4165 1540 4217 id
1559 4158 1571 4163 ⁷
1590 4174 1691 4228 est,
1736 4158 2000 4228 Sattiari'i,
2045 4158 2163 4217 vas-

582 4230 851 4295 taliattttir,
895 4234 1066 4300 gentis
1116 4230 1523 4288 deciinatinnem
1558 4234 1750 4287 factam
1784 4235 2159 4302 intelligamus,

585 4308 643 4351 ut
694 4303 955 4355 nobilibus
1006 4304 1392 4358 intereuntibus
1439 4307 1708 4371 partibus,
1742 4320 1857 4370 quie
1911 4314 2027 4358 erat
2071 4321 2164 4358 ex-

580 4377 750 4444 trema
782 4385 1137 4437 permaneret.
1163 4377 1291 4442 Quae
1320 4377 1567 4444 quoniam
1616 4377 1679 4426 ad
1720 4375 1820 4427 hoc
1849 4374 1993 4427 illata
2051 4373 2167 4430 fue-

582 4450 669 4515 rat
690 4443 995 4501 decimatio,
1028 4456 1085 4497 ιιι
1109 4448 1246 4499 sicut
1276 4443 1413 4499 alios
1462 4446 1609 4515 justo
1638 4446 1799 4498 dabat
1850 4445 2033 4507 exitio,
2093 4452 2162 4501 ita

580 4512 719 4585 alios
762 4516 1099 4582 pereuntium
1155 4512 1476 4569 emendaret
1514 4516 1801 4585 exemplo:
1854 4516 2163 4573 exhortatio

578 4584 835 4636 continuo
864 4586 1026 4653 ipsius
1044 4588 1329 4652 jndicantis
1352 4588 1605 4640 insonuit.

657 4652 809 4709 Vers.
836 4628 1191 4722 Libui—bum
1215 4660 1321 4709 lucc
1350 4659 1474 4709 dicit
1493 4658 1740 4710 Dominus
1770 4656 1947 4709 domui
1972 4655 2159 4721 Israel,
2194 4628 2241 4686 υ

586 4724 809 4789 ρηωνὶιρ
834 4744 934 4786 me,
964 4739 1009 4782 et
1033 4740 1223 4781 mvelis.
1255 4726 1321 4780 Et
1352 4730 1509 4780 nolite
1535 4746 1758 4794 querere
1795 4728 1988 4789 Bethel,
2016 4739 2064 4781 et
2109 4732 2162 4783 in

582 4796 807 4866 Galgala
836 4801 994 4850 nolite
1024 4802 1233 4862 intrare,
1266 4810 1310 4851 et
1334 4802 1385 4852 in
1437 4797 1685 4852 Bersabre
1708 4816 1808 4852 non
1860 4800 2162 4866 transibitis.

579 4868 701 4931 quia
731 4867 950 4936 Galgala
987 4874 1184 4932 captii'a
1232 4873 1467 4929 ducetur.
1493 4881 1539 4923 et
1569 4869 1744 4923 Bel/tet
1798 4870 1891 4922 erit
1942 4872 2157 4924 inutilis.

585 4935 813 5010 Quaerite
837 4935 1140 5005 Dominum,
1172 4951 1217 4992 et
1239 4942 1315 4993 t'iv
1338 4953 1404 5003 te,
1438 4956 1499 4991 ne
1530 4942 1675 5008 lAnt.
1708 4942 1817 5010 nec]
1845 4941 1976 5009 forte
2024 4957 2161 4993 cont-

577 5009 833 5060 burantur
864 5018 888 5044 ι
921 5012 1022 5077 igni
1054 5012 1233 5061 donius
1256 5011 1471 5076 Jusepli,
1494 5024 1537 5061 et
1560 5009 1834 5069 devorabil,
1865 5021 1911 5062 et
1938 5028 2035 5063 non
2067 5013 2162 5065 erit

578 5078 670 5135 qui
701 5080 987 5148 exstinguat
1019 5079 1215 5132 Belhel.
1248 5082 1376 5144 Quia
1412 5080 1484 5142 id,
1514 5082 1700 5147 it-qttit,
1726 5082 1864 5148 quod
1889 5096 1916 5131 a
1957 5082 2072 5146 lege
2106 5090 2163 5137 et

577 5151 779 5216 pietate
808 5152 1065 5203 debueras
1090 5152 1317 5210 discere,
1344 5169 1375 5199 o
1405 5157 1457 5203 ιιι
1496 5150 1680 5211 Israel,
1715 5160 1773 5203 ut
1801 5154 1887 5203 uni
1915 5153 2163 5206 videlicet

580 5219 771 5273 l'actori
817 5229 907 5274 tuo
947 5226 1215 5274 continuie
1267 5221 1564 5273 devmionis
1600 5223 1903 5274 adhmreres
1957 5224 2157 5288 oflieio,

578 5293 667 5357 qui
694 5300 744 5344 te
771 5300 825 5345 et
855 5295 1110 5360 propitius
1136 5293 1370 5353 beatum,
1401 5300 1454 5345 et
1477 5294 1640 5345 iratus
1664 5292 2016 5345 ttiiserrimum
2042 5293 2162 5346 red-

580 5368 755 5431 deret,
797 5376 939 5416 saava
981 5365 1195 5416 demum
1243 5364 1475 5432 pericula
1527 5363 1860 5417 docuerunt:
1906 5366 1985 5417 vel
2021 5378 2163 5417 nunc

652 5505 676 5532 α
706 5496 913 5567 Reliqui
961 5497 1081 5552 libri
1139 5506 1301 5567 atque
1352 5496 1640 5551 Hebraicus
1692 5498 1805 5566 ipse
1856 5506 2028 5551 textus
2104 5504 2160 5548 ut

576 5568 730 5638 ignis.
750 5579 906 5625 unm.

652 5639 677 5676 b
711 5639 929 5692 Videtur
950 5638 1045 5691 abs
1075 5639 1401 5709 Hieronymo
1422 5640 1715 5707 accepisse,
1751 5637 1837 5691 tibi
1859 5635 1933 5687 ait
1958 5676 1972 5696 ,
2003 5634 2161 5704 Sym-

581 5710 811 5772 machus,
839 5710 1070 5760 absolute
1116 5712 1323 5771 Stellas,
1373 5710 1655 5762 Tlieodotio
1682 5711 2039 5776 interpretatus
2085 5716 2159 5756 est

584 5792 861 5840 \‘espentm
896 5795 907 5827 :
945 5778 1195 5837 Ilrhrttutt
1242 5790 1432 5842 autem,
1487 5781 1572 5843 qui
1625 5796 1715 5829 nos
1769 5781 1821 5828 in
1876 5776 2157 5839 Scripturis

589 5850 769 5897 :aiirtis
798 5849 1029 5909 erudivit,
1058 5849 1257 5911 Chazil,
1278 5850 1599 5901 intcroretari
1624 5859 1771 5914 putat
1800 5848 2155 5916 splendorem,

2268 3309 2456 3384 reudo.
2485 3310 2737 3384 Reciditur
2761 3309 2961 3384 autem,
2993 3310 3061 3384 Et
3089 3309 3349 3381 justitiam
3371 3317 3426 3366 in
3448 3326 3586 3366 terra
3613 3309 3851 3384 relinqui-

2268 3381 2333 3431 tis
2358 3396 2375 3433 :
2402 3380 2543 3450 quod
2573 3382 2639 3453 ad
2672 3383 2837 3445 ipsius
2859 3380 3141 3437 electionis
3166 3384 3374 3450 culpavn
3401 3400 3663 3438 revocare
3679 3380 3851 3453 posse-

2267 3463 2414 3524 mus,
2446 3467 2565 3524 quin
2590 3450 2862 3524 jttdicatidi
2894 3467 3133 3524 normam
3160 3494 3174 3514 ,
3205 3453 3357 3523 quasi
3403 3456 3611 3523 aliquid
3643 3450 3847 3524 procul-

2264 3522 2437 3595 c_:ib;le
2470 3522 2767 3589 reliquisset
2793 3562 2808 3586 ,
2844 3524 2943 3595 nisi
2975 3522 3233 3591 subjectis
3254 3522 3507 3595 versibus,
3527 3522 3657 3593 quid
3700 3528 3849 3595 justi-

2267 3592 2391 3643 tiam
2420 3604 2683 3653 voeasset,
2715 3592 3041 3647 ostenderet.
3076 3595 3162 3646 Ait
3193 3598 3337 3647 enim
3366 3635 3380 3653 .
3414 3592 3721 3649 Facientem
3762 3602 3847 3649 Ar-

2265 3670 2463 3713 cturum
2496 3674 2544 3714 et
2573 3664 2852 3725 Orionem,
2897 3674 3263 3717 convertentem
3310 3666 3362 3717 in
3411 3681 3565 3718 mane
3605 3671 3845 3722 tenebras.

2265 3732 2534 3807 Justitiam
2564 3748 2694 3807 ergo
2737 3733 3023 3807 appellavit
3069 3738 3239 3807 ipsum
3293 3734 3459 3788 Deum
3491 3748 3738 3807 nostrum
3764 3741 3846 3807 qui

2265 3805 2476 3865 merito,
2502 3814 2556 3858 et
2599 3806 2764 3857 vii-tus
2788 3814 2841 3856 et
2886 3806 3142 3872 sapientia
3175 3815 3484 3859 nominatur
3520 3805 3606 3873 (l.
3632 3808 3757 3863 Cor.
3784 3805 3844 3867 ⁷1.

2264 3874 2381 3939 24.)
2417 3890 2430 3925 :
2461 3890 2689 3943 eumque
2713 3890 2739 3925 a
2767 3874 3004 3942 profanis
3034 3890 3154 3928 esse
3184 3878 3451 3939 relictum,
3481 3876 3535 3930 id
3564 3891 3672 3942 ρει,
3706 3895 3845 3945 ειη-ες

2268 3955 2375 4020 tum
2404 3986 2418 4005 ,
2465 3954 2791 4013 conquestus
2813 3987 2827 4007 ,
2862 3960 3022 4012 opera
3068 3945 3219 4020 ejus,
3269 3949 3465 4020 quibus
3494 3951 3732 4003 mundus
3761 3966 3845 4020 git-

2269 4018 2542 4079 licrnatur,
2578 4027 2856 4069 enumerat
2908 4031 2923 4067 :
2973 4023 3031 4069 ut
3076 4017 3286 4069 illorum
3335 4017 3595 4072 nimirum
3627 4017 3843 4074 crimina

2269 4090 2532 4151 «nuntiet,
2575 4086 2663 4154 qui
2713 4094 2871 4137 tantae.
2903 4087 3196 4151 maiestatis
3228 4091 3392 4140 lieuni
3441 4104 3549 4141 non
3583 4090 3843 4145 timuerint

2264 4169 2534 4226 asperare.
2565 4157 2715 4222 Quod
2748 4164 2925 4210 autem
2950 4167 3219 4209 astrorum
3264 4172 3325 4211 ea
3355 4161 3618 4212 vocabula
3651 4162 3843 4226 intulit,

2265 4241 2384 4298 qua:
2408 4241 2437 4276 ιι
2468 4225 2768 4280 GentiLbus
2818 4228 3337 4298 videnturimposita
3366 4228 3716 4298 (quamquam
3763 4225 3843 4284 alii

2268 4295 2593 4363 liiterpretes
2618 4302 2788 4349 Stillllll
2812 4296 3039 4368 sidera?b
3061 4297 3315 4368 dixerint)
3346 4295 3637 4366 pessetnits
3663 4315 3843 4354 conse-

2266 4380 2495 4433 quenter
2521 4368 2788 4433 aeripere.
2817 4368 2939 4435 quia
2963 4367 3132 4419 obviis
3152 4367 3424 4422 vocabulis
3452 4368 3521 4422 ad
3546 4370 3841 4423 distinctio-

2268 4453 2388 4489 nem
2420 4448 2683 4490 astrorum
2708 4477 2725 4503 ,
2756 4453 2861 4490 non
2879 4438 2946 4490 ad
2968 4438 3429 4493 continuationem
3455 4439 3755 4493 fabularum
3777 4442 3838 4494 sit

2268 4522 2397 4559 usus
2449 4510 2706 4576 preplieta
2741 4526 2753 4560 :
2786 4510 3076 4560 secundum
3107 4508 3235 4561 illttd
3266 4512 3407 4577 quod
3457 4521 3514 4563 et
3564 4512 3841 4578 Apostolus

2270 4587 2546 4644 poi-tarum
2590 4578 2883 4633 sententias
2915 4593 3245 4646 nequaquam
3276 4589 3357 4633 est
3400 4582 3721 4649 dedignatus
3762 4595 3841 4633 as-

2270 4662 2484 4702 sumere
2516 4651 2651 4715 (Act.
2690 4650 2819 4717 l7.).
2851 4649 3149 4702 Notandum
3177 4653 3339 4702 etiam
3360 4650 3487 4703 illud
3510 4692 3524 4710 ,
3555 4652 3700 4718 quod
3726 4666 3838 4705 cum

2271 4718 2683 4785 descriptionem
2709 4724 2956 4772 :ctliereai
2978 4720 3368 4774 informationis
3392 4722 3553 4774 vellet
3569 4723 3837 4785 amplecti,

2270 4798 2535 4843 astrorum
2567 4792 2838 4843 vocabulis
2867 4801 3095 4855 quatuor
3124 4790 3332 4859 plagas,
3380 4806 3500 4860 qua
3529 4795 3693 4843 etiam
3738 4792 3840 4845 Cli-

2271 4867 2411 4912 ntata
2438 4873 2715 4927 vocantur,
2738 4860 3063 4926 expresserit
3094 4876 3105 4910 :
3140 4862 3189 4912 id
3221 4871 3321 4925 est,
3354 4861 3587 4914 Arcturo
3616 4863 3839 4930 Septen-

2272 4940 2522 4994 trionem,
2552 4930 2751 4983 Orione
2775 4946 2901 4983 vero
2933 4930 3252 4994 Australem,
3284 4948 3404 5000 quae
3426 4941 3521 4991 est,
3539 4948 3571 4985 e
3594 4948 3836 5001 regione,

2269 5004 2643 5053 constituens:
2676 5001 2777 5053 diei
2820 5010 2997 5053 autem
3040 5010 3094 5052 et
3139 5004 3310 5055 noctis
3342 5004 3731 5062 vicissitudine,
3754 5018 3837 5055 or-

2272 5080 2379 5121 tutti
2410 5072 2568 5142 Solis.
2600 5072 2762 5141 528
2789 5085 3143 5138 occasumth
3168 5075 3450 5139 signando.
3484 5072 3585 5126 Ubi
3621 5074 3835 5142 pulchre

2268 5140 2558 5207 potentiam
2587 5140 2795 5207 opiﬁcis
2824 5144 3138 5205 admiratus,
3183 5145 3431 5195 tenebras
3455 5143 3599 5207 ipsas
3622 5140 3702 5195 ait
3722 5159 3834 5196 eum

2265 5213 2317 5263 in
2351 5226 2507 5264 inane
2536 5222 2850 5266 convertere
2882 5228 2895 5263 :
2924 5212 2991 5264 ita
3022 5226 3161 5265 enim
3213 5214 3354 5265 Solis
3378 5214 3571 5279 globus
3607 5229 3730 5266 cuin
3754 5228 3838 5265 ex-

2264 5281 2740 5351 plicaieritgyrm,
2775 5283 3057 5353 repentino
3107 5291 3275 5335 terras
3303 5286 3593 5349 splendore
3622 5286 3838 5353 profun-

2263 5354 2340 5404 dit
2365 5392 2379 5414 ,
2412 5361 2470 5405 ut
2499 5355 2741 5407 inventas
2767 5352 3017 5407 tenebras
3047 5367 3151 5405 non
3172 5355 3441 5422 pepulisse
3460 5394 3476 5420 ,
3509 5365 3764 5407 ceterum
3788 5355 3833 5409 il

2265 5498 2313 5557 et
2332 5487 2621 5555 signiﬁcare
2640 5487 2944 5557 generaliter
2962 5493 3103 5539 astra
3135 5484 3409 5552 fulgentia.
3431 5485 3669 5554 Etpaulo
3698 5495 3831 5556 post,

2268 5556 2489 5610 llebrwa
2516 5556 2739 5621 nomina,
2762 5574 2875 5625 quin
2902 5558 3043 5626 apud
3072 5573 3155 5609 eos
3176 5559 3326 5608 aliter
3349 5562 3682 5625 appellantur
3703 5601 3719 5623 ,
3749 5574 3833 5610 vo-

2264 5629 2455 5679 cabulis
2480 5629 2769 5696 fabularum
2799 5627 3077 5681 Gentilium
3115 5629 3171 5679 in
3200 5628 3435 5695 linguam
3463 5640 3689 5680 nostram
3732 5643 3833 5681 esse

2266 5702 2535 5759 translata,
2565 5702 2651 5766 qui
2698 5716 2800 5751 non
2840 5715 3107 5757 possumus
3135 5702 3419 5769 intelligere
3446 5700 3582 5764 quod
3626 5700 3828 5762 dicitur,

2268 5770 2363 5818 ηιδέ
2388 5786 2501 5839 per
2542 5786 2601 5820 ea
2646 5771 2912 5834 vocabula,
2954 5786 3067 5839 qua:
3098 5785 3191 5822 usu
3241 5770 3517 5822 didicimus
3542 5811 3558 5836 ,
3590 5780 3637 5822 et
3667 5784 3829 5822 errore

2268 5838 2611 5893 conibtbiiniis.
2879 5838 2887 5844 ’
