4110 6350
267 377 405 432 ,1οη

1471 370 1532 429 tu
1572 372 1751 452 suos
1787 365 2339 428 COMMENTARIUS.

3376 342 3511 424 loss

276 504 384 558 ego.
408 501 454 543 et
477 505 576 543 non
599 491 766 552 ltonto,
791 487 842 542 in
871 490 1033 543 medio
1054 491 1128 542 tni
1149 499 1368 550 sanctus,
1396 497 1561 541 etnon
1583 486 1842 558 ingrediar
1869 491 1921 547 Α
1945 486 2102 558 Aufer
2141 502 2170 537 a
2212 503 2291 540 me
2330 484 2598 558 tumultum
2634 476 2930 558 carminum
2967 472 3164 536 tuarum
3188 499 3208 537 :
3233 494 3277 536 et
3317 486 3516 558 cantica

275 551 528 615 civitatem
560 560 711 627 (Osee
737 551 821 613 Η.
847 560 946 626 9.).
987 560 1136 625 Quod
1175 575 1302 628 ergo
1339 559 1409 611 ibi
1450 573 1510 611 se
1558 556 1840 628 miseratus

278 630 595 698 promiserat
621 644 744 699 non
789 644 908 682 esse
953 627 1254 699 gesturum,
1301 631 1349 680 id
1394 641 1532 680 nunc
1580 627 1839 699 factnrmn

281 694 558 767 pollicetur
615 698 800 764 iratus,
843 699 894 751 id
925 694 1034 762 est,
1073 715 1166 768 per
1202 700 1429 752 medium
1463 696 1638 762 popnii
1683 694 1843 768 ulcis-

278 763 448 823 centis
474 770 653 822 animo
695 763 1232 822 transiturutn.'Cum
1261 780 1434 820 autem
1469 767 1655 817 harmn
1701 763 1842 815 cala-

281 841 525 912 mitatum
566 853 724 906 agger
754 839 997 912 irrucrit,
1028 841 1272 907 agricolae
1312 852 1414 889 non
1455 837 1518 886 ad
1549 835 1840 912 culturamz

280 910 372 962 sed
401 907 468 960 ad
499 909 726 960 lamenta
778 911 1127 970 convenient,
1159 916 1516 961 conmeantes
1549 919 1726 956 secum
1755 907 1843 968 qui

282 979 450 1032 sciant
467 978 897 1047 plangere.Quod
913 979 1197 1031 secundum
1215 992 1416 1030 morem
1429 975 1575 1047 illius
1588 973 1842 1038 regionis,

283 1048 366 1115 qui
401 1048 559 1100 etiam
600 1045 741 1111 apnd
789 1049 920 1100 alias
964 1060 1152 1116 gentes
1199 1047 1440 1116 vigebat.
1473 1045 1675 1116 illatum
1720 1052 1839 1094 est:

283 1114 437 1170 erant
453 1119 593 1169 enim
621 1117 862 1169 funebres
892 1114 1332 1184 cantilenaz,quas
1353 1114 1418 1167 ad
1444 1115 1847 1184 rythmnmprae-

283 1187 585 1239 cincntibns
617 1188 752 1248 aliis,
783 1187 933 1238 turba
969 1183 1266 1239 resonabat.
1298 1185 1600 1250 Ergoqua—si
1635 1193 1691 1234 ut
1719 1183 1848 1248 legi-

283 1257 469 1310 timum
514 1257 671 1325 533
713 1257 887 1322 populi
935 1256 1090 1308 funus
1158 1263 1508 1326 exprmeret,
1567 1251 1848 1320 plangendi

281 1327 514 1380 scientes
540 1327 826 1382 denunciat
851 1329 1241 1381 coniocantlos.

351 1395 506 1450 Vcrs.
545 1395 746 1448 18:20.
771 1423 840 1434 -—
877 1395 966 1448 Va!
1013 1395 1409 1449 desiderantibus
1438 1393 1567 1446 diem
1609 1390 1846 1458 Domini,

280 1476 334 1518 ut
365 1465 486 1532 quid
516 1481 623 1517 cam
655 1466 826 1516 vol'is?
861 1465 978 1518 Dies
1017 1465 1222 1518 Domini
1263 1469 1392 1527 ista,
1423 1464 1636 1517 tenebrae
1674 1474 1718 1514 et
1749 1477 1850 1514 non

281 1536 394 1588 luat.
434 1535 698 1598 Quomodo
727 1537 766 1586 si
803 1536 960 1603 fugiat
991 1537 1065 1586 vir
1099 1554 1130 1587 a
1156 1537 1287 1604 facie
1317 1536 1498 1592 leonis,
1535 1543 1581 1586 et
1619 1540 1851 1585 occurrat
1881 1545 1887 1552 ‘

279 1606 326 1658 ei
351 1619 571 1658 rursus:
600 1616 649 1657 et
684 1605 997 1671 ingrediatur
1027 1606 1263 1669 domum,
1309 1617 1358 1657 et
1402 1605 1650 1656 innitatur
1696 1619 1851 1654 manu

277 1691 376 1728 sua
399 1691 551 1744 super
583 1675 852 1737 parietem,
881 1685 926 1728 et
956 1679 1177 1728 mordeat
1204 1693 1316 1728 eum
1345 1675 1569 1744 coluber.
1605 1671 1850 1741 Nunquid

278 1761 384 1797 non
414 1743 627 1798 tenebrte
647 1745 752 1796 dies
780 1745 1012 1807 Domini,
1035 1757 1081 1798 et
1109 1763 1207 1798 non
1235 1749 1327 1799 lux
1350 1762 1367 1799 :
1387 1754 1438 1797 et
1460 1743 1644 1812 caligo,
1677 1753 1723 1794 et
1749 1759 1850 1795 non

277 1817 524 1884 splendor
551 1816 601 1867 in
633 1814 733 1868 ea?
757 1817 1042 1869 Consilium
1076 1831 1124 1870 et
1161 1817 1485 1884 propositum
1519 1814 1729 1884 pietatis
1768 1814 1849 1884 di-

279 1884 440 1946 vinae,
472 1883 718 1937 Gentium
748 1886 992 1952 magister
1017 1883 1304 1940 ostendens
1331 1903 1342 1936 :
1375 1883 1606 1942 Bonitas,
1639 1883 1843 1951 inquit,

276 1955 378 2008 Dei
403 1959 470 2006 ad
500 1955 843 2021 paenitentiam
872 1965 917 2006 te
945 1957 1178 2019 adducit,
1213 1962 1490 2010 secundum
1517 1964 1684 2006 autem
1706 1953 1848 2006 duri-

279 2026 406 2077 tiam
435 2037 611 2087 tuam,
639 2037 684 2077 et
710 2043 796 2078 cor
822 2027 1158 2090 impaenitens,
1189 2036 1244 2078 tu
1267 2027 1353 2078 tibi
1383 2024 1690 2077 tltesaurisas
1719 2024 1849 2076 iram

277 2097 330 2147 in
363 2097 446 2147 die
473 2097 564 2148 irte
593 2095 766 2165 (llam.
792 2095 849 2150 ‘2.
875 2097 977 2164 5.),
1007 2107 1063 2148 ut
1108 2100 1216 2163 ipsa
1247 2096 1498 2150 dilatione
1526 2095 1847 2147 cumulatam

276 2166 517 2231 excipias
549 2167 823 2218 ultionem.
859 2166 968 2220 Iloc
995 2184 1122 2234 ergo
1151 2166 1849 2234 propositoconsulendiper

277 2237 571 2288 multorum
605 2250 784 2303 regum
811 2245 994 2288 aetates
1020 2237 1342 2305 pmphetalis
1367 2236 1709 2305 comminatio
1741 2250 1850 2302 pcr-

277 2306 540 2358 Sonabat:
576 2316 631 2358 et
677 2306 894 2373 praibat
920 2304 1282 2361 deseribendis
1320 2304 1709 2358 calamitatibus
1741 2318 1850 2357 ter-

278 2376 421 2429 roris
438 2375 677 2439 ambitio,
691 2392 808 2444 qua:
827 2377 876 2428 in
897 2379 1195 2439 pectoribus
1211 2376 1534 2430 audientium
1554 2373 1852 2426 formidinis

277 2457 332 2500 et
366 2447 716 2499 correctionis
745 2449 1028 2500 suscitart-t
1051 2448 1328 2511 allectum;
1357 2448 1449 2500 sed
1481 2446 1556 2498 illi
1585 2445 1672 2510 qui
1703 2445 1850 2498 abuti

282 2516 538 2569 remediis
581 2518 979 2576 adsuevissent.
1029 2520 1334 2570 dilationem
1385 2529 1656 2583 poenarum
1694 2529 1852 2582 atque

283 2587 534 2639 mortium
549 2589 610 2638 ad
629 2587 882 2640 memini-ii
899 2597 1264 2655 argumentum
1281 2588 1576 2651 trahebant,
1593 2586 1851 2650 dicentes,

280 2658 560 2720 videlicet,
605 2658 886 2722 prophetas
924 2657 1390 2710 commemorando
1426 2658 1566 2708 diem
1613 2656 1849 2720 Domini,

278 2735 448 2779 Vanos
461 2729 698 2780 excitare
719 2737 968 2780 terrores.
990 2727 1125 2793 Ergo
1145 2728 1279 2781 inter
1294 2737 1506 2787 cetera,
1525 2743 1640 2792 qme
1660 2725 1854 2779 lascive

281 2799 436 2861 impr.
464 2798 633 2865 hcque
662 2797 1030 2864 loquebantur,
1066 2802 1164 2850 ista
1204 2813 1413 2863 quoque
1448 2811 1565 2847 cum
1613 2794 1854 2848 irrisione

283 2865 565 2924 tlichant.
600 2867 864 2930 videlicet,
894 2883 950 2921 se
973 2871 1274 2921 de~iderare
1294 2867 1434 2921 diem
1463 2866 1688 2928 Domini,
1717 2876 1769 2916 et
1801 2874 1856 2918 ut

281 2938 500 2989 tandem
524 2943 867 3000 revelaretur,
891 2949 1102 3000 optare;
1130 2954 1235 2991 non
1257 2936 1395 3004 quod
1420 2936 1556 2990 veris
1577 2935 1856 2988 tlesilleriis

279 3021 398 3061 eam
425 3009 634 3076 pustula
665 3019 775 3070 ent,
797 3008 1050 3073 sedquod
1081 3024 1411 3077 nequaquam
1437 3006 1700 3068 veniente,
1720 3019 1857 3077 com-

285 3075 606 3130 mutantium
642 3082 1015 3144 prophetarum
1044 3080 1242 3131 lalsitas
1272 3075 1600 3146 proderetur.
1631 3075 1858 3146 Proinde

280 3149 558 3216 sztcrilegis
596 3143 806 3200 censcia
830 3164 948 3201 sua:
993 3149 1228 3202 veritatis
1270 3143 1492 3201 censura
1533 3143 1855 3216 denunciot,

1945 557 2070 622 lyra:
2107 563 2206 609 tua?
2232 572 2331 607 non
2366 557 2592 607 antliam.
2628 553 2689 606 Et
2718 555 3019 607 revelabitur
3040 557 3184 623 quasi
3213 571 3342 620 aqua
3371 556 3516 622 judi-

1943 628 2096 688 cium,
2121 635 2165 677 el
2181 628 2387 695 justitia
2406 626 2552 693 quasi
2575 635 2765 676 torrens
2789 626 2953 692 fortis.
2974 625 3222 695 Quamvis
3245 626 3517 695 arguendo

1949 695 2154 755 lsrarli,
2181 693 2236 748 id
2268 708 2380 759 est,
2414 697 2596 747 decem
2625 697 2886 754 trilnihus,
2917 693 3118 762 majore
3142 705 3290 761 parte
3315 693 3516 748 oratio-

1945 771 2029 818 nis
2058 766 2331 824 institerit.
2377 775 2550 817 tamen
2593 768 2749 818 etiam
2783 763 2944 834 535.
2981 765 3130 818 Jmlze
3163 763 3356 817 delicta
3387 778 3516 816 con-

1945 835 2118 902 tingit.
2169 835 2438 902 Siquidem
2468 844 2521 886 et
2570 835 2708 888 inter
2739 836 2991 902 principia
3023 836 3199 900 operis
3227 850 3349 888 cum
3379 834 3520 887 iutu-

1947 905 2095 958 Iisset
2141 906 2468 958 diversarum
2499 907 2730 974 gentium
2784 905 3104 957 mentionem
3127 947 3139 965 ,
3174 908 3412 970 pervenit
3449 903 3517 958 ad

1945 974 2130 1026 .lndam
2150 1013 2163 1039 ,
2197 986 2249 1027 et
2290 990 2317 1026 a
2345 983 2397 1028 t:
2432 975 2598 1043 Super
2628 976 2783 1027 tribus
2811 977 3079 1028 sceleribus
3114 975 3268 1026 Judw
3295 984 3338 1026 et
3367 984 3523 1040 super

1946 1057 2166 1104 quatuor
2203 1061 2300 1096 non
2327 1057 2613 1096 canuertam
2648 1061 2792 1108 eum,
2821 1063 2879 1098 eo
2908 1044 3041 1112 quod
3083 1045 3319 1114 objeccrit
3354 1043 3519 1114 legem

1951 1114 2182 1179 Domini,
2216 1125 2261 1166 et
2299 1115 2542 1166 mundata
2577 1119 2688 1186 ejus
2716 1133 2814 1168 non
2854 1117 3166 1168 custodierit.
3202 1113 3520 1174 Dereperunt

1947 1187 2079 1238 enim
2101 1201 2186 1238 eos
2216 1186 2353 1234 idolo
2389 1197 2480 1235 sua
2500 1226 2510 1244 .
2544 1195 2653 1245 poi!
2684 1202 2796 1252 qua’
2825 1186 3057 1237 abierunt
3103 1196 3269 1254 patres
3298 1200 3474 1237 eorum
3498 1195 3520 1238 .‘

1947 1266 1995 1307 et
2031 1256 2224 1305 mittam
2266 1255 2432 1323 ignem
2475 1257 2526 1304 in
2566 1255 2790 1318 Judom,
2822 1269 2865 1306 et
2899 1258 3154 1308 devorabit
3193 1258 3326 1308 rudes
3365 1255 3522 1307 Jeru-

1949 1326 2127 1377 salem.
2159 1325 2487 1390 Qnamqnatn
2519 1340 2644 1387 ergo
2691 1327 2864 1378 Israeli
2896 1327 3258 1378 vehementior
3303 1326 3524 1377 institis-

1949 1405 2031 1448 set
2055 1412 2066 1447 :
2094 1403 2269 1447 tamen
2302 1403 2576 1460 postquam
2599 1394 2663 1446 ad
2687 1399 3081 1460 exprimendam
3108 1400 3244 1448 diem
3285 1395 3517 1459 Domini,

1951 1465 2000 1518 id
2029 1476 2140 1529 est,
2175 1465 2392 1535 ultionis
2433 1475 2642 1529 tempus
2673 1479 2847 1518 sermo
2880 1467 3150 1532 pervenit,
3185 1465 3405 1535 ejusque
3434 1480 3522 1519 se-

1952 1535 2222 1588 veritatem
2243 1534 2470 1587 tlth'I'SiS
2489 1535 2802 1601 itnrtgiuibus
2815 1552 2874 1588 ex
2885 1539 3079 1602 plicare
3095 1534 3384 1600 contendit,
3403 1551 3520 1603 qua:

1952 1607 2134 1671 utique
2165 1605 2417 1657 terribilis
2467 1620 2654 1670 pompa
2701 1607 2945 1657 vindicta:
2995 1622 3096 1658 non
3141 1609 3313 1659 minus
3349 1605 3520 1669 Jollas,

1951 1691 2109 1742 quam
2140 1675 2395 1729 Samaria:
2432 1674 2674 1742 plebibus
2713 1676 3021 1729 imminebat
3051 1692 3065 1728 :
3099 1676 3522 1729 ceremoniarmn

1951 1759 2162 1814 quoque
2188 1746 2406 1807 solatia,
2441 1759 2580 1812 quae,
2614 1749 2889 1812 profanato
2929 1746 3088 1799 Israel
3111 1788 3124 1811 ,
3159 1746 3321 1800 Judas
3350 1746 3523 1800 adhuc

1957 1815 2234 1870 videbatur
2257 1815 2546 1876 celebrare,
2579 1826 2826 1868 enervata
2860 1819 3030 1884 potius
3057 1831 3110 1870 et
3140 1817 3344 1884 ahjecta
3376 1832 3527 1867 tnou-

1954 1887 2166 1952 stravit,
2207 1887 2644 1938 commendanda:
2677 1887 2919 1939 videlicet
2948 1889 3231 1940 occasione
3257 1899 3520 1953 censorve,

1951 1958 2087 2023 apud
2120 1971 2276 2023 quain
2326 1959 2460 2008 inter
2497 1957 2690 2009 damna
2744 1972 2978 2020 morum,
3012 1958 3342 2024 placamenta
3381 1955 3526 2024 ejus-

1952 2026 2094 2079 modi
2121 2027 2247 2078 nihil
2279 2027 2542 2093 valerent,
2573 2042 2779 2094 mquum
2805 2042 2861 2078 se
2884 2027 3116 2092 judicent
3147 2027 3385 2093 utrisque
3413 2029 3528 2081 fore

1953 2095 2194 2149 tribubus
2233 2097 2504 2150 indicavit.
2555 2097 2692 2164 Ergo
2739 2099 2992 2149 dilatione
3037 2097 3316 2150 sententia:
3363 2099 3525 2151 etiam

1951 2166 2099 2221 ludat
2129 2181 2247 2219 cum
2283 2168 2477 2221 lsraele
2507 2167 2820 2228 denunciat,
2848 2169 3096 2232 quoniam
3136 2178 3306 2221 cretus
3335 2182 3524 2220 eorum

1951 2237 2354 2305 oblationesqoe
2403 2237 2666 2298 fastidiat,
2707 2248 2761 2290 et
2808 2247 2925 2290 voti
2974 2239 3026 2290 in
3076 2239 3267 2306 quibus
3314 2240 3522 2289 soleant

1957 2306 2178 2375 pingues
2201 2309 2402 2360 hostias
2425 2308 2700 2361 immolare
2725 2317 3032 2361 contemnat
3057 2325 3068 2360 :
3097 2307 3529 2371 carminibusque

1953 2378 2142 2446 quibus
2169 2379 2260 2430 Dei
2291 2389 2482 2430 canant
2513 2378 2716 2440 laudes,
2742 2377 2813 2430 ita
2832 2377 3151 2442 offendatur,
3182 2387 3242 2431 ut
3273 2377 3531 2431 tumultus

1953 2450 2122 2514 magis
2149 2462 2210 2501 se
2257 2448 2570 2514 pronunciet
2615 2453 2836 2510 sentire,
2877 2464 3037 2516 quam
3070 2461 3261 2502 cretus.
3297 2447 3420 2500 lla:c
3452 2448 3528 2500 si-

1953 2518 2164 2585 quidem
2195 2521 2372 2571 omnia
2405 2519 2676 2586 religionis
2701 2519 2873 2572 oflicia
2905 2531 3029 2572 tunc
3057 2528 3208 2586 grata
3238 2532 3356 2570 esse
3392 2517 3528 2583 Deo,

1955 2599 2078 2640 tunc
2109 2588 2296 2654 placita
2315 2629 2329 2650 ,
2352 2591 2565 2657 quando
2587 2604 2705 2640 cum
2735 2588 2890 2640 bonis
2921 2592 3160 2642 moribus
3180 2589 3528 2642 exhibentur.

1953 2659 2217 2712 Cic-ternm
2259 2659 2305 2711 si
2336 2674 2396 2712 ea
2431 2670 2690 2724 usurpent
2737 2660 3029 2727 sacrilegiis
3070 2666 3126 2711 et
3169 2657 3536 2726 iniquitatibus

1955 2730 2273 2793 servientes,
2305 2732 2372 2781 ita
2408 2729 2538 2782 nihil
2571 2737 2917 2795 promoveant
2942 2731 3004 2781 ad
3040 2730 3424 2795 impetrandam
3458 2744 3537 2779 sa.

1956 2797 2148 2868 linem,
2176 2811 2230 2851 ut
2255 2799 2425 2850 oratio
2450 2815 2632 2852 eorum
2664 2801 2752 2851 liat
2778 2800 2828 2852 in
2860 2809 3131 2862 peccatum
3159 2797 3332 2868 (Psal.
3365 2795 3536 2865 108.).

1958 2867 2051 2920 llis
2092 2884 2221 2932 ergo
2268 2868 2478 2922 cunctis
2517 2870 2723 2920 solatiis
2770 2870 3030 2922 convictis
3069 2867 3230 2936 atque
3278 2869 3538 2934 depulsis,

1950 2938 2207 3006 judicium
2235 2936 2330 2989 Dei
2363 2937 2666 2991 revelabitur
2694 2942 2840 3004 quasi
2867 2956 3000 3004 aqua
3028 2955 3041 2990 :
3067 2941 3206 3007 quod
3245 2955 3312 2992 ne
3351 2943 3538 2990 obscu-

1958 3023 2071 3078 rum
2112 3019 2293 3078 esset,
2342 3010 2574 3074 adjecit:
2605 3020 2651 3059 et
2685 3010 2892 3078 justitia
2937 3013 3083 3076 quasi
3125 3020 3320 3060 torrens
3369 3009 3538 3076 fortis.

1959 3076 2238 3130 lnundatio
2261 3093 2351 3130 eas
2379 3079 2628 3131 nimirmn
2657 3076 2907 3132 immissae
2932 3079 3249 3132 calamitatis
3276 3079 3536 3144 abripiet,

1959 3159 2013 3199 et
2041 3149 2220 3201 diluvii
2249 3148 2418 3200 instar
2453 3152 2746 3217 extinguet.
2779 3149 3010 3202 Diversis
3041 3150 3182 3201 enim
3216 3148 3533 3215 imaginibus

281 3221 425 3291 quod
481 3214 622 3291 illam
678 3217 991 3271 desiderata:
1040 3219 1168 3291 dici,
1209 3217 1587 3286 professionem
1637 3214 1856 3291 afﬂictio
1887 3231 1932 3291 ρ
1964 3219 2253 3284 potentiam
2285 3230 2337 3271 et
2367 3214 2740 3291 cognitionem
2783 3220 3100 3291 vindicantis
3149 3221 3306 3286 gestit
3330 3214 3340 3215 W
3357 3220 3540 3291 expri-

284 3289 564 3354 multiplex
597 3298 972 3356 consequatur,
1000 3303 1099 3342 nec
1126 3285 1216 3342 eis
1236 3291 1267 3342 il
1293 3291 1359 3342 ud
1395 3297 1599 3354 tempus
1625 3285 1691 3338 ad
1722 3286 1856 3338 bona

281 3367 632 3424 argumenta,
666 3357 759 3411 scd
789 3360 853 3412 ad
899 3360 1161 3426 stipendia
1211 3358 1342 3412 dura
1392 3362 1741 3424 reSpondeat,
1775 3366 1858 3406 ta-

284 3434 467 3495 lesqtte
489 3430 848 3480 edamitatom
869 3432 1108 3481 oriantur
1133 3431 1398 3496 procella},
1418 3435 1474 3480 ut
1492 3428 1596 3480 illic
1616 3426 1858 3479 acerbius

285 3500 576 3552 discrimen
608 3515 818 3564 semper
865 3512 1138 3563 occurrat,
1171 3514 1486 3568 quocunque
1519 3498 1694 3549 miseri
1734 3511 1862 3548 Con-

283 3572 590 3636 fugiendum
627 3571 877 3635 putarint.
914 3568 1036 3622 Dies
1065 3568 1280 3638 (inquit)
1313 3570 1402 3622 ille
1430 3568 1694 3638 squalebit
1723 3570 1858 3618 adeo

283 3656 542 3706 augurum
579 3639 832 3701 tenebris,
864 3651 916 3692 ut
945 3641 1144 3692 nullum
1179 3639 1524 3694 consulentia!
1557 3644 1733 3690 lumen
1753 3651 1862 3690 're-

290 3713 526 3775 |'“tluat,
557 3715 646 3764 sed
691 3726 720 3762 a
767 3715 999 3777 pernicie
1030 3713 1079 3764 in
1113 3712 1431 3779 perniciem,
1475 3725 1534 3762 se
1577 3707 1860 3779 formidare

286 3781 577 3846 miserrimi
607 3783 931 3848 exagitante,
957 3778 1255 3836 discurrant
1281 3799 1294 3834 :
1326 3791 1382 3836 ut
1411 3780 1454 3833 si
1493 3782 1610 3848 quis
1655 3778 1860 3845 fugiens

284 3852 657 3917 insequentem
687 3853 916 3904 'leouem
967 3853 1104 3906 ursis
1154 3855 1498 3906 smvientibus
1539 3853 1750 3915 obviet,
1797 3863 1860 3901 ac

286 3918 480 3972 subita:
508 3919 806 3972 foroidinis
849 3933 1129 3988 augmenta
1173 3938 1476 3990 perpessus,
1505 3922 1720 3974 domun
1763 3920 1861 3971 ali-

289 4004 449 4055 quam
499 3990 823 4041 occulendos
864 3992 1153 4058 irrumpat,
1179 4008 1408 4060 cumque
1439 4007 1597 4043 manu
1640 3991 1857 4056 parieti,

295 4067 353 4108 ut
380 4067 496 4120 post
520 4067 718 4109 tantam
743 4064 1228 4117 consternationem
1255 4062 1519 4127 paululum
1540 4060 1858 4126 requiescat,

295 4127 623 4187 admoverit,
667 4142 898 4180 unorsum
942 4131 1202 4196 serpentis
1250 4131 1302 4182 in
1345 4129 1602 4180 foramine
1651 4130 1862 4180 latentis

301 4196 570 4249 incurrat:
595 4212 775 4262 Sicque
799 4213 1000 4251 veneno
1025 4201 1074 4252 in
1101 4201 1299 4252 viscera
1324 4199 1552 4260 labeme,
1573 4198 1860 4262 dispert-at.

300 4265 549 4333 Nunquid
577 4284 676 4318 non
712 4268 925 4320 tenebrat
955 4270 1059 4321 dies
1088 4266 1324 4333 Domini,
1359 4278 1404 4320 et
1429 4284 1529 4319 non
1559 4269 1647 4320 lua:
1667 4282 1685 4318 :
1708 4277 1753 4317 rt
1783 4283 1865 4318 ca-

293 4336 399 4404 ligo
425 4347 470 4388 et
500 4354 599 4389 non
627 4339 863 4406 splendor
905 4340 958 4391 in
998 4344 1094 4393 ea?
1117 4338 1231 4392 Non
1273 4341 1442 4393 solum
1495 4339 1862 4399 tem-.brosam,

295 4409 390 4459 sed
419 4410 576 4460 etiam
610 4409 951 4475 caliginosam
1001 4411 1143 4462 illam
1173 4425 1292 4463 esse
1337 4418 1541 4460 noctem
1574 4407 1859 4468 denuncio,

295 4493 397 4544 qua
431 4479 672 4532 videlicet
702 4491 754 4532 et
783 4480 869 4532 lux
893 4482 1123 4534 seciirita
1151 4482 1164 4533 i
1191 4479 1259 4533 ab
1281 4491 1452 4548 getur,
1483 4490 1537 4532 et
1567 4479 1706 4531 nulla
1737 4493 1867 4531 con-

295 4548 614 4602 solationnm
639 4551 815 4602 sidera
838 4550 1207 4604 snblueebunt.

1967 3303 2114 3341 mere
2139 3304 2153 3340 ι
2186 3304 2304 3356 qua:
2334 3290 2468 3342 sicut
2495 3301 2665 3355 poteSt
2698 3290 2909 3342 fletibus
2939 3302 3221 3355 antequam
3250 3293 3419 3342 irruat
3448 3289 3542 3340 mis

1966 3363 2116 3426 tigari
2149 3375 2161 3408 :
2188 3375 2307 3411 cum
2335 3359 2605 3420 inciderit.
2634 3375 2736 3412 non
2765 3360 2958 3412 valebit
2988 3361 3151 3413 eludi.

2037 3427 2185 3481 Vers.
2213 3429 2421 3481 25.427.
2458 3428 2709 3497 Nunquid
2740 3432 2926 3481 Itastias
2962 3439 3010 3481 et
3049 3429 3359 3496 sacriﬁcium
3395 3427 3542 3480 obtuo

1901 3551 1904 3554 .
1963 3499 2090 3568 [istis
2112 3501 2234 3551 milii
2263 3501 2312 3552 in
2346 3501 2539 3553 deserto
2561 3503 2899 3568 quadraginta
2925 3501 3092 3563 annis,
3129 3506 3307 3552 domus
3339 3497 3543 3550 Israel?

1964 3567 2030 3620 Et
2066 3574 2304 3636 portastis
2338 3571 2664 3623 tabernacula
2702 3567 2906 3623 Malaclt
2931 3580 2956 3607 ι
2979 3581 3140 3624 vestro
3184 3580 3230 3623 et
3271 3571 3543 3634 imaginem

1961 3640 2216 3692 italorum
2281 3651 2590 3702 vestrorum,
2657 3643 2798 3694 sidut
2841 3641 2936 3693 Dei
2978 3643 3160 3708 vestri,
3203 3656 3315 3708 quae
3354 3640 3542 3709 fecistis

1961 3712 2118 3764 vobis.
2152 3711 2218 3764 Et
2248 3716 2466 3780 migrare
2495 3729 2577 3764 vos
2611 3715 2797 3780 faciant
2841 3723 2979 3766 trans
3036 3711 3379 3778 Damascum,
3411 3710 3539 3762 dicit

1963 3779 2245 3847 Dominus,
2295 3779 2431 3834 Deus
2479 3779 2789 3836 exercituum
2836 3799 3016 3836 nomen
3065 3786 3196 3850 eius.
3231 3785 3394 3849 llujus
3439 3781 3544 3836 laci

1965 3855 2125 3906 etiam
2160 3855 2345 3907 beatus
2391 3853 2694 3917 Stephanus
2723 3854 2822 3906 sub
2870 3865 3110 3920 tempore
3146 3855 3391 3920 gloriosa:
3431 3867 3546 3905 tne-

1964 3925 2115 3975 minit
2146 3925 2427 3994 passionis.
2461 3925 2587 3975 Nam
2615 3938 2734 3975 cum
2776 3922 3061 3976 furentium
3090 3925 3394 3994 Judaeorum
3425 3924 3541 3994 cin-

1963 4008 2078 4044 ειυς
2113 3991 2409 4058 agminibus
2449 3994 2517 4045 de
2549 3994 2900 4060 prtenuntiato
2944 4010 2970 4045 a
3003 4008 3093 4046 sac
3126 3994 3168 4044 is
3196 3991 3408 4043 vatibus
3438 3991 3544 4043 lte-

1963 4060 2252 4127 demptoris
2285 4063 2451 4114 nostri
2485 4066 2736 4128 mysterio
2766 4064 3056 4125 disputaret
3083 4078 3094 4114 :
3130 4060 3420 4122 Convertit,
3456 4062 3541 4112 in-

1933 4132 2077 4197 _qnit
2104 4133 2242 4195 (Ασι.
2265 4132 2317 4182 7.
2339 4132 2476 4196 42.),
2509 4131 2664 4195 Deus,
2693 4139 2740 4182 et
2769 4131 2978 4184 tradidit
3004 4129 3118 4184 illos
3140 4132 3323 4183 servire
3349 4131 3546 4181 militia:

1965 4201 2106 4264 caeJi,
2132 4203 2258 4252 sicut
2301 4203 2546 4269 scriptum
2575 4211 2647 4252 est
2686 4203 2739 4253 in
2774 4200 2904 4253 libro
2937 4200 3308 4268 PrOpItetarunt
3335 4214 3353 4252 :
3387 4197 3542 4251 Nun-

1963 4271 2086 4338 quid
2125 4271 2350 4322 victimas
2389 4280 2478 4339 aut
2519 4271 2711 4322 hostias
2754 4272 3005 4324 obtulistis
3048 4272 3171 4323 mihi
3211 4271 3550 4339 quadraginta

1964 4341 2132 4405 annis,
2164 4339 2190 4378 δ
2217 4343 2398 4392 domus
2430 4338 2623 4401 Israel,
2653 4353 2696 4394 et
2731 4343 3020 4409 suscepistis
3053 4338 3380 4392 tabernacula
3426 4339 3548 4390 Mo-

1966 4410 2078 4462 loclt
2098 4451 2109 4470 ,
2137 4422 2182 4463 et
2210 4412 2355 4463 sidus
2389 4410 2480 4462 Dei
2509 4413 2656 4462 vestri
2687 4410 2914 4482 lientp/ta
2939 4428 2954 4463 :
2989 4412 3179 4482 ﬁguras
3204 4427 3327 4482 quas
3361 4411 3550 4476 fecistrs

1967 4483 2104 4533 vobis
2131 4484 2346 4550 adorare
2371 4498 2479 4542 eas,
2510 4489 2558 4532 et
2602 4481 2907 4550 transferam
2935 4480 3184 4534 vostrans
3213 4480 3548 4548 Babylonem.

1973 4551 2142 4603 Locos
2164 4565 2294 4603 vero
2323 4549 2436 4618 ipse
2463 4549 2780 4617 quamquam
2812 4562 3053 4615 apertam
3086 4553 3283 4602 habere
3309 4551 3552 4603 vrdeatur

373 4619 522 4672 Vers.
544 4620 759 4674 anet.
779 4649 848 4658 —
877 4622 976 4673 Udi
1005 4634 1050 4674 et
1095 4621 1290 4688 proieci
1337 4618 1626 4687 festivitates
1655 4626 1867 4681 vestras,
1895 4611 1944 4669 D
1972 4636 2236 4684 caussam,
2255 4623 2302 4672 id
2318 4611 2712 4684 est,censurain
2734 4611 2938 4689 iniquas
2954 4621 3544 4688 plebesincrepanteai:

297 4699 345 4740 et
378 4706 478 4741 non
505 4707 703 4759 capram
733 4693 938 4742 adorent
966 4703 1183 4744 coetuum
1215 4702 1508 4743 vestrorum.
1541 4689 1689 4755 Quod
1719 4689 1761 4739 si
1785 4689 1870 4738 ob-

297 4762 509 4813 tuleritis
560 4764 682 4813 nulli
725 4764 1166 4827 ltot'ocautomata,
1208 4772 1255 4814 et
1316 4775 1527 4812 munera
1566 4769 1730 4811 vestra
1771 4774 1872 4809 non

297 4833 573 4901 suscipiam
593 4873 607 4897 ,
636 4842 681 4884 et
711 4845 826 4886 vota
854 4836 1119 4902 pinguium
1149 4844 1422 4887 vestrorum
1452 4848 1552 4884 non
1582 4830 1870 4897 respiciant.

370 4979 394 5006 ⁸
425 4968 738 5024 Addidimus
769 4980 932 5022 vestro
974 4967 1110 5034 quod
1143 4969 1358 5031 deerat,
1403 4966 1664 5021 Hebraico
1695 4974 1872 5032 textu,

299 5041 615 5106 enitet-isque
645 5041 1088 5107 suifragrantibus
1121 5041 1292 5092 libris.

315 5107 318 5110 ’
370 5111 395 5149 δ
431 5111 642 5164 Addunt
673 5113 912 5177 plerique
943 5110 1061 5162 libri
1093 5126 1214 5162 cum
1264 5110 1379 5175 ipso
1411 5107 1687 5176 Propheta
1730 5119 1876 5160 tcxtu

298 5185 350 5234 in
376 5184 612 5244 deserto;
644 5201 688 5233 et
707 5185 944 5234 ontrario
973 5181 1100 5233 illud
1133 5181 1268 5232 vobis
1297 5180 1553 5244 reticent,
1581 5181 1665 5232 ubi
1688 5179 1878 5232 dieitur

297 5270 421 5320 quas
452 5252 639 5320 fecistis
660 5252 813 5305 vobis.

373 5333 395 5360 ε
425 5316 641 5380 Uentam
685 5337 857 5390 neque
903 5320 1100 5373 nomini
1152 5321 1210 5372 S.
1263 5318 1503 5372 Doctoris
1537 5316 1726 5385 parcit,
1770 5333 1878 5386 quo

302 5393 556 5444 hactenus
578 5393 931 5454 dissimulato,
961 5393 1088 5444 satis
1113 5392 1294 5444 habuit
1319 5391 1489 5442 dicam
1506 5392 1761 5442 doctrime
1791 5394 1874 5441 in-

298 5455 458 5516 ferre.
482 5459 665 5528 Neque
696 5478 818 5516 vero
841 5464 975 5514 imus
998 5463 1220 5523 inlicias,
1255 5461 1390 5513 hanc
1417 5459 1530 5528 ejus
1557 5460 1874 5512 sententiam

299 5529 365 5585 de
392 5534 745 5585 Israelitarum
780 5536 830 5585 in
857 5533 1070 5585 deserto
1097 5545 1346 5599 perpetua
1375 5532 1542 5584 ferme
1575 5530 1872 5582 idololatria

302 5604 473 5654 minus
509 5600 720 5669 probari
761 5604 881 5654 aliis
919 5605 1088 5656 doctis
1137 5618 1168 5654 e
1218 5601 1576 5655 recentiorum
1611 5601 1873 5666 praecipue

299 5676 496 5735 choro;
529 5671 620 5725 scd
647 5672 735 5740 qui
767 5673 1001 5724 miseram
1028 5673 1318 5738 Opinionem
1341 5688 1457 5724 eam
1490 5684 1681 5722 vocare
1713 5671 1872 5722 audet

303 5740 509 5806 Noster,
563 5758 644 5794 na:
695 5745 806 5810 ipse
853 5758 911 5794 se
953 5757 1226 5806 miserum,
1261 5751 1314 5794 et
1350 5741 1612 5794 lluliniani
1670 5741 1868 5808 ingenii

300 5815 499 5879 prodit.
529 5811 622 5867 Est
651 5809 865 5868 etillud
890 5813 1168 5881 iniquioris
1199 5812 1498 5880 infensique
1528 5810 1690 5863 animi
1726 5809 1863 5864 iudi-

1975 4701 2151 4744 tamen
2179 4694 2245 4744 ita
2271 4691 2561 4744 sententias
2593 4701 2802 4744 nnscmt
2823 4693 2886 4743 ad
2915 4692 3124 4745 diversa
3157 4701 3394 4758 tempora
3425 4704 3554 4758 per-

1977 4763 2227 4824 libentes,
2243 4775 2298 4812 ιιι
2321 4778 2422 4811 non
2447 4775 2628 4828 parum
2651 4762 2990 4814 obscuritatis
3011 4762 3281 4814 oliuderit.
3312 4762 3552 4828 Deinque

1979 4831 2138 4902 535
2171 4842 2194 4870 ε
2225 4832 2579 4900 Hieronymus
2629 4834 2678 4884 in
2729 4833 2830 4884 hoc
2861 4835 2979 4886 loco
3019 4834 3154 4886 adeo
3193 4832 3443 4886 miseram
3482 4846 3555 4885 rt:-

1981 4969 2141 5029 cimn,
2177 4966 2319 5034 quod
2352 4965 2720 5034 Hieronymum
2748 4967 2922 5028 ἁπλῶς
2964 4969 3228 5030 nominat,
3264 4970 3404 5024 nulla
3450 4972 3550 5025 ad-

1982 5038 2087 5090 dita
2135 5038 2351 5090 honoris
2397 5039 2800 5105 significatione,
2851 5055 2918 5092 ne
2964 5039 3253 5108 Presby'eri
3310 5043 3550 5107 quidem,

1981 5124 2138 5174 quam
2188 5109 2299 5173 ipse
2353 5109 2474 5158 olim
2522 5119 2761 5174 negatam
2803 5109 2902 5162 sibi
2949 5113 3412 5177 cotnpellationem
3455 5114 3550 5166 abs

1983 5179 2187 5231 Joanne
2213 5177 2664 5248 Jerosolymoruni
2704 5179 2966 5246 Episcopo
3008 5189 3332 5247 eonqnestus
3365 5192 3467 5244 est,
3501 5195 3556 5236 et

1987 5249 2205 5316 perinde
2226 5263 2382 5316 atque
2409 5250 2704 5301 convicium
2731 5251 2800 5302 ab
2830 5253 3040 5303 homine
3069 5248 3283 5301 immico
3316 5253 3448 5302 tnlit.
3486 5250 3554 5306 Ut

1981 5328 2158 5372 autem
2189 5318 2472 5387 intelligas,
2509 5333 2664 5386 quam
2687 5331 2842 5372 etiam
2869 5335 2971 5371 non
3003 5321 3339 5371 incommode
3369 5319 3454 5371 illa
3485 5321 3548 5375 S.

1982 5390 2153 5442 Patris
2183 5390 2423 5442 doctrina
2448 5389 2658 5441 delendi
2706 5391 2890 5452 possit,
2922 5390 3400 5458 animadvertenda
3429 5391 3548 5458 ejus

1981 5475 2132 5513 mens
2158 5471 2257 5520 est,
2290 5464 2378 5528 qui
2411 5462 2528 5511 ideo
2554 5475 2740 5510 mones
2779 5470 2904 5510 tunc
2935 5457 3320 5528 idolishostias
3344 5457 3551 5514 oblatas

1979 5526 2321 5597 pronunciat,
2345 5531 2487 5596 quod
2511 5542 2630 5594 qua:
2654 5528 2758 5597 Deo
2785 5542 2912 5597 vero
2934 5526 3312 5589 olferebantur,
3343 5544 3446 5581 non
3472 5532 3553 5582 vi-

1976 5595 2227 5654 derentur
2255 5615 2318 5652 ex
2364 5595 2543 5651 animo
2585 5595 2783 5648 oll'erri.
2827 5595 2910 5648 Ea:
2947 5611 3025 5660 eo,
3065 5597 3256 5663 inquit,
3301 5607 3548 5662 tempore,

1973 5687 2072 5738 quo
2111 5686 2293 5724 aurum
2340 5670 2392 5720 in
2445 5665 2780 5738 eaput_vitnli
2834 5672 3263 5738 transformarunt
3311 5670 3554 5735 dicentes,

1976 5733 2066 5794 Isti
2096 5751 2220 5794 sunt
2254 5738 2328 5789 dii
2362 5739 2434 5790 tui
2469 5733 2648 5806 Israel,
2673 5743 2805 5801 ctc.,
2829 5733 2997 5788 omnia
3023 5752 3138 5806 qua:
3168 5737 3418 5805 fecerunt,
3449 5733 3550 5792 non

1975 5811 2101 5880 Deo,
2142 5809 2232 5865 sed
2271 5807 2422 5862 idolis
2459 5804 2636 5876 fecisse
2683 5804 3051 5862 monstrantur.
3099 5807 3166 5862 Et
3210 5811 3343 5877 quod
3382 5823 3556 5877 postea
