4110 6350
545 324 687 382 ίαεδ

1658 322 1910 380 RUFINO
1951 320 2405 377 PRESBYTERO
2444 319 2827 379 ASCRIPTUS

3685 314 3824 375 1084

535 437 673 503 cepit
706 406 1038 509 opinionem,
1062 442 1121 490 ut
1146 435 1351 491 diceret
1388 436 1510 506 quia
1549 435 1900 509 quadraginta
1929 435 2108 499 annis,
2146 438 2191 492 Α
2220 434 2313 495 ait.
2345 433 2597 509 Nunquid
2618 435 2813 509 hostias
2836 432 3210 509 “sacri/icium
3233 430 3491 509 obtulistis
3514 430 3641 509 milii
3662 436 3715 485 in
3737 434 3826 486 de-

535 521 673 573 quos
721 507 773 560 iu
815 507 1105 561 solitudine
1143 509 1446 562 referuntur
1472 509 1670 575 egisse,
1716 507 1820 559 non
1860 508 1992 567 Deo,
2024 512 2117 563 sed

539 577 696 631 idolis
726 578 959 632 servisse
990 578 1266 630 videamur
1294 597 1305 630 :
1332 594 1453 632 eum
1502 577 1630 631 nihil
1685 579 1865 643 utique
1908 583 2013 631 tale
2044 580 2124 633 lii-

539 650 702 701 storia
728 650 1026 717 consiguet,
1051 647 1141 702 sed
1167 657 1368 701 tantum
1397 648 1535 716 quod
1566 658 1725 715 caput
1751 650 1921 709 vituli.
1944 648 2123 720 Μυονέας

542 730 808 784 morante,
856 720 1223 782 ciiiiﬂat'eritil,
1269 720 1408 787 quod
1460 728 1635 771 tamen
1681 724 1882 781 statim,
1930 720 2119 774 eodem

538 788 781 859 jttbenle,
813 789 1182 841 contriveriut.
1216 790 1330 842 Non
1362 804 1490 852 ei‘go
1519 792 1872 843 caeremonias
1905 790 2124 858 Legalus

542 861 804 912 sideribus
846 873 935 911 aut
984 862 1186 925 angelis
1226 859 1541 923 oli'erebant,
1585 875 1809 928 quarum
1862 861 2020 913 ritum
2068 870 2121 914 et

541 932 758 983 ordines
788 939 971 982 auctor
1010 941 1191 983 noster
1232 946 1447 997 proprio
1476 946 1571 983 ore
1620 933 1945 995 composuit.
1998 931 2125 985 sibi-

542 1016 643 1065 que
676 1000 763 1050 tttii
794 1002 970 1051 uitii-ia
1005 1002 1276 1053 offerenda
1321 1000 1612 1054 mandavit.
1654 1001 1954 1055 Sertinduttt
1990 1017 2123 1054 Coti-

542 1071 876 1123 Sucludineui
906 1087 1033 1137 ergo
1072 1073 1465 1135 Scripturat'uui
1504 1072 1712 1123 diversa
1743 1072 1957 1139 quidem
1991 1083 2125 1124 tem-

543 1155 689 1206 pura.
724 1148 973 1193 «ait-dum
1013 1142 1204 1195 simila
1238 1144 1560 1207 increpantis
1592 1157 1770 1199 sei-mo
1812 1142 2122 1211 conjunxit,

547 1223 597 1261 itl
631 1213 963 1271 ostenderet,
995 1216 1113 1280 quia
1149 1215 1197 1265 in
1230 1215 1584 1271 pric~t-iililiiis
1616 1214 1910 1279 sacrilegiis
1942 1217 2125 1277 prola-

544 1296 639 1332 nos
695 1284 1027 1335 iiiiitareotnr
1085 1292 1355 1350 parentes,
1407 1290 1495 1349 qtii
1552 1284 1649 1337 sibi
1709 1290 1837 1336 deos
1886 1286 2126 1347 improbe

543 1352 656 1402 ﬁeri
711 1358 1061 1418 [l-“SIUI:llleS,
1110 1358 1158 1405 in
1213 1364 1360 1405 vasta
1412 1355 1699 1407 stilittidiue
1739 1356 2122 1407 coiicidisSent.

540 1422 676 1486 Quid
703 1439 851 1488 ergo,
898 1426 994 1487 ait,
1032 1432 1248 1487 mltum,
1282 1441 1325 1477 sn
1368 1436 1420 1476 et
1468 1427 1519 1476 lii
1559 1427 1624 1477 de
1666 1428 1895 1491 propriis
1937 1426 2127 1477 limbus

538 1494 830 1560 exigantur
869 1506 1016 1548 trans
1059 1497 1395 1557 Damasi-tim,
1448 1494 1712 1557 videlicet,
1757 1495 1809 1547 in
1860 1496 2128 1565 Babylone

544 1570 785 1630 ultraque
820 1568 1040 1631 perituri
1066 1568 1087 1618 ?
1115 1567 1263 1631 Quod
1312 1581 1489 1617 autem
1522 1566 1699 1633 posuit
1745 1566 1889 1619 sidus
1926 1566 2020 1619 Dei
2049 1583 2127 1618 vt-

541 1637 659 1696 slri‘,
688 1636 738 1686 iii
773 1636 1032 1689 llebraico
1070 1638 1264 1689 dicitur
1317 1638 1487 1688 stella:
1533 1638 1729 1689 habere
1774 1652 1992 1701 nomen,
2022 1646 2048 1671 λ
2075 1640 2125 1691 id

541 1714 643 1763 ρει.
680 1706 927 1769 Luciferi,
957 1721 1114 1775 quem
1147 1722 1312 1774 usque
1340 1707 1498 1759 liodie
1530 1708 1807 1763 Sarraceni
1839 1709 2019 1761 colere
2050 1708 2124 1760 fe-

543 1785 750 1829 runtur.
801 1778 874 1862 lli:
899 1794 1013 1862 Iquo
1052 1788 1227 1829 tamen
1272 1778 1403 1830 nihil
1450 1780 1553 1830 tale
1577 1778 1850 1862 Scriptura
1888 1794 2131 1862 .(‘tﬂltll‘ie-
2165 1805 2207 1862 μ

545 1856 739 1911 morat,
771 1847 1024 1899 videlicet
1052 1863 1118 1901 eo
1149 1860 1407 1912 tempore.
1441 1864 1547 1916 quo
1576 1850 1669 1901 fuit
1698 1860 1857 1914 caput
1886 1849 2013 1901 idoli
2044 1847 2125 1901 fa-

544 1916 827 1989 bricatum,
861 1920 926 1969 ad
956 1919 1360 1971 siinditudiuem
1395 1919 1642 1972 nimirum
1675 1918 1908 1989 IEityptii
1953 1921 1983 1970 b
2006 1921 2125 1985 ivis,

543 2000 700 2051 thetn
736 1988 887 2054 Apuu
929 1988 1224 2053 nominant,
1274 1991 1413 2057 quod
1466 1991 1639 2043 stt-llis
1667 1988 1880 2058 quoque
1920 1990 2129 2045 servire

543 2060 901 2110 decreveruit.
959 2059 1063 2114 Sed
1114 2061 1436 2125 colligimus,
1466 2062 1587 2125 quia
1647 2078 1739 2121 per
1779 2062 2127 2115 itiiitntiuiietn

547 2128 813 2195 Aigyptia:
851 2132 1267 2193 superstitionis,
1300 2131 1418 2183 aliis
1449 2147 1664 2199 quoque
1704 2132 1817 2185 Gen
1847 2134 1962 2185 ibus
1986 2148 2132 2185 eoin-

546 2210 834 2265 ponantur,
871 2205 1020 2265 quasi
1056 2202 1184 2253 iiibd
1226 2203 1295 2254 sit
1335 2203 1692 2268 profsoiitaiis,
1728 2204 1867 2271 quod
1902 2219 2005 2254 non
2043 2219 2137 2262 per

544 2272 938 2330 susceptionem
972 2272 1127 2323 unius
1164 2273 1286 2324 idoli
1318 2273 1562 2325 venerati
1586 2281 1641 2325 et
1665 2278 1844 2327 colere
1872 2290 2135 2326 censeati-

546 2350 649 2391 tur.
700 2338 781 2392 Fit
832 2353 1008 2393 autem
1051 2352 1340 2396 contextus
1387 2347 1437 2395 in
1488 2346 1756 2405 sensibus,
1806 2346 1849 2395 si
1905 2344 1986 2396 liis
2015 2360 2133 2410 qua:

543 2413 749 2482 Inerant
774 2411 1073 2479 interjerta.
1095 2414 1366 2480 sepositis,
1384 2413 1449 2465 ad
1474 2416 1597 2465 illud
1623 2419 1762 2482 quod
1786 2417 2019 2473 dixerat.
2053 2415 2139 2467 Vae

541 2481 945 2536 desiderantibus
968 2483 1100 2536 diem
1140 2485 1365 2549 Domini,
1580 2481 1679 2539 hoc
1711 2488 1963 2554 reSpictat
1988 2489 2136 2553 quod

541 2633 777 2701 quaedam
812 2631 1030 2685 Domino
1061 2652 1143 2687 eos
1171 2634 1383 2701 legimus
1413 2636 1675 2700 obtulisse,
1709 2655 1811 2691 non
1843 2642 2125 2698 voluntate.

541 2706 629 2755 sed
653 2720 915 2779 pinnarum
938 2711 1171 2771 fecerunt
1196 2722 1349 2779 metu,
1378 2720 1423 2758 et
1448 2724 1622 2760 eorum
1652 2711 2019 2779 interfectione,
2044 2713 2132 2775 qui

545 2786 759 2850 pr_opter
788 2776 929 2828 idola
958 2788 1278 2850 corruerunt.
1316 2778 1563 2830 Dominus
1593 2776 1897 2850 autemnon
1928 2800 1987 2835 ea
2018 2795 2134 2850 qua:

544 2842 850 2917 offeruntur.
886 2849 974 2899 sed
998 2848 1305 2899 voluntatem
1334 2851 1539 2915 respicit
1580 2849 1922 2917 o/ferentiuni.
1972 2842 2135 2904 Deni-

542 2930 639 2988 que
652 2915 969 2988 ubicumque
997 2920 1194 2969 occasio
1240 2920 1353 2986 (uit,
1399 2936 1596 2988 semper
1622 2915 1774 2973 corde
1796 2924 1983 2975 reversi
2017 2930 2137 2975 sunt

543 2987 598 3037 in
620 2983 932 3060 lEgyptum,
959 2983 1310 3060 desiderantes
1339 2991 1462 3042 allia
1484 2983 1529 3042 et
1559 3005 1755 3060 crpe,el
1773 3009 2065 3046 cucumeres
2093 3000 2137 3043 et

544 3071 720 3108 carnes
744 3056 1045 3127 ngyptias.
1079 3069 1126 3112 et
1160 3058 1374 3124 Manna,
1408 3063 1545 3129 quod
1573 3056 1635 3116 de
1663 3062 1790 3115 carlo
1832 3066 2012 3116 datum
2034 3074 2131 3128 est,

544 3138 930 3200 contemnentes.
988 3130 1139 3194 Quod
1190 3143 1243 3181 ut
1282 3132 1356 3183 sic
1398 3134 1784 3200 intelligamus,
1842 3135 2139 3195 Stephanus

547 3196 740 3266 primus
767 3198 969 3270 Μαι-ινι-
1000 3200 1291 3271 Evangelii,
1319 3202 1507 3272 dignus
1536 3196 1742 3257 nomine
1769 3196 1883 3271 suo,
1917 3206 1971 3258 in
1999 3207 2145 3276 Apo-

2225 516 2358 557 serto
2386 504 2493 560 :id'
2530 517 2635 573 est,
2684 506 3085 566 longanimitate
3132 514 3186 557 et
3245 504 3637 573 benevolentia
3676 518 3824 570 mea,
3890 566 3895 569 _

2226 592 2346 641 qua:
2374 576 2552 631 dillert
2586 578 2756 643 longis
2786 576 3114 643 temporibus
3173 574 3460 635 ultionem,
3496 575 3566 626 ita
3597 572 3827 628 abutitur

2229 657 2403 699 vestra
2440 648 2751 714 prtd’aititas,
2778 657 2833 699 ut
2854 646 3301 714 argumentemini
3338 659 3619 712 nunquam
3644 655 3829 697 ventu-

2227 731 2347 769 rum
2377 734 2497 773 esse
2546 718 2672 772 illud
2712 719 2956 777 exitium.
2989 716 3131 782 quod
3166 718 3400 769 necdum
3434 715 3669 777 venerit,
3709 730 3827 768 cum

2229 788 2390 841 fuerit
2416 804 2560 857 smpe
2592 791 2915 856 promissum
2958 806 2968 839 :
3002 788 3153 854 quasi
3194 802 3303 857 non
3335 795 3628 852 suppetant
3653 799 3830 838 exem-

2229 858 2334 921 pla,
2365 856 2558 927 quibus
2603 861 2909 929 agnoscatis
2956 856 3404 911 consuetudinem
3458 871 3662 917 meam,
3706 857 3823 929 quia

2230 930 2311 980 liis
2335 926 2583 982 nimirum
2612 926 2699 996 qui
2728 932 3068 983 destinantur
3091 929 3285 989 exitio,
3324 930 3549 995 longum
3573 932 3639 977 ad
3665 926 3828 991 paeni-

2228 999 2447 1052 tendum
2480 1011 2691 1066 tempus
2718 1001 3006 1063 indulgeat.
3042 1000 3145 1051 Sed
3177 1008 3234 1050 ut
3257 1001 3673 1065 prietermittam
3704 998 3827 1049 reli-

2228 1085 2353 1137 qua,
2383 1071 2570 1124 saltem
2619 1072 2742 1123 illtid
2785 1074 3007 1136 aspicite
3032 1086 3045 1121 :
3074 1070 3194 1129 quia
3229 1085 3351 1121 cum
3380 1074 3619 1121 eductus
3645 1068 3714 1119 de
3739 1066 3830 1121 Ᾰίο

2228 1154 2391 1205 giplo
2422 1142 2645 1208 populus
2677 1142 2739 1192 ad
2771 1150 3006 1193 montem
3036 1141 3183 1195 Sinte
3229 1138 3594 1211 pervenisset.
3624 1147 3829 1211 etgcon-

2228 1214 2425 1266 si-tem
2457 1212 2599 1265 iult-r
2639 1213 2894 1265 miracula
2927 1214 3059 1264 meis
3087 1212 3243 1275 digna
3278 1210 3596 1268 virtutibus.
3629 1208 3697 1259 ad
3722 1213 3833 1261 cul-

2229 1292 2339 1334 tum
2382 1292 2557 1335 tamen
2608 1283 2891 1339 idolorum.
2961 1298 3079 1347 quae
3134 1283 3450 1348 reliquerat,
3500 1283 3830 1342 revertisset,

2231 1356 2426 1407 meruit
2453 1353 2619 1407 exitio
2641 1353 2917 1407 destinari.
2956 1353 3062 1420 Ego
3093 1361 3271 1405 tamen
3302 1365 3403 1402 nec
3435 1350 3717 1402 sacriﬁciis
3744 1365 3833 1401 eo-

2230 1439 2371 1487 rum,
2425 1440 2523 1477 nec
2559 1426 2871 1477 muneribus
2920 1424 3213 1490 mitigatus.
3266 1420 3629 1490 quadraginta
3670 1434 3834 1471 anno-

2203 1505 2347 1546 ‘rutti
2383 1508 2590 1561 tempus
2629 1494 2849 1559 indulsi,
2886 1509 3058 1560 neque
3094 1495 3233 1561 iraiii
3279 1494 3463 1543 subito
3496 1495 3547 1543 iu
3578 1504 3699 1544 reos
3734 1504 3831 1543 sa!-

2230 1565 2347 1619 vive
2381 1560 2598 1627 promisi
2634 1564 2816 1635 [Forte
2864 1560 3129 1633 permisi].
3160 1562 3443 1635 (Steterunt
3469 1566 3685 1631 agmina
3715 1575 3834 1635 seu-

2230 1638 2330 1688 siui
2358 1636 2468 1705 jam
2501 1632 2782 1689 sementim
2814 1636 3022 1687 addicta
3062 1632 3360 1705 consumsi,
3398 1632 3591 1705 sicque
3624 1645 3720 1684 nec
3751 1632 3836 1684 in-

2232 1701 2375 1759 dulti
2415 1708 2675 1773 temporis
2723 1706 3015 1776 longitudo,
3086 1706 3226 1769 quod
3282 1701 3671 1776 dentiuciatum
3709 1714 3834 1776 Δεει,

2237 1778 2509 1831 l'riistravit
2535 1772 2941 1844 judiciumfnec
2973 1791 3253 1830 accensam
3304 1773 3667 1839 praecipitavit
3709 1772 3835 1823 lior-

2238 1864 2328 1900 ror
2357 1848 2603 1901 criminis
2634 1848 2910 1901 ultionem.
2939 1848 3044 1901 Cur
3085 1848 3264 1914 itaque
3296 1845 3563 1897 dubitetis
3605 1844 3833 1896 futurum

2236 1918 2374 1986 quod
2410 1918 2513 1986 iam
2548 1919 2745 1971 factum
2797 1920 3027 1972 videtis?
3053 1918 3101 1971 id
3143 1928 3247 1979 est,
3282 1916 3410 1969 ideo
3443 1915 3597 1969 vobis
3632 1914 3837 1986 denuo-

2240 1983 2355 2041 tiari
2397 1983 2651 2042 venturas
2677 1990 3031 2053 calamitates,
3069 2003 3169 2041 nec
3210 1989 3434 2040 easdem
3479 1985 3730 2040 celeriter
3757 1983 3836 2035 io-

2241 2060 2392 2120 lerri.
2423 2072 2481 2113 ut
2527 2061 2923 2114 emendationis
2978 2060 3209 2125 Spatium
3267 2058 3599 2124 praebeatur,
3643 2072 3747 2106 non
3788 2065 3840 2110 iit

2241 2142 2531 2185 evanescat
2561 2131 2711 2194 ultio,
2736 2131 2820 2184 cui
2850 2129 2981 2183 nihil
3008 2130 3202 2183 valebit
3226 2138 3443 2188 tempus
3472 2126 3712 2180 olticere.
3740 2125 3840 2177 Vos

2242 2215 2420 2257 autem
2452 2204 2704 2269 quoniam
2739 2201 2978 2255 bonitate
3018 2200 3108 2254 Dei
3154 2198 3506 2267 impudenter
3534 2198 3837 2269 :ibiitimini,

2240 2268 2604 2341 consequetur
2628 2273 2749 2324 linis
2778 2287 2962 2325 eorum
3006 2279 3311 2337 parentum,
3348 2284 3491 2341 quos
3519 2268 3571 2319 iii
3603 2268 3838 2341 saerile-

2242 2342 2341 2415 giis
2366 2339 2497 2397 estis
2527 2343 2716 2396 imitati
2741 2359 2754 2395 :
2779 2354 2835 2394 ui
2881 2343 3020 2417 sicut
3062 2356 3249 2393 eorum
3283 2339 3549 2417 tadavera
3602 2339 3655 2390 in
3702 2345 3837 2417 vasta

2242 2412 2531 2467 solitudine
2570 2421 2912 2476 corruerunt,
2945 2414 3014 2465 ita
3062 2422 3114 2465 et
3156 2427 3250 2461 νος
3290 2414 3358 2463 de
3394 2412 3583 2475 patriis
3635 2412 3838 2462 excusa

2242 2486 2461 2549 liuibus,
2493 2488 2543 2538 iii
2573 2486 2795 2538 barbara
2829 2484 3047 2552 regione
3073 2482 3409 2535 inuri-amitti.

2235 2638 2489 2692 stolorum
2539 2649 2721 2691 narrat
2764 2636 3010 2700 historia,
3060 2644 3163 2690 etc.
3191 2634 3403 2689 Videsis
3458 2634 3833 2689 Prmfationetn

2239 2721 2503 2763 IIUSU‘RIII.

2312 2788 2337 2816 ι
2366 2782 2489 2834 lla-c
2532 2787 2708 2831 autem
2764 2778 3089 2849 Hieronymo
3136 2778 3201 2829 ab
3248 2777 3367 2840 ipso
3415 2777 3655 2849 accepit,
3698 2772 3838 2849 cujus

2243 2852 2436 2905 reticet
2470 2866 2687 2903 nomen.
2723 2850 2874 2913 Qum,
2926 2847 3020 2914 ait,
3054 2851 3259 2910 sitipsa
3283 2850 3461 2916 imago
3504 2848 3586 2899 vel
3630 2847 3835 2908 idolum,

2241 2924 2471 2987 sequenti
2504 2936 2735 2974 sermone
2775 2924 3111 2972 demonstrat.
3167 2920 3328 2971 Sidus
3367 2919 3455 2970 dei
3493 2922 3684 2981 vestri,
3718 2927 3839 2982 quod

2252 2992 2506 3045 llebraice
2528 2994 2715 3044 dicitur
2736 2991 2971 3056 Cliocab,
3000 2992 3051 3042 id
3082 3000 3174 3054 est,
3206 2990 3458 3055 Luciferi,
3484 3005 3642 3055 quem
3672 2988 3839 3041 Sarra-

2247 3068 2359 3116 ceni
2400 3068 2659 3127 hucusque
2686 3071 3011 3115 venerantur.
3048 3065 3187 3113 Idem
3218 3063 3268 3112 iii
3315 3062 3431 3112 Vita
3464 3064 3524 3114 S.
3565 3060 3839 3111 llilarionas

2248 3136 2402 3188 Tom.
2427 3135 2489 3187 Il.
2514 3137 2620 3186 col.
2643 3133 2733 3185 27.
2766 3132 2991 3202 Luciferi
3021 3132 3185 3184 cultui
3214 3130 3640 3185 Sarracenorum
3679 3132 3838 3181 natio-

2255 3221 2370 3258 nem
2387 3208 2615 3259 deditam
2641 3214 2808 3258 iiotat.

554 3376 3826 3401 mm

1417 3511 1897 3619 IJBER

1167 3765 1395 3821 CAPUT
1435 3764 1524 3818 Vl.

628 3881 778 3935 Vers.
812 3883 863 3935 1.
893 3912 961 3921 -
999 3882 1082 3933 ναν
1104 3882 1193 3951 qui
1215 3879 1445 3948 apulenti
1467 3880 1585 3932 estis
1601 3880 1653 3933 in
1686 3879 1835 3945 Sion,
1860 3888 1906 3931 et
1928 3879 2149 3942 confidi-

553 3954 619 4004 tis
648 3954 700 4004 in
745 3962 914 4005 monte
966 3954 1219 4006 Saiitariic
1250 3970 1260 4003 :
1290 3952 1558 4019 aptimates
1608 3952 1778 4019 capita
1815 3950 2144 4018 populorum,

554 4022 892 4091 ingredientes
935 4026 1225 4091 pomp/itice
1266 4024 1474 4074 domum
1522 4019 1708 4075 Israel.
1763 4024 1991 4075 Exosam
2031 4024 2147 4089 qui-

554 4096 674 4147 dem
724 4095 834 4147 Duo
882 4111 1093 4159 semper
1136 4094 1301 4147 inissa
1344 4092 1671 4160 superbiam,
1707 4093 1957 4161 frequens
2004 4093 2150 4147 Scri-

558 4176 710 4227 ptura
749 4168 1112 4226 commendat,
1145 4168 1342 4232 quippe
1370 4179 1489 4231 quae
1533 4164 1743 4217 initium
1786 4164 1985 4227 peccmi
2026 4164 2147 4216 talis

556 4234 735 4298 fut-rit,
770 4246 824 4287 ut
856 4236 1091 4303 Angelos
1122 4236 1174 4286 iii
1222 4241 1494 4287 diBlll'llleS
1525 4245 1955 4289 commutaverit.
1995 4233 2148 4289 Unde

555 4314 610 4359 et
652 4307 837 4358 beatus
882 4306 1045 4358 David
1095 4306 1324 4358 sollicite
1363 4306 1703 4368 deprecatur,
1758 4321 1826 4358 ne
1872 4305 2091 4370 subjat'e
2130 4312 2150 4357 t

557 4378 884 4437 proculcatui
915 4380 1270 4441 superborum
1301 4392 1314 4427 :
1344 4376 1411 4427 ibi
1435 4379 1600 4435 enim,
1633 4377 1824 4439 inquit.
1854 4376 2146 4429 ceciderunt

556 4464 726 4500 omnes
775 4460 1044 4513 Operttttles
1097 4446 1409 4509 iniquitatem
1448 4446 1786 4515 (Psal.55.).
1840 4447 1935 4499 llic
1969 4455 2145 4500 tamen

560 4517 992 4585 proplieticoruin
1026 4517 1266 4569 ordinem
1310 4521 1359 4567 iii
1395 4516 1759 4583 increpatione
1795 4517 2050 4581 custodit,
2091 4527 2149 4570 ut

558 4590 863 4653 superbiam
909 4588 1058 4653 quasi
1114 4591 1340 4640 lructuui
1390 4601 1511 4640 esse
1560 4588 1849 4655 impietatis
1876 4591 2146 4651 ostendat,

562 4674 657 4724 per
710 4674 867 4725 quem
902 4670 1138 4713 tenorem
1172 4658 1412 4726 Apostoli
1453 4673 1667 4724 quoque
1718 4673 1899 4712 sermo
1938 4659 2149 4711 videtur

562 4730 837 4793 ingressus
860 4745 874 4783 :
900 4732 987 4797 qui
1022 4745 1140 4783 cum
1172 4728 1397 4795 dit-cret,
1424 4730 1565 4794 quod
1593 4730 1875 4796 creaturis,
1904 4743 2150 4783 creatore

560 4802 773 4861 relicto,
816 4803 1128 4865 servi~setit,
1155 4799 1614 4854 etttiinerationetti
1655 4803 1910 4865 deinceps
1941 4801 2145 4853 [acino-

560 4884 678 4938 rum
721 4870 1144 4937 llngitiurumque
1188 4871 1454 4936 subjecit:
1489 4880 1768 4938 propterea
1803 4872 1924 4924 illos
1964 4868 2152 4922 nefan-

560 4937 645 4993 dis
672 4940 879 4992 actibus
924 4950 1130 4993 scatere
1159 4937 1542 5007 pr0iittiici:iiis,
1590 4944 1728 5006 quod
1778 4942 1992 5007 pietatis
2021 4956 2149 5009 erga

563 5008 730 5061 Deum
769 5008 887 5074 jura
922 5017 1293 5064 temeraSseiit.
1339 5010 1443 5074 Vw,
1480 5010 1671 5080 inquit,
1704 5027 1831 5080 ergo
1861 5013 2033 5073 Vultis,
2063 5013 2150 5078 qui

563 5080 797 5144 Opulenti
826 5080 945 5133 estis
970 5081 1021 5130 in
1054 5081 1204 5140 Sion,
1234 5095 1283 5132 et
1310 5082 1566 5148 conﬁditis
1596 5084 1647 5133 in
1680 5094 1848 5135 monte
1869 5082 2146 5142 Samarire,

564 5165 669 5202 non
715 5166 823 5218 quo
854 5166 1142 5219 paupertini
1184 5153 1405 5204 crimina
1456 5152 1640 5204 laevius
1667 5156 2019 5215 :estimemus,
2053 5152 2147 5205 sed

562 5223 962 5293 vossceleruiii
995 5220 1166 5290 major
1212 5223 1385 5293 pulsat
1416 5221 1633 5287 invidia,
1666 5238 1800 5291 quos
1845 5222 2018 5293 major
2046 5238 2150 5276 rex-

564 5292 737 5344 tendit
762 5294 1055 5359 opulentia.
1083 5296 1201 5359 Quo
1240 5291 1382 5345 enim
1414 5295 1579 5357 magis
1607 5305 1738 5346 estis
1766 5294 1833 5347 de
1863 5291 2067 5346 honore
2086 5308 2153 5347 ac

563 5360 813 5416 facultate
853 5367 1148 5427 con~picui,
1197 5364 1297 5415 lioc
1342 5377 1436 5415 vos
1474 5363 1655 5416 decuit
1693 5365 1864 5432 majus
1910 5364 2146 5418 studium

564 5432 838 5504 religionis
890 5435 1046 5504 537
1106 5433 1355 5488 habuisse
1388 5450 1402 5488 :
1434 5449 1575 5487 nunc
1626 5450 1752 5489 vero
1808 5451 1911 5487 non
1973 5439 2150 5488 minus

566 5501 841 5573 impietate
870 5501 1029 5573 quani
1057 5507 1281 5573 pecunia
1328 5506 1623 5571 locupletes
1649 5521 1770 5560 esse
1800 5504 2145 5559 contenditis.

565 5572 1035 5643 Comprelieiidcat
1060 5572 1205 5644 ergo
1254 5589 1349 5629 vos
1380 5579 1607 5629 lamenta
1644 5579 1851 5645 gravia,
1894 5576 2020 5645 quia
2057 5590 2147 5629 se-

643 5744 669 5773 ι
692 5736 930 5790 Alterum
964 5739 1031 5793 ab
1063 5739 1165 5794 hoc
1199 5740 1319 5794 loco
1360 5739 1552 5793 librum
1582 5748 1735 5794 vetus
1777 5737 1973 5792 Editor
1999 5751 2160 5793 exor-

569 5802 736 5868 ditur,
759 5813 1000 5869 apposta
1022 5810 1088 5864 ad
1116 5824 1267 5866 oratu
1291 5819 1415 5863 nota
1446 5810 1556 5864 Lib.
1582 5810 1637 5863 '2.
1665 5810 1792 5873 Ejus
1814 5824 1912 5864 nos
1934 5821 2149 5875 quoque

2045 3506 2979 3617 SECUNDUSﬂ

2178 3750 2223 3811 ο
2256 3741 2485 3795 cundum
2525 3740 2761 3794 divinam
2798 3740 3121 3811 sententiam
3155 3741 3364 3809 exiguis
3396 3750 3585 3809 potest
3635 3741 3843 3795 misera-

2256 3817 2329 3865 tio
2373 3812 2629 3865 nonnulla
2680 3811 2933 3875 conferri,
2988 3810 3223 3865 Potentes
3265 3822 3436 3864 autem
3484 3823 3719 3882 potenter
3755 3825 3842 3865 tor-

2251 3900 2421 3935 menta
2446 3883 2724 3950 patientur.
2754 3885 2894 3935 Inter
2921 3892 3095 3935 tantus
3120 3896 3251 3949 ergo
3277 3882 3528 3936 miserias
3553 3886 3840 3949 regionum,

2251 3970 2384 4021 quas
2413 3954 2481 4006 de
2510 3954 2595 4006 vel
2628 3953 2843 4006 amissis
2888 3952 3115 4012 viribus.
3146 3956 3227 4006 vel
3268 3954 3338 4007 de
3381 3953 3723 4009 irruentibus
3746 3957 3840 4017 jam

2250 4024 2647 4077 calamitatibus
2678 4032 2971 4091 experitur,
3008 4025 3057 4075 iii
3093 4025 3331 4075 locorum
3366 4025 3637 4092 prmsidiis
3668 4037 3721 4078 et
3741 4039 3820 4076 iiiu

2252 4096 2461 4148 uitione
2488 4094 2761 4148 confiditis
2793 4112 2805 4145 :
2840 4094 2891 4147 iu
2924 4094 3052 4147 Sion
3095 4094 3344 4147 videlicet
3379 4104 3435 4148 et
3463 4096 3707 4148 Samaria
3742 4097 3838 4146 fore

2251 4180 2347 4219 vos
2382 4176 2525 4217 tutos
2560 4166 2819 4219 adversus
2850 4166 2982 4217 iram
3018 4164 3217 4232 judicis
3248 4168 3604 4219 aaStiiiianles.
3649 4164 3840 4234 Vtejoui

2250 4237 2480 4301 opulenti
2506 4238 2626 4288 estis
2651 4237 2705 4288 in
2736 4236 2885 4297 Sion,
2915 4246 2964 4287 et
2990 4235 3251 4301 conﬁditis
3276 4236 3329 4288 in
3356 4247 3532 4288 monte
3563 4236 3837 4289 Samaritr:

2253 4310 2518 4376 optimates
2558 4307 2729 4371 capita
2778 4308 3127 4376 populorum,
3172 4307 3517 4370 ingredientes
3567 4307 3841 4374 pompatico

2251 4384 2457 4430 domum
2483 4376 2670 4429 Israel.
2706 4377 2981 4448 Nunquam
3018 4392 3157 4448 enim
3204 4391 3299 4428 vos
3354 4378 3526 4448 magis
3555 4393 3717 4445 quam
3758 4378 3840 4448 sd-

2252 4463 2529 4503 versoruui
2576 4457 2817 4500 ieiunare
2869 4446 3197 4514 publieastis,
3226 4446 3582 4515 'quanta'Vos
3632 4447 3841 4499 luxuriae

2252 4519 2582 4586 implevisset
2607 4518 2852 4583 ambitio,
2891 4518 2979 4585 qui
3008 4518 3183 4584 gentis
3214 4518 3465 4585 imperio,
3499 4518 3709 4583 majore
3740 4517 3839 4585 jam

2256 4606 2321 4642 ex
2354 4598 2502 4656 parte
2530 4601 2836 4650 consumto,
2871 4588 3006 4641 intra
3037 4589 3291 4639 obsessas
3315 4597 3499 4642 tamen
3532 4588 3697 4641 urbes
3720 4601 3839 4656 Opu-

2252 4659 2408 4714 lentia
2440 4660 2655 4713 tumetis
2680 4659 2989 4727 luxuriaque
3025 4658 3288 4711 dil‘lluit’ts.
3658 4668 3663 4671 '

2327 4732 2479 4783 Vers.
2504 4729 2907 4783 2.—-Transite
2950 4729 3001 4781 in
3043 4726 3330 4791 Chalanne,
3373 4738 3421 4780 et
3465 4728 3657 4789 videte.
3698 4736 3747 4781 et
3782 4728 3841 4780 its

2251 4801 2370 4854 inde
2400 4805 2450 4853 in
2491 4799 2675 4852 Ematlt
2705 4817 2968 4870 magnam,
3015 4809 3061 4851 et
3091 4800 3380 4853 descendite
3408 4800 3462 4851 in
3513 4801 3639 4851 (ἱείῆ
3686 4798 3836 4851 Palle-

2250 4873 2524 4935 stiuorum,
2548 4881 2593 4923 et
2638 4872 2704 4922 ad
2733 4874 2924 4938 Optima
2950 4886 3161 4940 qumque
3185 4886 3346 4940 regna
3377 4870 3584 4933 horum,
3630 4871 3677 4922 si
3698 4871 3838 4921 latior

2253 4949 2498 4994 terminus
2524 4958 2702 4994 eorum
2731 4938 3147 4994 termino'vestro
3190 4938 3286 4993 est.
3331 4938 3516 4995 Intulit
3546 4944 3835 5008 opportune

2253 5027 2595 5066 externarum
2626 5014 2863 5077 gentium
2901 5016 3255 5073 mentionem,
3286 5020 3342 5063 et
3372 5026 3467 5077 per
3506 5024 3836 5064 occasionem

2254 5084 2474 5137 alterius
2530 5086 2815 5148 sermonis,
2876 5083 3111 5137 ostendit
3158 5084 3279 5148 quia
3323 5094 3379 5135 et
3431 5081 3555 5134 aliis
3604 5081 3836 5149 regiones

2256 5167 2389 5220 quas
2420 5153 2737 5221 incolerent,
2792 5162 2847 5206 et
2889 5168 3051 5223 regna
3100 5155 3295 5220 quibus
3345 5152 3627 5213 ﬂorerent.
3670 5163 3835 5223 rerum

2253 5224 2504 5277 conditor
2546 5226 2862 5293 deputasset
2891 5242 2903 5275 :
2931 5227 3052 5277 illos
3096 5225 3359 5293 siquidem
3417 5224 3647 5293 populos
3697 5222 3835 5292 plurs

2254 5308 2359 5347 nou
2389 5292 2783 5361 cupere,’istos
2827 5310 2956 5349 vero
3005 5305 3059 5349 et
3103 5292 3341 5362 ingratos
3368 5306 3428 5347 et
3469 5292 3727 5360 profanos
3754 5294 3837 5344 do.

2251 5366 2384 5433 ceri,
2416 5366 2504 5434 qui
2552 5367 2621 5419 iza
2673 5367 2899 5420 fuissent
2947 5366 3166 5418 urbibus
3216 5364 3555 5433 pestilentes,
3608 5372 3667 5418 ut
3717 5374 3839 5430 quos

2254 5446 2379 5488 ante
2409 5453 2501 5503 per
2538 5440 2781 5504 exempla
2830 5444 3200 5503 eorruperaut,
3241 5435 3461 5489 eosdem
3490 5448 3672 5503 pu8tea
3714 5434 3837 5504 fastu

2258 5502 2452 5573 praedic
2479 5502 2838 5571 proterereut.
2880 5508 3118 5560 Notaiida
3155 5521 3283 5560 vero
3304 5507 3474 5559 divini
3496 5502 3686 5558 'l'orma
3710 5502 3838 5573 judi-

2253 5570 2345 5641 cii,
2375 5579 2511 5646 apud
2557 5593 2715 5645 quam
2762 5593 2870 5631 non
2908 5592 3001 5647 pro
3033 5576 3357 5632 afﬂictarum
3390 5570 3739 5646 qualitatibus
3772 5570 3836 5627 ai-

2267 5736 2642 5817 partitionem,
2691 5737 2900 5796 tametsi
2943 5738 3146 5795 nullum
3195 5736 3337 5794 nacti
3392 5745 3656 5809 praeterea
3717 5728 3840 5791 iudi-

2257 5822 2421 5872 cmiit,
2453 5817 2714 5863 tetietnus.
