4110 6350
317 321 465 380 1085

1530 324 1593 381 IN
1631 324 1815 384 AMOS
1851 325 2415 391 COMMENTARIUS.

3460 342 3596 399 {086

312 440 621 522 lugentium
647 434 1072 522 quoqne_tii'7€t'ita
1103 441 1591 522 ponderanturdnt
1628 440 1673 494 si
1705 455 1903 522 nocen-
1938 453 1983 507 Λ
2014 457 2134 497 cum
2167 445 2369 499 electos
2393 446 2465 522 _d_e
2493 448 2745 518 gregibus
2785 457 2840 505 et
2886 451 3145 507 armentis
3168 465 3335 522 agnos
3356 448 3591 510 vitulos-

313 521 407 567 tes
431 527 539 565 non
570 514 769 565 fuerint
795 513 883 580 qui
922 522 1186 577 teruntur,
1218 512 1539 567 excusabilis
1572 525 1785 579 quoque
1812 511 1909 566 de-

312 584 673 650 primentium
695 582 939 637 videatur
959 584 1198 653 injuria),
1223 584 1313 637 sed
1342 584 1410 636 ita
1442 586 1595 636 reiae
1619 583 1906 653 sisanctos

315 653 666 713 violaverim,
689 664 998 715 arguantur.
1031 657 1212 722 Neque
1236 656 1378 708 enim
1410 653 1533 703 odio
1557 652 1906 717 malignitatis

316 724 536 786 alienae,
563 732 814 777 ett-terum
839 725 1035 791 impetu
1060 727 1288 793 propriae
1317 722 1607 790 iniquitatis
1638 722 1903 777 insiliunt:

317 794 664 860 praedonum,
694 809 801 847 non
835 809 1116 849 censorum
1147 796 1380 847 animum
1421 795 1740 855 deterentes,
1774 808 1904 860 qun-

316 881 441 917 rum
476 873 532 915 ut
563 864 817 933 iniquitas
841 868 1190 932 exprimatur,
1225 866 1565 931 profanarum
1598 864 1673 914 ris
1699 874 1906 915 conter-

316 938 699 1003 tninarumque
727 937 961 1004 gentium
1006 936 1263 989 modestia
1303 944 1356 987 et
1395 934 1635 1004 quaedam
1670 935 1905 1004 probitas

313 1001 637 1058 anteiertur‘.
685 1001 944 1065 Transite.
974 1005 1165 1073 inquit,
1211 1008 1264 1058 in
1295 1004 1580 1064 Cbalanne,
1614 1003 1665 1054 in
1713 1001 1903 1057 Ematlt

316 1092 587 1145 magnam,
630 1077 683 1129 in
721 1074 850 1129 Geth
899 1075 1316 1139 Pala’stiuorum,
1346 1086 1400 1127 et
1429 1074 1713 1143 diligenter
1740 1075 1905 1127 ιηειιι-

314 1150 428 1200 cite
467 1149 510 1198 si
545 1148 761 1200 latiores
800 1148 991 1199 vestris
1018 1156 1189 1200 terras
1218 1161 1353 1215 quas
1399 1146 1717 1205 incolerent,
1748 1160 1905 1215 acce-

319 1221 537 1282 perint:
569 1233 792 1283 quarum
828 1220 895 1269 ita
929 1227 1053 1270 sunt
1097 1212 1249 1271 sorte
1275 1216 1418 1288 [.«tnt.
1446 1214 1599 1286 forte]
1642 1212 1902 1279 contenti,

316 1298 379 1340 ιιι
419 1289 549 1340 nihil
581 1288 722 1340 aliud
755 1288 1034 1341 videamur
1061 1287 1338 1350 exiietere.
1370 1287 1499 1353 Qua:
1545 1302 1673 1338 sane
1710 1300 1903 1351 expro-

317 1359 520 1422 bratio,
553 1369 609 1411 ιιι
655 1358 773 1411 illos
801 1358 1104 1425 cupiditatis
1128 1366 1362 1417 accusat,
1416 1366 1483 1410 ita
1516 1355 1785 1409 desiderat
1811 1372 1905 1409 ex—

316 1429 528 1496 plicari.
579 1430 973 1497 lucnnsequens
1026 1430 1170 1483 enim
1219 1428 1459 1489 videtur,
1508 1438 1564 1478 ut
1621 1438 1899 1493 postquam

314 1500 611 1565 opulentiae
642 1516 702 1550 ac.
731 1500 954 1552 luxuriae
983 1515 1187 1553 crnnen
1228 1499 1445 1566 oizjvcit,
1490 1498 1554 1549 ad
1585 1511 1903 1562 comproba-

318 1581 521 1623 tionem
549 1569 839 1624 adduceret
864 1584 980 1633 eos,
1017 1571 1105 1638 qui
1156 1572 1429 1624 breviores
1460 1577 1631 1622 terras
1656 1569 1903 1621 videren-

318 1652 408 1693 tur
435 1641 696 1695 incolere.
729 1640 915 1694 Posset
941 1657 1081 1694 enim
1115 1641 1319 1703 referri,
1353 1641 1473 1693 ideo
1512 1638 1642 1691 istos
1666 1640 1782 1705 plus
1811 1640 1903 1690 lia-

318 1712 450 1764 Iiere
473 1712 765 1779 jactantize,
798 1712 917 1777 quia
950 1712 1182 1779 majores
1204 1725 1334 1778 epes
1364 1712 1554 1763 delata:
1593 1710 1695 1763 sibi
1728 1712 1903 1779 regio—

317 1785 404 1835 nis
427 1784 779 1850 vectigalibus
824 1782 1188 1849 collegissent,
1230 1782 1537 1848 nullamque
1588 1781 1653 1832 ad
1706 1795 1900 1849 expro-

318 1853 582 1905 brandum
607 1852 712 1905 vim
760 1853 1089 1919 comparatio
1132 1852 1275 1906 illata
1317 1860 1594 1913 retineret,
1638 1850 1761 1919 quia
1800 1853 1901 1905 hoc

318 1923 480 1977 ﬁebat
511 1924 652 1990 quod
696 1925 807 1992 ipsa
850 1924 1231 1987 consequentia
1256 1922 1569 1991 postularat.
1601 1922 1734 1986 Quis
1770 1936 1899 1990 ergo

314 2009 510 2047 sensus
536 1997 619 2047 hic
643 2004 745 2056 est,
778 2008 935 2062 quem
964 1996 1123 2047 verba
1152 1992 1492 2047 destituunt?
1525 1994 1615 2045 ille
1645 1992 1894 2045 nimirum

312 2064 405 2132 qui
438 2065 787 2131 parricidales
816 2065 1024 2117 animos
1056 2065 1107 2117 in
1148 2065 1422 2133 sacrilegis
1452 2064 1698 2128 plebibus
1729 2062 1897 2117 fuisse

311 2138 602 2200 convincit,
636 2150 794 2205 quem
825 2136 961 2188 alins
991 2136 1267 2203 propheta,
1315 2135 1365 2205 it
1399 2144 1500 2196 est,
1538 2137 1721 2187 beatus
1757 2136 1896 2188 Osee

313 2207 591 2260 evidenter
618 2206 873 2269 ostendit,
901 2221 1022 2259 eum
1045 2209 1251 2261 dioeret
1274 2223 1286 2257 :
1323 2204 1388 2257 In
1415 2205 1590 2256 diebus
1620 2205 1896 2256 desolatio-

312 2278 392 2330 nis
410 2277 631 2330 ostendit
666 2276 843 2344 ﬁdem,
874 2277 998 2339 facti
1034 2288 1151 2330 sunt
1172 2278 1427 2346 principes
1454 2274 1611 2326 Juda:
1644 2276 1792 2340 quasi
1812 2292 1897 2328 as-

310 2357 565 2400 sumentes
599 2350 893 2415 terminum,
920 2348 969 2400 id
1023 2361 1126 2413 est,
1149 2349 1333 2403 decem
1377 2346 1642 2411 tribubus,
1674 2350 1894 2414 Assyrio

309 2421 586 2481 vincente,
630 2420 923 2472 translatis.
953 2417 1104 2472 .Iudae
1145 2419 1393 2487 populus,
1420 2416 1801 2487 misericordiae
1840 2427 1895 2471 et

308 2489 742 2557 compunctionis
779 2490 983 2543 alienus
1010 2486 1294 2555 gaudebat,
1340 2490 1471 2541 ttilat
1492 2502 1649 2541 onem
1693 2486 1791 2539 sibi
1834 2490 1896 2539 li—

311 2562 461 2613 nium
488 2560 798 2628 contigisse.
835 2560 945 2614 Hoc
973 2576 1102 2626 ergo
1134 2561 1325 2612 intuitu
1354 2570 1409 2613 et
1452 2574 1590 2611 Ittlllc
1637 2560 1890 2625 propheta

309 2646 418 2683 non
458 2630 632 2683 solum
675 2632 725 2682 in
773 2629 931 2689 Juda,
977 2633 1069 2682 sed
1100 2632 1260 2684 etiam
1308 2631 1360 2683 itt
1393 2633 1508 2694 ipso
1556 2628 1771 2689 Isracle,
1802 2630 1890 2696 qui

307 2700 609 2768 captivitati
658 2701 803 2767 prior
849 2701 1137 2768 subjacuit,
1178 2699 1369 2767 impius
1410 2699 1573 2769 538
1619 2699 1890 2769 principes

306 2772 583 2825 exultasse
611 2772 942 2825 demonstrat
971 2788 987 2824 :
1018 2773 1157 2840 quod
1200 2768 1546 2839 popularibus
1595 2768 1891 2836 incolisque

306 2842 547 2911 regionis
573 2844 717 2895 varia
759 2844 914 2896 clade
957 2843 1275 2903 consumtis,
1309 2842 1426 2893 istis
1455 2845 1602 2894 velut
1651 2842 1785 2891 inter
1814 2854 1893 2891 ιιι·-

304 2910 453 2966 bium
481 2914 675 2967 muenia
702 2912 1012 2974 liberandis,
1046 2914 1203 2966 latior
1234 2912 1498 2980 possessio
1521 2910 1887 2980 provenisset:

308 2984 450 3052 quod
481 2992 657 3038 tamen
687 2984 848 3037 tribui
877 2984 1030 3039 Juda:
1063 2979 1459 3052 magiscrimen
1487 2983 1742 3044 obiectat,
1771 2979 1889 3049 ejus

305 3056 508 3123 quippe
548 3056 598 3108 in
625 3054 976 3124 sequentibus
1005 3070 1198 3108 nomen
1240 3054 1493 3121 appellat.
1537 3053 1730 3106 Merito
1760 3066 1890 3124 ergo

304 3120 363 3177 et
389 3120 590 3179 litistias
620 3138 673 3179 et
704 3120 937 3179 'tnunera
967 3141 1174 3187 eorum,
1208 3127 1383 3176 vicina
1414 3138 1626 3193 quoque
1650 3120 1886 3189 gentium

1932 1829 1979 1888 Β

2016 517 2500 588 queLcnnsumitis,
2533 517 2605 573 et,
2630 535 2801 588 usque
2847 521 2912 575 ad
2942 517 3307 577 temulentiatn
3344 526 3464 579 vina
3495 527 3596 583 de»

2015 584 2262 663 tunditic,
2288 589 2595 663 psalterium
2622 601 2675 644 et
2700 584 2843 661 iyras
2874 592 3045 647 facitis
3074 608 3401 663 concrepare
3430 611 3443 648 :
3472 598 3589 651 his-

2012 670 2116 735 que
2141 654 2357 735 iiagitiis
2384 654 2935 735 ctiamuconu'nnelias
2973 654 3312 735 antiquitatis
3346 666 3593 734 adjungi-

2011 728 2098 806 iis,
2128 728 2369 806 dicentes
2413 729 2684 806 videlicet,
2726 747 2786 806 ea
2830 749 2926 786 vos
2980 728 3176 806 [labere
3218 728 3440 803 organa,
3470 728 3594 805 quin

2012 792 2178 872 l_)avid_
2210 795 2519 872 beatissimo
2546 801 2949 869 suppetiverint.
2984 803 3163 872 Neque
3191 792 3371 860 ιιιίεὲτί
3412 792 3596 861 consi-

2009 864 2209 918 deratis
2243 864 2865 942 tantuminter-studia,
2913 864 3165 942 quantum
3215 877 3355 930 inter
3402 881 3591 931 merita

2011 946 2186 1014 vestra
2214 948 2370 1003 atque
2394 939 2535 993 illius
2561 943 2842 1014 interesse.
2870 939 3030 997 David
3059 946 3200 998 enim
3230 947 3413 999 Iaudes
3441 962 3594 1000 crea-

2016 1007 2148 1056 toris
2175 1006 2427 1074 legesque
2453 1012 2659 1065 Virtutis
2688 1024 2739 1065 et
2780 1016 3010 1067 remedia
3056 1016 3467 1081 perturbationis
3494 1034 3588 1071 sa-

2008 1089 2101 1152 cro
2139 1080 2374 1152 carmine
2405 1083 2753 1147 personabat:
2785 1099 2876 1137 vos
2909 1101 3035 1139 vero
3058 1080 3375 1140 iecontrario
3406 1087 3589 1141 inocu-

2010 1149 2114 1224 tiva
2149 1149 2373 1225 iniurius
2402 1168 2522 1225 cum
2576 1153 2764 1225 iniuria
2795 1157 3052 1209 creatoris
3082 1156 3258 1225 (cujus
3307 1159 3391 1211 lex
3426 1173 3589 1225 sper-

2010 1216 2177 1295 nitur.)
2207 1222 2568 1295 coticrepatis.
2601 1223 2690 1276 ille
2732 1229 2907 1284 epuiis
2932 1216 3147 1289 sobriis,
3170 1216 3232 1280 et
3262 1216 3591 1295 prophetali-

2010 1286 2496 1367 b‘nsdeb-ctabatnr
2523 1306 2585 1344 ac
2623 1295 2960 1367 muniebatur
2990 1286 3295 1367 unguentis,
3327 1286 3418 1351 vos
3457 1314 3589 1352 vero

2007 1358 2273 1411 ebrietate
2304 1361 2648 1429 crapulaque,
2679 1366 2798 1417 oleo
2822 1369 2984 1418 etiam
3019 1358 3241 1433 vdlgari,
3267 1358 3322 1421 et
3349 1371 3488 1433 quod
3514 1372 3587 1424 sit

2009 1437 2124 1501 arte
2160 1441 2494 1501 corruptum,
2529 1435 2776 1487 tnadetis.
2823 1436 3059 1501 Denique
3089 1440 3173 1491 ille
3204 1439 3587 1493 misericordia:

2008 1499 2198 1579 plenus
2247 1500 2462 1579 alfectu,
2510 1503 2692 1579 multis
2750 1514 2870 1579 post
2918 1499 3133 1561 sateuiis
3173 1519 3424 1563 venturas
3472 1526 3587 1564 sua:

2006 1570 2152 1647 genti
2182 1569 2537 1647 calamitates,
2568 1583 2626 1647 et
2659 1569 2869 1629 ﬂetibus
2900 1579 3340 1643 prosequebatur,
3370 1590 3422 1633 et
3463 1595 3585 1647 pre-

2004 1637 2176 1721 cibus.
2216 1639 2319 1721 Vos
2347 1657 2476 1721 vero
2502 1644 2718 1721 easdem
2757 1648 2865 1721 jam
2898 1637 3586 1721 illatasjamquegrassan-

2005 1714 2211 1790 tes.._it_a
2259 1714 2418 1766 siccis
2445 1715 2615 1790 oculis
2644 1716 2947 1790 intuetttini,
2985 1714 3172 1790 uteas
3195 1714 3430 1790 venisse.
3466 1735 3587 1788 par-

2006 1781 2298 1858 ricidaliter
2337 1784 2638 1858 gaudeatis.
2665 1786 2816 1858 Quod
2860 1802 2988 1858 ergo
3016 1788 3282 1842 ait:niln't
3322 1781 3585 1858 patieban-

2004 1857 2089 1900 tur
2108 1867 2259 1928 super
2278 1854 2581 1908 contritione
2607 1854 2822 1925 Josepb,
2853 1854 3360 1928 ad‘compassionet'u
3385 1861 3584 1923 retulit,

2003 1933 2160 1995 quam
2187 1924 2238 1975 iit
2262 1927 2567 1991 pectoribus
2599 1929 2680 1980 vel
2713 1924 3075 1995 diligentiam,
3104 1931 3183 1983 vel
3217 1929 3584 1983 miserantium

2003 1991 2165 2063 539
2195 2006 2412 2065 noverat
2460 1998 2636 2049 solere
2687 1991 2914 2061 coor‘iri;
2958 1991 3116 2065 quam
3144 2001 3390 2053 duritiam
3421 2004 3584 2054 etiam

2005 2064 2263 2137 illudsth
2292 2079 2518 2133 persooa
2538 2065 2670 2135 justi
2701 2084 2915 2122 carmen
2945 2064 3161 2123 accusat
3186 2087 3198 2122 :
3228 2070 3470 2135 Quaesivi,
3495 2074 3584 2137 qui

2000 2136 2154 2186 simul
2183 2150 2379 2189 mecum
2414 2138 2824 2208 contristantur,
2857 2148 2901 2191 et
2932 2156 3036 2193 non
3065 2141 3163 2208 fuit
3192 2151 3279 2194 :et
3322 2144 3585 2193 consolan-

2004 2216 2079 2284 tes
2109 2220 2206 2267 me,
2240 2214 2288 2284 et
2320 2221 2424 2258 non
2454 2207 2621 2284 inveni
2656 2208 2838 2284 (l’sal.
2861 2210 3003 2284 68.).
3035 2207 3166 2263 llum
3203 2226 3331 2279 ergo
3361 2211 3582 2284 Josepli,

2000 2277 2052 2351 i_d
2085 2285 2189 2351 est,
2217 2278 2418 2351 decem
2460 2277 2673 2351 Tribus
2702 2281 2982 2347 captivitas
3026 2277 3330 2351 occuparet,
3377 2282 3582 2336 nullum

1997 2344 2131 2398 Juda
2158 2347 2564 2419 misericordiae,
2598 2344 2802 2403 nullum
2828 2344 3217 2419 compassion'ts
3244 2344 3412 2405 sema
3450 2353 3582 2405 alie-

1996 2425 2161 2472 ctum.
2191 2417 2407 2484 Quidni,
2439 2435 2560 2471 cttm
2586 2423 2751 2489 magis
2780 2417 2987 2487 putaret
3012 2425 3269 2490 augenda:
3293 2423 3582 2488 nptilentitn

1997 2495 2206 2551 tempus
2242 2491 2504 2550 ablatum,
2554 2490 2599 2544 si
2648 2491 2757 2544 suis
2788 2493 2982 2544 linibus
3014 2493 3241 2547 fraterna
3290 2508 3409 2546 rura
3442 2508 3578 2547 con-

1990 2555 2265 2633 jungeret?
2293 2558 2420 2633 Tale
2440 2573 2617 2615 autem
2642 2574 2822 2616 votum
2850 2577 2914 2615 ac
2944 2564 3047 2616 tale
3073 2564 3423 2633 propositum,
3450 2565 3581 2633 quid

1996 2629 2237 2694 ret-ipiat,
2264 2631 2560 2683 audiamus.

2073 2698 2223 2773 γεγε.
2255 2700 2307 2752 7.
2336 2728 2405 2773 -τ
2435 2705 2779 2769 Quapmpter,
2806 2703 2997 2771 inquit,
3029 2720 3164 2756 nunc
3206 2703 3493 2773 migrabunt
3527 2706 3582 2758 in

1995 2771 2161 2842 capite
2190 2771 2683 2842 trrmtsinigruntium,
2709 2784 2756 2826 et
2782 2784 2808 2808 η
2832 2773 3093 2842 auferetur
3118 2771 3292 2841 [actio'
3313 2773 3583 2829 lascivien-

1996 2840 2147 2903 tium,
2202 2841 2251 2891 id
2298 2851 2399 2900 est.
2450 2843 2757 2896 inanitatem
2803 2840 3019 2910 sperum
3069 2840 3287 2898 suarum
3333 2847 3580 2910 protinus

1996 2910 2321 2982 (amburitur.
2362 2919 2579 2982 quando
2623 2923 2678 2965 et
2724 2916 2869 2979 ipsos
2921 2915 3411 2982 comprehenderit,
3459 2931 3581 2982 qua!

1993 2976 2167 3032 fuerat
2195 2976 2467 3051 paululum
2498 2983 2655 3036 dilata
2686 2976 2984 3047 captivitas.
3010 2976 3307 3051 Exigentur
3335 2976 3491 3039 euitn'
3507 2986 3579 3040 de

1992 3051 2104 3123 suis
2170 3049 2360 3123 limbus
2394 3050 2448 3104 in
2492 3054 2658 3119 capite
2699 3049 3191 3123 (rattsmigrantinin,
3228 3055 3279 3108 id
3310 3064 3411 3116 est,
3442 3056 3582 3110 inter

2001 3121 2201 3186 primos
2227 3119 2332 3183 isti,
2362 3124 2451 3190 qui
2484 3136 2542 3174 se
2574 3133 2715 3178 tutos
2746 3124 2857 3178 tore
2884 3119 3225 3180 crediderant
3249 3126 3576 3179 exulabunt:

304 3195 519 3272 laudata
544 3199 800 3272 parcitate
828 3198 1117 3272 damnavit.
1148 3196 1253 3250 Sed
1282 3199 1559 3272 videamus
1582 3201 1633 3246 et
1661 3194 1884 3272 reliqua.
1916 3210 1961 3272 ο
1992 3192 2177 3272 sicque
2199 3202 2431 3272 caterva:
2465 3192 2842 3272 luxuriandum
2867 3197 3223 3272 dispertbunt.

386 3266 540 3322 Vers.
574 3267 714 3321 5.-6.
740 3296 808 3306 --
832 3268 932 3332 Qui
955 3274 1180 3329 separati
1207 3268 1326 3320 estis
1351 3266 1403 3317 in
1430 3266 1565 3317 diem
1594 3263 1807 3330 malum,
1838 3274 1884 3315 ct

306 3336 734 3406 appropinquatis
773 3341 903 3390 satio
938 3338 1245 3406 iniquitatis.
1282 3338 1381 3401 Qui
1411 3335 1644 3389 dormitis
1671 3351 1723 3386 tu
1747 3335 1886 3406 lectis

303 3405 561 3472 eburneis,
596 3418 643 3462 et
670 3410 912 3462 lascivitis
952 3412 1004 3461 in
1034 3412 1207 3461 stratis
1246 3406 1423 3460 vestris
1452 3422 1471 3460 :
1506 3422 1591 3475 qui
1616 3405 1881 3458 comeditis

304 3494 496 3546 agnum
522 3480 586 3532 de
620 3496 791 3551 grege,
830 3489 879 3533 et
906 3485 1089 3534 vitulos
1127 3482 1190 3533 de
1216 3478 1381 3551 medio
1410 3477 1648 3529 armenti.
1684 3476 1783 3541 Qui
1809 3493 1889 3529 ca-

306 3552 427 3603 nitis
464 3552 532 3603 ad
562 3549 731 3604 nucem
770 3552 1002 3620 psalterii
1043 3565 1062 3604 :
1095 3552 1223 3604 sicut
1255 3549 1437 3610 David,
1491 3557 1797 3616 putaverunt
1833 3564 1888 3601 se

303 3621 491 3673 habere
509 3637 631 3674 vasa
653 3625 860 3675 cantici.
896 3621 1133 3675 Bibentes
1153 3623 1205 3674 in
1227 3620 1414 3692 pbialis
1434 3622 1604 3672 vinum
1627 3630 1672 3672 et
1695 3620 1890 3692 optimo

304 3703 565 3764 unguento
588 3694 820 3759 delibuti,
846 3704 893 3746 et
917 3693 1045 3747 nihil
1073 3690 1392 3764 patiebantur
1420 3708 1572 3762 super
1591 3690 1892 3743 contritione

304 3759 524 3831 Joseplt.
583 3765 801 3830 Eorum,
850 3781 984 3831 quos
1038 3759 1197 3834 supra
1247 3759 1534 3830 nptimates
1580 3773 1886 3825 vocaverat,

307 3835 609 3901 pompatice
637 3835 1000 3904 ingredientes
1035 3839 1274 3899 domum,
1310 3837 1359 3887 in
1401 3833 1599 3888 divitiis
1630 3846 1685 3887 et
1712 3836 1888 3899 epulis

305 3906 418 3954 suis
456 3904 772 3971 gloriantes,
812 3915 973 3971 atque
1013 3907 1291 3959 butniltutn
1339 3904 1512 3968 eapita
1554 3906 1886 3969 deterentes,

306 3974 545 4025 fraterna
590 3976 749 4026 etiam
779 3976 1086 4041 captivitate
1134 3980 1449 4039 pandentes,
1496 3986 1888 4041 consequenter

305 4043 493 4109 epulas
518 4043 813 4096 etdeticias
836 4053 1184 4109 percucurrit.
1222 4045 1330 4103 Vae,
1363 4044 1553 4111 inquit,
1588 4044 1760 4105 vobis,
1799 4044 1887 4108 qui

304 4113 530 4183 separati
566 4114 684 4165 estis
714 4115 764 4165 in
811 4117 944 4164 diem
992 4116 1207 4181 malum,
1240 4116 1431 4182 quibus
1464 4124 1670 4178 tempus
1701 4114 1889 4165 Videli-

304 4195 393 4237 cet
414 4184 631 4236 ultionis
665 4186 958 4252 impendet,
989 4190 1074 4237 cui
1107 4200 1202 4237 vos
1232 4186 1361 4236 estis
1390 4185 1461 4235 ita
1501 4184 1685 4249 dicati,
1720 4189 1777 4235 ut
1806 4185 1887 4235 vi-

304 4255 537 4308 deamini
576 4255 640 4307 ad
671 4254 770 4310 ltoe
818 4270 1034 4319 prorsus
1076 4256 1254 4309 electi.
1292 4256 1444 4320 Quod
1494 4262 1671 4306 autem
1711 4254 1806 4316 ait,
1837 4260 1886 4305 et

303 4326 730 4395 apprOpinquatis
752 4326 882 4379 solio
913 4327 1221 4395 iniquitatis,
1250 4329 1332 4379 vel
1355 4325 1432 4378 sic
1458 4324 1885 4395 intelligereide-

304 4394 519 4460 bemus,
553 4408 606 4450 ut
630 4400 971 4465 conjunctiva
1002 4394 1124 4462 ista,
1157 4412 1275 4465 quae
1302 4404 1383 4450 est
1415 4397 1629 4462 praelata
1662 4394 1885 4462 conjun-

305 4468 435 4534 ctio,
469 4473 518 4519 id
550 4479 653 4531 est,
704 4470 1145 4540 uppropiuquatis.
1191 4473 1293 4521 vim
1341 4469 1620 4520 rationalis
1662 4465 1885 4535 conjun-

305 4540 503 4592 ctionis
532 4540 784 4601 obtineat,
822 4541 872 4593 id
913 4554 1014 4602 εει,
1049 4540 1169 4609 quia
1198 4556 1211 4592 :
1240 4547 1298 4591 ut
1326 4540 1397 4589 sit
1424 4551 1635 4596 sensus,
1662 4550 1881 4609 separa-

2069 3262 2219 3333 Ver_s.
2245 3264 2297 3315 8.
2323 3264 2375 3315 9.
2401 3291 2472 3333 τ-
2490 3263 2703 3333 duravit
2737 3262 2989 3321 Dominus
3020 3267 3156 3321 Deus
3183 3268 3236 3320 in
3264 3268 3436 3320 anima
3461 3283 3581 3333 sua,

1992 3332 2113 3408 dicit
2143 3330 2394 3408 Dominus
2417 3330 2607 3408 bADeus
2647 3335 2961 3408 exercituum
2985 3353 3005 3391 :
3030 3337 3261 3391 Detestor
3281 3354 3372 3408 ego
3399 3330 3582 3407 super;

1993 3403 2130 3477 biant
2148 3402 2332 3477 Iacob,
2361 3413 2407 3456 et
2429 3405 2608 3477 domos
2627 3408 2738 3477 ejus
2767 3407 2874 3469 odi,
2901 3420 2947 3459 et
2970 3410 3171 3461 trudam
3188 3402 3438 3462 civitatem
3461 3402 3581 3462 cum

1992 3474 2361 3548 habitatoribus
2400 3479 2526 3528 suis.
2563 3474 2711 3541 Quod
2733 3480 2776 3528 si
2815 3478 2997 3547 reliqui
3029 3479 3221 3548 fuerint
3264 3484 3436 3531 decent
3482 3482 3579 3532 viri

1991 3547 2044 3597 in
2064 3551 2221 3617 domo
2265 3561 2389 3611 una,
2431 3554 2477 3598 et
2506 3548 2605 3615 ipsi
2642 3550 2941 3603 morientur.
2992 3547 3058 3603 Ut
3084 3552 3317 3617 graviter
3342 3566 3402 3603 se
3450 3552 3581 3604 hor-

1994 3615 2168 3672 ruisse
2196 3617 2523 3689 despectum
2574 3622 2819 3673 Iraternte
2878 3615 3200 3689 captivitatis
3249 3620 3580 3683 ostenderet,

1995 3689 2047 3741 in
2094 3686 2425 3755 proferenda:
2474 3688 2692 3743 ultionis
2745 3691 2905 3745 verba
2933 3686 3155 3760 juravtt.
3199 3692 3352 3757 Quod
3399 3700 3581 3747 autem

1992 3760 2069 3812 ait
2100 3762 2381 3827 propheta,
2416 3774 2510 3826 per
2537 3762 2767 3813 animam
2794 3776 2944 3815 suam
2982 3765 3144 3817 Deum
3172 3763 3401 3829 jurasse,
3428 3778 3581 3816 more

1995 3845 2179 3883 nostro
2206 3833 2428 3892 dictum,
2463 3833 2654 3898 quibus
2687 3833 3023 3901 loquebatur,
3066 3836 3304 3902 intelligo
3328 3850 3341 3885 :
3368 3844 3422 3885 ιιι
3446 3847 3581 3901 quo-

1996 3904 2136 3954 niam
2167 3901 2299 3952 ιιιιιιι
2325 3901 2609 3967 pretiosius
2638 3903 2814 3955 anima
2839 3915 3042 3969 nostra,
3075 3914 3162 3955 aut
3200 3901 3410 3956 dulcius
3437 3908 3582 3955 testi-

1993 3985 2224 4031 mamus,
2273 3972 2362 4022 ille
2391 3984 2602 4037 quoque
2655 3987 2759 4023 non
2806 3977 2958 4039 quasi
3009 3975 3204 4026 animal
3252 3971 3468 4038 aliquod
3514 3988 3582 4028 ex

1991 4041 2171 4093 anima
2204 4040 2568 4106 membrisque
2594 4046 2970 4108 compositum,
3002 4047 3095 4096 sed
3125 4044 3213 4109 qui
3241 4046 3580 4108 maiestatem

1990 4121 2044 4161 et
2073 4110 2233 4163 vitam
2273 4125 2422 4160 suam
2465 4125 2658 4179 anima:
2697 4115 3054 4179 appellatione
3083 4114 3397 4179 signaterit,
3425 4112 3580 4166 dele-

1991 4183 2117 4233 stari
2161 4194 2221 4232 se
2261 4181 2449 4230 domos
2477 4178 2663 4242 .IaCob,
2707 4178 3118 4250 superbiamque
3140 4178 3343 4251 juravu
3392 4192 3582 4235 tantis-

1990 4265 2214 4323 qneeas
2238 4263 2360 4302 esse
2389 4251 2799 4323 calatnitatibus
2828 4255 3190 4319 Stlbdiltll‘tlm,
3226 4266 3278 4304 ttt
3302 4253 3579 4323 populosa!

1993 4322 2208 4373 tantilla:
2238 4330 2341 4371 tam
2385 4334 2473 4371 ass
2495 4327 2614 4372 duis
2645 4321 2907 4375 mortibus
2956 4321 3330 4386 absumantur,
3360 4339 3456 4375 nec
3488 4341 3577 4376 sn-

1995 4393 2160 4460 persit
2199 4394 2249 4461 in
2299 4391 2376 4443 eis
2406 4395 2493 4458 qui
2529 4392 2696 4459 possit
2737 4395 2969 4461 svpeltre
3016 4395 3316 4448 dctum-tos.
3354 4394 3581 4448 Nomine

1992 4475 2170 4515 autem
2203 4460 2390 4519 Jacob,
2441 4469 2494 4513 et
2530 4463 2722 4514 .lndatn
2768 4476 2822 4515 et
2858 4463 3108 4519 lsraelem
3158 4465 3357 4533 pariter
3388 4465 3581 4516 indica-

1994 4542 2092 4593 νει,
2125 4534 2323 4600 quippe
2358 4546 2492 4599 quos
2537 4536 2695 4599 paulo
2741 4545 2867 4587 ante
2903 4538 3012 4602 jam
3047 4552 3097 4588 ιιι
3143 4542 3447 4588 calamitate
3483 4542 3581 4588 mt-

306 4618 389 4663 tos
430 4609 482 4663 in
513 4610 653 4664 diem
693 4598 891 4663 malum
915 4598 1009 4678 qui
1036 4598 1584 4677 appropinquaveriut
1613 4598 1750 4678 solio
1780 4606 1880 4660 ini-
1913 4598 1964 4657 D
1990 4598 2233 4658 seuerat.
2251 4613 2382 4654 ιιιιιιι
2407 4598 2545 4665 ergo
2567 4604 2630 4678 ad
2661 4618 2777 4656 eam
2802 4598 3143 4660 Solitudinem
3168 4612 3347 4678 multa;
3380 4606 3578 4658 domus

304 4681 556 4748 quitatis,
611 4683 859 4735 videlicet
912 4676 1032 4735 ideo
1074 4676 1398 4749 puniendos,
1458 4683 1583 4746 quia
1634 4676 1688 4732 in
1749 4680 1882 4733 alios

305 4763 664 4807 exercuerunt
696 4753 876 4821 iniqua
906 4752 1104 4819 judicia
1133 4768 1147 4816 ;
1176 4753 1258 4805 vel
1279 4762 1427 4806 certe
1457 4750 1648 4802 Solium
1690 4749 1883 4821 iniqui-

307 4827 429 4877 tatis
459 4824 714 4891 appellat,
743 4820 848 4891 συὶ.»
881 4823 1046 4888 injust
1069 4826 1139 4876 tia
1166 4824 1468 4876 examinata
1496 4820 1838 4874 damnabitur
1863 4837 1876 4873 :

301 4896 441 4947 sicut
483 4895 747 4962 judicium
782 4896 1126 4961 pecuniarum
1167 4908 1221 4946 et
1267 4895 1430 4947 caedis
1456 4907 1733 4953 vocamus,
1771 4906 1877 4944 non

302 4980 411 5033 quo
439 4970 713 5033 peculatus
740 4977 829 5018 ant
857 4964 1138 5018 homicidia
1172 4972 1568 5031 perpetrentur,
1603 4962 1698 5015 sed
1724 4962 1879 5030 cujus

306 5039 553 5089 examine
600 5040 908 5103 puniantur.
952 5035 1064 5090 Sub
1104 5038 1193 5087 tali
1223 5047 1399 5088 autem
1443 5034 1709 5087 scelerum
1739 5044 1882 5085 atro-

303 5115 467 5160 citate
509 5106 787 5176 degentes,
823 5120 958 5161 aueo
991 5105 1119 5159 nihil
1168 5107 1235 5158 de
1266 5105 1556 5171 ptenitendi
1587 5104 1764 5156 studio
1791 5118 1883 5155 eo-

302 5177 503 5243 gitatis,
537 5191 592 5229 ut
623 5176 804 5230 omnia
836 5179 1163 5230 luxuriatum
1197 5176 1547 5229 instrumenta
1574 5189 1881 5243 generaque

302 5249 603 5312 sectemini,
630 5263 730 5302 nec
755 5259 893 5303 totos
915 5252 1030 5301 dies
1060 5248 1194 5302 lusui
1226 5250 1439 5301 dedisse
1467 5246 1728 5310 contenti,
1762 5248 1882 5297 ttio-

300 5324 374 5371 ris
397 5319 648 5373 eburneis
678 5330 731 5373 et
760 5330 869 5371 sua
900 5320 944 5373 is
976 5318 1221 5372 tnollibus
1253 5319 1537 5381 incubetis,
1588 5327 1644 5369 ut
1671 5321 1882 5370 obscoe-

301 5391 486 5443 uitatis
533 5390 684 5456 operi
732 5405 956 5458 corpora
994 5390 1182 5444 sericis
1214 5392 1320 5442 tota
1367 5389 1881 5454 sutticiantzepulas

297 5470 476 5515 autem
505 5469 712 5513 vestras
738 5465 899 5514 etiam
923 5463 1131 5515 aurium
1162 5462 1435 5531 voluptate
1464 5460 1715 5514 conditis.
1746 5458 1880 5511 Nam

370 5612 395 5638 ⁸
428 5600 694 5669 Scriptum
734 5598 990 5669 mendose
1011 5608 1125 5652 erat
1156 5596 1420 5665 o/Teretur.

370 5671 399 5710 δ
427 5666 774 5726 ΙΙείεἰιοιιιειι
801 5668 962 5734 Deus,
996 5670 1137 5737 quod
1168 5680 1374 5737 deerat,
1397 5666 1723 5722 sulfecimus.

376 5753 398 5781 ε
425 5741 640 5797 Transit
660 5742 981 5809 explicatum
1006 5742 1421 5807 subsequentem
1442 5738 1766 5794 versiculum
1799 5737 1885 5794 10.

302 5812 367 5869 Et
391 5816 533 5867 tollet
555 5828 671 5866 eum
699 5813 1015 5883 propinquus
1046 5826 1237 5877 secum,
1269 5821 1315 5864 et
1341 5810 1597 5864 comburet
1646 5825 1791 5877 cum,
1832 5820 1889 5865 ut

1989 4682 2254 4736 venerint,
2285 4682 2309 4710 ο
2340 4681 2398 4724 ιιι
2435 4688 2538 4725 non
2572 4675 2851 4729 inveniant
2892 4679 3248 4741 tunerantem,
3296 4677 3453 4729 vicini
3486 4691 3581 4728 ve-

1988 4747 2141 4799 nient
2170 4757 2226 4800 et
2269 4743 2688 4812 propinquorum
2722 4747 2876 4800 busta
2928 4752 3219 4811 curabunt;
3269 4762 3441 4815 neque
3483 4748 3582 4803 lto-

1988 4819 2195 4870 noratis
2225 4830 2289 4868 ex
2338 4830 2489 4867 more
2519 4820 2753 4868 condent
2791 4818 3112 4886 sepulchris,
3143 4819 3237 4873 sed
3278 4820 3484 4886 vulgari
3514 4835 3577 4875 ea

1988 4888 2235 4942 incendio
2280 4888 2739 4959 concrematiuut,
2784 4883 3250 4958 ingredientesque
3302 4883 3399 4959 ipsi
3442 4906 3578 4959 quos

1986 4962 2221 5012 dixunus
2252 4956 2534 5029 victnipne
2574 4957 2738 5029 lateat
2779 4956 3252 5029 iu‘penetralibus,
3289 4956 3372 5016 vel
3406 4956 3580 5015 reuna-

1987 5038 2112 5083 neat
2151 5029 2365 5097 aliquis,
2416 5026 2822 5098 s'crutabuutur,
2868 5026 3079 5102 sibique
3127 5035 3359 5088 invicem
3406 5037 3577 5088 cotto-

2025 5109 2216 5155 nentur
2244 5119 2252 5149 :

1983 5116 2216 5224 quiritet}:
2239 5140 2447 5247 iQ.-12.
2472 5196 2541 5209 —
2572 5167 2790 5247 dicet
2821 5171 2972 5245 [Αιιι.
3014 5172 3208 5247 dicent]
3238 5176 3302 5239 ei,
3338 5172 3495 5247 Tace,
3527 5181 3578 5224 et

1986 5260 2086 5296 non
2129 5244 2408 5294 recorderis
2452 5242 2671 5294 nominis
2716 5242 2944 5298 Domini.
2983 5248 3120 5310 Quia
3162 5242 3275 5298 eice
3323 5244 3574 5296 Dominus

1984 5313 2246 5367 mundabit
2268 5311 2415 5382 iam.
2444 5313 2746 5383 mandavit],
2774 5323 2823 5367 ct
2839 5324 3084 5383 chultCt
3104 5319 3309 5367 domum
3332 5326 3573 5381 majorem

1983 5386 2033 5438 irt
2063 5386 2248 5446 ruinis,
2279 5394 2326 5437 et
2353 5386 2561 5435 domum
2585 5384 2831 5437 minorem
2858 5386 2910 5435 in
2930 5387 3281 5439 scissionibus.
3307 5385 3445 5451 Quid
3467 5393 3571 5445 eat,

1986 5457 2127 5526 quod
2174 5464 2270 5519 att,
2324 5454 2478 5518 Tace,
2527 5462 2710 5507 etnon
2750 5460 3035 5513 recorderis
3081 5458 3301 5510 nominis
3344 5453 3573 5515 Domini.

1991 5593 2169 5659 efferat
2208 5585 2419 5660 ossade
2457 5585 2608 5660 domo
2630 5599 2651 5637 :
2681 5592 2730 5639 et
2776 5590 2907 5644 dicet
2950 5591 2997 5644 ei
3024 5589 3189 5660 quiin
3218 5584 3578 5660 penetralibus

1991 5656 2171 5718 domus
2194 5676 2266 5718 est
2291 5686 2303 5718 :
2333 5656 2603 5725 Numquid
2632 5659 2809 5715 adhuc
2836 5678 2890 5717 es
2910 5656 3062 5733 penes
3084 5670 3135 5716 te
3155 5662 3180 5714 .7
3212 5656 3277 5713 Et
3300 5659 3561 5728 responde-

1991 5737 2083 5804 bit,
2101 5734 2250 5790 Finis
2271 5745 2365 5790 est-
