4110 6350
552 357 696 421 1θ87

1576 353 1831 418 RUFINO
1872 357 2326 415 PRESBYTERO
2368 358 2746 417 ASCRIPTUS

3684 363 3814 421 1888

550 472 688 533 ευιιί
737 471 919 544 utique
975 477 1284 546 magnitudo
1343 475 1572 529 miserize
1620 477 1780 526 etiam
1853 475 2119 546 obstinata
2155 479 2198 534 Α
2230 476 2500 540 liausistis,
2545 477 2596 530 id
2639 485 2746 537 est,
2799 477 2920 540 quia
2970 477 3144 531 nullis'
3180 476 3508 544 subjaceatis
3555 477 3806 546 imperiis.

550 549 710 601 corda
746 549 974 607 potuerit
999 551 1062 601 ad
1096 548 1515 602 recordationem
1545 546 1668 609 jndi.
1693 547 1736 596 is
1766 553 1819 597 et
1860 545 2120 598 creatoris

551 619 634 671 sui
667 618 960 681 inﬂectere,
1008 634 1208 686 perque
1241 619 1342 669 ho:
1386 617 1776 679 (:nItipeIetitius
1827 616 2118 679 tlivereiur,

552 688 919 743 Recordemur
969 689 1196 741 nominis
1231 687 1455 741 llotriini,
1500 687 1648 749 cuius
1683 686 1970 752 indignatio
2017 693 2124 737 tam

555 760 834 824 multiplici
893 774 988 811 nos
1045 757 1347 811 calamitate
1390 759 1616 809 vastavit
1653 756 1798 825 [Αιιι.
1855 755 2122 822 vastabitl.

554 829 782 882 Sensum
816 844 944 893 ergo
974 833 1024 881 in
1074 829 1174 880 hoc
1206 830 1320 881 loco
1365 829 1611 880 latentcm
1657 827 1724 880 de
1759 827 2128 890 superioribus

553 901 868 965 colligamus
896 915 909 950 :
943 898 1049 959 Vir,
1076 900 1265 963 inquit,
1292 897 1693 950 desiderantibus
1723 900 1855 950 diem
1887 896 2128 957 Domini;

498 1033 505 1041 .
555 979 612 1022 ut
642 971 764 1036 quid
793 985 905 1021 eam
950 970 1133 1022 vobis?
1158 970 1264 1020 dies
1298 969 1499 1019 Domini
1521 977 1601 1019 est
1632 968 1786 1041 vobis
1825 969 2058 1027 tenebrat,
2082 975 2128 1018 et

556 1056 654 1092 non
696 1041 814 1099 lux;
835 1054 937 1090 non
981 1055 1088 1103 quo
1115 1039 1188 1092 illi
1220 1051 1434 1098 possent
1464 1038 1822 1090 damnationis
1848 1053 1959 1089 SILI!
1994 1047 2130 1088 tem-

557 1125 652 1176 pus
681 1119 956 1177 expetere,
989 1110 1080 1162 sed
1133 1111 1276 1178 quia,
1310 1108 1469 1180 549
1506 1119 1560 1160 ιιι
1589 1110 1958 1180 exposuimus,
2001 1110 2130 1180 alitt—

554 1189 724 1233 tentes
757 1180 1014 1234 dilatione
1046 1177 1625 1247 vitidict:t',]t{tiplietas
1660 1181 1802 1245 ipsos
1832 1178 1898 1230 de
1921 1177 2130 1230 menda-

554 1252 652 1303 ciis
695 1250 1046 1315 infatuabant,
1086 1253 1232 1316 quasi
1263 1252 1652 1302 comminantes
1692 1265 1752 1302 ea
1799 1248 1933 1300 tnal-a
1961 1289 1976 1310 ,
2010 1263 2128 1314 quie

555 1322 696 1374 nttlla
749 1331 930 1374 essent
977 1331 1134 1373 :etate
1187 1334 1432 1374 ventura.
1491 1321 1614 1373 Ideo
1671 1333 1810 1371 nunc
1865 1318 1958 1382 ait,
2009 1332 2130 1371 cum

555 1391 838 1444 noxiorum
880 1392 1090 1456 agmina
1144 1393 1401 1450 promissa
1434 1392 1558 1443 olim
1592 1391 1874 1457 captivitas
1903 1403 2134 1454 occupa-

555 1465 706 1523 verit,
741 1473 791 1515 et
826 1462 1068 1518 illedies.
1106 1462 1153 1513 id
1190 1471 1290 1522 est,
1321 1473 1530 1522 tempus
1569 1458 1866 1520 advenerit.
1894 1459 2033 1526 quod
2075 1472 2132 1511 se

558 1547 653 1598 per
696 1533 996 1585 irrisiottem
1043 1532 1383 1584 desiderasse
1416 1533 1771 1598 jat'tavcrant.
1821 1540 2000 1581 tantus
2037 1543 2133 1580 eos

554 1601 720 1654 divini
773 1605 1003 1668 nominis
1051 1613 1223 1655 terror
1275 1603 1536 1669 implebit,
1580 1609 1636 1651 ut
1684 1600 1911 1652 inviiem
1960 1601 2132 1669 collo-

555 1683 806 1737 quatitur,
836 1687 903 1725 ne
939 1675 1057 1739 quis
1089 1673 1282 1725 amicat
1322 1671 1589 1726 recordari
1625 1670 1855 1723 nominis
1902 1668 2130 1728 Domini,

556 1742 708 1808 cujus
737 1743 927 1796 oﬂ'ensi
957 1753 1099 1796 tanta
1147 1746 1403 1797 severitas
1458 1743 1787 1808 apparuerit,
1820 1753 1876 1792 ιιι
1919 1749 2155 1807 putetur

557 1814 838 1866 excitanda
877 1817 1167 1869 commotio
1210 1814 1369 1865 etiam
1410 1813 1686 1864 nomtnuti.
1724 1812 1858 1877 Quia
1885 1826 1998 1863 ecce
2029 1809 2133 1862 Do-

2233 547 2385 610 Quotl
2415 563 2534 600 cunt
2567 549 2748 614 utique
2789 547 2840 599 in
2887 547 3213 610 contrarium
3238 549 3402 610 cadit,
3443 556 3605 615 atque
3631 549 3698 601 ad
3733 566 3813 602 ar-

2232 616 2447 668 bitrium
2499 618 2752 679 hostium,
2797 627 2851 670 et
2885 632 2976 684 pcr
3008 621 3198 670 itinera
3238 619 3539 684 asperrima
3586 619 3814 684 ingredi-

2230 687 2382 746 mini,
2414 700 2460 740 ei
2495 703 2683 752 graves
2717 687 2925 740 labores
2971 689 3245 740 confracta
3299 689 3518 740 cervice
3557 690 3808 751 toleratis,

2231 759 2590 810 ciiiiliteaiiiini
2633 773 2856 812 nere-se
2900 768 3002 820 est,
3046 772 3143 810 nec
3190 774 3358 826 equos
3388 773 3486 811 vos
3538 773 3682 822 esse,
3723 777 3814 814 nec

2231 827 2473 886 bubalus.
2525 844 2622 882 nec
2670 832 2951 896 quicquam
2983 829 3212 896 prmsidii
3263 841 3428 897 atque
3460 828 3682 895 virium,
3739 833 3814 883 vel

2232 914 2363 965 opes
2395 912 2602 951 vestras
2627 913 2987 965 comparasse,
3020 900 3098 949 vel
3129 908 3356 950 mentes.

2308 967 2456 1020 Vers.
2493 969 2575 1021 H.
2608 968 2694 1020 ίέἱ.
2721 998 2786 1010 —
2814 968 2913 1032 Qui
2937 970 3181 1021 lretamini
3200 969 3251 1019 in
3277 969 3443 1020 nihilo
3468 983 3486 1021 :
3513 969 3602 1035 qui
3633 969 3816 1034 dicitis,

2234 1036 2486 1100 Nunquid
2514 1056 2613 1090 non
2644 1040 2696 1089 in
2734 1041 3032 1104 fortitudine
3079 1049 3256 1090 nostra
3290 1040 3636 1090 assumsintus
3682 1043 3821 1092 nobis

2234 1111 2470 1161 cornua?
2495 1108 2626 1160 Ecce
2652 1111 2786 1160 enim
2823 1111 3072 1162 suscitabo
3103 1125 3256 1172 super
3278 1125 3385 1173 vos,
3421 1111 3609 1161 domus
3642 1107 3816 1172 Israel,

2233 1179 2357 1231 dicit
2411 1179 2658 1231 Dominus
2703 1179 2838 1232 Deus
2875 1182 3186 1232 exercituum
3224 1191 3460 1248 gente~n:
3484 1190 3531 1231 et
3571 1190 3822 1232 conterent

2234 1265 2318 1300 vos
2347 1253 2409 1302 ab
2439 1251 2646 1302 introitu
2677 1248 3053 1318 Ειηαιιὴκυεᾳιιε
3075 1252 3143 1302 ad
3172 1259 3452 1302 torrentem
3478 1252 3691 1301 deserti.
3724 1251 3823 1301 Atl-

2229 1320 2368 1386 jthit
2400 1323 2620 1372 omnino
2647 1321 2982 1386 expositione
3007 1341 3034 1370 ιι
3071 1335 3426 1384 ιιι-ςηιιιιειεδιιι,
3482 1319 3644 1391 55.1
3680 1321 3817 1372 illam

2237 1391 2512 1450 videlicet,
2543 1393 2682 1458 quod
2716 1405 2776 1443 se
2816 1394 2980 1443 instar
3013 1391 3324 1443 bubalorum
3371 1401 3426 1443 et
3471 1408 3733 1458 equorum
3767 1393 3824 1441 li-

2237 1460 2392 1513 beros
2423 1463 2692 1528 fortesque
2718 1461 3075 1524 crediderant,
3112 1462 3250 1513 haud
3285 1463 3353 1515 de
3383 1461 3721 1514 conscientia
3751 1463 3823 1513 vi-

2241 1531 2400 1592 rium,
2437 1533 2528 1583 sed
2576 1536 2643 1585 de
2677 1533 2890 1598 propria
2921 1533 3174 1598 opinione
3213 1541 3269 1584 et
3319 1532 3434 1599 spei
3470 1533 3713 1585 vanitate
3742 1548 3826 1583 ve-

2237 1601 2400 1653 nisse.
2437 1602 2620 1654 Ltetati
2663 1605 2827 1662 enim,
2877 1603 3065 1668 inquit,
3099 1605 3228 1655 estis
3260 1602 3310 1654 in
3359 1603 3551 1663 nihilo,
3586 1605 3824 1655 dicentes

2235 1672 2374 1738 apud
2429 1688 2564 1725 vos:
2605 1671 2850 1739 Nunquid
2879 1682 2903 1708 ⁸
2935 1689 3036 1725 non
3082 1673 3134 1724 in
3174 1673 3486 1740 fortitudine
3529 1683 3710 1725 nostra
3749 1691 3826 1724 as-

2235 1745 2510 1795 sumsiinus
2565 1745 2706 1795 nobis
2751 1759 2972 1807 cornua,
3029 1758 3146 1811 quae
3196 1745 3450 1796 nimirum
3510 1744 3823 1795 hutialorinn

2241 1811 2464 1864 fortnam
2498 1813 2812 1866 videbantur
2839 1812 2866 1850 δ
2889 1817 3192 1867 ostendere.
3238 1814 3380 1882 Ergo
3419 1812 3486 1866 de
3516 1814 3715 1866 vestris
3740 1831 3826 1865 vo-

558 1884 725 1936 minus
749 1864 1025 1947 mandauit,
1051 1894 1100 1936 et
1118 1864 1363 1948 percutiet
1386 1885 1587 1935 domum
1607 1864 1851 1950 majorem
1873 1885 1924 1934 in
1948 1883 2130 1946 ruinis,
2171 1864 2212 1922 Β
2244 1883 2322 1934 bis
2355 1864 2800 1937 tatttUttivii-ilitts
2825 1864 3532 1950 arrogastis,itit—piitaretis
3563 1864 3825 1951 praiceiua

558 1967 603 2004 et
634 1955 837 2007 domum
863 1956 1106 2007 minorem
1129 1955 1182 2007 in
1209 1955 1549 2006 scissionibus.
1580 1953 1744 2006 Paulo
1773 1961 1894 2004 ante
1923 1953 2136 2004 nomine

558 2023 746 2088 Jacol),
779 2035 833 2078 et.
863 2024 1051 2077 ludant
1100 2037 1153 2079 et
1184 2025 1458 2085 Israelem,
1503 2024 1553 2077 id
1583 2032 1686 2084 est,
1739 2038 1926 2074 otiities
1979 2023 2137 2077 smul

559 2096 727 2147 tribus
747 2112 865 2163 qua:
891 2096 1026 2148 inter
1045 2111 1102 2148 se
1133 2096 1316 2149 divisa:
1346 2095 1572 2157 fin-rant,
1597 2095 1827 2146 diximus
1849 2093 2131 2146 iudicatas.

561 2163 671 2217 lioc
702 2166 875 2232 itaque
906 2181 1142 2230 praesens
1172 2180 1356 2220 versus
1393 2165 1640 2226 absolvit,
1675 2165 1763 2232 qui
1793 2172 1849 2217 et
1878 2163 2134 2231 majorem

558 2243 612 2287 et
642 2237 897 2288 minorem
929 2237 1144 2289 domum
1185 2237 1401 2304 percelli
1447 2237 1814 2300 scissionibus,
1866 2235 2138 2299 ruinisque

557 2305 891 2359 denunt-int:
938 2306 1164 2360 uiversis
1227 2318 1408 2360 autem
1473 2307 1648 2358 verbis
1704 2321 1864 2357 unum
1929 2305 2138 2358 videtur

558 2376 864 2440 ostendere,
899 2379 947 2430 id
977 2387 1079 2440 est,
1112 2379 1445 2432 eversionem
1485 2377 1790 2430 domorum.
1821 2375 1953 2441 Quia
1993 2390 2135 2428 enim

559 2448 764 2499 ruinam
795 2451 1082 2502 scissiones
1112 2449 1366 2514 parietum
1391 2447 1694 2515 praecedere
1723 2448 1914 2508 solent,
1941 2456 2140 2498 utram-

559 2531 663 2581 que
693 2519 950 2571 rnitui-ain
996 2520 1321 2586 collapsione
1347 2528 1402 2570 et
1427 2519 1688 2576 scissione
1734 2517 1961 2584 signavit
1987 2533 2000 2581 ;
2034 2531 2124 2568 ma-

560 2586 728 2652 jorem
758 2601 935 2642 autem
959 2585 1178 2642 domum
1205 2605 1299 2654 pro
1331 2603 1552 2640 numero
1575 2590 1827 2652 tribuum,
1862 2585 2136 2651 Israeleiii,

563 2657 823 2710 minorem
876 2675 1000 2712 vero
1030 2658 1218 2711 Judatn
1251 2658 1481 2722 vocarit,
1531 2671 1728 2724 easque
1769 2658 1954 2709 ambas
2000 2659 2139 2710 sicut

561 2726 720 2777 simili
754 2729 1027 2795 iniquitate
1056 2730 1302 2797 pollutas,
1334 2730 1405 2781 ita
1427 2727 1586 2781 siititli
1609 2732 1893 2781 denunciat
1918 2729 2137 2780 calami-

564 2805 670 2847 tate
701 2801 976 2863 perituras.

637 2864 781 2920 Vers.
817 2870 902 2921 15.
935 2900 1002 2909 -
1028 2869 1276 2937 Nunquid
1308 2886 1511 2923 currere
1535 2881 1726 2940 queunt
1748 2871 1799 2922 in
1822 2869 1976 2929 petris
2003 2871 2135 2938 equi,

563 2949 647 2988 aut
695 2941 834 2991 arari
885 2951 1046 3006 potest
1085 2943 1135 2992 in
1179 2942 1412 2994 bubalis:
1445 2944 1684 3007 quoniam
1727 2942 2040 2993 ctonvcrtistis
2087 2943 2138 2992 in

564 3010 958 3082 amaritudinem
979 3012 1253 3077 judicium,
1287 3021 1333 3063 et
1364 3015 1586 3081 fructum
1625 3012 1848 3082 justitia:
1875 3013 1928 3082 in
1958 3014 2141 3080 abigu-

564 3078 762 3131 titiam?
789 3080 1134 3134 Gratissitnns
1160 3078 1373 3144 sensus,
1400 3094 1452 3135 et
1478 3085 1564 3150 qui
1596 3078 1914 3135 elocutionis
1945 3087 2010 3132 sit
2044 3078 2136 3146 ge-

565 3163 692 3201 nere
719 3161 1017 3204 contectus.
1052 3153 1365 3216 Altogor-icis
1385 3158 1525 3206 enim
1558 3152 1736 3206 verbis
1769 3154 1962 3219 popqu
1987 3153 2135 3216 vilia,

565 3220 756 3286 quibus
797 3226 1091 3288 squalebat,
1139 3223 1465 3288 exprobrat:
1493 3237 1665 3290 neque
1714 3224 1854 3276 enini
1895 3221 1978 3274 hic
2007 3238 2138 3290 qua-

565 3292 827 3356 drupedes
849 3293 1181 3357 simpliciter,
1208 3304 1294 3344 aut
1315 3308 1478 3360 equos
1506 3295 1753 3362 signavit,
1779 3305 1866 3345 aut
1890 3293 2133 3356 bubalus,

565 3363 668 3432 sed
701 3362 999 3432 superbiam
1035 3371 1266 3430 prtilatlte
1295 3366 1470 3432 gentis
1509 3373 1831 3432 exaggerat;
1859 3367 1968 3428 iam
1997 3363 2138 3416 enim

566 3430 878 3495 indiciorum
913 3435 1242 3487 dulcedinem
1276 3430 1327 3486 in
1373 3430 1715 3489 conterendis
1745 3435 2135 3497 innocentibus,

566 3503 617 3550 iii
647 3505 1051 3556 attiarituditn-m
1085 3516 1339 3569 verterat,
1373 3515 1680 3567 tantumque
1711 3506 1810 3558 sibi
1842 3507 1908 3555 de
1939 3504 2138 3557 viribus

565 3573 865 3640 arrogabat,
901 3584 954 3625 ttt
991 3577 1146 3628 nullis
1193 3575 1713 3629 iiicotuntoditatibus
1753 3591 1812 3629 se
1845 3575 2136 3640 percellen-

565 3644 686 3691 dam
746 3646 1210 3714 putari-“quippe
1260 3662 1377 3712 qua:
1429 3655 1633 3700 tantum
1689 3649 1789 3698 sibi
1848 3646 2139 3712 opulenti-.1:

566 3725 946 3784 comparasset,
982 3730 1034 3768 ut
1068 3718 1233 3769 in~tar
1259 3716 1570 3770 bubalnrtim
1596 3732 1860 3784 nunquatn
1894 3716 2141 3769 Videlicet

566 3783 761 3834 aratris
788 3788 920 3836 colla
957 3787 1322 3848 subdentium,
1355 3790 1604 3840 continua
1651 3783 1896 3840 libertate
1931 3786 2140 3837 fruere-

569 3861 654 3924 tur
678 3867 690 3901 :
718 3868 815 3906 nec
839 3870 932 3923 per
963 3858 1151 3911 itinera
1182 3857 1334 3924 equis
1359 3857 1616 3921 diiticilia,
1644 3868 1699 3910 ιιι
1730 3857 2058 3909 habenarum
2085 3855 2144 3908 l'-

568 3923 663 3997 lter
689 3939 875 3992 equus,
903 3943 1150 3982 «ceterum
1182 3923 1278 3997 per
1303 3942 1518 3994 campos
1545 3940 1598 3981 et
1627 3935 1772 3996 prata
1795 3929 2136 3979 discurreret.

567 3994 729 4057 Ertio,
787 3997 979 4066 inquit,
1030 3994 1234 4052 certuin
1275 4008 1373 4061 est,
1425 4000 1564 4065 quod
1618 3994 1714 4052 nec.
1752 3997 1876 4066 juga
1920 3997 2142 4050 bubalus

570 4077 761 4135 portet,
796 4087 893 4123 nec
927 4087 1019 4139 per
1055 4086 1179 4122 saxa
1219 4085 1387 4136 equus
1425 4080 1614 4136 Sponte
1643 4070 1892 4122 incedat:
1923 4083 2018 4121 vos
2048 4084 2141 4118 au-

569 4146 696 4200 tem,
726 4141 812 4208 qui
845 4157 938 4195 vos
981 4151 1038 4196 et
1077 4141 1199 4210 juga
1225 4141 1566 4205 discussisse,
1618 4149 1672 4192 et
1705 4139 1891 4210 t'renos
1935 4139 2140 4210 rupisse

566 4211 880 4275 gaudentes,
911 4229 942 4267 e
963 4216 1030 4275 |lll
1064 4209 1216 4264 vobis
1248 4215 1297 4265 iii
1325 4211 1552 4272 luxuria,
1583 4211 1634 4262 in
1666 4209 1860 4261 virtute
1880 4217 1936 4262 et
1969 4209 2141 4260 liber-

569 4290 674 4336 tate
705 4284 881 4336 bubali
913 4283 1257 4348 videbautini,
1304 4281 1464 4334 rebus
1497 4282 1740 4348 probate,
1775 4281 1916 4348 quod
1943 4279 2142 4346 spebus

2245 1970 2400 2020 posse
2431 1963 2545 2006 tttto
2571 1963 2938 2009 contemnere.
2971 1955 3152 2007 \‘eniet
3174 1969 3340 2022 super
3361 1969 3456 2007 vos
3483 1953 3646 2006 fortis
3675 1970 3826 2007 eser-

2241 2024 2400 2086 ciltts,
2435 2036 2590 2092 teque
2623 2026 2873 2092 priorem,
2917 2041 2948 2078 ο
2979 2023 3160 2087 Israel,
3194 2029 3528 2078 vincentium
3567 2033 3829 2092 potestate

2243 2097 2469 2150 vastabit
2513 2113 2524 2147 :
2567 2097 2629 2149 ab
2674 2097 2883 2148 introitu
2936 2095 3152 2158 Eniatlt,
3212 2095 3262 2147 id
3330 2107 3450 2157 est,
3488 2097 3608 2148 cab
3654 2097 3828 2148 Atilio-

2241 2167 2379 2229 chia,
2411 2183 2568 2236 usque
2596 2169 2662 2218 ad
2691 2176 2910 2218 torrente
2931 2184 2961 2218 n
2992 2166 3200 2231 deserti,
3235 2176 3443 2231 partem
3475 2166 3690 2219 scilicet
3711 2183 3779 2230 qu
3797 2187 3825 2214 ιε

2243 2239 2408 2305 tangit
2456 2241 2728 2292 heremum
2758 2255 2768 2288 :
2795 2253 2981 2290 omnes
3027 2237 3277 2290 videlicet
3324 2237 3460 2290 lines
3488 2245 3613 2290 tuos
3658 2236 3827 2289 hostili

2240 2310 2558 2362 crudelitate
2581 2307 2918 2375 populabitur
2949 2325 2960 2359 :
2990 2316 3044 2361 et
3072 2317 3145 2371 te,
3181 2321 3215 2360 ο
3245 2307 3402 2371 .luda,
3438 2306 3542 2360 sub
3580 2307 3730 2361 brevi
3755 2309 3828 2359 di-

2243 2379 2440 2431 latione
2473 2391 2799 2443 tnanentem,
2830 2389 3004 2432 tamen
3048 2378 3222 2429 vicino
3253 2377 3463 2431 aiilabit
3491 2387 3547 2431 et
3585 2389 3824 2432 conster-

2244 2460 2332 2503 net
2357 2450 2624 2504 incendio.

2837 2537 3064 2595 CAPUT
3106 2539 3214 2594 \'ll.

2318 2659 2468 2713 \‘ers.
2503 2661 2552 2713 ί.
2583 2661 2636 2713 5.
2663 2687 2735 2698 —
2765 2657 2886 2712 Huic
2915 2657 3132 2712 ostendit
3163 2657 3290 2708 mihi
3333 2656 3588 2711 Dominus
3629 2658 3765 2712 Deus
3788 2667 3828 2711 rt

2243 2747 2356 2784 ecce
2393 2733 2538 2795 ﬁctor
2569 2731 2777 2782 locusta:
2819 2734 2868 2780 in
2908 2729 3162 2797 principio
3189 2730 3590 2797 germinuntiunt
3627 2732 3828 2782 serotini

2243 2802 2437 2859 imbris.
2463 2811 2508 2852 et
2537 2815 2652 2853 ecce
2678 2796 2925 2853 serotinus
2947 2810 3058 2867 post
3085 2796 3338 2870 tonsorem
3375 2796 3402 2834 ιι
3432 2801 3626 2870 gregis.
3663 2800 3729 2852 Et
3759 2803 3827 2870 [a-

2242 2883 2379 2924 ctum
2401 2857 2474 2924 est
2509 2888 2622 2924 cum
2671 2857 3069 2923 consummasset
3111 2869 3375 2922 comedere
3417 2857 3630 2922 [tertiam
3664 2857 3823 2932 terra.

2243 2944 2375 3003 dixi,
2404 2943 2618 2994 Domine
2663 2941 2802 2994 Deus
2830 2942 3080 3007 propitius
3107 2953 3235 2996 esto.
3269 2943 3498 3001 obsecro,
3532 2945 3652 3008 quis
3679 2944 3827 2994 susci-

2247 3015 2368 3066 tabit
2402 3010 2586 3074 Iacob,
2617 3013 2736 3079 quia
2759 3014 3001 3081 parvulus
3043 3011 3155 3081 est?
3184 3009 3430 3063 Miserttts
3460 3024 3536 3063 est
3585 3012 3824 3064 Dominus

2245 3100 2397 3149 super
2421 3085 2554 3135 hoc:
2585 3083 2631 3135 Ν
2641 3101 2704 3136 οη
2730 3079 2844 3145 erit,
2887 3083 3014 3134 dixit
3045 3079 3319 3133 Dominus.
3375 3083 3688 3149 Prophetali
3718 3099 3826 3136 ser-

2248 3170 2458 3206 monem
2489 3168 2642 3206 unm
2673 3169 2820 3206 more
2849 3154 3084 3206 contexit
3113 3169 3125 3203 :
3156 3156 3262 3202 itno
3287 3151 3416 3218 qttid
3445 3153 3825 3206 revelationunt

2246 3223 2296 3276 in
2329 3223 2514 3289 spiritu
2561 3229 2830 3290 prophetas
2859 3221 3157 3288 conspicari
3188 3223 3431 3277 snlerent
3473 3225 3640 3289 (unde
3670 3226 3824 3277 etiam

2245 3296 2466 3346 videntes
2501 3293 2843 3359 vocabantur)
2867 3294 3120 3356 Ostendit,
3163 3292 3214 3346 id
3247 3303 3351 3355 est,
3383 3296 3509 3360 quia
3540 3295 3620 3347 eis
3657 3310 3825 3347 reruni

2245 3367 2541 3417 futurarum
2591 3367 2691 3417 sub
2735 3365 2946 3417 diversi
2997 3365 3176 3428 specie
3232 3366 3424 3416 breves
3477 3364 3582 3417 illa:
3616 3365 3826 3432 quidem

2245 3436 2502 3504 imagines
2531 3444 2872 3502 appararent,
2898 3433 2992 3486 sed
3022 3448 3242 3500 quarunt
3265 3432 3378 3502 jam
3421 3434 3825 3496 intelligentiam

2243 3513 2492 3570 Capet‘etll
2523 3523 2534 3556 :
2559 3518 2612 3558 et
2638 3506 2707 3557 ita
2737 3507 2786 3556 in
2825 3507 3061 3556 diversos
3091 3515 3440 3556 moverentur
3469 3505 3718 3565 affectus.
3748 3505 3825 3558 vel

2241 3577 2305 3627 ad
2350 3590 2629 3629 cenSnram
2677 3576 2948 3638 nimirum,
2985 3578 3062 3627 vel
3103 3576 3168 3625 ad
3218 3575 3647 3628 misericordiam
3681 3585 3827 3641 perti-

2244 3659 2453 3699 neittes.
2489 3647 2774 3709 Postquam
2803 3660 2930 3713 ergo
2959 3645 3245 3696 excitatum
3284 3645 3345 3696 iri
3378 3654 3597 3711 gentem
3629 3645 3825 3698 denun-

2243 3718 2422 3779 ciavit,
2453 3733 2569 3786 quis
2605 3716 2684 3770 eis
2723 3725 2870 3768 esset
2898 3715 3118 3766 allatura
3156 3716 3473 3781 perniciem,
3511 3731 3578 3768 ne
3609 3717 3723 3782 ipsa
3749 3716 3826 3784 ju-

2243 3786 2365 3839 dicii
2395 3789 2626 3840 brevitas
2651 3802 2754 3838 non
2783 3787 2912 3838 satis
2936 3786 3232 3838 auditorem
3265 3795 3528 3848 moveret,
3560 3786 3824 3853 explican-

2245 3860 2328 3909 dis
2357 3871 2487 3926 quas
2521 3858 2723 3910 viderat
2764 3855 3077 3924 imaginibus
3126 3854 3460 3918 immoratur.
3492 3864 3551 3910 et
3597 3872 3695 3924 per
3740 3872 3825 3909 ea-

2252 3925 2387 3980 rutii
2419 3930 2791 3990 occasionem,
2833 3942 2989 3995 quam
3040 3925 3227 3979 sedulo
3259 3940 3355 3991 pro
3398 3926 3477 3978 eis
3526 3934 3826 3994 precaretur

2250 3999 2505 4062 ostendit,
2551 4016 2616 4051 ne
2646 3999 2763 4066 quis
2806 4013 2927 4050 eum
2961 3996 3042 4048 vel
3088 3997 3412 4060 insultantis,
3446 3999 3528 4049 vel
3562 3997 3696 4050 nihil
3743 3997 3830 4048 do-

2251 4068 2408 4121 lentis
2457 4071 2640 4122 anitiio
2692 4069 3019 4120 annunciare
3063 4067 3178 4119 illas
3225 4066 3564 4120 calamitates
3603 4077 3820 4134 putaret.

2249 4141 2443 4193 Audite
2495 4155 2642 4207 eigo,
2692 4138 2744 4191 iii
2794 4152 3014 4206 quarum
3067 4153 3150 4188 tne
3190 4137 3480 4203 imaginum
3529 4139 3826 4204 spectacula

2248 4209 2388 4264 Dens
2424 4221 2604 4263 noster
2632 4209 2916 4262 induxerit.
2959 4209 3143 4260 Stabat
3170 4208 3383 4274 quidam
3413 4208 3502 4271 qui
3535 4207 3591 4260 itt
3634 4221 3828 4261 morem

2247 4280 2391 4348 tiguh
2422 4284 2747 4334 locustarum
2780 4280 3024 4347 lingeret,
3061 4277 3114 4331 id
3141 4290 3246 4344 est,
3278 4275 3536 4331 lormaret
3563 4280 3825 4344 examina,

637 4431 662 4457 τι
691 4421 979 4475 Relinmns
1015 4422 1078 4496 ad
1108 4423 1386 4496 Hirtii-zeum
1415 4427 1640 4496 textum,
1689 4423 1742 4468 et
1773 4415 2143 4496 llicronymia-
2173 4419 2225 4477 Β
2252 4413 2496 4496 dicimus,
2530 4429 2642 4480 qua:
2662 4413 2725 4465 ab
2751 4410 3018 4496 Antiocho,
3041 4411 3122 4496 cui
3151 4417 3538 4489 cognomentum
3570 4411 3824 4496 ’βτῖιφανής

567 4509 688 4545 nattt
722 4496 1020 4545 versionem
1051 4493 1247 4555 locum,
1282 4492 1367 4543 tibi
1415 4491 1750 4542 librariorum
1791 4489 1988 4538 incuria
2023 4501 2141 4547 pec-

567 4575 740 4616 catiiui
768 4573 867 4614 est.
903 4563 1004 4615 l’ro
1027 4563 1292 4632 Numquid
1321 4579 1446 4624 non,
1471 4569 1672 4632 tantum
1701 4568 1815 4610 erat
1843 4556 2145 4632 illumquid:

571 4646 679 4687 tum
723 4635 1054 4697 assumimus,
1086 4628 1190 4697 pro
1215 4636 1574 4694 assumsimus;
1610 4631 1796 4682 deerat
1824 4628 2017 4680 deinde
2058 4644 2141 4679 ιιυ-

570 4721 689 4756 tnen
734 4703 869 4757 Deus
905 4715 1028 4758 ante
1077 4707 1425 4761 exercituum,
1479 4701 1710 4768 denique
1744 4708 1998 4750 conteram
2046 4713 2144 4766 pro

570 4787 824 4828 conterent
873 4777 1166 4841 legebatur.
1201 4777 1278 4828 Ad
1333 4772 1577 4827 eamdem
1632 4770 1887 4824 amussim
1943 4769 2142 4822 leviora

569 4847 810 4911 quaedam
843 4851 944 4897 alia
980 4849 1113 4898 intra
1144 4848 1472 4912 rediguntur.

643 4915 669 4951 δ
696 4923 730 4969 Λ
744 4930 858 4969 mea
889 4916 1165 4982 offendere,
1195 4910 1313 4981 quin
1339 4917 1525 4966 Vitiosa
1561 4912 1670 4965 \isa
1693 4921 1774 4965 est
1805 4910 1984 4962 lectio.

575 5008 580 5012 ·
647 4996 667 5021 ε
701 4990 916 5039 Videtur
941 4987 1073 5038 duos
1101 5001 1328 5046 errores,
1361 4997 1451 5035 aut
1480 4999 1585 5035 ιιι-ε
1616 5000 1720 5032 uno
1752 4985 1914 5034 verbo
1939 4993 2140 5032 errare.

572 5055 840 5118 Primum,
888 5057 1025 5121 quod
1059 5069 1147 5107 aut
1190 5057 1326 5106 inter
1350 5063 1478 5105 duas
1525 5053 1869 5119 cognomines
1918 5052 2132 5112 Einatli,

573 5128 813 5193 Magnam
845 5128 1065 5189 scilicet,
1103 5137 1154 5177 ct
1191 5126 1444 5176 Minorem
1473 5125 1757 5175 discrimen
1793 5122 2019 5186 ignorat,
2053 5129 2144 5172 aut

573 5201 639 5251 tle
673 5216 850 5267 priore
896 5195 1087 5247 Etuatli
1129 5198 1650 5267 ilinglldselfllltitltilll
1697 5193 1958 5267 lteic_esse
1992 5200 2144 5242 autu-

577 5263 706 5332 mai,
773 5285 892 5322 eum
955 5269 1236 5319 manifesto
1266 5265 1356 5316 sit
1403 5265 1471 5316 de
1514 5264 1734 5314 Minore.
1797 5263 2049 5332 Etetiitn,_
2090 5268 2147 5312 ut

577 5330 740 5408 probe
767 5341 822 5393 S.
861 5338 1183 5406 llieronytiio
1208 5345 1447 5389 natatum
1470 5345 1572 5395 eat,
1599 5336 1662 5384 de
1688 5333 1914 5408 terminis
1941 5330 2143 5408 Judtetr

572 5401 740 5476 ierrw,
784 5413 868 5475 qui
909 5401 1074 5459 saleni
1116 5408 1416 5474 respciunt,
1449 5421 1605 5472 usque
1642 5404 2016 5476 adrrtorrentem
2057 5401 2147 5452 de-

573 5472 736 5545 serti,
764 5472 865 5534 sive
905 5472 1211 5542 occidentis,
1247 5478 1478 5546 loquitur
1527 5488 1678 5527 sacer
1719 5474 1934 5526 Textus.
1981 5472 2146 5523 Porro

578 5553 832 5606 Minorem
867 5551 1001 5602 hanc
1022 5550 1212 5601 Emath
1237 5564 1392 5602 nemo
1424 5547 1752 5611 Scriptorum
1787 5560 1835 5593 ιιι
1861 5559 2017 5608 quant
2053 5556 2147 5606 pio

573 5622 855 5675 Antiochia
902 5622 1102 5671 habuit.
1141 5622 1248 5671 lnio
1273 5625 1420 5686 quot'
1447 5618 1558 5669 scio
1585 5631 1772 5667 omnes
1797 5611 2148 5688 Epiphaniam

575 5694 780 5754 dicunt,
810 5705 864 5744 ut
891 5691 1172 5755 Joseptius,
1205 5685 1312 5757 quo
1341 5691 1570 5740 Auctore
1597 5688 1792 5747 smptus
1820 5685 2011 5734 Noster
2038 5696 2077 5757 υ.
2100 5685 2143 5731 i-

579 5775 683 5826 tur,
718 5754 1101 5828 Antiquitatum
1133 5754 1293 5831 ltl).__i.
1327 5774 1442 5831 cap.
1477 5759 1532 5810 7.
1560 5767 1614 5831 et
1650 5757 2003 5831 llieroiiytiitis
2031 5754 2148 5828 plu-

583 5821 728 5886 ribus
759 5821 906 5895 locis,
961 5838 1120 5897 atque
1161 5828 1277 5880 huic.
1318 5821 1516 5894 denuo,
1566 5827 1749 5877 Entatlt
1801 5821 2146 5892 Epiphaniam

2251 4484 2366 4552 fuit,
2421 4500 2602 4536 nomen
2636 4486 2816 4536 sortita
2856 4493 2948 4536 est.
2984 4483 3087 4536 Sed
3128 4495 3300 4548 neque
3329 4482 3602 4552 si‘posset
3647 4482 3824 4534 [Linalll

2252 4550 2437 4622 Magna
2479 4556 2697 4620 intelligi
2751 4555 2913 4621 (quod
2967 4553 3344 4622 alteruttiest,
3385 4550 3436 4603 in
3488 4566 3598 4617 quo
3645 4553 3826 4604 Noster

2250 4620 2454 4692 pecco)
2483 4626 2626 4678 credi
2662 4620 2942 4678 ilta’debet
2972 4621 3272 4675 Antiochia.
3306 4620 3431 4674 llaec
3455 4636 3656 4689 quippe
3686 4623 3824 4686 urbs,

2247 4691 2365 4764 Qua:
2397 4691 2565 4766 Syria:
2589 4695 2771 4766 Reges,
2790 4694 3096 4766 conditores
3140 4707 3266 4766 suos
3295 4692 3503 4754 habuit,
3547 4691 3737 4766 Aiitosi
3761 4709 3826 4745 aio

2248 4761 2356 4818 tate
2387 4761 2538 4820 valde
2577 4765 2842 4819 recentior
2883 4776 2986 4818 est.
3017 4763 3092 4814 ite
3129 4762 3288 4814 etiam
3332 4777 3453 4814 vera
3483 4761 3650 4831 tradit
3689 4761 3826 4831 eiu:-

2251 4838 2392 4887 tnodi
2421 4839 2656 4889 loctirum
2683 4832 3036 4901 peritissinnis
3057 4832 3440 4901 iTlieodoretus
3466 4830 3823 4885 Cotiititettiar.

2247 4905 2302 4959 iu
2356 4907 2642 4960 Jereiniatn
2687 4900 2807 4970 cap.
2859 4900 3097 4956 ΧΧΧΙΧ.
3147 4901 3342 4953 Ettiaih
3388 4901 3536 4952 illam
3592 4904 3821 4968 Magnam

2248 4990 2352 5028 non
2377 4980 2536 5030 aliain
2573 4992 2691 5030 esse
2737 4978 2804 5026 ab
2837 4975 3049 5026 Einessa
3093 4971 3266 5040 Syriae
3304 4977 3438 5024 urbe
3478 4971 3820 5033 nobilissima,

2247 5047 2399 5111 cujus
2421 5057 2475 5100 et
2509 5043 2740 5100 nominis
2768 5044 3172 5098 similitudinem
3202 5041 3418 5093 retinet.

2270 5160 2276 5165 .
2319 5115 2344 5152 (ι
2376 5117 2561 5170 Nullus
2587 5117 2792 5180 dubito,
2825 5117 2954 5183 quin
2995 5129 3087 5179 pro
3114 5111 3280 5179 gregis
3321 5111 3726 5183 rescribendum
3763 5119 3824 5163 st

2246 5193 2402 5258 regis,
2431 5206 2494 5241 ex
2524 5181 2946 5258 ΙΙιειῸιιγιιιίίιηίι
2969 5183 3212 5258 versione
3234 5191 3397 5241 at,tie
3428 5181 3658 5258 Hebraei
3688 5197 3823 5233 cuai-

2249 5253 2436 5326 primis
2474 5268 2646 5337 textu,
2678 5253 2858 5337 “.5731.
2919 5255 3021 5332 Sed
3071 5267 3190 5306 cuin
3224 5262 3386 5330 vetus
3424 5266 3489 5331 ea
3535 5253 3718 5314 lectio,
3749 5262 3823 5303 ut-

2247 5323 2479 5396 cumque
2501 5323 2813 5394 depravata,
2845 5327 3011 5396 magis
3042 5334 3216 5396 tamen
3240 5323 3293 5373 iii
3315 5325 3550 5396 speciem
3577 5334 3821 5396 congrua,

2249 5391 2510 5467 Scriptori
2535 5391 2748 5465 ipsiinet
2772 5391 2953 5467 nostro
2978 5395 3150 5445 incutit
3181 5392 3367 5446 facere
3393 5392 3630 5467 potui_~se
3661 5391 3826 5467 Viden:

2251 5461 2478 5537 tur,'qui
2511 5461 2628 5521 eam
2659 5469 2835 5520 denuo
2865 5466 3087 5518 inferius
3109 5470 3428 5537 constanter
3459 5462 3676 5537 retinet,
3704 5461 3826 5512 nihil

2251 5531 2505 5601 tantm-iet
2537 5540 2814 5592 Lectorem
2846 5548 3112 5587 monuisse
3153 5533 3285 5583 satis
3329 5532 3528 5584 habeo.
3573 5535 3823 5598 Hierony-

2250 5626 2368 5662 mus
2401 5611 2634 5676 pra-fert,
2672 5618 2786 5677 post
2815 5610 3086 5659 serotinum
3114 5612 3305 5677 _tonsor
3333 5603 3473 5669 (sive
3495 5601 3728 5669 tonsura)
3757 5617 3825 5652 re-

2248 5681 2365 5747 gis:
2395 5672 2444 5734 in
2481 5681 2605 5732 Mss.
2634 5672 2928 5747 codicibus,
2971 5672 3221 5747 serotinus
3253 5684 3369 5739 post
3402 5682 3661 5747 tonsorem
3699 5677 3823 5738 (sive

2249 5741 2538 5819 itmsuram)
2569 5764 2698 5818 regis
2721 5764 2740 5814 ,'
2776 5745 2990 5816 Vulgata
3015 5742 3208 5807 editio,
3248 5752 3363 5810 post
3388 5741 3698 5806 ιοιι.ἐυιιειιι,
3727 5752 3819 5794 etc.
