4110 6350
341 306 472 385 loss

1481 328 1541 380 IN
1584 319 1766 382 suos
1805 327 2358 390 ciittiiasranzus.
2412 364 2419 371 η

3453 334 3593 392 4090

329 443 518 509 eisque
550 457 803 498 numeros
827 443 1204 499 excedentibus
1231 443 1278 494 id
1305 443 1508 518 negocii
1539 443 1830 518 delegaret.
1858 456 1908 497 nt
1945 459 1984 513 Α
2019 448 2294 518 videbatur
2315 465 2626 518 occupasse,
2657 450 2943 504 consumit.
2971 447 3131 517 Igitur
3154 447 3476 503 locustarum
3500 461 3593 506 aut

328 529 520 565 omnes
547 528 783 582 segetum
815 518 972 566 libras
999 528 1050 567 et
1079 523 1264 566 cuncta
1292 516 1549 576 germina,
1573 515 1719 579 quasi
1755 516 1906 567 intle-

335 585 491 635 Iessis
538 585 804 637 morsibus
854 594 1215 651 pascerentur.
1273 585 1421 648 Quod
1471 595 1646 635 autem
1702 584 1794 643 ait,
1853 586 1908 636 in

332 654 590 722 principio
615 656 1006 721 germinantium
1028 655 1232 706 serotini
1259 656 1448 718 imbris,
1475 656 1541 704 ad
1569 667 1906 713 augmentum

332 725 567 775 OSIenilit
608 725 774 777 cladis
807 726 981 778 valere
1013 743 1025 774 :
1059 725 1106 775 id
1149 733 1251 784 est,
1286 733 1342 775 ut
1373 723 1671 789 tempestivi
1721 723 1908 777 imbris

326 802 571 862 tempora
617 795 790 861 gravis
837 797 1046 847 siccitas
1078 808 1337 860 occupare
1363 792 1617 863 videatur,
1667 800 1722 844 et
1753 795 1905 863 longa

331 863 629 925 pluviarum
680 864 836 935 542
877 866 1274 935 exsiiectatione
1319 862 1589 935 defatigati
1632 862 1907 932 vexatique

327 935 563 986 cultmes
619 933 863 997 Lucite’i‘i,
917 936 1039 987 inibi
1057 934 1100 986 is
1146 933 1405 1000 coeperint
1455 934 1648 986 habere
1695 938 1943 997 solatia,'

324 1003 512 1070 sicque
543 1006 730 1072 raptim
775 1006 1082 1072 desperatos
1127 1004 1432 1056 collocarint
1475 1015 1774 1066 sementes;
1817 1017 1906 1056 ve-

326 1088 448 1126 rum
498 1089 616 1126 cum
655 1086 707 1127 et
738 1075 847 1143 ipsa
895 1076 1096 1125 semina
1140 1075 1226 1126 vix
1268 1082 1321 1125 et
1366 1072 1668 1143 tardissime
1715 1076 1900 1126 obinta

327 1145 625 1210 germinare
665 1141 971 1213 coepissent.
1029 1145 1330 1210 priusquam
1362 1141 1412 1196 in
1455 1144 1660 1195 culmus
1703 1146 1904 1211 spicas-

328 1229 432 1276 que
474 1227 876 1283 consurgerent,
912 1215 1128 1268 locustis
1172 1215 1511 1280 pascentibus
1537 1214 1900 1278 disperirent:

325 1284 465 1352 quod
507 1294 679 1338 tamen
714 1287 928 1348 malum,
964 1299 1029 1337 ne
1057 1299 1177 1348 spes
1205 1299 1319 1349 sua,
1352 1285 1436 1336 Vel
1473 1287 1660 1350 exigua
1703 1295 1903 1349 tempe-

321 1364 490 1418 raret,
549 1355 682 1407 alter
721 1359 986 1408 serotinns
1029 1363 1146 1422 post
1194 1355 1449 1405 locustam
1496 1354 1718 1406 Veniret.
1769 1354 1902 1407 Ecce

323 1424 491 1487 enim,
525 1425 716 1492 inquit,
765 1426 1014 1478 serotinus
1053 1434 1164 1490 post
1195 1434 1446 1476 (antorem
1475 1425 1638 1490 greqis
1671 1441 1690 1477 :
1714 1424 1763 1477 id
1795 1433 1897 1489 est,

320 1510 384 1547 ea
416 1500 650 1565 germina
681 1511 797 1563 quae
817 1497 1046 1565 locustae
1073 1496 1434 1565 totonderant,
1467 1509 1634 1560 usque
1659 1495 1725 1546 ad
1756 1497 1899 1547 radi-

323 1563 436 1618 ces‘
463 1567 511 1617 ei
546 1563 726 1635 [Forte
769 1563 833 1634 is]
873 1564 964 1630 qui
1010 1564 1333 1632 sequebatur
1381 1564 1898 1629 absmneretmnjus

324 1637 574 1699 quoniam
609 1636 692 1688 hic
731 1635 1046 1688 vocabulum
1072 1635 1235 1693 siluit,
1261 1635 1328 1687 de
1370 1635 1643 1700 superiore
1673 1639 1899 1701 prophe-

325 1705 392 1757 tia
425 1707 548 1771 quid
579 1707 880 1773 signaverit,
906 1707 1237 1772 colligamus.
1274 1705 1359 1757 Ait
1379 1720 1518 1757 enim
1549 1704 1735 1757 beatus
1755 1707 1894 1767 Joel,

323 1773 607 1827 Ilesidunm
638 1792 802 1828 eiucw
830 1775 1040 1828 comedit
1072 1775 1283 1836 tertiata,
1323 1787 1364 1826 et
1395 1773 1654 1827 residuum
1687 1777 1897 1827 ιοευδιιε

2018 517 2334 570 ὺιήοΙιυνιιηι
2387 517 2720 582 ἱηίημίιιὶιηις,
2754 521 2900 587 operi
2946 520 3084 585 quod
3132 529 3481 585 susceperant
3512 521 3580 574 iti-

2013 588 2329 649 sidentinin,
2376 590 2793 645 internecionem
2836 592 3000 642 voluit
3041 587 3265 641 addicta:
3301 592 3474 657 gentis
3503 605 3591 643 os-

2015 661 2247 710 tendere.
2279 661 2430 724 Quod
2461 677 2583 714 cum
2630 664 2680 713 in
2729 663 2918 728 spiritu
2951 660 3204 726 propheta
3253 660 3504 725 vidisset,
3532 667 3591 715 et

2013 741 2108 799 per
2147 727 2477 782 allectioiicin
2529 727 2840 799 popiilo,et
2890 745 2984 796 per
3029 730 3380 799 reverentiam
3423 729 3592 796 jndici

2010 796 2241 850 debitam
2273 796 2643 854 consternatus
2671 801 2903 854 occurrit
2930 818 2940 850 :
2971 809 3128 866 atque
3159 807 3216 851 ut
3255 798 3341 850 illa
3371 809 3588 852 senten~

2013 866 2097 918 lia:
2129 878 2420 922 mutaretur
2449 875 2717 934 atrocitas,
2759 873 3002 923 obtinuit.
3035 869 3137 922 Sed
3167 872 3415 936 quoniam
3455 884 3591 923 cons

2010 936 2134 1008 ferri
2186 941 2391 1005 plenam
2425 943 2630 994 veniam
2663 957 2766 994 non
2808 941 3020 994 sinebat
3065 939 3242 1008 pepuli
3290 942 3582 993 inveterata

2010 1007 2320 1072 profanitas.
2352 1009 2610 1077 ejusmodi
2661 1026 2814 1076 pinna
2859 1007 3141 1072 MICl'etlll,
3176 1024 3295 1076 qua:
3342 1011 3438 1061 etsi
3473 1027 3586 1061 nia-

2007 1089 2162 1142 gnain
2211 1092 2410 1144 partem
2461 1083 2692 1134 immissa
2741 1088 3050 1142 consumat,
3106 1091 3276 1130 tamen
3332 1081 3586 1141 reliquias

2009 1159 2224 1217 manere
2252 1152 2498 1213 patiatur.
2526 1153 2614 1204 Sic
2640 1152 2780 1203 enim
2805 1152 2878 1202 ait
2904 1167 2916 1200 :
2957 1148 3085 1201 Ecce
3107 1149 3298 1201 vocabit
3321 1149 3581 1217 judicium

2005 1215 2072 1265 ad
2118 1216 2284 1285 ignem
2321 1218 2563 1272 Dominus
2607 1221 2765 1286 Deus,
2798 1229 2844 1270 et
2883 1219 3140 1272 devorabit
3183 1215 3416 1286 abyssum
3446 1223 3582 1272 mul-

2007 1294 2150 1358 tum:
2181 1295 2228 1338 et
2273 1289 2495 1340 comedet
2544 1291 2699 1342 simul
2744 1301 2957 1358 partem.
3007 1290 3110 1342 Sed
3157 1290 3412 1358 proiiheta
3456 1303 3578 1343 cum

2007 1355 2227 1408 effectus
2251 1359 2432 1424 prima:
2455 1355 2853 1425 supplicationis
2874 1363 3163 1411 animasset
3179 1397 3195 1421 ,
3225 1357 3347 1412 huic
3367 1371 3578 1425 qunque

2004 1425 2339 1495 denunciatni
2372 1430 2532 1482 audet
2559 1432 2839 1495 obsistere,
2864 1440 2918 1481 et
2943 1429 3072 1482 dicit
3100 1430 3371 1494 parvulum
3402 1432 3576 1483 Israe-

2006 1494 2144 1560 lem,
2193 1498 2503 1551 imminutas
2533 1499 2654 1553 vide
2679 1499 2782 1552 icet
2825 1503 2940 1564 ejus
2982 1497 3163 1564 copiis
3214 1499 3578 1551 internecione

2003 1565 2278 1631 delendas,
2305 1572 2346 1619 si
2380 1569 2511 1621 iram
2555 1571 2783 1623 hostium
2843 1571 2954 1635 ipse
2999 1572 3085 1634 qui
3132 1567 3364 1636 judiciit,
3424 1569 3589 1634 quasi-

2001 1636 2305 1708 castigator,
2336 1639 2670 1693 accenderet.
2703 1640 2933 1708 lmaginc
2958 1648 3132 1691 autem
3167 1640 3384 1690 lOCUSlil:
3407 1644 3573 1706 Assy-

2003 1707 2132 1778 rios,
2165 1709 2498 1778 et_imagine
2548 1714 2682 1778 ignis
2731 1707 3048 1778 Babylonios
3097 1710 3424 1774 signiticatos
3453 1723 3586 1762 οδδθ-

2000 1776 2214 1843 quidam
2237 1775 2264 1813 ι)
2295 1775 2587 1846 putarunt,—
2606 1796 2708 1834 non
2741 1775 3005 1843 videntes,
3030 1781 3278 1838 quoniam
3312 1793 3572 1846 repugna-

322 1849 536 1917 c§,-ntedit
566 1845 806 1910 brae/ins,
853 1857 900 1898 et
944 1846 1199 1896 residuum
1237 1845 1412 1897 brucni
1451 1847 1664 1896 comedit
1694 1847 1890 1914 rubigo.
1930 1842 1972 1900 Β
2001 1841 2082 1917 ret
2105 1841 2357 1900 historiae.
2390 1841 2523 1903 Dicit
2551 1841 2688 1903 enim
2721 1841 3001 1917 propheta,
3029 1857 3084 1902 et
3113 1848 3330 1900 locustte
3350 1841 3403 1900 et
3431 1841 3572 1914 ignis

320 1915 464 1984 Ergo
508 1930 559 1969 et
602 1918 854 1986 propheta
906 1923 1067 1967 Amos
1119 1917 1434 1975 serotinum,
1490 1917 1717 1967 tonsoris
1771 1919 1896 1969 reli-

322 2000 476 2052 quias
507 1988 913 2052 lllathllBllltBltl,‘
944 1987 1202 2038 bruclinm
1242 1987 1510 2050 indicavit.
1540 1987 1690 2048 Quod
1715 1994 1892 2038 autem

322 2060 561 2110 lictorem
589 2060 726 2110 videt
764 2059 1000 2120 locustae,
1032 2071 1149 2108 cum
1185 2059 1459 2122 potuisset,
1491 2056 1642 2122 quasi
1681 2068 1893 2109 exstan-

323 2126 390 2179 tis
406 2126 519 2194 jam
561 2137 818 2182 creatura:
842 2135 1090 2180 evocator
1118 2129 1347 2190 ostendi,
1377 2128 1440 2177 ad
1473 2125 1600 2179 illud
1643 2128 1893 2180 nimirum

319 2201 483 2263 valet,
517 2207 572 2250 ut
604 2197 993 2250 inaestimabilis
1035 2196 1318 2248 multitudo
1374 2195 1612 2264 ipsarum
1664 2200 1896 2250 animati.

321 2267 451 2318 tium
486 2267 800 2335 ptililicelur,
833 2281 1055 2336 quarum
1100 2267 1348 2319 videlicet
1382 2281 1485 2318 non
1518 2279 1712 2333 quanta
1743 2267 1892 2322 inve-

322 2339 423 2390 niri
455 2339 505 2390 in
554 2339 750 2392 mundo
794 2347 1036 2405 poteiant
1065 2336 1305 2389 examina
1347 2348 1758 2404 congregemur,
1797 2337 1892 2391 sed

322 2424 416 2475 per
446 2411 730 2476 potentiam
767 2407 1075 2474 judicantis,
1122 2408 1206 2473 qui
1243 2411 1312 2459 sit
1341 2421 1498 2460 etiam
1529 2407 1891 2461 univcrsuatis

317 2489 551 2542 creator,
595 2494 726 2532 nova
762 2482 1026 2546 lingantur
1055 2493 1068 2529 :
1103 2491 1222 2530 cum
1254 2481 1476 2545 proinde
1513 2491 1754 2529 caussam
1786 2478 1892 2531 l'or-

319 2551 569 2602 mationis
596 2550 917 2617 prodidisset
947 2549 1164 2614 impleta
1199 2550 1441 2610 vastatio,
1467 2557 1520 2601 et
1551 2549 1890 2602 morientium

319 2621 714 2673 multitudinem
761 2620 1138 2671 alimentorum
1185 2620 1480 2669 consumtio
1525 2634 1538 2668 :
1575 2621 1888 2682 exclamavi,

318 2689 520 2758 inquit:
549 2691 762 2743 Domine
790 2688 944 2751 Deus,
964 2687 1214 2756 propitius
1241 2696 1362 2750 esto,
1396 2688 1598 2740 obsecro
1621 2701 1640 2738 :
1665 2688 1788 2751 Quis
1805 2705 1891 2740 su-

318 2760 518 2812 scitabit
543 2758 724 2824 Iacob,
759 2761 877 2828 quia
905 2759 1148 2821 parvulus
1179 2767 1251 2809 est
1273 2761 1296 2828 ς’
1326 2760 1375 2809 ltl
1403 2767 1504 2824 est,
1542 2759 1594 2810 Si
1630 2773 1722 2825 per
1747 2769 1888 2812 tuam

319 2830 742 2897 indignationem
771 2827 837 2881 ad
881 2838 1078 2880 tantam
1107 2827 1474 2896 exiguitatem,
1506 2837 1755 2896 quantam
1807 2830 1891 2881 hie

320 2903 639 2968 pollicentur
667 2903 868 2969 ﬁgurae,
899 2911 1030 2965 gens
1067 2907 1251 2951 nostra
1291 2899 1581 2964 perveniet,
1610 2904 1728 2966 quis
1767 2913 1886 2952 eam

318 2971 517 3038 poterit
543 2972 762 3024 ulterius
808 2980 1088 3033 suscitare,
1119 2983 1276 3037 quam
1307 2969 1398 3021 tali
1438 2971 1684 3022 vastitate
1712 2970 1888 3022 coale-

320 3043 500 3094 ccris?
543 3041 784 3094 Misertus
831 3049 904 3092 est
949 3038 1201 3091 Dominus
1250 3053 1402 3106 super
1439 3038 1555 3107 hoc,
1613 3038 1735 3092 Non
1769 3041 1887 3105 erit,

321 3113 449 3164 dixit
479 3111 746 3175 Dominus,
793 3113 842 3163 id
892 3116 994 3173 est,
1024 3111 1295 3162 ellicacem
1345 3107 1509 3160 luisse
1552 3110 1890 3177 deprecatio-

320 3198 443 3270 item
500 3197 691 3244 meam,
721 3182 949 3270 docuit.
984 3183 1262 3261 sementim
1302 3189 1587 3270 consecuta
1642 3183 1886 3270 mutatio.
1920 3207 1964 3270 ρ

319 3254 602 3329 lfromptus
645 3250 1426 3329 quippe_a.l_-miseric.ordiam
1477 3250 1632 3329 Deus,
1683 3252 1890 3329 plagam

321 3323 490 3388 illam,
518 3325 672 3392 cojus
701 3322 1116 3392 magnitudinem
1145 3322 1272 3373 vidit
1309 3337 1394 3372 tne
1431 3323 1731 3387 expavisse,
1757 3325 1895 3392 sub-

319 3406 489 3447 movtt
517 3409 532 3446 :
561 3391 940 3462 respOiioitque
981 3394 1080 3443 hoc
1126 3407 1227 3442 non
1273 3393 1405 3455 lore,
1443 3393 1581 3462 quod
1626 3408 1692 3444 ne
1743 3391 1896 3445 lieret

321 3460 698 3533 supplicarain.
730 3460 921 3516 Verum
965 3462 1106 3515 aliud
1148 3462 1288 3529 quod
1337 3477 1454 3514 esse
1477 3460 1751 3528 judicabat
1795 3479 1895 3515 iiii-

321 3535 444 3597 tius,
469 3537 774 3589 iiitiomisit.
1331 3573 1334 3576 ~
1629 3569 1632 3571 »

395 3605 543 3660 Vers.
571 3607 623 3658 4.
650 3633 722 3644 -
743 3603 808 3656 ld
835 3603 966 3658 enim
996 3603 1210 3656 ostendit
1242 3601 1367 3654 mihi
1391 3599 1723 3655 ‘Deus:ecce
1747 3619 1894 3656 voca-

322 3674 391 3729 bit
438 3677 684 3742 judicium
732 3679 799 3728 ad
845 3677 1014 3746 ignem
1052 3672 1303 3727 Dominus
1342 3674 1500 3746 Dens,
1543 3683 1590 3725 et
1639 3676 1895 3727 devorabat

321 3751 558 3817 abyssum
615 3745 878 3812 multam,
934 3755 979 3798 et
1013 3746 1254 3817 comedet
1305 3745 1458 3796 simul
1510 3755 1725 3814 partem.
1781 3747 1894 3800 nisi

323 3816 613 3885 prudenter
675 3827 833 3886 atque
905 3816 1132 3870 sollicite
1197 3828 1318 3884 qua:
1390 3824 1516 3868 sunt
1584 3817 1724 3868 dicta
1799 3833 1893 3869 ca-

323 3891 572 3955 piamus,
637 3904 742 3940 non
808 3887 993 3953 exigua
1059 3890 1112 3938 in
1164 3887 1409 3939 sensibus
1475 3886 1752 3956 detegetur
1801 3891 1895 3940 ab-

321 3959 576 4010 surditas.
635 3957 764 4009 Post
823 3971 884 4009 ea
937 3959 1200 4024 siquidem
1260 3958 1497 4020 damna,
1553 3972 1668 4024 qua:
1727 3957 1894 4024 depa-

318 4041 480 4080 scens
555 4027 761 4078 locuSta
833 4035 886 4077 et
960 4041 1189 4092 sequens
1281 4024 1512 4077 bruchus
1591 4027 1892 4090 intulerat,

323 4095 474 4164 quasi
497 4163 515 4164 νγ
539 4095 718 4148 mitior
771 4094 918 4162 plaga
969 4095 1106 4161 ignis
1179 4093 1445 4145 inducitur
1494 4110 1506 4144 :
1553 4108 1672 4146 cum
1725 4110 1897 4147 omni-

323 4163 394 4220 no
424 4163 583 4236 543
631 4181 733 4218 non
783 4175 851 4217 sit
893 4169 1227 4230 ambiguum,
1267 4165 1433 4214 multo
1475 4167 1728 4232 majorem
1777 4178 1896 4220 esse

322 4242 680 4291 calamnatem
720 4250 906 4303 quani,
950 4236 1184 4303 immissa
1213 4241 1462 4299 operetur
1488 4236 1714 4294 exnstio.
1750 4238 1896 4288 omni

324 4307 411 4360 illa
427 4323 584 4378 quam
605 4302 900 4378 germinum
923 4302 1179 4378 atl‘erebat
1199 4303 1448 4356 attonsio.
1472 4304 1749 4378 Quomodo
1768 4319 1896 4373 ergo

315 4374 461 4432 dicit
481 4381 738 4447 pr0pheta
757 4417 771 4443 ,
804 4376 1078 4447 misertuni
1108 4374 1306 4447 Deum,
1335 4380 1391 4427 et
1427 4375 1578 4442 quasi
1608 4376 1896 4447 lachrymis

312 4444 700 4503 interventoris
728 4447 978 4500 inﬂexum
1006 4446 1072 4498 ad
1124 4446 1294 4512 ignem
1345 4459 1561 4498 vocasse
1601 4444 1893 4514 judicmm,

314 4519 366 4572 id
402 4529 515 4586 est,
547 4534 666 4573 reos
698 4515 942 4572 incendio
970 4517 1276 4583 deputasSe,
1305 4529 1334 4567 a
1364 4516 1554 4582 quibus
1581 4517 1893 4584 inopi:e_pe-

313 4593 548 4644 riculum
597 4588 924 4658 depuliSset?
965 4591 1506 4658 Animadvertendum
1551 4599 1893 4654 quapropter,

313 4661 436 4729 quia
473 4663 558 4714 hic
583 4657 799 4714 nomine
827 4660 961 4727 ignis
989 4665 1350 4709 transcursum
1401 4657 1628 4729 (lamina:
1673 4661 1898 4729 voluerit

317 4728 583 4796 indicare,
612 4746 732 4800 quae
777 4731 902 4783 licet
939 4732 1021 4782 sui
1069 4729 1402 4800 vehementia
1435 4728 1575 4793 quod
1599 4728 1898 4800 contigerit

315 4815 401 4854 am
417 4805 570 4856 burat
592 4819 604 4854 :
630 4796 804 4853 tamen
826 4800 1059 4866 quandiu
1089 4812 1195 4851 non
1229 4798 1539 4850 immoratur
1559 4796 1782 4862 alllatis,"
1802 4814 1898 4852 nec

313 4872 368 4924 in
404 4887 468 4927 ea
497 4886 616 4940 quae
645 4881 771 4925 sunt
798 4870 1056 4940 protunda
1081 4871 1356 4922 descendit
1374 4907 1389 4931 ,
1436 4882 1535 4920 nec
1563 4882 1754 4920 rooora
1781 4885 1898 4937 quae

397 5015 425 5044 ἰ
446 5007 576 5063 lleic
601 5007 820 5062 verbum
865 5003 1133 5068 Dominus,
1178 5015 1301 5054 mox
1330 5002 1436 5056 duo
1465 5001 1714 5054 Dominus
1739 5000 1895 5065 Deus,

321 5090 446 5146 qua:
483 5079 820 5133 librariorum
861 5078 1143 5128 oscitantia
1181 5073 1518 5146 exciderunt,
1569 5075 1896 5139 sull'eciinus.

327 5145 590 5204 Caeterum
618 5161 671 5202 et
692 5147 906 5212 vocavit,
939 5156 994 5199 et
1024 5145 1300 5204 devoravit,
1334 5159 1428 5212 pro
1449 5147 1663 5208 voeabt,
1687 5150 1898 5196 devora-

327 5219 418 5282 bit,
459 5216 675 5288 praefert
715 5218 1130 5286 llieronymiana
1170 5215 1368 5278 Editio,
1396 5213 1617 5283 Vulgata
1663 5214 1897 5279 vocabat,

327 5290 603 5354 deuorauit,
633 5291 868 5342 comedit.
928 5330 930 5332 -
1867 5333 1872 5342 .

400 5360 427 5398 δ
458 5362 547 5414 Ait
593 5363 802 5429 quidam
852 5359 1081 5428 pluriutn
1114 5369 1359 5416 numero,
1392 5354 1485 5429 sed
1521 5354 1899 5429 Hieronymum

328 5430 572 5499 proprie,
601 5424 658 5484 et
695 5424 924 5484 tentasse
967 5443 1127 5482 unum
1171 5439 1354 5479 notare
1391 5426 1536 5489 vult,
1567 5424 1735 5499 eique
1765 5427 1900 5480 male

329 5495 499 5568 loqui.
525 5501 657 5554 Nam
691 5501 761 5553 ita
796 5511 1011 5554 sanctus
1036 5502 1249 5567 quidem
1281 5499 1436 5568 Pater
1466 5505 1662 5555 sensit.
1698 5495 1902 5568 Sermo-

331 5567 524 5636 cherib,
553 5585 720 5640 regem
750 5570 1074 5638 Assyriorum
1118 5585 1233 5620 cum
1262 5567 1464 5628 iii/inito
1497 5567 1744 5640 exercitus
1773 5567 1904 5618 mul-

331 5641 547 5694 titudine
595 5637 756 5693 iiutur
803 5637 1011 5692 locusta:
1034 5641 1264 5691 universa
1295 5640 1568 5701 tondentis,
1600 5637 1700 5687 dici
1727 5646 1903 5692 ventu-

303 5753 306 5756 .
325 5725 443 5779 rum
459 5713 510 5763 in
530 5712 779 5779 principio
795 5710 968 5762 imbris
986 5711 1215 5762 serotini.
1233 5709 1364 5760 'l‘om
1383 5710 1622 5762 sectione
1639 5717 1901 5773 sequenti,

333 5777 458 5836 Post
477 5777 773 5848 tonsuram,
800 5783 902 5844 ait,
929 5782 1060 5847 regis
1085 5779 1452 5844 δρηιιαεΙιιτὶο,
1483 5793 1583 5847 qua
1605 5789 1789 5832 cuncta
1814 5782 1902 5831 ite-

2001 1915 2179 1984 plagas
2212 1918 2324 1970 suis
2355 1923 2594 1986 prec.bus
2637 1915 3124 1978 biissesnbmotas,
3157 1933 3217 1969 ac
3243 1921 3310 1969 de
3350 1928 3573 1984 utraque

1997 1989 2333 2052 restiondisse
2359 1990 2642 2043 Dominum
2675 1992 2990 2056 supplicanti
3018 2006 3029 2039 :
3059 1987 3179 2040 Non
3209 1989 3302 2040 erit
3329 1989 3487 2050 istud,
3519 1987 3571 2040 id

1994 2067 2105 2118 est,
2133 2057 2470 2126 Nequaquam
2501 2065 2665 2114 irruet
2696 2061 2792 2112 ista
2823 2061 3065 2111 vasmtio.
3092 2063 3341 2126 Assyrius
3370 2073 3496 2114 vero
3517 2065 3585 2110 et.

1998 2126 2318 2196 ltibylmiins
2349 2131 2548 2196 hostes,
2585 2133 2923 2183 victoriarum
2943 2128 3135 2195 potiti,
3159 2138 3214 2179 et
3251 2127 3494 2180 Israelem
3516 2139 3572 2180 et

1993 2194 2182 2250 Judam
2213 2201 2360 2266 gravi
2387 2194 2541 2253 caede
2567 2209 2862 2253 Vastarnnt.
2895 2194 2988 2251 llic
3017 2214 3145 2268 ergo
3172 2199 3401 2249 ostendit
3431 2196 3572 2250 Deus

1995 2277 2177 2339 noster
2207 2283 2301 2336 per
2339 2273 2678 2339 prophetam,
2705 2273 2792 2338 qui
2823 2280 2940 2322 erat.
2982 2269 3267 2339 imaginmn
3299 2276 3586 2339 spectator.

1993 2334 2235 2404 effectus,
2277 2334 2498 2408 etquod
2535 2334 2767 2407 papulas
2812 2334 3115 2394 .lutitcoruni
3150 2338 3317 2389 multo
3353 2337 3568 2408 gravius

1992 2421 2150 2474 quam
2179 2406 2428 2464 sustinuit
2455 2406 2748 2465 mereretur
2773 2409 3236 2474 exitium,etqnod
3252 2423 3370 2458 eum
3400 2406 3570 2460 aethe-

1993 2491 2116 2530 reus
2159 2483 2360 2532 arbiter
2387 2491 2568 2548 posset
2598 2484 2962 2534 internecione
3004 2479 3206 2538 delere,
3237 2478 3282 2529 si
3331 2478 3564 2529 hostium

1993 2552 2076 2599 vel
2103 2551 2456 2616 multipliiare
2483 2567 2782 2614 numerum,
2813 2551 2895 2602 vel
2927 2551 3014 2602 ind
3039 2551 3342 2616 gnationem
3371 2549 3567 2600 voluis-

1993 2627 2076 2670 set
2103 2623 2432 2689 accendere:
2461 2633 2516 2675 et
2541 2623 2680 2690 quod
2710 2621 3083 2673 necessitatem
3112 2631 3393 2686 quamdam
3425 2616 3567 2670 allli-

1991 2690 2176 2768 gentia:
2204 2693 2320 2758 ejus
2349 2692 2541 2762 gentis,
2567 2707 2725 2768 quam
2762 2691 2926 2744 nollet
2957 2690 3165 2760 penitus
3206 2690 3444 2749 interire,
3476 2701 3573 2755 pa-

1994 2766 2060 2810 tet
2075 2767 2214 2820 etur.
2689 2766 2699 2789 ‘

2071 2827 2218 2883 Vers.
2244 2831 2381 2885 7.-9.
2409 2861 2476 2872 —-
2510 2832 2702 2886 Verum
2724 2873 2738 2897 ,
2762 2846 2890 2884 cum
2924 2832 3019 2882 tias
3046 2831 3179 2882 duas
3207 2827 3418 2895 species
3465 2826 3581 2897 img

1998 2899 2308 2952 minentium
2332 2901 2700 2955 discriminum
2725 2893 3111 2966 Subtritivisset,
3143 2893 3257 2950 Hoc
3288 2902 3392 2967 [ΑΙ.
3420 2893 3574 2966 Ilico]

1993 2968 2115 3020 mihi
2159 2971 2405 3034 ostendit,
2439 2976 2542 3038 ait,
2577 2971 2845 3024 Dominus.
2880 2969 2946 3022 Et
2989 2985 3101 3022 ecce
3143 2967 3392 3020 Dominus
3429 2978 3575 3019 stans

1991 3052 2143 3109 super
2165 3054 2364 3092 murum
2392 3044 2561 3105 litum,
2587 3053 2636 3094 et
2660 3044 2712 3092 in
2744 3057 2894 3092 manu
2916 3041 3030 3109 ejus
3058 3039 3214 3091 trulla
3241 3039 3580 3109 “ementiti-ii.

1995 3106 2062 3159 Et
2090 3111 2218 3162 dixit
2253 3112 2500 3165 Dominus
2533 3123 2555 3150 ε
2585 3113 2651 3163 ad
2687 3127 2765 3163 me
2788 3126 2806 3163 :
2841 3106 2975 3173 Quid
3007 3123 3060 3162 tu
3095 3111 3251 3164 rides.
3286 3109 3477 3160 Amos?
3507 3106 3574 3158 Et

1995 3180 2122 3242 dixi,
2159 3179 2386 3233 'l‘rullam
2424 3183 2752 3234 ccementarii.
2789 3181 2853 3233 Et
2884 3182 3013 3233 dixit
3061 3177 3310 3231 Dominus
3339 3184 3406 3229 ad
3450 3193 3528 3229 ine
3553 3191 3572 3228 :

1997 3247 2130 3301 Ecce
2159 3265 2250 3319 ego
2279 3269 2463 3320 ponam
2504 3255 2712 3304 trullam
2744 3255 2795 3303 in
2826 3259 2991 3304 medio
3024 3250 3195 3320 populi
3232 3250 3332 3301 mei
3368 3249 3528 3298 Israel
3552 3264 3572 3299 :

1997 3334 2097 3370 non
2125 3317 2370 3391 adjiciunt
2394 3326 2526 3375 ultra
2563 3323 2954 3391 superindnrere
2982 3337 3116 3375 eum.
3149 3317 3214 3391 Et
3241 3320 3575 3391 demolientur

1995 3388 2199 3463 excelso
2237 3392 2398 3463 544,
2430 3396 2591 3458 idoli,
2621 3388 2666 3446 et
2701 3395 3124 3458 suncti/icationes
3167 3388 3340 3463 lsi-uel
3367 3389 3577 3441 desolae

1997 3460 2182 3512 buntur
2224 3459 2334 3534 ςέεῐ
2367 3459 2673 3534 consurgant
2736 3480 2888 3529 super
2914 3469 3146 3534 domum
3171 3459 3471 3534 _.leroboam
3521 3474 3577 3511 in

1996 3534 2192 3600 gladio.
2228 3533 2465 3602 Magnam
2499 3531 2701 3601 partem
2728 3533 3132 3601 lllSPOalLlOllUlll
3168 3531 3256 3584 Dei
3282 3570 3296 3588 ,
3325 3533 3423 3582 sub
3454 3545 3573 3602 qut-

1998 3609 2096 3653 bus
2129 3600 2424 3656 mortalium
2476 3600 2578 3660 vita
2609 3600 2878 3668 decurrit,
2930 3605 3202 3670 p1'0plle.-l:,
3233 3602 3301 3652 tle
3347 3615 3454 3667 quo
3486 3600 3569 3652 lu-

1996 3673 2228 3738 quiniur,
2257 3675 2388 3726 visio
2422 3679 2724 3742 publiCavit.
2755 3675 2884 3728 Nam
2911 3688 3032 3726 cum
3065 3673 3422 3738 prarcedentes
3449 3683 3578 3742 sene.

2000 3745 2176 3814 teiiiiie
2207 3747 2294 3798 vel
2338 3740 2753 3801 cotiiminantem
2795 3745 3026 3814 jud:cetn
3077 3747 3445 3814 ostenderint,
3493 3740 3577 3795 vel

1999 3813 2336 3880 frementem,
2351 3831 2402 3869 et
2415 3834 2623 3871 reorum
2641 3813 2899 3871 mortibus
2917 3819 3084 3868 leonis
3100 3814 3266 3866 instar
3279 3813 3576 3866 inhiantem

1999 3888 2108 3954 (qui
2139 3902 2313 3940 mo.us
2338 3898 2520 3956 utique
2543 3889 2625 3942 vel
2663 3889 2883 3942 allectus
2911 3901 2941 3938 a
2972 3896 3165 3956 natura
3201 3885 3289 3937 Dei
3316 3887 3572 3936 continua

2000 3958 2386 4022 tianquillitate
2413 3953 2715 4024 gaudentis,
2749 3959 3041 4011 secundum
3071 3953 3330 4006 rationem
3361 3957 3578 4024 dogma-

2000 4027 2067 4074 tis
2090 4026 2355 4077 docentnr
2383 4022 2564 4094 alieni)
2595 4039 2871 4093 praesentis
2913 4025 3013 4076 loci
3045 4024 3302 4076 reseravit
3339 4022 3575 4094 occasio,

1998 4106 2102 4159 quo
2122 4096 2451 4160 potissimum
2471 4092 2664 4164 genere
2679 4099 2742 4148 ad
2763 4094 3117 4164 ulciscendum
3140 4096 3478 4164 Deus‘noster
3495 4092 3578 4143 iti-

1997 4160 2613 4234 surgeret,reliiiqiiendo
2632 4167 2879 4218 videlicet
2901 4163 3256 4229 potius.quain
3277 4160 3573 4234 fremendo.

1999 4231 2129 4285 Nam
2156 4239 2404 4302 quoniam
2422 4231 2796 4289 calamitatum
2825 4248 2986 4302 agger
3035 4241 3273 4302 protinus
3303 4233 3573 4297 irruebat,

2000 4303 2045 4355 si
2078 4304 2164 4357 ille
2176 4300 2324 4372 aegre
2347 4309 2666 4368 destitisset,
2691 4303 2822 4358 dicit
2843 4300 2935 4356 eos
2959 4317 3017 4355 se
3039 4300 3259 4354 feriente
3279 4305 3570 4370 collapsos,

2000 4376 2526 4443 εοιιιριιιιυιιυιιίςιιυο
2555 4379 2723 4444 gratia
2753 4391 2804 4428 in
2845 4387 3057 4428 reorum
3091 4375 3394 4438 pectoribus
3429 4375 3576 4424 exci-

2003 4449 2198 4508 tandm,
2227 4462 2346 4498 eum
2377 4447 2476 4498 sibi
2521 4459 2574 4499 et
2603 4448 2837 4498 habitum
2876 4453 3041 4497 sumit
3069 4455 3124 4496 et
3151 4455 3350 4495 uictum
3372 4481 3386 4505 ,
3419 4457 3578 4508 quem

2005 4514 2278 4568 habuisset
2307 4518 2574 4581 inimicus,
2607 4519 2706 4570 hoc
2728 4515 3087 4583 permittente,
3117 4516 3431 4583 desieviens.
3452 4514 3580 4565 Ideo

1925 4571 1977 4632 Ι)
2000 4597 2122 4636 cum
2151 4587 2415 4652 geminam
2443 4571 2901 4654 ejus'seutetitiam
2921 4624 2936 4647 ,
2962 4571 3118 4652 quain
3151 4599 3245 4649 pro
3272 4582 3579 4654 Judworum

1990 4656 2213 4709 meritis
2259 4653 2634 4724 proposuerat,
2665 4659 3024 4712 interveniens
3063 4667 3298 4722 precatio
3327 4653 3580 4705 suSiultss

2002 4736 2118 4792 set,
2169 4734 2379 4780 tertiam
2413 4731 2587 4780 intulit
2612 4743 2626 4778 :
2656 4731 2740 4781 cui
2768 4727 2980 4792 quidem
3013 4732 3268 4792 propheta
3300 4727 3448 4790 quasi
3479 4739 3582 4782 nit-.-

2005 4805 2209 4851 llSSIﬂ'le
2239 4813 2340 4849 non
2384 4799 2604 4850 auderet
2632 4799 2917 4859 obsistere,
2941 4798 3036 4848 si-d
3067 4810 3184 4862 qum-
3214 4794 3462 4847 alfectum
3497 4794 3579 4855 ul-

2004 4866 2162 4920 tionis
2192 4869 2551 4936 plcnissmmm
2582 4867 2906 4930 contineret,
2939 4877 3139 4934 inquit,
3171 4865 3337 4935 Super
3378 4881 3582 4923 murum

2004 5019 2112 5057 cem
2155 5005 2375 5057 tribuum
2422 5006 2728 5066 totonderit,
2769 5015 2916 5072 atque
2961 5004 3256 5067 vastaverit,
3286 5019 3418 5056 nunc
3452 5003 3583 5057 idem

2003 5075 2254 5129 Dominus
2276 5077 2490 5128 ostendit
2523 5076 3016 5140 Nabuclwdmiosor,
3038 5081 3140 5129 imo
3163 5089 3301 5128 vocat
3350 5083 3396 5127 et
3418 5090 3583 5127 venire

2005 5150 2230 5214 prwcrpit
2261 5155 2437 5200 contra
2463 5145 2652 5201 Judain
2688 5157 2734 5200 et
2775 5147 3090 5212 Jerusalem,
3134 5155 3190 5198 ut
3232 5143 3498 5208 Templum
3537 5150 3582 5214 et

2002 5213 2288 5271 Jerusalem
2317 5221 2432 5286 igne
2453 5224 2754 5284 sttccendat,
2777 5230 2824 5271 et
2849 5221 3002 5286 [aciot
3033 5221 3084 5268 in
3109 5219 3226 5284 igne
3240 5218 3495 5283 jndicrum
3520 5213 3581 5268 do

2005 5305 2063 5341 eo
2099 5289 2187 5353 qui
2211 5295 2466 5359 quondam
2497 5291 2595 5360 fuit
2627 5291 3030 5358 populussuus.
3064 5289 3176 5360 Dion
3220 5299 3395 5360 tamen
3428 5297 3582 5347 repuy

2007 5352 2170 5429 gna-re
2220 5352 2333 5414 hinc
2379 5352 2637 5415 videiitur'
2668 5352 3037 5429 liistoriie,_nt
3079 5355 3270 5429 Noster
3311 5352 3581 5429 blaterat,

2005 5419 2145 5498 quod
2177 5431 2230 5484 hi
2261 5447 2412 5500 reges
2441 5433 2677 5484 victoriis
2710 5439 2894 5500 potiti,
2939 5425 3262 5500 Jerusalem,
3297 5419 3348 5474 et
3390 5419 3582 5500 ludam

2005 5495 2150 5570 gravi
2179 5495 2693 5566 cmile'vastavcrmt.
2713 5495 2917 5570 Confer
2944 5503 3111 5570 totum
3159 5495 3580 5570 llieronyniiantc

2007 5566 2356 5639 expasitionis
2382 5580 2686 5640 contextum
2707 5569 2887 5640 ,utab
2907 5567 3021 5633 ejus
3051 5566 3437 5640 ptltlltIlIS-‘Slesl.
3566 5629 3576 5640 ⁸

2082 5633 2104 5680 ἒ
2142 5643 2379 5695 Alterum
2404 5644 2502 5693 hoc
2521 5639 2589 5691 ad
2616 5655 2694 5692 me
2721 5638 2979 5690 Hebraeos
3002 5646 3175 5686 textus
3197 5645 3250 5687 et
3276 5633 3576 5698 Hieronymi

2010 5715 2185 5768 versio
2208 5716 2471 5782 ignorant.
