4110 6350
578 329 708 386 1091

1604 317 1862 377 RUFINO
1898 316 2358 376 PRESBYTERO
2396 315 2773 376 ASCRIPTUS

3721 319 3852 376 i031

576 446 717 499 enini
742 444 919 506 litum,
949 442 1002 497 id
1024 449 1137 506 est,
1162 442 1445 498 structoria
1474 446 1589 492 arte
1611 435 1989 505 compositum,
2011 443 2155 489 stare
2185 440 2233 500 Α
2262 435 2518 491 debuisse
2568 433 2905 506 auditoribus
2934 445 3064 506 esse
3106 432 3406 501 despectui.
3440 432 3550 506 Sed
3596 435 3739 504 quod
3783 437 3855 493 illi

575 514 706 569 inibi
756 530 936 569 rerutn
989 514 1245 569 Dominus
1285 510 1587 572 videbatur,
1635 508 1841 561 habens
1888 506 1941 557 in
1994 520 2155 558 manu

576 586 789 640 trullam
822 585 1148 638 caitiientarii
1168 623 1185 648 ,
1218 597 1311 655 per
1340 595 1499 649 quam
1523 593 1721 655 _ii_iunus
1756 575 2005 655 videlicet
2051 590 2158 655 quo

575 657 721 726 fungi
750 663 1136 719 consueverat,
1172 646 1476 714 indicaret,
1522 649 1572 702 id
1615 657 1733 726 est,
1762 646 1903 714 quod
1950 654 2006 699 et
2048 646 2157 713 jugi

575 720 1115 795 eos'propugnatione
1145 732 1407 786 tueretur,
1430 732 1484 773 et
1505 720 1648 796 qnod
1682 720 2012 785 frequentem
2048 731 2161 796 ine-

580 786 757 851 dela'in
774 786 916 864 [ρει-
941 810 1099 863 quam
1122 803 1439 865 sanarentur
1458 786 1988 865 etinstanrarentur,
2010 786 2162 865 adhi-

576 870 747 922 beret.
777 859 1148 931 Cieterumﬁi
1197 864 1300 918 ista
1332 860 1543 915 miseris
1572 859 1942 931 conferentem
1983 859 2161 925 provi-

577 938 814 991 dentiam
848 929 1221 995 submoveret,
1254 934 1519 987 neminem
1550 945 1735 983 eorum
1764 929 1845 980 vel
1887 941 2045 995 posse
2069 940 2161 981 co-

578 1007 815 1071 bairere,
847 1007 927 1059 vel
979 1020 1134 1069 posse
1181 1006 1492 1057 subsistere.
1545 1000 1684 1071 Ergo
1737 997 1949 1051 trullam
2000 996 2159 1071 hanc,

575 1077 781 1146 inquit,
802 1068 875 1131 vid
908 1068 1020 1139 est,
1051 1090 1234 1128 rurant
1267 1088 1437 1127 meam
1459 1112 1474 1137 ,
1503 1085 1609 1138 qua
1641 1070 1965 1146 liniebantur
1988 1068 2160 1146 etlir-

576 1137 860 1203 ma'ban'tiir
886 1137 1078 1215 quassa
1098 1185 1114 1209 ,
1164 1146 1426 1213 deponam
1446 1186 1461 1209 ,
1490 1137 1863 1215 _atq_ue_0iiuiu
1891 1137 2159 1215 quoddam

574 1210 921 1284 benignitati,
946 1217 1068 1285 quia
1101 1217 1171 1269 ita
1201 1210 1361 1267 Israel
1384 1210 1561 1287 cogit,
1593 1212 1844 1287 indicaui,
1874 1224 1973 1287 nec
2001 1210 2163 1261 susti-

577 1280 730 1343 nebo—
746 1280 979 1341 ulterius
1004 1288 1242 1339 laborem
1272 1300 1394 1338 cum
1425 1280 1721 1349 impudenti
1759 1280 2009 1333 nimirum
2042 1293 2157 1345 pro-

575 1359 796 1412 fanitate
841 1358 1100 1412 ineflicaci
1149 1356 1346 1424 pietate
1391 1352 1651 1408 certandi.
1702 1352 1896 1418 Sicque
1943 1351 2160 1403 demum

575 1430 703 1503 quid
738 1442 1113 1503 perpetravere
1139 1434 1498 1496 cognoscent,
1541 1438 1787 1503 cuiiirtne
1828 1434 2161 1503 tieqnnn‘ualn

574 1486 818 1561 feriente,
836 1486 930 1551 sed
952 1510 1130 1551 tamen
1156 1486 1261 1550 non
1284 1486 1625 1564 protegente,
1642 1493 1954 1564 disnereunt
1975 1486 2164 1564 [Forte

574 1560 953 1640 disperibunt].
986 1566 1055 1640 Et
1093 1560 1656 1640 demolientur'exeelsa
1694 1561 1853 1625 idoli,
1884 1570 1930 1612 et
1972 1560 2164 1613 sancti-

575 1636 845 1709 ficationes
888 1636 1059 1692 Israel
1105 1636 1523 1709 desolabuntur_:
1559 1646 1616 1709 _et
1664 1645 1968 1709 consurgam
2012 1646 2165 1700 super

576 1701 787 1763 domum
815 1708 1092 1763 Jeroboam
1120 1710 1174 1761 in
1212 1709 1407 1777 gladia.
1443 1701 2069 1777 Venieiitenimiiostes.
2100 1716 2163 1756 ac

576 1780 791 1849 plenum
822 1790 1043 1848 agentes
1068 1772 1394 1849 triumphum
1426 1777 1566 1849 ferro
1590 1775 1805 1844 ignique
1830 1772 2160 1837 desaeviet",

576 1847 699 1904 fana
726 1858 785 1903 et
814 1847 1033 1919 profana
1066 1864 1186 1902 cum
1220 1848 1345 1901 totis
1368 1847 2049 1919 urbibuscoiicremaiites,
2077 1852 2161 1895 at-

575 1936 679 1988 que
718 1911 963 1975 Jerobote
1008 1920 1267 1973 familiam
1307 1917 1484 1988 gladio
1514 1916 1803 1988 ulciscente
1850 1911 2159 1988 vastabant.

576 1984 776 2045 Verum
826 2002 1106 2060 postquam
1148 1984 1424 2056 noctisque
1468 1984 1838 2060 concionantis
1889 1984 2164 2060 prophetat

575 2076 758 2115 sermo
779 2056 1070 2131 processit,
1092 2070 1116 2095 ά
1133 2062 1185 2131 Α
1195 2061 1389 2131 rnasias
1410 2057 1625 2127 quidam
1640 2056 1886 2131 nomine.
1911 2056 2167 2131 sacerdos

574 2128 845 2186 ldoloruin
896 2132 1040 2185 misit
1080 2129 1147 2183 ad
1193 2128 1479 2184 Jeroboam
1512 2143 1608 2196 per
1638 2128 1779 2181 idem
1820 2135 2030 2192 tempus
2072 2128 2166 2196 def

573 2217 692 2256 cem
736 2202 973 2257 tribuum
1005 2200 1233 2268 imperio
1264 2195 1640 2269 prmsidentem
1663 2237 1677 2261 ,
1706 2196 2084 2269 nunciavitqne
2115 2195 2167 2269 ei

572 2272 717 2346 quod
764 2278 927 2346 Aimos
973 2264 1165 2339 spiritu
1216 2264 1390 2346 potius
1423 2268 1729 2346 rebellantis
1774 2280 1932 2336 quam
1977 2264 2165 2346 vatici-

573 2336 753 2396 nantis
799 2336 1087 2416 instinctu,
1121 2351 1178 2397 et
1209 2336 1525 2396 nominatim
1554 2339 1635 2404 ei,
1667 2339 1717 2393 id
1761 2346 1877 2416 est,
1910 2336 2032 2416 regi.
2072 2336 2166 2416 de:

575 2416 857 2468 nunciaret
885 2414 1103 2467 exitium
1131 2453 1148 2478 ,
1179 2423 1235 2467 et
1284 2420 1453 2464 totum
1487 2418 1737 2479 populum
1767 2408 1837 2461 ita
1881 2407 2165 2479 multiplici

573 2486 993 2538 comminatione
1046 2477 1308 2548 terreret,
1343 2492 1401 2534 ut
1446 2477 1609 2534 etiam
1657 2478 1944 2533 sententiae
1988 2477 2167 2548 dubia:

574 2552 762 2619 fieret,
796 2571 954 2624 quem
984 2553 1146 2625 545
1194 2545 1449 2625 videlicet
1493 2566 1672 2625 regem
1710 2554 2036 2625 sequeretur
2076 2545 2165 2601 iii-

575 2637 778 2681 certus.
806 2619 1430 2691 'l‘otiusﬁué‘voluininis
1478 2619 1775 2691 prophetici
1825 2620 2164 2688 propositqu

574 2694 814 2768 breviter
840 2695 1168 2768 amplectens
1194 2733 1209 2757 ,
1308 2764 1318 2768 _
1583 2760 1594 2768 _
1726 2762 1736 2768 _
1924 2757 1954 2768 η

654 2764 804 2820 Vers.
837 2756 1026 2819 HC—
1070 2756 1204 2817 Ha'c
1238 2764 1405 2828 enim,
1452 2760 1659 2831 inquit,
1702 2762 1858 2814 Amos
1900 2757 2052 2831 dicit,
2096 2756 2167 2812 In

574 2835 751 2905 gladio
788 2837 1035 2889 morietur
1061 2833 1335 2888 Jeroboain
1366 2842 1417 2886 et
1457 2830 1624 2887 Israel
1658 2832 1891 2899 captivus
1930 2830 2167 2905 migrabit

574 2902 640 2960 de
668 2917 804 2961 terra
833 2923 950 2960 sua.
987 2907 1063 2960 Ex
1096 2908 1289 2974 quibus
1315 2905 1474 2958 dictis
1513 2913 1905 2971 consequenter
1931 2902 2166 2974 adverti-

576 2993 718 3042 mus,
749 2978 889 3045 quod
919 2977 1083 3033 etiam
1115 2972 1177 3029 in
1228 2985 1532 3029 nostrorum
1581 2981 1883 3045 temporum
1929 2972 2166 3045 negociis

573 3042 904 3117 experimur,
934 3048 1057 3116 quia
1085 3061 1213 3121 pars
1239 3045 1415 3121 gentis
1446 3044 1722 3121 humilior,
1824 3051 1939 3109 est,
1961 3042 2163 3111 quique

650 3115 881 3189 pulares,
915 3115 1205 3187 quominus
1236 3119 1506 3170 habebant
1544 3117 1613 3189 de
1645 3115 1923 3189 nobilitate
1970 3127 2161 3180 super-

2262 507 2327 558 ad
2358 506 2475 574 ejus
2504 505 2883 561 contumeliam
2913 505 3094 558 dicere
3133 506 3406 568 solerent,
3456 505 3561 559 hoc
3593 520 3654 560 se
3695 508 3852 562 etiam

2262 591 2384 630 etim
2415 579 2609 647 gaudio
2641 576 2901 644 proiiteri,
2938 575 2990 628 id
3032 582 3147 647 est,
3179 590 3278 629 nec
3316 577 3385 630 de
3430 579 3601 630 choro
3645 592 3727 639 se,
3760 594 3853 633 nec

2263 647 2331 701 de
2380 646 2547 716 stirpe
2600 649 2975 715 pr0phetaruin
3028 646 3194 701 fuisse
3231 662 3244 698 :
3286 655 3546 700 caeterum
3604 652 3856 714 pastorali

2262 725 2471 772 tantum
2501 717 2679 771 officio
2716 716 2985 781 deditum,
3018 726 3074 770 et
3116 732 3213 785 per
3247 717 3421 770 saltus
3470 726 3719 771 armenta
3762 720 3856 774 du-

2267 798 2511 853 centem,
2540 798 2697 857 atque
2723 789 2872 841 cibos
2900 802 2966 841 ex
2992 787 3279 841 arboribus
3310 787 3573 841 vilissime
3602 789 3854 858 colligen-

2266 868 2409 925 tem,
2448 876 2476 913 a
2523 858 2632 913 Deo
2672 859 2977 923 inspectore
3015 859 3216 925 cordis,
3260 859 3494 912 electum
3540 868 3597 912 et
3646 862 3714 911 ad
3762 863 3857 917 hoc

2267 930 2621 998 proplietatidi
2668 928 2905 983 alliciunt
2951 928 3314 1000 destinatum,
3363 935 3667 983 secundum
3699 947 3849 1000 quem

2266 1015 2475 1055 morem
2521 1001 2779 1068 gloriatur
2803 1009 2860 1053 et
2888 998 3322 1070 Apostolus_cuin
3373 1000 3536 1064 dicit,
3584 998 3731 1070 quod
3770 1003 3855 1057 ubi

2265 1066 2543 1138 placuerit
2572 1071 2713 1135 Deo,
2755 1080 2810 1122 ut
2851 1069 3095 1123 reuelaret
3146 1066 3347 1122 Filium
3384 1086 3573 1135 suum,
3602 1066 3717 1141 ’ρετ
3757 1089 3851 1141 me,

2263 1143 2502 1195 continuo
2522 1158 2623 1194 non
2650 1141 2883 1208 adquievi
2908 1142 3052 1193 carni
3073 1150 3118 1194 et
3140 1141 3402 1208 sanguini,
3435 1156 3603 1209 neque
3625 1143 3695 1194 ad
3721 1156 3857 1197 ante-

2264 1226 2487 1266 cessores
2518 1228 2653 1265 meos
2673 1212 2947 1279 Apostolos
2976 1211 3116 1275 veni,
3141 1211 3232 1263 sed
3263 1212 3367 1263 abii
3407 1211 3461 1263 in
3502 1212 3780 1277 Arabiam,
3809 1225 3856 1267 et

2265 1282 2385 1334 inde
2402 1299 2627 1336 reversus
2646 1298 2761 1336 sum
2784 1281 3093 1334 Damascum
3124 1280 3266 1347 (Gal.
3300 1282 3346 1334 ι.
3374 1281 3517 1349 17.),
3548 1283 3601 1336 id
3626 1295 3739 1347 est,
3766 1300 3858 1340 nec

2266 1353 2632 1421 magisterium
2673 1353 2885 1423 aliquod
2931 1367 3029 1405 nec
3062 1351 3400 1423 privilegium
3445 1354 3739 1423 requisivi,
3768 1357 3856 1409 sed

2266 1432 2444 1493 Slillllll
2482 1423 2691 1476 vocanti
2737 1439 2823 1493 me
2873 1422 3219 1490 liedeniptori
3270 1431 3459 1477 nostro
3510 1422 3583 1477 ita
3640 1427 3856 1493 proinde

2268 1478 2451 1564 [Forte
2497 1490 2765 1563 prompte]
2796 1502 2852 1546 et
2881 1478 3108 1564 impigre
3141 1496 3323 1560 parui,
3360 1503 3421 1546 ut
3451 1494 3517 1546 ad
3550 1478 3693 1562 opus
3734 1478 3861 1564 pra;

2266 1562 2555 1617 dicationis
2582 1562 2913 1634 ingrederer.
2948 1563 3090 1632 Ergo
3118 1573 3172 1617 et
3200 1574 3473 1632 pastorem
3508 1562 3775 1633 pecudum
3807 1584 3861 1622 se

2269 1634 2457 1688 beatus
2483 1638 2646 1689 Amos
2675 1634 2970 1703 proliletur,
2999 1636 3140 1687 nulla
3162 1637 3226 1686 ad
3250 1650 3389 1702 opus
3413 1637 3518 1690 hoc
3540 1636 3855 1700 ambitione,

2267 1708 2362 1759 sed
2396 1706 2510 1759 sola
2551 1706 2792 1775 vocantis
2820 1703 2982 1775 546
3028 1706 3294 1759 electione
3334 1706 3574 1770 venisse,
3610 1708 3703 1775 qui
3746 1710 3863 1762 dicit

2266 1776 2335 1826 ad
2364 1776 2709 1856 nte_linquit),
2752 1774 2918 1840 Vade,
2950 1775 3195 1845 proiilteta
3224 1777 3293 1856 ad
3322 1774 3763 1856 populunimeum
3783 1780 3864 1856 ls-

2194 1827 2237 1887 Β
2266 1847 2398 1918 rael.
2417 1827 2431 1918 ξ
2560 1827 2709 1910 ait;
2726 1827 2847 1915 qua
2873 1827 3057 1913 *éu'pm'
3100 1827 3516 1918 comininranrter
3531 1827 3761 1918 nisi}:
3776 1827 3863 1904 [ιὲ-

2270 1915 2430 1970 buisti
2462 1927 2549 1980 tu,
2577 1933 2611 1969 ο
2637 1919 2882 1980 Amasia,
2915 1926 2970 1970 et
2995 1932 3183 1970 omnes
3215 1917 3286 1969 tui
3323 1915 3620 1987 participes
3664 1936 3774 1973 non
3811 1934 3864 1975 ut

2268 2001 2420 2058 mea,
2453 1987 2551 2041 sed
2584 1988 2677 2041 Dei
2709 2003 2805 2058 per
2834 2002 2919 2041 me
2952 1987 3218 2055 loquentis
3248 1987 3395 2041 diem
3433 2004 3745 2058 suseipere,
3775 2010 3865 2048 nec

2266 2057 2513 2112 dubitare
2539 2059 2683 2131 quod
2717 2057 2810 2111 Dei
2848 2061 3122 2131 voluntate
3151 2074 3214 2111 ea
3244 2073 3368 2126 qua:
3398 2057 3631 2114 ventura
3674 2076 3865 2131 cogno-

2267 2143 2479 2194 veram,
2528 2130 2850 2202 nuntiarem.
2881 2129 3033 2202 Quod
3068 2132 3399 2202 nenescias,
3431 2131 3625 2202 accipe
3655 2129 3865 2202 experi-

2266 2209 2506 2253 mentum
2528 2201 2669 2266 ejus,
2696 2201 2785 2267 qui
2818 2198 2869 2252 iti
2901 2214 2987 2253 me
3013 2201 3247 2267 l0quitur
3269 2199 3499 2255 Christi.

2343 2268 2490 2344 Uxor
2514 2278 2602 2323 tua
2629 2272 2681 2323 in
2711 2273 2911 2344 civitate
2932 2269 3291 2344 fornicabitur,
3313 2273 3413 2336 lilii
3434 2275 3511 2326 tui
3533 2284 3583 2327 et
3617 2275 3746 2344 ﬁlia
3773 2287 3865 2330 tu

2266 2340 2321 2393 in
2356 2342 2530 2410 gladio
2559 2344 2769 2405 cadent,
2806 2351 2854 2393 et
2891 2342 3076 2393 humus
3112 2352 3206 2410 tua
3236 2342 3471 2409 funiculo
3515 2340 3774 2401 metietur.
3807 2349 3865 2401 Et

2269 2420 2325 2487 tu
2351 2409 2405 2464 in
2434 2420 2573 2465 terra
2602 2414 2801 2487 pollutis
2830 2413 3082 2487 morieris,
3106 2421 3151 2465 et
3180 2409 3346 2487 Israel
3372 2415 3614 2487 captivus
3640 2421 3865 2487 migrabit

2268 2483 2332 2534 de
2356 2494 2494 2535 terra
2514 2499 2628 2557 sua.
2652 2482 2787 2548 Quid
2808 2496 2936 2557 ergo
2961 2484 3055 2536 tibi
3084 2486 3303 2551 prodest
3330 2482 3525 2539 audire
3558 2482 3862 2557 nolle—quod

2271 2567 2492 2607 necesse
2539 2555 2737 2608 habeas
2786 2555 3075 2617 sustinere,
3102 2567 3223 2607 cuin
3256 2570 3363 2608 non
3406 2566 3458 2609 te
3487 2555 3865 2615 dennnciaiitis

2268 2625 2436 2678 verba
2465 2625 2736 2689 crucient,
2769 2624 2864 2677 sed
2907 2626 3125 2677 vulnera
3179 2629 3580 2694 persequentis.
3640 2631 3863 2685 Proinde

2272 2704 2329 2746 ut
2359 2699 2560 2748 sentias
2588 2696 2733 2748 nulla
2761 2708 2877 2747 arte
2903 2695 3301 2764 impendentem
3331 2699 3727 2755 removendam
3753 2717 3864 2757 seu-

2272 2766 2522 2830 teiitiam,
2572 2766 2805 2834 praedico
2853 2781 3093 2820 omnium
3141 2775 3194 2819 te
3249 2766 3540 2822 aﬂ'ectuum
3602 2781 3863 2827 tormenta

2268 2850 2552 2910 sensurum
2572 2876 2588 2900 ,
2621 2836 2808 2910 idest,
2840 2852 2960 2910 qua:
2990 2837 3233 2910 maritus,
3260 2854 3381 2906 qua:
3412 2851 3590 2908 pater,
3614 2858 3736 2910 qua:
3763 2845 3863 2897 cla-

2270 2920 2363 2960 rus
2391 2908 2524 2961 civis
2567 2906 2818 2974 excipiat.
2854 2907 2997 2961 UXor
3040 2908 3185 2962 enim
3234 2920 3321 2962 tua
3375 2925 3483 2963 non
3532 2906 3861 2968 clandestina

2273 2978 2600 3043 turpitudine
2635 2979 2916 3045 polluetur,
2947 2979 3038 3032 sed
3071 2984 3121 3031 in
3154 2980 3329 3032 medio
3353 2980 3505 3034 urbis
3532 2985 3861 3039 vincentium

2271 3047 2476 3101 libidini
2506 3048 2840 3122 subjacelnt,
2871 3060 2925 3103 et
2949 3051 3171 3122 liberos
3201 3063 3319 3103 tuos
3348 3052 3581 3119 gladius,
3618 3065 3671 3109 te
3719 3071 3863 3122 spec-

2273 3128 2440 3192 tante,
2463 3121 2549 3172 cui
2597 3135 2701 3172 non
2730 3119 2904 3192 liceat
2947 3120 3149 3187 lugere,
3182 3126 3454 3192 vastabit:
3494 3133 3667 3192 tuque
3714 3119 3863 3183 simul

616 3184 700 3257 ite,
748 3184 873 3264 lioc'
895 3184 1057 3243 etiam
1110 3189 1499 3264 pr0plietaruni_
1532 3185 1691 3240 dictis
1732 3184 2162 3263 laciliusnnove-
2190 3198 2237 3261 ο
2280 3191 2545 3264 dedecore
2571 3200 2626 3244 et
2659 3190 2890 3264 orbitate
2934 3184 3212 3264 perculsus
3242 3190 3296 3244 in
3326 3201 3471 3247 terra
3504 3184 3711 3264 polluta
3758 3213 3863 3252 ino~

577 3252 791 3314 bantur.
819 3252 1142 3315 Sacerdotes
1164 3252 1290 3313 vero
1310 3267 1365 3312 et
1391 3259 1677 3326 optimates
1702 3271 1823 3326 cum
1853 3253 1996 3326 regis
2023 3252 2164 3308 vitiis

576 3331 761 3387 faVere
780 3332 1190 3394 contenderent,
1220 3329 1562 3399 respuebant,
1592 3330 1700 3380 imo
1718 3325 2163 3399 criminabantur,

574 3412 629 3454 et
662 3404 705 3455 si
740 3405 964 3465 liceret,
995 3396 1395 3455 interficiebant
1422 3401 1687 3452 salutares
1716 3404 2027 3465 magistros.
2056 3396 2164 3449 Sed

574 3471 821 3526 lectionis
850 3472 1092 3526 ordinem
1137 3485 1546 3540 prosequamur.
1571 3469 1723 3540 ACum
1753 3482 1882 3534 ergo
1909 3466 1975 3517 ad
2004 3464 2163 3519 Jeru-

572 3541 729 3596 boain
759 3558 974 3611 regem,
1007 3538 1201 3610 quibus
1242 3538 1534 3594 adversum
1567 3538 1657 3592 Dei
1690 3544 2005 3607 prophetam
2035 3550 2161 3589 suc—

573 3616 727 3666 cendi
758 3623 964 3677 posset,
995 3612 1244 3665 mandata
1271 3612 1534 3674 misisset,
1561 3624 1665 3662 non
1688 3618 1971 3661 contentus
1998 3611 2160 3660 tinem

574 3684 791 3736 excitati
820 3684 972 3750 quasi
998 3681 1307 3735 certaminis
1340 3683 1672 3749 praestolari:
1701 3678 1796 3731 sed
1828 3686 1886 3731 ut
1909 3693 2161 3745 quocum.

577 3770 683 3819 que
731 3756 891 3805 modo
922 3769 1005 3806 vir
1032 3761 1249 3806 sanctus
1279 3754 1553 3820 fugaretur
1582 3760 1867 3817 exoptans,
1892 3752 1958 3800 ad
1990 3750 2161 3817 ipsum

572 3824 892 3876 coliciliator
922 3826 1174 3876 accessit.

654 3894 1032 3947 Vers.12.15.
1065 3920 1138 3932 -
1176 3892 1241 3946 Et
1287 3894 1419 3947 dixit
1461 3893 1694 3945 Amasias
1736 3888 1804 3941 ad
1841 3890 2015 3947 Amos,
2065 3888 2164 3954 Qui

572 3965 733 4031 uides,
766 3965 999 4035 gradere,
1031 3964 1149 4033 fuge
1179 3966 1232 4017 in
1260 3974 1452 4035 terram
1470 3962 1664 4035 _Juda.f,
1707 3966 1909 4035 comede
1939 3960 2022 4035 ἰὸί
2070 3977 2163 4035 pa-

572 4051 714 4095 nem,
741 4030 788 4088 ei
812 4038 879 4087 ibi
910 4030 1255 4105 prophetabis.
1289 4034 1352 4087 Et
1381 4037 1435 4087 in
1461 4032 1639 4088 Bethel
1665 4049 1767 4085 non
1788 4030 2003 4098 adﬁcies
2026 4034 2163 4105 ultra

576 4117 631 4158 ut
655 4101 937 4172 prophetes,
964 4101 1086 4175 quia
1107 4106 1417 4174 santiﬁcatio
1438 4106 1569 4176 regis
1588 4114 1692 4176 est,
1715 4113 1763 4156 et
1793 4106 1975 4176 domus
1995 4101 2159 4176 regni.

576 4177 821 4231 Metuens
846 4174 1032 4241 credo,
1068 4192 1133 4230 ne
1155 4179 1452 4231 reverentia
1494 4174 1767 4245 prophetae
1813 4174 1976 4227 etiam
2021 4174 2163 4240 regis

580 4248 874 4316 indignatio
904 4251 1224 4312 l’reiiaretnr,
1256 4262 1349 4315 per
1377 4248 1612 4321 seipsuin
1644 4247 2038 4321 tentaviteuin
2066 4258 2165 4321 ex:-

576 4314 801 4385 pellere,
830 4327 885 4372 et
911 4333 1033 4371 cum
1075 4314 1279 4370 honore
1319 4318 1687 4386 compellans:
1723 4314 1825 4379 Qui
1858 4314 2028 4376 vides,
2073 4314 2160 4386 abi

574 4389 783 4456 inquit,
813 4398 868 4444 et
915 4390 979 4441 ad
1012 4392 1239 4442 vicinam
1266 4389 1416 4443 Judie
1447 4385 1687 4455 confuge
1729 4386 2041 4456 regionem,
2073 4385 2161 4439 ubi

572 4470 628 4511 et
654 4455 839 4514 ’vivere
862 4468 975 4512 tuto
1002 4458 1180 4512 valeas
1201 4471 1255 4512 et
1275 4462 1490 4513 docere.
1517 4458 1626 4511 Hoc
1647 4471 1775 4509 vero
1802 4461 1940 4517 loco,
1967 4455 2018 4507 id
2041 4464 2125 4508 est
2143 4494 2157 4518 ,

573 4530 790 4591 Dethel,
827 4532 877 4583 in
911 4545 1019 4597 quo
1044 4530 1268 4596 reSpicis
1296 4532 1469 4582 anlain
1512 4528 1934 4597 fabricatam,et
1958 4526 2160 4579 sancti-

575 4580 1060 4670 lic—atioiiesregis;
1082 4580 1760 4663 vvirtlﬁeli‘cetiﬁsiiiiulacium,
1798 4580 1949 4664 cujus
1979 4610 2163 4649 smnus
2188 4580 2245 4641 υ

571 4672 739 4723 cultui
764 4685 885 4725 cum
928 4676 1045 4740 ipso
1080 4673 1320 4741 priiiCipe
1351 4670 1673 4738 mancipati,
1704 4685 1771 4722 ne
1802 4682 1989 4736 pergas
2022 4670 2165 4719 ulte-

574 4743 686 4811 rius
723 4741 987 4809 ejusmodi
1037 4745 1257 4795 vocibus
1300 4758 1613 4811 personare,
1652 4754 1785 4809 quas
1822 4751 2163 4807 nequaquam

575 4810 831 4881 tibirforte
855 4813 1139 4881 impunitas
1164 4810 1450 4881 intelliges.

652 4880 807 4951 Vers.
824 4880 1035 4951 714.15.
1057 4910 1129 4921 -—
1162 4880 1443 4951 Despondit
1468 4884 1642 4947 Amas,
1673 4889 1722 4933 et
1742 4880 1870 4933 dixit
1898 4880 1965 4931 ad
2004 4881 2164 4932 Ama-

574 4948 707 5002 siam
736 4965 755 5003 :
786 4950 908 5004 Non
935 4968 1051 5004 sunt
1077 4948 1354 5021 prapheta,
1378 4966 1424 5008 et
1455 4970 1555 5006 non
1583 4970 1694 5005 sum
1724 4952 1860 5019 filius
1885 4952 2166 5022 proiilietw,

570 5022 661 5074 sed
689 5025 1029 5093 armentarius
1055 5038 1149 5092 ego
1180 5038 1318 5089 sum,
1348 5028 1587 5078 vellicans
1615 5039 1930 5093 sycomoros.
1956 5030 2020 5073 [ιι
2050 5026 2168 5073 tulit

572 5107 654 5145 nte
678 5091 925 5165 Dominus
948 5109 1060 5145 cum
1078 5091 1310 5165 sequerer
1329 5110 1549 5165 gregem,
1570 5104 1618 5148 et
1640 5091 1765 5165 dixit
1785 5096 1852 5145 ad
1875 5110 1973 5155 me,
1997 5094 2162 5157 Vade,

570 5163 823 5234 propheta
851 5166 921 5216 ad
948 5162 1194 5231 papulam
1222 5162 1389 5218 meum
1420 5162 1631 5218 'lsrael.
1676 5164 1752 5217 De
1795 5164 2165 5218 occasionibus

568 5238 982 5303 responsionum
1020 5236 1183 5289 etiam
1216 5250 1337 5303 qua:
1368 5238 1526 5289 tacita
1568 5245 1693 5287 sunt
1734 5235 2046 5303 plerumque
2081 5236 2161 5287 in-

570 5305 855 5375 telligenda
887 5317 1241 5370 succurrunt,
1271 5308 1409 5360 sicut
1438 5318 1583 5359 nunc
1624 5310 1880 5370 propheta
1899 5342 1916 5369 ,
1954 5321 2076 5358 cum
2105 5305 2157 5359 ei

567 5389 802 5444 aruspex
822 5377 1045 5432 dixisset
1073 5388 1130 5431 ut
1160 5379 1395 5447 fugeret,
1425 5376 1703 5447 respondit
1730 5389 1828 5426 nec
1854 5391 1913 5428 se
1941 5376 2011 5447 de
2033 5390 2157 5447 pro-

567 5447 851 5513 phetarum
873 5451 1203 5503 descendere
1222 5445 1416 5516 stirpe,
1440 5464 1539 5501 nec
1566 5445 1669 5499 hoc
1695 5458 1890 5498 munus
1911 5446 1979 5498 ab
2004 5446 2160 5499 initio

567 5518 894 5585 suscepisse,
923 5535 1023 5575 nec
1052 5522 1172 5575 ideo
1209 5530 1387 5581 tamen
1416 5533 1568 5589 quasi
1598 5518 1734 5571 falsa
1777 5516 2157 5571 vaticinantem

640 5660 667 5689 ι
697 5652 963 5708 hdisserit
998 5654 1414 5724 subsequentem
1442 5655 1765 5711 versiculum
1790 5653 1877 5708 l0.
1912 5653 1980 5709 Et
2019 5656 2156 5709 misit

566 5720 802 5798 Amasins
820 5726 1054 5798 sacerdos
1080 5720 1258 5781 Belliel
1283 5728 1351 5779 ad
1379 5725 1653 5781 Jeroboam
1677 5743 1849 5798 regem
1875 5725 2045 5798 Israel
2072 5728 2155 5780 di-

570 5807 709 5861 cens,
736 5794 1015 5851 Rebellavit
1035 5808 1213 5851 contra
1238 5808 1284 5854 te
1304 5801 1459 5853 Amos
1477 5800 1532 5853 in
1553 5800 1718 5855 medio
1736 5794 1923 5855 domus
1948 5797 2152 5857 Israel:

2270 3260 2447 3337 r._e_ri_s,
2480 3261 2534 3314 id
2562 3269 2680 3337 est.
2710 3261 2796 3314 vel
2844 3277 2902 3337 in
2945 3276 3058 3329 ipsa
3088 3261 3416 3337 iudicarunt
3443 3260 3669 3333 regione
3710 3284 3859 3337 quant

2268 3331 2518 3404 videlicet
2562 3330 2710 3404 prius
2747 3332 3026 3401 sacrilegia
3063 3334 3297 3397 civium,
3330 3330 3593 3404 deinceps
3626 3330 3755 3393 vero
3784 3338 3857 3392 fac

2268 3402 2453 3456 cinora
2481 3400 2714 3454 hostium
2749 3404 3089 3470 polluerunt:
3114 3407 3196 3456 vel
3242 3419 3391 3458 certe
3424 3422 3479 3459 in
3533 3400 3782 3463 barbaris
3805 3408 3861 3463 li-

2269 3473 2446 3537 nihus,
2474 3486 2608 3539 quos
2636 3486 2849 3544 semper
2878 3488 2999 3526 esse
3024 3471 3049 3510 δ
3080 3474 3434 3540 politissimos
3456 3480 3790 3544 :estimastis,
3814 3490 3861 3534 et

2268 3543 2430 3618 Israel
2480 3544 2534 3597 in
2566 3543 2785 3618 exilium
2817 3544 3029 3598 turbine
3068 3546 3390 3614 captivuatis
3430 3548 3707 3618 abigetur.
3760 3543 3857 3607 Sed

2267 3613 2543 3667 videamus
2562 3623 2620 3667 et
2644 3615 2873 3683 reliqua.

2814 3726 3092 3807 vcarur
3138 3727 3274 3785 an

2342 3818 2491 3873 Vers.
2518 3815 2655 3872 L-5.
2688 3847 2751 3858 —
2780 3816 2907 3872 Iltec
2935 3820 3152 3890 ostendit
3178 3822 3304 3874 milii
3332 3820 3591 3877 Dominus
3634 3824 3791 3890 Deus,
3815 3835 3858 3881 et

2263 3905 2377 3943 ecce
2400 3890 2619 3943 uncinus
2646 3904 2934 3956 pomorum.
2960 3889 3023 3942 Et
3046 3891 3210 3944 dixit:
3238 3893 3376 3955 Quid
3404 3902 3463 3946 tu
3490 3896 3656 3959 vides,
3679 3889 3858 3951 Amos?

2266 3959 2336 4031 Et
2376 3962 2515 4024 dixi,
2543 3959 2799 4013 Uncinum
2828 3976 3113 4029 pomorum.
3140 3960 3208 4014 Et
3230 3962 3363 4017 dixit
3393 3964 3651 4019 Dominus
3677 3975 3743 4019 ad
3767 3985 3856 4031 me,

2275 4030 2423 4109 Venit
2450 4033 2567 4100 ﬁnis
2593 4046 2745 4101 super
2774 4032 3021 4101 populant
3049 4047 3216 4109 meum
3243 4031 3422 4109 lsi-aet
3442 4050 3465 4089 :
3490 4053 3601 4109 non
3621 4030 3855 4109 adjiciunt

2266 4108 2402 4156 ultra
2434 4112 2489 4155 ut
2519 4111 2862 4172 pertranseam
2890 4117 3028 4172 eum.
3064 4101 3130 4155 Et
3160 4106 3440 4159 stridebant
3476 4101 3717 4162 cardines
3744 4120 3855 4161 ιιιιι-

2264 4174 2337 4242 pli
2367 4174 2421 4227 in
2449 4170 2686 4246 dieillo,
2715 4174 2835 4246 dicit
2874 4170 3129 4246 Dominus
3174 4175 3314 4229 Deus
3338 4192 3359 4231 .'
3384 4178 3533 4231 multi
3562 4184 3851 4246 morientur,

2265 4247 2319 4296 in
2347 4244 2484 4318 omni
2530 4243 2645 4318 loco
2672 4244 2967 4318 projicietur
3000 4244 3278 4318 silentium.
3316 4247 3496 4316 Usque
3525 4251 3594 4304 ad
3627 4243 3851 4318 praesem

2269 4321 2378 4368 tem
2408 4312 3021 4388 locumrdeuuniiaverat
3047 4312 3555 4388 calamitates,'quai
3584 4312 3849 4376 debeban-

2269 4396 2353 4438 tur
2375 4384 2712 4457 criminibus,
2728 4385 2950 4457 ilixaque
2970 4387 3156 4441 aeterni
3174 4387 3370 4457 judicis
3390 4384 3661 4446 sententia
3688 4392 3849 4447 conti—

2265 4458 2380 4509 neri
2400 4495 2416 4521 ,
2445 4466 2503 4509 ut
2532 4456 2739 4529 profani
2766 4457 3095 4529 neutiquam
3124 4456 3419 4513 evaderent
3450 4464 3723 4529 imputiiti.
3751 4463 3845 4519 Sed

2267 4541 2399 4601 cuin
2424 4529 2577 4594 longa
2611 4528 2711 4578 hoc
2751 4529 3020 4601 sonuisset
3051 4528 3133 4582 vis
3161 4533 3443 4594 orationis,
3472 4528 3616 4586 nunc
3645 4533 3754 4601 jam
3782 4536 3850 4588 fe-
3900 4528 3917 4535 ⁷

2272 4597 2868 4669 ιἐιιάιιιιιιιιᾉιιωιιιηιιιι
2900 4598 3132 4651 vieinum
3161 4610 3320 4653 etiam
3354 4614 3568 4669 tempus
3592 4597 3847 4667 ostendit,

2269 4683 2339 4743 ac
2376 4667 2907 4743 seenttdumgmorem
2951 4672 3364 4743 piophetarum,
3396 4667 3697 4743 imaginem
3739 4692 3848 4743 qua:

2269 4737 2501 4814 idipsum
2546 4741 2899 4814 exprimeret,
2944 4741 3256 4795 intromisit.
3289 4745 3460 4814 Sicut
3500 4737 3649 4799 Enim
3698 4737 3847 4814 supra

2270 4808 2428 4886 trulla
2444 4808 2980 4886 cmmentariicurani
3000 4812 3349 4879 providentiae
3372 4814 3685 4881 publicavit,
3702 4808 3847 4886 quam

2270 4883 2351 4953 de
2381 4894 2541 4933 manu
2570 4896 2666 4932 sua
2694 4879 2859 4953 iudex
2902 4883 3003 4934 sub
3046 4879 3412 4950 indignatione
3453 4879 3738 4953 deponens
3765 4894 3851 4942 do-

2270 4950 2413 5013 cuit,
2443 4952 2583 5019 quod
2611 4965 2705 5004 eos
2737 4948 2849 5018 jam
2895 4948 3181 5021 protegere
3203 4948 3565 5010 cessavisset':
3600 4957 3678 5011 ita
3718 4974 3851 5012 nunc

2273 5021 2601 5074 vicinitatem
2632 5022 2988 5075 damnationis
3027 5025 3352 5090 ostendens,
3400 5030 3667 5094 corripuit
3714 5034 3851 5083 unci-

2274 5107 2400 5145 iium
2432 5107 2741 5167 pomorum,
2774 5094 2824 5167 id
2848 5104 2963 5159 cst,
2996 5110 3153 5162 quem
3182 5095 3257 5148 illi
3292 5096 3492 5150 habere
3519 5102 3733 5166 solent,
3763 5100 3846 5167 qui

2268 5166 2569 5240 ascendunt
2617 5163 2669 5240 in
2710 5162 2933 5218 arbores
2962 5174 3023 5217 ut
3067 5181 3222 5233 poma
3252 5168 3609 5236 distringam,
3640 5184 3698 5225 et
3720 5162 3849 5240 quia

2273 5248 2369 5301 per
2392 5237 2801 5289 teneritudinem
2826 5249 3098 5290 ramorum
3127 5240 3373 5305 progredi
3390 5241 3457 5291 ad
3480 5249 3726 5295 extrema
3751 5237 3849 5295 iion

2268 5316 2514 5372 possunt,
2536 5308 2893 5360 consistentes
2918 5307 2972 5360 in
2993 5307 3187 5372 solido,
3212 5308 3282 5380 ad
3300 5323 3361 5364 se
3383 5309 3669 5365 inﬂectunt
3684 5314 3848 5380 capita

2268 5390 2577 5451 Latinorum,
2630 5392 2783 5451 poma
2823 5392 2945 5445 qua:
2988 5387 3196 5451 matura
3238 5379 3472 5434 viderint
3514 5379 3845 5451 colligentes.

2267 5444 2410 5514 Ergo
2439 5463 2558 5501 cum
2591 5444 2646 5501 et
2667 5444 3101 5515 iudex'aiternus
3123 5450 3233 5517 jam
3274 5459 3633 5519 opportunam
3648 5444 3844 5509 'cerne-

2265 5526 2350 5571 ret
2374 5520 2627 5573 ultionem
2644 5557 2660 5585 ,
2685 5520 2836 5588 quasi
2866 5521 3191 5575 maturuisse
3215 5521 3281 5575 ad
3307 5524 3709 5592 suscipiendam
3734 5538 3843 5580 eain

2257 5674 2359 5743 non
2388 5660 2572 5743 poterit
2592 5669 2727 5716 terra
2744 5662 2993 5743 sustinere
3013 5660 3277 5743 universas
3297 5681 3557 5743 sermones
3573 5673 3710 5743 ejus.

2331 5729 2358 5769 δ
2390 5729 2619 5814 Omnino
2640 5734 2860 5814 rescribi
2888 5733 3049 5814 velim
3076 5736 3471 5814 pollutissimos,
3499 5729 3616 5802 ιοιᾶ
3641 5745 3696 5803 id
3719 5742 3841 5801 Pro-

2257 5801 2434 5873 pheta:
2458 5811 2616 5873 atque
2641 5804 2955 5874 interpretis
2975 5801 3227 5863 contextu
3251 5801 3526 5881 exigente.
