4110 6350
266 349 403 404 ιοειδ

1402 341 1464 395 i.\'
1509 344 1545 395 Α
1559 340 1691 395 .ilOS
1731 338 2289 395 COMMENTARIUS.

3385 344 3522 397 1094

258 460 482 528 pupillus
514 456 639 511 fecit
680 454 940 523 intelligi,
972 454 1391 528 pronunciatqne
1419 470 1629 528 manus
1656 469 1837 508 susce-
1871 455 1913 513 Λ
1946 455 2148 528 scelera
2179 450 2497 528 rniscuisti_s._
2520 450 2754 528 Quando
2775 451 2942 515 enim,
2967 453 3229 528 aiebatis:
3261 455 3521 511 Transibit

259 525 398 594 pisse
421 529 689 591 vindictte,
716 542 812 579 nec
835 527 1052 578 ulterius
1076 526 1391 585 impunitum
1417 525 1659 578 Israelem
1681 540 1837 591 posse

254 604 572 655 consistere.
588 597 706 650 Non
720 597 959 664 adjiciam
973 598 1109 647 ultra
1125 604 1178 646 ut
1194 608 1532 664 pertranso‘am
1551 611 1685 656 eum,
1702 596 1840 649 sicut

261 670 530 729 videlicet,
581 668 896 721 colleCtores
947 681 1219 731 pontorum
1270 683 1386 730 quae
1441 665 1613 717 adhuc
1648 668 1837 719 acerba

261 742 469 798 vidi-nt,
505 745 895 805 pertranseunt,
924 750 1042 803 qua:
1068 750 1196 787 vero
1218 749 1333 788 sunt
1361 734 1472 787 esui
1503 745 1620 797 apta
1655 737 1840 805 det-er-

261 823 409 877 puni.
449 804 589 875 Ergo
626 808 733 874 jam
778 817 985 868 tempus
1029 805 1309 877 implendas
1346 805 1626 877 sententiae
1660 804 1838 877 nnc_ini

261 874 428 937 forma
482 874 836 932 monstravit:
868 890 962 929 eus
1004 876 1233 931 scilicet,
1268 876 1354 939 qui
1387 874 1699 926 videbantur
1746 874 1843 926 llo-

262 968 381 1007 rere
419 950 617 1003 divitiis
647 956 701 1000 et
740 945 1011 999 abundare
1054 943 1210 1014 547
1240 944 1384 1006 liliis,
1415 947 1479 996 ad
1512 944 1687 1014 debita
1715 959 1844 1009 sup-

262 1021 417 1087 plicia
461 1016 837 1086 pertraltentis.
875 1013 1169 1087 Stridebunt
1214 1013 1649 1087 cardinestempli
1674 1015 1841 1087 in‘die

260 1083 382 1155 illa,
426 1083 549 1142 dicit
598 1087 881 1148 Dominus;
922 1086 1067 1137 multi
1103 1086 1423 1136 morientur:
1450 1086 1502 1136 in
1548 1085 1683 1135 omni
1729 1083 1842 1136 loco

263 1154 562 1231 proficietur
587 1154 1006 1231 silentiumrNee
1043 1156 1347 1231 ambiguum
1396 1164 1842 1231 putes,_o_t_u_po—

265 1224 409 1299 pule.
441 1229 567 1297 quid
615 1231 728 1299 haec
764 1225 938 1299 nncini
984 1224 1151 1277 forma
1190 1224 1844 1299 denutittet:_8tridebunt

262 1294 499 1356 cardines
528 1297 738 1366 templi:
771 1297 821 1348 id
851 1306 960 1358 est,
992 1310 1111 1347 cum
1143 1295 1362 1348 urbibus
1398 1294 1612 1347 delubra
1640 1296 1841 1359 omnia,

264 1374 316 1427 in
367 1373 561 1439 quibus
610 1367 793 1427 liditis,
849 1372 1215 1439 destrueniur,
1268 1380 1440 1439 neque
1486 1367 1625 1417 enim
1652 1366 1846 1439 “janum

264 1435 452 1496 eorum
481 1439 680 1494 sensim
709 1452 805 1504 pro
845 1435 1209 1487 Venerantiuin
1248 1436 1585 1489 recludentur
1610 1437 1802 1488 ol'liciis
1828 1452 1843 1488 :

264 1522 519 1568 caeterum
552 1510 599 1563 vi
630 1506 1048 1573 expugnantium
1098 1504 1437 1565 dissilibunt,
1469 1518 1519 1559 et
1567 1507 1845 1573 proiauunt

264 1584 456 1649 vulgus
482 1582 701 1635 confusa
732 1577 878 1631 caede
910 1580 1204 1649 morietur:
1238 1578 1421 1649 sicque
1467 1578 1696 1649 compita
1728 1591 1847 1649 quae

266 1647 609 1706 multitudine
652 1649 843 1701 civium
889 1648 1327 1713 perstrepebant,
1378 1648 1581 1714 lugubri
1626 1647 1843 1699 silentio

265 1725 692 1787 complebantur.
717 1717 1000 1787 Videretur
1023 1726 1199 1770 autem
1224 1717 1439 1769 nomine
1465 1717 1668 1783 templi,
1694 1716 1848 1785 cujus

264 1798 340 1847 ait
366 1786 617 1846 cardines
660 1789 909 1850 stridere,
940 1786 1090 1840 Judae
1129 1802 1340 1857 quoque
1373 1787 1762 1849 calamitatem,
1795 1796 1848 1841 et

268 1862 454 1931 templi
478 1862 617 1929 apud
637 1858 930 1914 Jerusalem
962 1859 1115 1931 positi
1132 1856 1159 1923 ,⁷
1181 1856 1813 1931 denuntinrepernicietn
1833 1896 1849 1919 ,

270 1927 547 1988 nisi'totu‘s
574 1934 686 1997 ipse
708 1938 987 1981 contextus
1009 1927 1193 1980 deCem
1222 1931 1426 1993 magnis
1456 1927 1698 1980 tribubus
1724 1944 1852 1981 con-

268 2005 501 2060 veniret.
527 2004 664 2072 Ergo
686 2000 802 2072 ejus
820 1997 1266 2072 cardines_templi
1287 1998 1811 2072 convellendosdixit
1829 2038 1849 2068 ,

268 2075 338 2129 de
378 2090 485 2143 quo
525 2084 579 2127 et
602 2066 862 2139 'superius
902 2067 976 2143 ait
1019 2067 1179 2137 (Cap.
1204 2072 1330 2143 7._u.
1359 2066 1851 2143 9.),_Demolientur

268 2137 470 2200 excelsa
507 2143 663 2205 idoli,
688 2137 740 2195 et
777 2139 1207 2205 sanctiﬁcationes
1253 2138 1417 2192 Israel
1464 2137 1850 2202 desolabuntur,

267 2226 325 2272 et
357 2224 475 2284 post
506 2223 531 2251 ι
561 2227 722 2282 pauca
762 2214 997 2284 apertius
1025 2228 1038 2262 :
1067 2209 1169 2284 Qui
1205 2211 1399 2284 juravit
1433 2210 1485 2260 in
1529 2210 1714 2284 deiicto
1748 2210 1852 2284 Sa-

271 2278 469 2350 marite,
493 2294 547 2338 et
562 2278 745 2337 dixit:
784 2280 918 2334 Vivit
952 2278 1369 2334 Dontinus'Ueus
1409 2288 1545 2344 tuus,
1580 2279 1695 2332 Dan
1716 2319 1732 2346 ,
1762 2282 1856 2334 uite

271 2356 537 2412 Bersabee:
560 2355 761 2417 cadent,
787 2362 833 2404 et
858 2367 957 2403 non
980 2364 1238 2421 resurgent
1263 2353 1417 2403 ultra.

350 2428 500 2481 νει-ε.
529 2426 672 2478 4.-6.
697 2454 768 2466 ——
802 2422 987 2475 Audite
1012 2420 1127 2486 hoc,
1158 2422 1246 2490 qui
1272 2420 1529 2473 conteritis
1562 2437 1853 2491 pauperem,

274 2507 323 2552 et
367 2497 580 2564 defit-ere
629 2496 799 2562 facitis
847 2509 1028 2562 egenos
1071 2503 1254 2555 terrte,
1318 2492 1594 2545 Dii-entes:
1638 2494 1856 2556 uitanda

276 2569 513 2621 transibit
537 2567 723 2619 mensis
749 2608 763 2630 ,
808 2575 856 2616 et
900 2565 1304 2616 venundabimus
1348 2578 1534 2614 merces
1558 2578 1576 2614 :
1604 2574 1648 2614 et
1691 2564 1861 2618 Saba-

275 2640 439 2701 tltum,
461 2649 508 2690 et
535 2639 818 2704 aperiemus
840 2636 1147 2701 frumentum
1173 2674 1189 2701 ,
1236 2644 1288 2685 ut
1327 2634 1684 2685 imminuamus
1714 2651 1858 2689 nien-

274 2725 453 2763 suram
479 2749 495 2773 ,
527 2716 573 2759 et
602 2722 878 2776 augeamus
899 2706 1113 2766 siclum,
1163 2714 1211 2756 et
1254 2718 1603 2772 supponanius
1637 2714 1860 2758 stateras

276 2781 503 2833 dolosas.
549 2777 614 2833 Ut
639 2778 985 2845 possideamus
1007 2776 1058 2826 in
1081 2782 1292 2840 argento
1314 2789 1512 2845 egenos,
1540 2783 1588 2825 et
1612 2791 1860 2841 pauperes

277 2867 372 2916 pro
400 2844 754 2904 calceamentis
780 2887 794 2909 ,
843 2854 903 2916 et
933 2845 1229 2916 quisquilias
1269 2844 1510 2913 frumenti
1564 2846 1859 2916 vendamus.

276 2914 471 2976 Iisdem
530 2921 764 2997 regulis.
820 2915 1009 2985 quibus
1048 2915 1316 2968 institutus
1361 2924 1482 2973 est.
1536 2914 1862 2997 proplinetalis

277 3006 462 3045 sermo
485 2993 807 3049 contexitur,
833 2998 892 3040 ut
915 3002 1213 3055 quanquam
1242 3000 1402 3047 super
1431 2999 1608 3037 omnia
1638 2993 1861 3039 crimina

277 3065 479 3115 cultum
508 3074 721 3115 acetiset
756 3057 1015 3111 idolorum
1042 3098 1057 3119 ,
1105 3072 1210 3123 quo
1238 3056 1518 3119 videlicet,
1552 3055 1864 3111 deserentes

282 3133 448 3186 Deum
469 3175 486 3201 ,
522 3128 877 3199 profanissimi
910 3128 1298 3201 reddebantur:
1335 3141 1508 3201 tamen
1536 3125 1695 3179 etiam
1715 3126 1861 3201 Aal'as

1882 1833 1929 1891 B

1944 524 2148 587 mensis,
2177 533 2224 575 et
2248 522 2642 597 renumlabimus
2670 539 2857 577 merces
2882 538 2900 575 :
2933 535 2976 577 et
3005 525 3302 591 saliat/ium,
3327 538 3372 580 et
3398 546 3517 597 ape.

1941 594 2128 645 riemus
2152 597 2496 660 frumentum,
2524 604 2579 644 ut
2610 596 2969 647 imminuamus
2993 611 3314 660 mensuram,
3351 607 3399 650 et
3428 594 3521 652 im-

1940 679 2149 731 geamus
2175 665 2355 715 siclnm
2394 675 2441 715 et
2482 680 2826 732 supponomas
2869 675 3086 719 stateras
3126 666 3348 721 dolosas.
3402 668 3516 726 Non

1943 733 2118 806 minus
2145 747 2272 800 ergo
2295 734 2550 806 avaritii,
2583 750 2739 802 quam
2768 736 3043 803 iniquitate
3072 747 3383 804 peccantes,
3419 754 3521 806 pn-

1942 802 2134 877 blicam
2157 803 2516 877 expectabatis
2540 802 2884 877 et‘oiitaiiatis
2910 802 3173 871 inopiam:
3215 802 3516 877 quanquam

1944 872 2353 925 luxuriosissitni
2382 889 2578 939 perque
2605 874 2704 929 hoc
2748 876 3050 929 inertissimi
3077 917 3092 937 ,
3145 872 3321 931 tamen
3374 872 3519 934 lasti-

1943 942 2166 1015 diebatis
2183 944 2308 996 feria
2327 944 2725 1009 sabbatlwrum,
2758 946 2877 1011 quia
2909 948 3105 999 indicto
3131 949 3260 1015 otio,
3286 964 3391 1001 uno
3415 951 3525 1005 sal-

1947 1022 2055 1087 tent
2079 1013 2167 1065 die
2195 1028 2288 1087 vos
2316 1028 2344 1063 a
2382 1015 2653 1087 fraudibus
2696 1018 3063 1070 continebant.
3110 1013 3255 1085 Ergo
3280 1021 3521 1087 increpa-

1948 1081 2110 1145 batis,
2144 1085 2331 1149 inquit,
2358 1086 2678 1137 transeuntis
2708 1088 2801 1139 otii
2834 1088 3135 1140 tarditatem
3165 1081 3271 1145 :Vad
3304 1081 3520 1144 actuosa

1946 1152 2197 1225 nimirum
2240 1163 2475 1217 tempora
2524 1156 2873 1217 festinantes,
2924 1160 2977 1209 in
3026 1159 3218 1225 quilms
3266 1162 3522 1214 esurienti

1947 1221 2141 1288 pupillo
2165 1226 2373 1288 magnis
2404 1225 2593 1289 precits
2610 1229 2908 1279 venderetis
2940 1221 3055 1281 non
3072 1230 3245 1282 solum
3280 1234 3520 1284 frunien-

1947 1300 2020 1366 ta,
2053 1292 2147 1366 sed
2176 1291 2336 1366 etiam
2383 1296 2693 1366 quisquilias
2717 1339 2732 1361 ,
2778 1312 2909 1363 quas
2941 1299 3120 1363 utique
3154 1300 3413 1366 projicere
3435 1318 3525 1355 so-

1948 1362 2156 1436 lebatis,
2187 1363 2305 1436 talia
2328 1365 2467 1429 apud
2495 1381 2586 1418 vos
2606 1379 2783 1419 mutua
2798 1362 3077 1432 iniquitate
3098 1362 3436 1436 meditantes,
3471 1382 3529 1426 ut

1949 1434 2264 1506 possidentis
2287 1436 2601 1506 inhargento
2627 1451 2855 1504 egenos,
2888 1446 2943 1490 et
2986 1454 3244 1505 pauperes
3294 1458 3389 1506 pro
3418 1434 3526 1494 cal-

1949 1502 2262 1575 ceanientis.
2331 1504 2464 1557 Cum
2500 1522 2625 1573 ergo
2662 1502 2756 1559 vos
2790 1509 2856 1559 ita
2880 1502 3153 1575 gesseritis
3184 1502 3529 1566 humanitatis

1950 1573 2196 1625 inimicos
2223 1612 2238 1636 ,
2291 1582 2349 1645 nt
2374 1589 2479 1641 quo
2529 1578 2690 1629 eratis
2733 1573 2943 1631 caeteris
2983 1579 3208 1632 ditiores
3233 1622 3248 1645 ,
3302 1584 3402 1635 hoc
3432 1598 3527 1636 vos

1948 1645 2275 1715 crutletiores
2305 1644 2501 1698 civium
2536 1649 2686 1699 turba
2728 1648 2987 1702 sentiret:
3036 1660 3089 1701 et
3138 1644 3241 1704 neci
3286 1652 3398 1715 ipsa
3433 1668 3527 1708 vos

1951 1726 2129 1766 rerum
2161 1712 2309 1780 copia
2341 1715 2405 1767 ad
2430 1716 2761 1784 largiendum
2785 1728 3021 1782 vocaret,
3060 1721 3265 1774 debetis
3292 1712 3529 1785 profecto

1956 1786 2154 1836 nullam
2199 1786 2455 1861 consequi
2503 1789 2816 1861 abin-terno
2854 1788 3037 1861 judice
3082 1791 3524 1861 misericordiam,

1957 1855 2404 1933 quainprosiniis
2435 1858 2629 1933 vestris
2662 1869 2804 1912 tanta
2849 1855 3243 1925 Obstitiatione,
3279 1855 3529 1933 tantaque

1957 1923 2287 1987 impudentia
2320 1926 2641 1993 denegastis.

2031 1994 2183 2047 Vers.
2217 1998 2268 2048 7.
2288 2022 2359 2036 ιε-
2382 1995 2580 2050 Juravit
2608 1999 2856 2053 Dominus
2883 2002 2933 2052 in
2958 2001 3245 2063 superbiam
3265 2001 3427 2055 Iacob
3444 2041 3461 2066 ,
3487 2003 3534 2057 si

1956 2066 2140 2117 oblitus
2166 2066 2309 2135 fuero
2338 2084 2495 2137 usque
2514 2072 2580 2120 ad
2601 2072 2753 2137 finem
2780 2073 2948 2123 omnia
2969 2087 3121 2137 opera
3142 2088 3333 2125 eorum.
3376 2083 3399 2111 ε
3426 2074 3534 2127 Ma-

1955 2136 2284 2207 gnitudinem
2317 2136 2613 2207 iniquitatis
2645 2150 2767 2201 tum,
2799 2156 2832 2193 ο
2862 2140 3052 2206 Israel,
3094 2140 3366 2196 Creatoris
3395 2144 3533 2197 indi—

1956 2206 2135 2273 gnatio
2165 2206 2467 2277 ppulicavit,
2492 2211 2581 2277 qui
2609 2225 2668 2264 se
2695 2212 2854 2265 etiam
2876 2213 3231 2266 obtestatione
3260 2215 3533 2270 constrin-

1957 2279 2053 2336 xit,
2086 2279 2227 2343 quod
2264 2280 2440 2333 nullus
2476 2289 2553 2333 tot
2580 2282 2839 2335 malorum
2870 2283 3153 2337 immemor
3184 2284 3531 2337 redderetur:

1959 2349 2052 2399 sed
2085 2346 2255 2403 donec
2288 2351 2506 2403 ultimos
2534 2368 2627 2406 eos
2656 2351 2830 2405 liuiret
2858 2354 3025 2407 exitio
3044 2393 3059 2415 ,
3099 2353 3203 2406 vim
3232 2354 3538 2408 severitatis

1959 2416 2281 2473 intenderet.
2321 2420 2494 2473 Simul
2528 2424 2688 2474 etiam
2722 2425 2947 2477 latentes
2989 2438 3200 2477 reorum
3237 2425 3439 2478 detexit
3458 2426 3537 2477 ai-

1961 2487 2151 2553 fectus,
2183 2492 2269 2557 qui
2315 2506 2435 2543 eum
2488 2492 2792 2545 viderentur
2823 2495 2871 2546 in
2906 2494 3090 2547 fraude
3141 2510 3537 2555 mensurarum.

1963 2568 2017 2611 et
2046 2562 2341 2633 poiiderum
2375 2576 2469 2629 per
2494 2566 2664 2615 solam
2696 2563 2969 2616 avaritiam
3003 2564 3291 2633 deliquisse
3315 2607 3330 2628 ,
3367 2568 3419 2618 in
3447 2581 3541 2619 su-

1962 2630 2206 2697 perbiam
2236 2647 2419 2685 eorum
2457 2646 2518 2686 se
2550 2643 2913 2686 Surrecturunt
2937 2630 3218 2687 minatur:
3250 2637 3547 2690 ostendens.

1965 2700 2236 2767 profecto,
2286 2703 2408 2770 quia
2443 2718 2712 2771 nunquam
2744 2704 2815 2757 illi
2865 2712 2942 2757 tot
2988 2704 3211 2759 crimina
3242 2746 3255 2769 ,
3313 2707 3410 2759 nisi
3445 2722 3542 2773 per

1962 2780 2306 2845 contemtum
2336 2773 2465 2845 legis
2512 2778 2892 2838 admitterent,
2944 2785 3104 2845 atque
3154 2788 3208 2829 ut
3256 2779 3540 2843 pecuniam

1964 2838 2268 2912 immodice,
2297 2842 2364 2893 ita
2383 2838 2541 2895 etiam
2569 2854 2828 2912 praecepta
2862 2845 2956 2898 Dei
2988 2838 3165 2900 viliter
3193 2838 3541 2902 mstimarent.

1969 2909 2082 2982 μου
2114 2921 2196 2963 est
2225 2950 2239 2973 ,
2275 2912 2479 2977 inquit,
2530 2917 2668 2982 quod
2731 2909 2914 2969 corum
2966 2916 3157 2970 fastum
3207 2918 3547 2971 contumeliis

1965 2978 2183 3046 ineputn
2214 2978 2562 3055 termino-tis,
2596 2985 2752 3054 longe
2800 2986 3024 3039 ulterius
3052 2988 3309 3040 ellrenata
3341 2986 3542 3055 impio-

1966 3065 2083 3103 rum
2134 3052 2392 3119 processit
2436 3054 2655 3106 audacia
2682 3052 2711 3119 ,'
2750 3067 2990 3109 nostrum
3052 3060 3264 3123 inquam
3318 3052 3547 3113 hausere

1970 3132 2296 3195 contemtum
2322 3140 2333 3174 :
2371 3133 2584 3195 propter
2605 3124 2744 3193 quod
2775 3126 2987 3191 merito,
3010 3126 3098 3195 qui
3129 3142 3247 3180 sum
3279 3130 3548 3195 inspector

280 3204 404 3257 vita:
437 3191 633 3268 partes,
659 3202 707 3254 id
729 3208 831 3260 est,
859 3198 1057 3264 reliqua
1090 3212 1295 3250 murum
1319 3196 1509 3268 delicta
1544 3212 1649 3249 non
1682 3196 1855 3250 sileat:
1888 3191 1935 3254 C
1966 3192 2304 3268 animorum,
2333 3191 2636 3268 superbiam
2654 3210 2849 3268 eorum
2895 3191 3169 3249 detestor:
3218 3209 3267 3268 et
3292 3191 3465 3259 iuraui
3492 3202 3546 3251 in

282 3265 467 3344 sicque
499 3275 581 3327 vel
610 3272 893 3331 ostendat,
949 3270 1089 3344 quia_
1123 3265 1483 3344 magisterium
1532 3268 1661 3335 legis
1695 3281 1861 3344 sacra:

281 3337 532 3397 vitiorum
562 3357 743 3395 arnore
771 3338 1173 3401 conteniserinl,
1206 3342 1284 3389 vel
1311 3339 1494 3406 quales
1519 3352 1725 3390 morum
1757 3337 1867 3391 frn-

282 3427 401 3469 etus
430 3414 677 3483 impietas
719 3411 991 3483 proferat,
1042 3424 1162 3475 quae
1210 3409 1333 3463 licet
1376 3422 1469 3473 per
1516 3423 1705 3461 omnes
1756 3411 1867 3483 lere

284 3479 520 3552 species'
541 3479 899 3550 improbitatis
946 3488 1163 3548 vagetur
1185 3520 1202 3552 _,
1252 3486 1427 3552 tatiten
1450 3493 1585 3552 prie
1617 3549 1625 3552 _
1656 3480 1867 3552 caeteris

285 3548 521 3608 avaritiae
552 3548 769 3608 Studet:
814 3565 933 3618 quae
972 3560 1026 3603 et
1059 3549 1197 3617 apud
1240 3548 1556 3615 Apostolum
1610 3549 1869 3601 idolorum

284 3628 493 3679 servitus
513 3634 730 3678 vocatur
753 3620 897 3691 (Gal.
922 3620 976 3674 5.
1002 3622 1140 3685 20.).
1175 3620 1313 3686 Ergo
1334 3630 1387 3672 ct
1412 3619 1497 3691 hic
1526 3633 1702 3672 sermo
1730 3619 1869 3672 divi-

285 3711 386 3750 nus
415 3713 535 3749 cum
580 3688 871 3758 sacrilegos
901 3693 1200 3757 arguis~et,
1250 3692 1433 3753 eisque
1476 3688 1584 3758 jam
1634 3692 1866 3743 v.cinum

286 3770 580 3820 minaretur
604 3767 845 3826 exitium,
877 3762 1416 3825 etclat'navitsubito,
1448 3759 1597 3828 quasi
1627 3762 1714 3829 qui
1748 3778 1870 3829 pro-

289 3836 540 3890 fanorum
573 3838 734 3889 vellet
764 3848 1013 3902 rumpere
1052 3833 1393 3896 surditatem,
1418 3840 1473 3883 ut
1496 3831 1540 3883 si
1573 3834 1638 3883 de
1668 3832 1873 3885 Studio-

286 3921 404 3959 rum
462 3906 661 3958 meritis
701 3905 1362 3974 judit'arernegligereot,
1410 3903 1504 3954 sed
1553 3918 1675 3974 qua:
1720 3912 1870 3974 erant

286 3975 427 4031 {inda
458 3972 717 4042 pulchris
739 3989 789 4027 et
817 3972 842 4010 δ
872 3973 1062 4026 vilibus
1089 3975 1421 4026 anteferrent
1443 4012 1456 4029 .
1489 3972 1675 4025 saltem
1702 4012 1718 4036 ,
1760 3973 1869 4041 jam

288 4046 450 4100 rebus
479 4044 529 4096 in
558 4057 835 4110 angustum
863 4043 1123 4101 redactis,
1148 4052 1201 4094 et
1247 4052 1404 4094 mota:
1429 4042 1642 4094 ultionis
1665 4042 1873 4109 fragore

287 4114 532 4169 cominus
562 4109 783 4165 sonante
811 4152 824 4173 ,
854 4112 1187 4177 aspicerent,
1234 4109 1286 4162 in
1335 4125 1505 4190 quem.
1530 4124 1680 4190 usum
1714 4125 1872 4177 peca-

287 4187 434 4239 niam
462 4191 867 4252 congregarent,
899 4196 1108 4249 quoque
1137 4195 1244 4234 tete
1277 4187 1873 4252 marsopianiterentur

289 4256 516 4323 implere
539 4249 715 4321 (qua:
764 4252 898 4329 certi
945 4256 1127 4329 essent
1155 4257 1379 4329 ventura
1425 4251 1667 4329 protinus
1698 4252 1749 4302 in
1779 4249 1875 4329 lio-

290 4320 451 4381 suum
484 4331 835 4393 potestatem.
864 4321 1084 4393 Audite,
1117 4320 1324 4393 inquit,
1356 4321 1449 4374 hoc
1485 4322 1570 4387 qui
1596 4320 1874 4393 _conterilis

327 4390 565 4464 aupereiii
590 4434 607 4460 ,
653 4402 701 4448 et
739 4392 957 4461 deﬁcere
983 4392 1150 4462 facitis
1172 4406 1352 4460 egenos
1384 4400 1531 4464 terra:
1559 4390 1874 4464 (Ρεαιειιτ).

327 4415 565 4464 turparem
590 4434 607 4460 ν
653 4415 700 4448 ιι
739 4415 957 4461 (tepuere
983 4415 1150 4462 [unus
1172 4415 1352 4460 8981108
1384 4415 1531 4444 ιεΠω
1559 4415 1735 4463 μ’διιι.
1766 4415 1872 4469 4-1.

290 4415 409 4523 Filii
440 4466 711 4519 hominum
732 4505 748 4530 ,
782 4477 1058 4532 usquequo
1089 4475 1278 4529 graves
1307 4462 1470 4515 corde
1492 4500 1509 4525 ,
1570 4462 1754 4528 utquid
1787 4461 1872 4515 di-

292 4538 457 4607 ligitis
486 4537 776 4607 vanitatem
798 4576 812 4599 ,
842 4544 895 4607 et
917 4532 1493 4607 divitiistnendacibus
1534 4532 1872 4607 impudenter

291 4602 548 4662 initiatis?
580 4606 718 4658 Nliil
749 4605 815 4659 de
846 4603 930 4659 his
959 4602 1142 4657 auxilii
1172 4645 1188 4668 ,
1230 4602 1360 4655 nihil
1391 4603 1499 4656 imo
1529 4604 1703 4656 solatii
1741 4618 1868 4656 sen-

292 4679 437 4734 tietis
463 4721 478 4739 ,
510 4692 629 4745 qua:
668 4676 820 4729 vobis
863 4686 917 4729 et
964 4675 1237 4745 culparum
1286 4686 1523 4745 caussam
1576 4673 1771 4726 iaciunt
1816 4681 1871 4727 et

292 4742 593 4818 pteuaruui.
620 4746 731 4818 Qua
763 4760 858 4815 spe
890 4743 1091 4818 credita
1121 4744 1272 4818 vobis
1297 4782 1313 4807 ,
1358 4742 1708 4818 judicautinm
1748 4759 1869 4818 mu-

298 4814 425 4874 nera
452 4816 761 4885 corrupistis
781 4814 803 4880 ,7
828 4824 887 4870 ut
905 4814 974 4869 de
996 4816 1264 4883 oppressis
1296 4815 1600 4879 necatisque
1630 4816 1876 4881 pauperi-

300 4890 420 4953 bus,
455 4884 624 4959 558’
648 4884 1421 4959 spolia,cruentareciperetis,
1451 4900 1549 4938 nec
1576 4884 1738 4959 ullum
1786 4889 1870 4937 iti-

299 4955 718 5029 dustri'aa'gEnus
758 4955 1342 5029 baberetis_innoxium
1368 4970 1580 5029 ineque
1602 4956 1745 5029 enim
1785 4969 1873 5029 so-

300 5030 412 5085 lum
444 5026 793 5098 corruptione,
821 5026 1201 5080 sententiarum
1237 5028 1287 5079 in
1314 5026 1524 5093 jndiciis
1546 5026 1866 5091 deliquistis,

301 5102 396 5155 sed
425 5100 585 5155 etiam
607 5097 736 5154 cum
768 5097 837 5152 de
863 5110 1111 5166 agrorum
1140 5098 1395 5150 frucdbus
1422 5098 1701 5164 pecuniam
1734 5097 1872 5150 redi-

302 5186 429 5236 gere
471 5171 806 5238 pergebatis,
834 5167 949 5236 ipsa
996 5182 1112 5235 quae
1153 5166 1530 5238 boneste‘geri
1579 5167 1875 5233 potuissent

305 5236 628 5296 commercia
658 5241 956 5297 nolluentes
1023 5251 1293 5291 concessa:
1322 5236 1597 5290 induStria:
1627 5248 1869 5290 votorum

369 5386 397 5414 ι
437 5376 493 5430 ln
520 5371 1045 5451 hujus_scilicet_ilne
1090 5370 1419 5451 capitis,_ulii
1446 5369 1607 5451 paulo
1651 5367 1866 5451 quidem

295 5446 451 5502 aliter
478 5442 631 5500 sacer
674 5444 875 5499 Textus
925 5443 978 5497 in
1023 5444 1201 5497 verbis
1233 5442 1426 5507 liabet,
1461 5443 1554 5494 sed
1582 5442 1705 5509 quia
1749 5442 1870 5493 beic

299 5528 569 5596 tanquam_
597 5516 879 5596 peregrino
921 5514 974 5568 in
1006 5512 1125 5568 loco
1144 5512 1414 5596 iaudatur,
1445 5515 1577 5565 satis
1600 5510 1872 5580 proposito

301 5582 571 5656 est,'quod
599 5582 821 5639 minime
847 5586 899 5637 in
926 5598 1086 5637 sensu
1109 5582 1380 5636 abhorret.

375 5656 402 5695 δ
443 5661 550 5712 Aut
568 5656 775 5709 utilibus
804 5654 1202 5709 rescribendum
1232 5663 1335 5716 est,
1363 5661 1454 5708 aut
1479 5653 1620 5718 vilia,
1643 5658 1735 5705 aut
1755 5666 1877 5720 sup-

301 5728 556 5798 plendum
585 5742 715 5779 vana
740 5725 976 5788 utilibus,
1008 5725 1550 5798 autgtalequidpiam.

378 5808 399 5837 ο
438 5799 566 5863 Quae
593 5805 888 5866 sequuntur
908 5834 923 5861 ,
953 5796 1355 5865 magnitudinem
1382 5793 1665 5864 iniquitatis
1692 5800 1813 5858 tute,
1846 5805 1877 5844 ο

1900 4569 1953 4629 D

1969 3264 2047 3335 ira
2068 3279 2180 3314 mea
2204 3302 2227 3335 ,7
2263 3263 2304 3315 si
2338 3263 2616 3316 introibant
2646 3266 2698 3317 in
2738 3268 2961 3335 requiem
2999 3283 3161 3320 meam
3196 3265 3368 3335 (Psal.
3405 3269 3547 3330 91.).

1969 3331 2099 3397 Quae
2146 3334 2286 3386 enim
2352 3344 2526 3405 potest
2571 3331 2849 3388 censuram
2898 3339 3175 3390 miseratio
3206 3331 3547 3405 temperare,

1971 3418 2090 3454 cum
2127 3406 2214 3456 tali
2268 3404 2549 3458 atrocitate
2596 3417 2926 3473 grassentur,
2977 3420 3033 3460 ut
3080 3404 3549 3465 universaeorum

1971 3476 2119 3540 regio
2146 3482 2412 3548 mereatur
2443 3475 2763 3548 intremere,
2795 3479 3015 3545 cupiens
3053 3492 3237 3533 eorum
3284 3480 3544 3548 pondere,

1972 3558 2105 3613 quos
2133 3545 2427 3614 degeneres
2455 3546 2606 3611 aluit,
2633 3547 2865 3601 liberari.

2048 3614 2195 3668 Vers.
2229 3619 2282 3669 8.
2307 3645 2375 3654 —-
2400 3615 2653 3683 Nunquid
2692 3635 2848 3684 super
2882 3621 2980 3672 isto
3021 3636 3121 3672 non
3163 3620 3555 3674 commovebitur

1972 3694 2125 3761 terra,
2153 3695 2199 3761 et
2225 3688 2411 3761 lugebit
2444 3689 2607 3740 omnis
2638 3689 2888 3742 habitator
2913 3692 3025 3760 ejus
3052 3706 3069 3743 .'
3096 3700 3142 3743 et
3169 3694 3403 3744 ascendet
3424 3708 3555 3761 qua-

1972 3757 2226 3831 sim/luvius
2265 3760 2526 3831 universus
2551 3798 2566 3822 ,
2596 3770 2642 3812 el
2669 3761 2901 3830 ejicietur
2928 3757 2976 3815 et
3010 3762 3197 3831 defluet
3231 3764 3377 3826 quasi
3416 3757 3556 3817 rivus

1974 3826 2197 3898 Δῖθιιριὶ
2224 3832 2246 3881 ?
2284 3830 2420 3893 Quid
2444 3837 2588 3883 esset
2618 3826 2812 3884 terram
2844 3826 3083 3897 moveri,
3101 3832 3241 3901 quod
3274 3848 3366 3901 per
3393 3834 3553 3888 sche-

1976 3914 2059 3950 nia
2094 3902 2527 3973 utique__terroris
2557 3902 2817 3973 edixerat,
2850 3902 3014 3973 549
3036 3904 3274 3969 subjecto
3301 3918 3554 3959 Sermone

1976 3969 2226 4042 pateii'mt
2254 3969 2503 4042 dicendo,
2557 3968 2624 4021 Et
2675 3968 2888 4041 lugebil'
2911 3968 3077 4025 (initiis
3123 3968 3376 4024 habitator
3416 3974 3552 4042 ejus.

1979 4038 2185 4102 Veniet,
2217 4041 2419 4106 inquit,
2446 4039 2572 4091 olim
2604 4038 2863 4106 promissa
2892 4050 2947 4095 et
2978 4044 3234 4095 hactenus
3258 4038 3553 4096 delata'ca-

1976 4110 2191 4182 ptivitas
2216 4124 2245 4182 τΔ
2275 4110 2384 4174 jam
2430 4109 2624 4182 quippe
2673 4110 2888 4165 ultionis
2934 4114 3242 4177 negotium,
3278 4111 3365 4165 ide
3396 4128 3553 4182 quem

1976 4177 2249 4241 supradivi
2279 4179 2561 4232 Sententia:
2589 4188 2785 4233 nostra:
2816 4182 3041 4234 uncinos
3070 4185 3311 4235 attraxit.
3356 4177 3423 4235 Et
3451 4199 3554 4235 nn-

1978 4247 2209 4321 plebitur
2235 4262 2433 4321 omne,
2466 4248 2619 4321 quod,
2643 4260 2749 4303 tam
2774 4261 3097 4321 contentius
3129 4252 3325 4319 promli
3346 4293 3360 4311 ,
3392 4268 3551 4321 quam

1972 4315 2181 4392 juratus
2212 4357 2227 4382 ,
2272 4319 2551 4385 omnisque
2609 4319 3076 4392 Israelispopulus
3107 4315 3209 4375 non
3245 4315 3433 4392 majori
3464 4322 3562 4376 dif-

1980 4390 2238 4455 licultate,
2270 4405 2427 4456 quam
2455 4392 2599 4442 rivus
2630 4388 3130 4459 Egyptinidelicet
3155 4388 3554 4459 Nilusfeflluet,

1977 4470 2139 4538 atque
2170 4462 2235 4512 ad
2268 4460 2516 4539 Assyrios
2544 4461 2790 4539 transire
2816 4470 3057 4539 cogetur.
3111 4463 3270 4539 cuius
3303 4474 3558 4539 temporis

1980 4532 2085 4582 erit
2108 4538 2214 4583 tam
2248 4529 2418 4584 tristis
2442 4542 2497 4583 et
2521 4532 2715 4584 acerba
2767 4531 2929 4585 iacies
2956 4572 2972 4596 ,
2999 4531 3025 4567 (ι
3062 4542 3117 4586 ιιι
3148 4529 3233 4587 die
3258 4529 3435 4587 medio
3477 4534 3559 4587 sol

1978 4600 2242 4655 deiecisse
2286 4610 2342 4654 et
2392 4616 2497 4652 nos
2549 4601 2769 4655 irruisse
2802 4602 3066 4655 videatur.
3134 4603 3207 4657 Ita
3237 4606 3379 4657 enim
3415 4607 3555 4658 nulla

1976 4671 2224 4723 ordinum
2256 4670 2567 4734 distinctio,
2592 4671 2681 4724 lux
2711 4674 2921 4725 consnlii
2950 4674 3092 4725 nulla
3126 4676 3465 4738 remanebit,
3496 4690 3560 4729 ac

1980 4744 2023 4795 si
2054 4742 2349 4809 pa‘lpabiles
2371 4744 2605 4813 tenebra:
2637 4750 2833 4796 terram
2863 4752 2919 4796 et
2943 4745 3138 4798 cteluni
3170 4744 3367 4813 pariter
3395 4748 3559 4800 mise-

1975 4827 2159 4866 rerum
2191 4813 2359 4864 oculis
2387 4812 2755 4865 abstulissent.

2049 4882 2201 4935 Vers.
2226 4884 2321 4954 Vili.
2349 4911 2421 4923 —
2445 4881 2509 4934 Et
2551 4894 2869 4945 convertam,
2905 4882 3103 4952 inquit,
3132 4886 3424 4954 festivitates
3478 4903 3562 4940 re-

1974 4963 2107 5006 stras
2133 4954 2185 5025 in
2214 4953 2407 5005 luctum
2431 4992 2446 5015 ,
2478 4964 2525 5005 et
2562 4955 2730 5006 omnia
2767 4956 2963 5006 cantica
2996 4953 3155 5009 restra
3181 4958 3232 5008 in
3268 4956 3562 5025 planctum:

1977 5033 2022 5076 et
2051 5023 2290 5075 inducant
2314 5040 2469 5091 super
2499 5039 2644 5076 omne
2665 5028 2870 5077 dorsum
2897 5037 3113 5080 vestrum
3141 5023 3363 5091 saccum,
3401 5040 3446 5081 et
3475 5047 3561 5081 sn-

1978 5110 2068 5164 per
2090 5109 2235 5146 omne
2276 5105 2424 5163 caput
2459 5096 2733 5169 calvitium.
2774 5097 2838 5148 lit
2877 5114 3059 5164 ponam
3090 5116 3197 5152 eam
3241 5098 3390 5169 |Ant.
3421 5096 3560 5167 eum]

1977 5166 2122 5231 quasi
2145 5166 2334 5216 luctum
2367 5165 2609 5234 unigeniti
2632 5206 2647 5229 ,
2695 5179 2741 5219 et
2788 5172 3060 5220 novissima
3102 5172 3210 5236 ejus
3242 5165 3392 5234 quasi
3420 5165 3556 5219 dieni

1978 5251 2229 5289 natarum.
2272 5238 2535 5298 Quonam
2567 5254 2672 5291 non
2722 5254 2881 5292 unam
2928 5254 3232 5305 personam,
3264 5241 3357 5289 sed
3391 5253 3563 5306 popno

1974 5370 2161 5438 Israel,
2209 5370 2637 5440 praecedentibus
2676 5380 2930 5442 tanquam
2978 5372 3117 5425 sacri
3167 5369 3373 5424 Textus
3396 5370 3559 5425 verba

1970 5444 2312 5512 jungebatur.
2351 5442 2664 5511 llujusmodi
2695 5448 2950 5510 pleraque
2978 5443 3103 5505 alia,
3138 5454 3192 5495 et
3221 5458 3344 5495 cum
3371 5444 3563 5510 primis

1978 5513 2431 5580 mterpnnctionis
2464 5515 2584 5566 vitia
2605 5556 2620 5579 ,
2652 5513 2795 5565 taciti
2826 5512 3194 5565 etiiendamns.

2049 5580 2076 5620 τί
2118 5584 2456 5650 Explicatutn
2490 5586 2660 5651 pergit
2690 5585 3107 5651 subsequentem
3155 5580 3475 5651 versiculum
3505 5582 3559 5634 9.

1979 5653 2047 5708 Et
2073 5657 2166 5709 erit
2195 5657 2249 5709 in
2270 5656 2354 5708 die
2382 5650 2499 5717 illa,
2528 5654 2652 5704 dicit
2699 5650 2950 5704 Dominus
2977 5650 3133 5711 ουτω.
3178 5650 3370 5703 orcidet
3397 5650 3474 5703 sol
3503 5653 3559 5704 in

1980 5725 2212 5797 meridie,
2254 5734 2302 5778 et
2343 5722 2686 5777 tenebrescere
2706 5724 2893 5790 faciam
2932 5734 3115 5776 terram
3140 5724 3190 5777 in
3223 5725 3305 5776 die
3335 5723 3563 5779 luminis.
