4110 6350
596 306 731 365 1095

1652 297 1901 355 RUFINO
1941 295 2401 355 PRESBYTERO
2439 297 2821 356 ASCRIPTUS

3718 304 3846 362 ιοοσ

596 424 705 478 lum
735 417 892 476 Simul
916 418 1188 473 institutus
1217 427 1394 468 sermo
1420 412 1700 481 designat,
1733 414 1855 467 ideo
1884 424 2157 481 permuta.
2194 417 2239 475 Α
2272 416 2659 485 subjttgandns,
2705 432 2887 469 verum
2933 416 3033 470 alia
3091 420 3297 483 majore
3341 419 3680 483 calamitate,
3713 434 3764 476 et
3789 442 3847 479 ea

596 495 671 549 tio
693 502 745 546 et
769 490 974 543 numeri
1006 487 1262 549 contingit
1287 494 1339 539 et
1367 486 1576 550 generis
1604 502 1616 535 :
1654 495 1710 536 ιιι
1749 494 1858 537 tum
1893 485 2168 549 pluraliter

598 574 709 618 tum
738 561 1079 629 singulariter
1107 557 1422 622 alloquatur.
1453 554 1991 629 Convertnm,inquit,
2025 557 2166 619 μυεη-

597 636 771 689 vitates
792 624 978 684 vcstros
1006 630 1055 679 in
1087 628 1297 686 luctum,
1320 633 1365 675 et
1387 624 1585 675 cantica
1615 636 1777 675 vestra
1802 625 1851 675 in
1884 626 2167 689 planctum,

599 704 651 758 itl
682 714 783 765 est,
808 699 1000 753 aemula
1031 698 1163 750 ltetis
1192 702 1382 746 cuncta
1415 693 1747 765 succedent,
1791 704 1843 746 et
1871 710 1989 761 qua:
2019 695 2169 747 liberi

603 774 667 826 ad
695 764 1011 837 voluptatem
1046 768 1269 832 parasns
1289 803 1302 823 .
1324 765 1498 837 ‘Inctui
1530 764 1776 837 subjirict
1816 765 2052 837 immissa
2082 780 2171 815 ca-

606 832 853 911 ptivitas:
882 850 1213 911 corporaque
1246 832 1506 911 nobilium
1560 835 1807 911 pretiosis
1853 834 2009 899 paulo
2039 842 2173 911 ante

604 904 741 966 lecta
792 905 1162 966 ornamentis,
1212 904 1440 956 cilicium
1494 904 1759 970 pannique
1807 904 2171 958 convestient.

610 980 762 1047 Quod
796 987 963 1030 totum
988 986 1227 1047 tempore
1256 973 1577 1038 captivitatis
1601 973 1909 1047 obtingere,
1946 974 2172 1047 utinam,

607 1043 837 1107 luctione
871 1056 1074 1098 tantmu
1120 1045 1409 1106 indicante,
1459 1057 1758 1097 nossemus.
1793 1044 1898 1097 Sed
1933 1055 2038 1095 tam
2069 1043 2178 1096 fre-

604 1136 775 1190 quens
806 1120 1003 1190 nogtrts
1035 1113 1364 1190 temporibus
1413 1114 1675 1190 ejusmodi
1712 1121 1795 1190 est
1826 1113 1961 1164 facta
1986 1114 2174 1190 condi-

604 1183 701 1253 tio,
728 1200 783 1241 ιιι
810 1186 1107 1253 quidquam
1137 1184 1327 1235 melius
1365 1183 1695 1244 Sperantiutn
1732 1185 1982 1235 miremur
2009 1186 2173 1234 auda-

605 1264 761 1315 ciam.
798 1256 1047 1309 Inducam
1078 1295 1089 1315 ,
1135 1254 1324 1320 inquit,
1372 1268 1520 1321 super
1549 1268 1695 1305 omne
1724 1253 1933 1304 dorsum
1963 1263 2177 1304 vestrum

600 1346 821 1393 soccum,
845 1337 890 1381 et
918 1342 1069 1392 super
1097 1323 1539 1393 captura/virium
1581 1338 1598 1375 :
1633 1334 1683 1375 et
1709 1332 2015 1374 ornamenta
2060 1338 2180 1375 cor-

607 1392 815 1470 porum,
852 1399 1183 1470 firmamenta
1216 1392 1428 1470 virium-
1452 1393 1712 1455 perdetts,
1747 1403 1801 1443 ιιι
1829 1393 2076 1470 cmsatjes
2100 1393 2179 1445 vel

608 1461 860 1533 ludibrio,
894 1467 977 1519 vel
1036 1466 1220 1517 murto
1275 1463 1487 1529 incipiat
1516 1472 1860 1514 eonsnmeute
1892 1461 2177 1533 deﬂuere:

607 1551 654 1595 et
684 1554 871 1609 ponam
893 1551 1004 1590 eam
1031 1535 1177 1603 quasi
1208 1534 1395 1609 luctum
1420 1533 1683 1609 unigeniti,
1712 1542 1757 1584 et
1787 1532 2053 1609 nouissima
2073 1534 2181 1598 ejus

602 1602 744 1679 quasi
769 1610 901 1679 diem
931 1602 1185 1679 amnt-nm,
1214 1604 1269 1679 id.
1296 1612 1400 1663 est,
1436 1604 1610 1679 gentis
1654 1602 1959 1679 Israeliticae
2004 1613 2174 1679 status

618 1670 685 1734 ab
713 1694 835 1732 arce
869 1676 1133 1729 felicitatis
1165 1673 1394 1739 antiqua:
1442 1672 1507 1723 ad
1538 1674 1638 1722 ima
1668 1670 1946 1724 descendit.
1974 1672 2182 1723 miserte

610 1750 919 1804 servitutis:
956 1754 1012 1797 ιιι
1048 1754 1151 1795 tam
1198 1743 1393 1794 acerbo
1434 1743 1576 1794 luctu
1607 1742 1761 1809 digna
1786 1742 1873 1799 sit,
1901 1757 2058 1807 quattt
2092 1742 2177 1793 illa

616 1796 1015 1883 bibims—Imm?
1049 1814 1114 1865 de
1154 1811 1435 1879 unigenitis
1483 1796 1758 1883 consuevit
1786 1796 2059 1872 accidere,
2094 1813 2179 1863 ubi
2214 1796 2257 1854 Β

610 1905 715 1943 non
746 1880 926 1940 solnm'
947 1886 1141 1936 amissa
1175 1882 1422 1949 pignora,
1458 1883 1550 1933 sed
1584 1880 1742 1933 etiam
1776 1882 2059 1948 posteritas
2086 1897 2181 1934 ex-

613 1962 774 2013 tincta
806 1958 1032 2021 lugetur.
1056 1954 1159 2006 Sed
1192 1953 1464 2004 Videamus
1490 1959 1542 2003 et
1573 1950 1791 2018 reliqua.

681 2027 836 2082 Vers.
864 2018 1165 2079 ”11.-Εςεε
1207 2023 1314 2072 dies
1368 2024 1604 2083 teniunt,
1635 2022 1757 2072 dicit
1802 2018 2089 2083 Dominus,
2132 2028 2180 2074 et

608 2097 803 2150 mittam
849 2096 1034 2164 famem
1080 2095 1129 2143 in
1181 2103 1401 2164 terrain:
1436 2109 1533 2164 non
1566 2092 1755 2164 [autem
1798 2092 1980 2164 panis,
2026 2107 2182 2154 neque

605 2169 739 2222 sitim
769 2158 935 2235 aqua),
966 2164 1055 2217 sed
1086 2158 1571 2235 audiettdiverbum
1609 2160 1831 2235 Domini.
1864 2158 1929 2235 Et
1960 2177 2182 2212 commo-

605 2229 849 2292 vebuntur
872 2254 902 2288 a
933 2234 1063 2285 muri
1092 2247 1249 2300 usque
1278 2232 1344 2282 ad
1369 2248 1503 2283 mare
1526 2270 1540 2293 ,
1580 2240 1626 2282 et
1651 2234 1712 2281 ab
1744 2229 1989 2300 Aquilone
2028 2247 2181 2299 usque

603 2310 672 2361 ad
701 2309 953 2360 Orientem
988 2299 1271 2355 circuibunt
1290 2342 1303 2365 ,
1337 2311 1614 2367 qnwrentes
1642 2301 1846 2354 verbum
1874 2299 2100 2365 Domini,
2131 2312 2181 2354 et

607 2394 707 2432 non
749 2378 1013 2429 invenient.
1068 2373 1209 2426 Inter
1260 2383 1530 2426 extremas
1570 2372 1898 2423 calamitates
1928 2372 2043 2435 ejus
2090 2386 2183 2438 po-

610 2448 758 2516 puli,
791 2449 876 2514 qui
913 2446 1071 2514 chis
1117 2442 1421 2516 conditione
1468 2441 1751 2516 floruerat,
1792 2443 2179 2495 numerandum

606 2511 1088 2574 e~settn0nslrzivit
1116 2514 1381 2566 defectum
1430 2511 1740 2563 salutarium
1776 2519 2173 2574 magistrorum.

608 2587 805 2653 Quidni
837 2601 955 2640 cum
985 2601 1048 2637 ea
1076 2584 1145 2635 sit
1171 2581 1436 2645 conditio,
1469 2593 1526 2633 ut
1558 2585 1613 2653 ‘si
1647 2581 1899 2653 discenda
1928 2596 2040 2653 non
2085 2596 2182 2633 au-

607 2650 744 2717 dias,
778 2655 969 2709 subeat
993 2653 1279 2720 imperitia,
1314 2666 1511 2718 perque
1557 2650 1989 2720 hociguoraotiac
2021 2660 2177 2705 nocte

607 2728 838 2780 verseris
858 2765 873 2787 ,
904 2719 1143 2790 atquein
1187 2720 1505 2786 multiplices
1542 2723 1786 2775 miserias
1808 2764 1820 2783 ,
1854 2719 1997 2772 velut
2028 2720 2183 2773 lumi-

611 2799 766 2850 nibus
790 2802 995 2861 captus,
1040 2794 1317 2846 iucurras?
1346 2792 1444 2855 Qui
1477 2793 1639 2855 enim,
1670 2800 1726 2841 ιιι
1756 2793 1889 2842 alios
1928 2791 2181 2857 propheta

605 2867 882 2921 denuntiat
909 2906 923 2926 ,
954 2880 1058 2917 non
1089 2861 1639 2927 didicerit'justitiam,
1673 2874 1835 2927 super
1866 2867 2059 2913 terram
2093 2876 2181 2913 ve-

609 2937 817 2990 ritatem
852 2950 953 2987 non
988 2934 1174 3000 faciet,
1205 2934 1388 3000 sicque
1438 2931 1707 2983 mendacia
1742 2934 2013 2997 loquentes
2040 2932 2181 2998 peri-

608 3007 760 3063 bunt.
786 3006 1009 3072 Propter
1036 3006 1201 3072 quod,
1232 3011 1287 3056 et
1312 3002 1526 3070 populo,
1551 3002 1637 3054 cui
1669 3017 1763 3069 per
1790 3005 1925 3053 Osee
1954 3002 2182 3072 prophe-

605 3086 712 3133 tam
743 3071 1120 3140 exprobratum
1154 3078 1353 3136 tuerat,
1388 3073 1511 3139 quia
1553 3072 1826 3124 seicntiam
1861 3071 2178 3136 repulisset,

2275 501 2395 550 qua:
2425 486 2491 538 ad
2543 488 2779 539 omnium
2814 486 2838 523 δ
2870 488 3119 553 respicit,
3151 500 3201 542 et
3244 505 3350 542 non
3387 492 3563 543 noxiis
3612 495 3849 550 accidere

2274 571 2377 608 non
2408 567 2610 621 potest,
2641 572 2760 609 esse
2808 558 3116 615 plectendos
3140 600 3153 615 .
3187 558 3239 611 id
3273 570 3391 621 est,
3428 572 3487 614 ut
3528 561 3705 613 divina
3752 579 3843 618 eos

2273 626 2512 678 doctrina
2549 644 2652 677 non
2680 628 2929 688 instruat,
2965 629 3057 681 sed
3100 630 3246 682 auris
3268 646 3481 692 eorum,
3516 632 3724 683 etiamsi
3760 636 3850 685 ad-

2270 696 2452 763 jttrent
2479 711 2536 767 se
2552 697 2761 767 discere
2786 698 2942 758 velle,
2968 708 3297 753 contemnat.
3330 701 3492 765 Quasi
3513 703 3705 767 quibus
3726 717 3847 754 con-

2277 775 2455 837 ven'at
2486 766 2635 828 illttd,
2667 768 2805 830 quod
2839 768 3003 837 apud,
3029 770 3189 821 alium
3238 766 3558 837 pr0pbctatn
3594 771 3848 835 legimus;

2279 834 2545 886 Peccatori
2590 845 2757 886 autem
2802 838 2930 889 dixit
2974 836 3129 901 Deus,
3181 834 3354 901 Quare
3382 852 3433 891 tu
3464 834 3677 892 enarras
3700 842 3850 905 justi-

2276 906 2374 976 tias
2398 921 2564 976 meas,
2604 916 2648 957 et
2676 908 2891 958 assumis
2918 917 3270 960 testamentum
3320 925 3496 961 meum
3527 927 3619 976 per
3640 926 3693 962 os
3718 922 3849 964 tuum

2277 974 2448 1041 (Psal.
2497 974 2606 1048 fit).
2652 976 2760 1041 l6.)
2784 1017 2800 1042 ,
2856 978 3067 1039 tingitur
3094 995 3285 1031 sensus
3324 995 3388 1030 ex
3418 974 3673 1032 omnibus
3695 1024 3708 1037 ,
3736 983 3847 1048 quia

2278 1060 2373 1112 pro
2403 1045 2725 1105 sceleribus,
2779 1055 2834 1098 et
2864 1048 3135 1113 religionis
3182 1058 3236 1101 et
3283 1052 3717 1103 conversationis
3747 1045 3850 1104 sua:

2276 1116 2572 1176 captivitati
2606 1118 2847 1167 barbara-
2871 1117 3174 1170 .Iudamrtnn
3203 1134 3339 1183 gens
3367 1121 3641 1184 quondam
3666 1120 3851 1173 dilecta

2278 1185 2542 1254 subdatur
2570 1202 2581 1235 :
2615 1185 2704 1251 qui
2738 1195 2937 1237 tantum
2962 1200 3089 1239 Sane
3115 1204 3143 1240 a
3182 1189 3343 1254 prisci
3376 1188 3594 1241 decoris
3622 1203 3741 1242 arce
3768 1193 3854 1244 de-

2279 1253 2528 1326 nllxt't‘llll
2550 1296 2565 1315 ,
2600 1265 2655 1305 ut
2682 1254 2967 1308 voluntatis
2997 1274 3104 1309 sua:
3131 1259 3353 1310 Crimina
3388 1271 3779 1326 recognoscant
3802 1262 3850 1315 itt

2280 1324 2471 1395 ptrnis,
2502 1334 2659 1393 atque
2689 1326 2917 1377 ferorum
2969 1328 3256 1380 tolerantes
3277 1328 3433 1395 jussa
3462 1324 3805 1382 dominorum
3831 1372 3846 1391 ,

2279 1393 2572 1446 doctrinam
2629 1408 2797 1447 sacra:
2852 1394 2981 1462 legis
3013 1393 3292 1457 nnsinam'
3326 1399 3552 1451 audiant
3608 1398 3854 1452 insonan-

2283 1470 2419 1513 tem:
2453 1466 2604 1534 Cujus
2645 1466 2889 1516 nimirum
2917 1468 3089 1519 adhuc
3140 1467 3191 1519 in
3245 1468 3435 1531 patriis
3464 1470 3715 1520 collocati
3745 1470 3855 1522 lini-

2285 1534 2409 1596 bns,
2464 1534 2808 1586 illuminantia
2840 1550 2896 1587 se
2929 1547 3191 1604 prtecepta
3222 1541 3635 1590 contemserint.
3668 1538 3853 1592 Verum

2281 1613 2335 1654 ut
2366 1614 2650 1677 contextus
2699 1605 2861 1677 ipsius
2893 1606 3136 1660 lectionis
3170 1609 3546 1677 intelligentize
3580 1608 3739 1675 hujus
3778 1619 3851 1663 te-

2284 1687 2469 1724 norem
2502 1674 2709 1738 poscit,
2746 1675 2813 1725 ita
2846 1677 3003 1727 etiam
3031 1677 3289 1729 debemus
3320 1674 3851 1740 advertere,7eade:n

2283 1757 2493 1813 quoque
2516 1742 2581 1794 ad
2616 1744 2908 1795 futurorum
2956 1747 3399 1813 signiﬁcalimtem
3435 1748 3648 1810 valere,
3677 1763 3853 1803 eorum

2289 1811 2534 1865 videlicet
2556 1821 2885 1880 temporum,
2919 1815 2970 1868 in
3002 1811 3195 1883 quibus
3222 1817 3397 1869 Judzei
3429 1818 3843 1871 sceleratissime.

2288 1890 2594 1955 peccantes,
2638 1899 2761 1949 grav
2787 1884 2947 1936 ssitne
2993 1887 3363 1939 conciderunt.
3400 1886 3695 1955 Pustqnam
3720 1890 3850 1941 enim

2285 1952 2437 2003 vinea
2472 1954 2576 2013 illa,
2602 1969 2719 2024 qua;
2751 1956 3002 2007 translata
3031 1973 3094 2008 ex
3124 1956 3192 2008 ΛΕ
3216 1969 3362 2024 νγιιιι)
3394 1952 3559 2021 (Ιεαὶξ
3586 1957 3692 2022 5.).
3720 1960 3852 2024 plau-

2286 2030 2391 2073 tata
2419 2033 2500 2096 est
2525 2024 2576 2075 in
2608 2022 2911 2096 regionibus
2932 2025 3125 2090 opimis
3147 2070 3162 2093 ,
3204 2022 3261 2080 et
3304 2027 3574 2081 nidificato
3622 2022 3815 2096 templo
3836 2068 3851 2092 ,

2286 2092 2517 2143 torcular
2547 2096 2683 2164 sacri
2720 2094 2898 2146 altaris
2926 2092 3155 2163 accepit,
3179 2109 3590 2164 expectataque,
3628 2108 3689 2151 ut
3720 2092 3852 2152 tace-

2285 2170 2368 2213 ret
2412 2177 2561 2233 uvas,
2616 2162 2739 2216 fecit
2786 2166 2986 2228 spinas,
3017 2162 3068 2218 et
3094 2182 3196 2219 non
3221 2162 3514 2233 justitiam,
3545 2169 3645 2221 sed
3675 2171 3856 2222 clamo.

2285 2245 2420 2305 rem,
2451 2232 2519 2284 ita
2548 2234 2854 2305 utcultores
2894 2234 3010 2305 ejus
3041 2232 3295 2305 iniipsuut
3324 2239 3487 2289 tilium
3518 2241 3686 2305 patris
3714 2241 3856 2291 fami-

2286 2301 2601 2375 ltasell'erati
2622 2302 2810 2368 (Marc.
2838 2301 3068 2375 lisLuc.
3093 2301 3210 2373 c20.)
3236 2347 3251 2370 ,
3284 2301 3574 2360 crederent.
3594 2309 3854 2375 scalisque

2283 2374 2521 2445 molestia
2552 2374 2807 2445 reliquom
2844 2374 3000 2445 551
3028 2390 3149 2429 esse
3173 2385 3438 2441 tenturos,
3464 2379 3606 2444 quod
3637 2393 3756 2430 cum
3778 2374 3847 2431 le-

2282 2443 2455 2509 gitimi
2483 2443 2708 2494 bmretlis
2732 2443 3342 2511 interitupervasissent,
3375 2443 3580 2500 Juravit
3613 2447 3851 2501 Dominus

2282 2512 2423 2585 Dens
2454 2513 2503 2563 in
2551 2515 2837 2579 superbiam
2885 2513 3079 2583 Jat‘ob,
3127 2516 3171 2567 si
3196 2518 3383 2569 oblitus
3424 2518 3569 2585 fuero
3603 2534 3758 2583 usque
3792 2519 3853 2569 ad

2282 2582 2433 2653 ﬁnem
2453 2584 2621 2635 omnia
2651 2599 2802 2651 opera
2829 2600 3024 2649 eorum,
3051 2582 3279 2653 quorum
3303 2582 3448 2640 tanta
3464 2582 3691 2640 emersit
3717 2600 3851 2639 atro-

2282 2652 2437 2717 citas,
2473 2663 2529 2702 ttt
2557 2653 2668 2719 ipsa
2699 2664 2834 2706 terra
2866 2652 3081 2708 eoruur
3111 2665 3449 2719 moveretur,
3508 2671 3573 2709 ac
3622 2658 3849 2710 medium

2283 2723 2422 2794 dzem
2473 2722 2728 2794 lugubris
2757 2723 2989 2778 auferret
3036 2722 3362 2780 obscuritas.
3395 2727 3559 2780 Sexta
3601 2728 3851 2794 siquidem

2283 2791 2410 2843 liora
2444 2794 2676 2845 tenebra:
2707 2792 2858 2845 facta:
2885 2802 3008 2847 sunt
3040 2810 3211 2863 usque
3238 2796 3307 2848 ab
3338 2798 3526 2849 horam
3553 2791 3767 2859 nonam,
3800 2807 3849 2851 et

2285 2870 2431 2933 terra
2454 2874 2595 2933 mota
2620 2872 2721 2928 est,
2758 2872 2920 2929 petra:
2961 2865 3140 2917 scissa:
3167 2874 3294 2919 sunt
3322 2865 3548 2933 (Matt/1.
3591 2867 3731 2933 27.),
3759 2870 3852 2920 sic-

2281 2946 2383 2998 que
2407 2930 2722 3003 festivitates
2752 2947 2938 2986 eorum
2994 2935 3045 2985 itt
3103 2930 3339 2996 luctum,
3377 2945 3436 2990 et
3482 2938 3539 2989 in
3587 2930 3845 3003 planetuut

2281 3001 2485 3052 cantica
2539 3013 2931 3069 pervenerunt,
2962 3013 3120 3071 atque
3169 3004 3451 3072 impiorum
3499 3001 3660 3059 dorsa
3708 3022 3852 3060 sacco

2282 3080 2416 3123 tecta
2444 3084 2585 3127 sunt.
2614 3074 2849 3139 etcapita
2881 3089 3098 3126 sensere
3120 3075 3395 3129 calviciutn
3419 3093 3431 3127 :
3494 3078 3849 3131 venientibus

604 3150 675 3201 ob
706 3147 755 3201 id
779 3147 899 3215 quia
926 3147 1036 3211 ipse
1062 3146 1129 3196 ab
1157 3144 1320 3214 550
1353 3144 1719 3219 omnipotente
1749 3141 1971 3219 D_-m_tno
2003 3156 2176 3219 niere-
2204 3158 2249 3219 ο
2281 3158 2383 3219 que
2416 3144 2463 3192 in
2491 3143 2747 3219 ultionem
2778 3143 2967 3210 piaculi
2994 3145 3593 3219 gentibusﬂerusabun
3651 3157 3733 3199 est
3753 3149 3846 3201 ob-

604 3232 749 3272 rctnr
778 3211 957 3283 repelli
979 3255 994 3280 ,
1024 3211 1254 3267 etianitu
1285 3214 1531 3280 prteseuti
1576 3214 1691 3265 loco
1720 3211 1819 3283 sub
1863 3211 2176 3283 denuntiato

614 3303 787 3358 pana:
818 3282 954 3358 idem
986 3289 1189 3358 crimen
1231 3284 1601 3358 olnicitnr,_ttt
1642 3282 1970 3358 quipietatis
2016 3282 2180 3358 magi.

610 3352 750 3411 stros
782 3356 974 3410 studiis
1007 3357 1216 3408 fuerant
1246 3354 1574 3421 profanitatis
1610 3352 1793 3415 exosi,
1828 3360 2083 3419 quantum
2128 3353 2179 3405 iu

604 3429 822 3482 exitium
856 3443 1011 3481 suum
1064 3424 1453 3484 laboraverint,
1487 3430 1813 3489 agnoscant:
1847 3424 1934 3488 qui
1969 3422 2067 3492 boc
2100 3425 2179 3473 vi-

604 3499 797 3551 delicet
825 3493 1097 3568 peccando
1130 3494 1385 3555 fecerint,
1419 3494 1557 3568 quod
1590 3494 1667 3545 eis
1693 3494 1854 3568 judcx
1912 3493 2180 3568 intercie-

606 3580 717 3623 tera
749 3561 858 3621 imo
890 3582 1048 3633 supra
1076 3576 1269 3617 caetera
1302 3566 1561 3640 supplicia
1596 3563 1981 3623 committetur,
2018 3561 2157 3640 idc:l.

607 3639 745 3692 inter
774 3631 1102 3707 captivitatis
1132 3650 1398 3707 aerumnas
1437 3635 1692 3707 doctrina:
1720 3648 1815 3685 eos
1838 3641 2071 3707 egestate
2104 3631 2179 3684 fc-

605 3703 858 3773 riendos,
907 3716 965 3759 ut
1009 3706 1099 3757 illo
1148 3705 1376 3771 insigni,
1407 3718 1514 3770 quo
1546 3706 1683 3756 inter
1711 3717 1898 3773 omnes
1936 3703 2180 3753 nationes

607 3772 880 3845 cottSpicui
908 3776 1136 3834 fuerant,
1156 3774 1494 3838 deserantur,
1523 3788 1621 3825 nec
1635 3772 1910 3840 quisquam
1939 3785 2030 3823 eos
2055 3786 2181 3838 pro-

574 3847 887 3917 'pbetarnm
941 3851 1041 3917 vel
1083 3846 1305 3896 instruat
1348 3846 1649 3917 ignorantes
1670 3883 1698 3917 ,_
1735 3846 1815 3893 Vcl
1870 3850 2181 3917 consoletur

605 3911 849 3970 atllirtos.
895 3914 1044 3982 Quod
1080 3924 1245 3966 totum
1290 3911 1389 3969 sub
1443 3914 1620 3965 ltoslili
1668 3911 2010 3982 damnatione
2051 3926 2180 3964 cun—

605 3992 841 4057 tingerc,
875 3978 1088 4040 assidua
1138 4001 1232 4039 nos
1279 3984 1508 4057 pericula
1539 3983 1857 4057 docuerunt.
1909 3978 2059 4034 lianc
2086 3997 2180 4033 att-

608 4055 714 4112 tctn
757 4062 1018 4113 minarum
1051 4056 1307 4129 Spechltt_
1340 4055 1523 4129 Esaias
1566 4067 1775 4129 quoque
1824 4056 2013 4129 beatus.
2041 4066 2182 4105 assc-

608 4130 760 4193 ruit,
819 4121 1166 4181 auferendum
1227 4124 1477 4179 videlicet
1526 4139 1556 4176 a
1613 4123 1795 4175 Judtea
1846 4121 2175 4191 principem,

608 4210 763 4268 atque
791 4201 1054 4253 seniorem
1087 4198 1471 4268 consoltorum,
1501 4196 1905 4268 doctoretnque,
1934 4207 2180 4268 praenun-

607 4260 743 4323 tiaits
790 4270 840 4322 itt
872 4282 1056 4323 eorum
1109 4267 1281 4319 locum
1332 4279 1522 4331 pueros
1564 4279 1715 4331 reges
1751 4260 1805 4315 et
1834 4260 2181 4315 clizcminatos

609 4342 878 4407 principes
906 4339 1293 4402 subrogandos.
1344 4335 1492 4398 Quod
1522 4345 1696 4407 autem
1730 4337 1836 4407 ait,
1865 4334 2179 4407 noumfaotent

608 4400 754 4477 panis
777 4400 935 4477 neque
963 4400 1098 4459 sitim
1130 4420 1291 4471 aqua},
1323 4408 1409 4456 sed
1440 4405 1682 4455 audiendi
1711 4404 1914 4457 verbum
1946 4400 2177 4477 Domini,

610 4474 715 4533 illis
744 4474 953 4548 populis
985 4479 1314 4529 inlet'cndatn
1341 4515 1355 4537 ,
1391 4484 1659 4548 quantum
1688 4477 1753 4548 ad
1790 4484 2028 4548 tenorem
2058 4474 2178 4539 qui-

2284 3212 2489 3265 sidione
2515 3212 2871 3273 circumdata,
2907 3212 3063 3281 atque
3087 3214 3222 3267 adeo
3252 3216 3387 3267 illisa
3422 3226 3613 3278 terrze,
3644 3226 3700 3269 ut
3722 3219 3845 3270 ulte-

2286 3296 2395 3355 rius
2423 3297 2751 3355 nequaquam
2782 3286 2946 3355 possit
2972 3288 3280 3352 adsurgere.
3324 3285 3508 3339 Sensit
3537 3302 3669 3355 ergo
3714 3286 3854 3354 quasi

2286 3352 2484 3425 luctum
2542 3351 2814 3425 unigeniti,
2848 3361 2901 3406 et
2931 3368 3112 3425 amaro
3142 3351 3415 3408 conclusa
3449 3356 3554 3409 [ine
3601 3351 3685 3409 cst
3729 3351 3847 3425 gens

2285 3422 2393 3495 illa,
2422 3436 2539 3489 qua:
2595 3422 2925 3489 Unigcnitutn
2960 3424 3048 3476 Dei
3079 3425 3418 3479 contumeliis
3449 3422 3850 3495 plagisque'vio-

2286 3492 2437 3564 lavit,
2471 3501 2814 3559 secutumque
2845 3502 2927 3544 cst
2956 3508 3077 3546 vere
3107 3504 3335 3562 tempus,
3365 3498 3414 3548 in
3446 3492 3561 3564 quo
3586 3492 3727 3550 fatue
3750 3496 3850 3562 spi-

2285 3562 2519 3613 ritalium
2544 3564 2801 3635 bonorum
2832 3573 3205 3635 consumatur:
3242 3580 3341 3618 nec
3371 3562 3656 3634 penuriam
3682 3569 3844 3635 panis,

2282 3642 2371 3687 aut
2393 3647 2544 3697 aqua:
2569 3634 2733 3695 sitim,
2774 3634 2865 3685 sed
2891 3633 3137 3687 audiendi
3163 3633 3383 3687 verbum
3410 3635 3620 3688 Domini
3644 3676 3661 3700 ,
3683 3633 3846 3689 ’νωθ-

2286 3717 2402 3753 mus
2432 3716 2545 3764 eos,
2576 3704 2662 3767 qui
2698 3705 2748 3754 ιιι
2774 3705 2989 3756 verbttm
3020 3704 3228 3756 Domini
3251 3714 3601 3759 contumaces
3627 3709 3846 3768 fuerant,

2284 3774 2539 3839 experiri.
2566 3772 2757 3824 Annon
2797 3786 2980 3825 eorum
3008 3774 3105 3825 ista
3136 3775 3419 3828 calamitas
3451 3776 3503 3828 itt
3530 3778 3644 3841 ipsa
3679 3792 3849 3829 rerum

2284 3842 2629 3895 attestationc
2655 3842 2940 3912 collucet?
2990 3843 3119 3896 Nam
3150 3860 3272 3897 cum
3315 3847 3579 3912 spiritalis
3624 3847 3848 3912 philoso-

2286 3914 2463 3983 phiae,
2492 3927 2614 3978 erga
2649 3911 2927 3983 Dominum
2972 3914 3177 3966 scilicet
3218 3911 3497 3981 pietatem,
3532 3911 3658 3983 erga
3694 3916 3855 3983 proxi-

2286 3996 2400 4034 mos
2455 3981 2854 4049 benignitatem,
2911 3992 2964 4035 et
3018 3983 3334 4051 probitatem
3386 3981 3662 4048 docentis,
3694 3981 3759 4039 ab
3784 3987 3851 4038 cis

2283 4054 2432 4121 origo
2459 4052 2804 4117 discesserit,
2834 4052 2898 4105 ad
2930 4063 3127 4105 tantam
3167 4055 3469 4108 studiorum
3519 4064 3573 4107 et
3607 4055 3855 4108 doctrina:

2283 4135 2409 4175 sunt
2437 4123 2667 4194 inopiam
2711 4124 2984 4187 devoluti,
3015 4134 3070 4175 ut
3096 4138 3126 4176 a
3150 4125 3279 4177 solis
3308 4135 3433 4178 ortu
3480 4140 3653 4194 usque
3686 4128 3750 4178 ad
3775 4141 3855 4179 oc.

2283 4207 2464 4245 casum
2484 4231 2498 4253 ,
2529 4193 2579 4264 td
2606 4203 2721 4257 est,
2759 4195 2809 4246 in
2834 4203 2943 4246 toto
2972 4195 3102 4247 orbe
3150 4201 3416 4248 terrarum
3448 4193 3709 4264 dispersi,
3742 4211 3856 4249 nus-

2284 4278 2441 4329 quam
2473 4263 2693 4316 verbnm
2751 4264 2874 4327 Dei,
2916 4278 3021 4331 quo
3077 4273 3421 4330 vegetentur,
3451 4263 3707 4327 audiant,
3760 4280 3849 4319 nec

2285 4333 2621 4415 coruscantis
2669 4334 2942 4415 Evangelii
2982 4334 3186 4401 fulgore
3216 4343 3541 4415 tangantur;
3571 4339 3667 4389 sed
3701 4338 3852 4389 instar

2287 4402 2567 4457 infantium
2597 4419 2691 4469 pro
2721 4404 3001 4457 virtutibus
3034 4420 3241 4457 morum
3284 4402 3640 4473 vitalibusque
3686 4421 3850 4459 sacra-

2286 4474 2499 4535 mentis,
2533 4476 2690 4526 rebus
2712 4477 2972 4543 pudendis
2998 4484 3052 4526 et
3081 4475 3299 4527 ludicris
3328 4476 3723 4529 intumescant:
3751 4491 3853 4528 car-

610 4537 989 4617 dem'pe'rtitet
1032 4548 1306 4617 lcetionts,
1339 4537 1587 4596 eo'sensu
1617 4546 1826 4597 videtur
1856 4537 2091 4617 illatum,
2113 4553 2180 4617 ut
2212 4537 2263 4597 D
2292 4560 2375 4595 IIIS
2418 4544 2669 4617 thelicct
2712 4537 3019 4598 concisione
3041 4583 3058 4608 ,
3092 4554 3145 4597 et
3178 4554 3199 4582 ο
3232 4546 3541 4617 sabbatibus
3586 4547 3735 4599 feriis
3760 4547 3858 4613 glo-

608 4613 804 4674 dtxetit
826 4662 838 4684 ,
874 4636 975 4671 non
1006 4619 1177 4671 solum
1205 4616 1393 4667 famem
1423 4617 1597 4680 panis,
1631 4630 1803 4679 neque
1832 4614 2003 4665 solum
2038 4613 2181 4665 sitim

610 4706 794 4758 aqum,
824 4693 914 4742 sed
955 4688 1203 4739 audiendi
1237 4696 1451 4738 \'el'ltlllll
1474 4686 1695 4758 Domini
1726 4700 1843 4737 eam
1864 4685 1988 4758 iure
2021 4699 2183 4750 penu-

611 4755 743 4813 riam
768 4800 782 4824 ,
814 4774 867 4811 ιιι
900 4774 1158 4825 nusquam
1214 4757 1428 4807 valeant
1453 4755 1726 4831 doctorem
1750 4796 1763 4817 ,
1805 4755 2012 4831 etiamst
2061 4767 2183 4831 eum

607 4831 917 4882 avidissime
948 4828 1307 4899 quaesierint,
1336 4828 1593 4899 reperire.
1627 4826 1809 4891 Neque
1839 4828 1978 4899 cuitu
2032 4826 2181 4899 quasi

607 4900 863 4952 doctrina:
895 4895 1144 4964 Spiritalts
1191 4896 1413 4963 cupidos
1431 4904 1503 4972 ,__‘
1535 4911 1732 4963 perque
1765 4898 1863 4972 hoc
1906 4895 2183 4972 dispendia

608 4970 726 5037 ejus
754 4970 984 5035 graviter
1033 4975 1359 5018 :csttmantes
1396 4964 1652 5018 edicenda
1675 5006 1688 5029 ,
1741 4966 1975 5037 Solorum
2002 4964 2178 5037 magi-

607 5034 838 5093 strorum
872 5040 1137 5089 ablatione
1188 5045 1431 5089 terreret.
1484 5038 1786 5089 Secundum
1836 5035 2045 5099 eloquia
2078 5034 2177 5086 ita-

606 5125 710 5176 que
739 5109 1033 5177 Scripturis
1084 5104 1362 5159 familiaria
1416 5118 1540 5177 non
1577 5110 1755 5173 utique
1782 5108 2038 5177 negavit,
2085 5118 2179 5177 eos

607 5174 747 5234 fante
774 5174 968 5247 sitique
999 5177 1268 5231 vexandos
1287 5214 1301 5237 ,
1335 5174 1431 5227 sed
1460 5176 1886 5247 subaudiendum
1926 5174 2179 5247 reliquit,

608 5266 713 5303 non
744 5250 827 5304 ltis
855 5244 1061 5312 solum,
1095 5261 1215 5314 qua:
1267 5257 1362 5309 pro
1407 5244 1711 5298 conditione
1768 5244 2005 5297 mortalis
2062 5246 2183 5296 vita:

609 5320 763 5374 bonis
791 5320 1053 5389 malisque
1082 5315 1233 5386 quasi
1263 5317 1569 5385 promiscue
1608 5315 1873 5369 interdum
1898 5314 2181 5379 accidunt,

676 5474 701 5503 ι
745 5464 878 5518 Male
904 5472 1056 5515 antea
1101 5478 1191 5533 per
1220 5475 1355 5533 (μιαν,
1384 5459 1593 5516 duobus
1624 5460 1821 5515 verbis.
1869 5458 1974 5513 Sed
2007 5474 2178 5528 neque

609 5535 740 5590 illud
772 5536 903 5587 satis
933 5532 1124 5600 placet,
1155 5532 1295 5601 quod
1324 5547 1444 5584 mox
1480 5534 1674 5586 dlClltll'
1699 5533 1962 5585 edicenda.

679 5606 706 5644 Ι»
749 5603 950 5671 Supple
989 5603 1350 5667 calamitatem,
1381 5610 1473 5657 aut
1499 5603 1678 5657 verius
1708 5602 1946 5658 rescribe
1972 5604 2180 5655 noxium

606 5690 703 5747 ι)το
728 5689 973 5747 omnium.

683 5756 701 5783 ο
748 5739 1127 5811 [inponendum
1158 5742 1364 5798 videtur
1392 5742 1679 5799 sttbbaticis.

2288 4618 2507 4665 riantes.
2541 4615 2943 4682 Conscquenter
2968 4629 3095 4683 ergo
3124 4628 3222 4667 nec
3249 4615 3439 4668 doctor
3460 4617 3600 4683 apud
3632 4631 3726 4670 eos
3755 4617 3847 4668 ali-

2286 4684 2408 4751 quis
2453 4683 2716 4747 ernditus,
2767 4699 2863 4736 nec
2917 4686 3193 4751 princeps,
3230 4699 3328 4738 nec
3359 4689 3657 4749 sacctdos,
3690 4702 3721 4738 a
3764 4701 3857 4752 quo

2289 4758 2685 4826 reformentur,
2723 4754 2936 4809 existit;
2995 4755 3115 4821 quia
3175 4757 3428 4826 loquente
3481 4756 3688 4826 Moyse,
3734 4760 3857 4809 oculi

2289 4840 2471 4877 eorum
2502 4824 2761 4876 velamine
2782 4834 3157 4891 eontegttntur,
3185 4825 3325 4892 quod
3360 4842 3464 4878 nou
3504 4824 3663 4879 aliter
3693 4825 3856 4878 aufer-

2292 4904 2397 4956 tur,
2430 4894 2530 4949 nisi
2560 4909 2680 4946 cum
2729 4894 2780 4946 ιιι
2810 4892 3046 4956 Christo,
3072 4894 3163 4963 qui
3197 4909 3296 4948 nos
3326 4899 3579 4958 redemit,
3607 4898 3854 4950 aboletur.

2289 4962 2674 5030 Circumibtmt,
2728 4964 2921 5031 inquit,
2960 4962 3164 5016 verbum
3223 4965 3429 5018 Domini
3479 4976 3790 5031 quaerentes,
3818 4975 3858 5019 et

2287 5050 2390 5085 non
2420 5035 2671 5085 invenient
2705 5034 2884 5103 (Joan.
2921 5036 3021 5103 1.),
3048 5033 3170 5103 quia
3194 5048 3339 5100 eum,
3370 5035 3460 5103 qtti
3490 5037 3722 5089 Verbum
3745 5052 3855 5089 earn

2289 5105 2492 5158 factum
2520 5114 2622 5167 est,
2656 5118 3003 5171 negaverunt,
3036 5109 3219 5171 sicque
3247 5107 3335 5161 lux
3359 5107 3411 5159 itt
3445 5107 3688 5160 tenebrts
3714 5107 3859 5170 lucet,

2291 5186 2343 5229 et
2374 5179 2611 5227 tenebrae
2642 5190 2763 5227 eum
2799 5189 2902 5227 non
2940 5176 3481 5241 comprehenderunt.

2363 5244 2517 5299 Vers.
2556 5246 2642 5316 15.
2678 5243 2764 5295 M.
2789 5274 2860 5284 —
2882 5244 2947 5316 In
2976 5244 3059 5296 die
3085 5244 3178 5316 illo
3207 5244 3445 5316 deﬁcient
3494 5248 3719 5316 virgines
3757 5246 3860 5314 pit!-

2291 5313 2448 5381 cltrw,
2483 5328 2529 5367 et
2555 5314 2900 5368 adolescentes
2929 5315 2982 5367 in
3008 5316 3111 5368 siti.
3149 5315 3283 5379 Quia
3308 5314 3336 5350 ά
3358 5313 3661 5387 Ῑαναυὶιίη
3693 5317 3859 5369 delicto

2357 5456 2384 5496 δ
2428 5459 2618 5515 Verius
2648 5456 3060 5529 Hieronymiana
3092 5457 3295 5521 versin,
3327 5464 3384 5510 et
3409 5456 3657 5525 Vulgata,
3681 5455 3862 5525 qaiju.

2285 5542 2424 5596 rant,
2457 5531 2523 5583 ad
2556 5530 2837 5582 llebrtcum
2870 5536 3135 5591 uincta-1
3156 5529 3431 5595 juruntes,
3462 5538 3520 5579 ut
3549 5538 3605 5581 et
3632 5541 3758 5596 mox
3780 5540 3861 5577 εον

2294 5601 2581 5654 lucrenter'
2612 5600 2789 5650 dicunt
2836 5614 2934 5668 pro
2975 5598 3138 5668 dicit.
3167 5598 3355 5651 Verius
3382 5612 3601 5666 quoque
3624 5595 3764 5668 quod
3792 5609 3863 5668 se-

2293 5672 2489 5739 quitur,
2513 5669 2760 5743 Domimts
2779 5666 2971 5724 nomen
2999 5666 3265 5736 nesciunt,
3288 5668 3431 5738 quod
3444 5669 3638 5723 Noster
3662 5666 3863 5743 inferius

2293 5749 2601 5795 constanter
2629 5740 2840 5793 reeitat.
