4110 6350
262 388 395 448 tua?

1432 398 1496 453 IN
1534 399 1712 453 ΑΜοὲ
1757 392 2313 453 COMMENTARIUS.

3372 408 3505 463 i098

264 509 548 582 Samaria1
566 521 616 565 et
646 513 764 564 dicit
797 530 815 567 :
854 512 980 564 Vivit
1013 511 1259 565 Dominus
1291 511 1427 565 Deus
1472 521 1588 565 tuus
1624 512 1761 573 Dan,
1791 522 1835 565 rt
1867 519 1910 571 Α
1944 511 2124 582 debito
2153 511 2508 582 subderentur
2535 512 2721 577 exitio,
2778 515 3112 582 persequitur
3146 518 3315 581 ipsius
3360 534 3495 573 cmu-

265 581 382 649 pivit
407 581 488 632 via
515 578 775 645 Bersabee,
817 593 863 636 et
888 584 1085 647 cadent,
1131 592 1177 634 et
1226 598 1325 633 non
1370 590 1628 649 resurgent
1672 584 1828 634 ultra.

263 647 411 703 Licet
454 652 531 704 sui
566 653 818 715 temporis
850 668 1024 705 mores
1050 651 1373 719 prophetalis
1396 647 1608 703 accuset
1637 652 1829 716 oratio,

266 728 446 773 tamen
480 737 574 788 per
602 733 844 773 censui-.e
890 723 1195 783 cumulum,
1248 724 1405 774 etiam
1463 720 1636 772 futura
1685 724 1832 785 signa

262 804 656 856 consequentur
687 792 1050 852 osteudimus;
1100 802 1255 858 atque
1313 791 1452 855 ideo,
1507 792 1603 843 etsi
1652 804 1832 843 sermo

266 858 618 929 progrediens
645 861 707 913 ad
743 864 979 928 negocia,
1012 876 1129 927 quae
1158 858 1472 913 videbantur
1499 861 1718 923 instare,
1748 874 1834 913 re-

266 931 462 995 Spexit,
500 930 841 983 nihilominus
890 942 941 984 et
994 929 1079 984 lsri
1123 930 1410 983 conditioni
1471 939 1662 995 potest,
1714 943 1834 995 qua:

270 1014 409 1051 nunc
435 999 651 1053 Judatos
674 1002 896 1059 detinet.
924 1001 1229 1053 convenire.
1261 998 1439 1065 Neque
1468 1001 1609 1051 enim
1644 1000 1833 1051 absur-

265 1070 393 1120 dum
425 1079 526 1134 est,
564 1072 606 1123 si
637 1072 703 1123 dc
737 1071 999 1135 praeterita
1041 1070 1297 1138 dignitate
1332 1068 1413 1134 ips
1432 1088 1459 1119 ιε
1495 1069 1685 1120 'l'rihus
1715 1073 1828 1137 pul-

260 1138 413 1191 citra:
445 1141 557 1207 virg
584 1155 676 1192 nes
725 1143 1081 1200 noinineutnr,
1115 1155 1231 1207 qua:
1282 1154 1335 1192 ut
1374 1148 1502 1193 tunc
1550 1138 1687 1192 idola
1742 1155 1829 1191 se-

267 1209 519 1273 quendo,
577 1211 740 1263 exitio
787 1211 1029 1276 leguntur
1075 1210 1297 1263 addicta:
1345 1225 1357 1261 :
1399 1208 1466 1261 ita
1523 1225 1663 1261 nunc
1711 1222 1830 1261 cum

276 1277 692 1346 Re-‘emptorem
724 1295 876 1331 suum
910 1288 1196 1348 negarunt,
1235 1279 1371 1332 idem
1403 1280 1733 1332 commisisse
1755 1279 1834 1330 di-

261 1358 484 1412 cantur,
508 1365 576 1416 qn
615 1351 718 1402 det
749 1364 866 1401 cum
900 1350 951 1402 in
986 1349 1655 1418 DanctBersabcelocalos
1673 1349 1831 1418 552

268 1419 465 1471 vitulus
490 1427 795 1483 adorarent,
822 1430 874 1471 ut
906 1420 991 1472 fiat
1021 1434 1214 1473 sensus
1242 1437 1253 1472 :
1278 1420 1410 1485 Quia
1436 1417 1627 1472 frustra
1658 1435 1714 1472 se
1743 1417 1835 1470 .an-

266 1489 387 1551 dzei,
416 1489 626 1542 Christo
660 1489 881 1542 Domino
926 1506 1028 1542 non
1076 1490 1384 1552 credentes,
1431 1490 1693 1542 immunes
1733 1490 1831 1540 im-

262 1558 485 1625 pietatis
516 1560 844 1621 exiStiment,
880 1574 970 1625 per
995 1559 1046 1612 id
1076 1559 1321 1612 videlicet
1357 1559 1495 1627 quod
1524 1560 1658 1611 idola
1688 1560 1829 1611 nulla

265 1640 614 1690 venerentur,
647 1645 764 1682 cum
807 1629 931 1681 nihil
966 1630 1099 1696 apud
1141 1645 1232 1680 eos
1270 1629 1336 1681 de
1362 1629 1576 1695 antiqua
1611 1630 1832 1697 patriar-

260 1697 488 1751 charum
520 1702 713 1767 pietate
762 1704 1042 1764 rese-terit,
1076 1700 1194 1766 quit
1240 1714 1432 1752 nomen
1473 1699 1672 1751 Christi
1706 1714 1828 1766 per-

266 1769 432 1822 vicaci
491 1770 801 1821 infidelitate
854 1769 1118 1830 violando,
1168 1768 1451 1836 participes
1502 1778 1555 1823 et
1603 1771 1831 1835 mqttales

262 1836 530 1891 idolorum
573 1840 867 1892 rnlturthus
915 1849 940 1875 ι
987 1850 1382 1906 conteguntur:
1432 1849 1649 1907 prepter
1690 1839 1827 1907 quod

265 1911 425 1960 etiam
458 1910 506 1960 iu
543 1910 830 1975 Evangelia
861 1913 1164 1974 pronunciaz
1194 1910 1462 1975 inSpectur
1489 1911 1822 1961 anitnorum:

262 1978 365 2043 Qui
416 1996 491 2031 me
538 1981 675 2043 odit,
724 1990 766 2032 et
825 1978 1024 2032 Putrem
1078 1996 1240 2030 nu-utu
1291 1980 1394 2030 odit
1425 1979 1632 2048 (Matth.
1670 1978 1823 2045 16.):

266 2050 488 2113 proinde
516 2065 609 2102 eos
635 2049 846 2103 adducit
870 2050 1131 2102 cuumlata
1157 2050 1447 2113 damnatio,
1471 2050 1558 2117 qui
1591 2050 1831 2116 negando

260 2118 478 2181 Filium,
500 2120 772 2186 l’atriSque
797 2122 1216 2188 prouuuciaulur
1244 2119 1628 2183 initnici.Qnod
1654 2132 1828 2188 autem

267 2192 357 2252 ait,
404 2189 533 2243 Vivit
563 2190 606 2241 υ
643 2187 809 2242 minus
842 2189 977 2241 Deus
1020 2200 1157 2249 tuus,
1192 2187 1306 2240 Dan
1328 2231 1341 2253 ,
1374 2200 1419 2242 et
1454 2192 1570 2242 vivit
1603 2192 1681 2240 via
1714 2187 1833 2241 Bero

263 2260 433 2328 sabee,
469 2261 607 2327 vulgi
657 2261 1096 2313 consuetudinem
1130 2261 1422 2321 denotavit,
1449 2261 1539 2327 qui
1586 2261 1834 2313 videlicet

267 2332 641 2399 supersntinne
672 2330 979 2398 prolabens,
1028 2339 1083 2382 et
1133 2330 1318 2399 itinera
1361 2330 1670 2397 plerumque
1708 2346 1822 2396 qut-

264 2397 363 2453 hus
395 2401 458 2453 ad
492 2397 707 2453 delubra
738 2404 864 2467 itur,
907 2401 1133 2467 adjurat.
1177 2397 1401 2467 Cadent,
1436 2401 1632 2468 inquit,
1657 2411 1700 2452 e.‘
1734 2416 1834 2453 non

264 2480 524 2540 resurgent
557 2472 708 2533 ultra,
732 2471 782 2523 id
814 2481 914 2532 est,
940 2474 1051 2538 spei
1080 2470 1287 2523 solatiis
1329 2470 1477 2523 inniti
1520 2485 1623 2523 non
1656 2470 1835 2521 sinen-

270 2550 353 2592 tur
380 2544 623 2604 ulterius,
649 2550 705 2593 ut
751 2549 935 2609 putent
975 2555 1141 2608 usque
1174 2540 1239 2592 ad
1283 2548 1541 2594 ten-orem
1574 2541 1833 2608 ejusmodi

269 2610 710 2664 comminatiuzzes
739 2626 951 2674 sonare,
984 2610 1264 2679 statimque
1285 2625 1560 2664 occursuzn
1592 2613 1667 2663 ire
1701 2612 1832 2663 libe-

265 2680 496 2734 ratitiuis
524 2684 735 2750 gaudia,
766 2682 901 2734 sicut
950 2682 1195 2749 leguntur
1242 2680 1546 2750 frequenter
1584 2682 1788 2747 esperti
1819 2697 1833 2743 ς

268 2751 366 2805 sed
398 2749 770 2819 quia’nltiouis
801 2761 1007 2818 tempus
1032 2751 1451 2816 cumpreheusus
1482 2749 1695 2819 demum
1730 2766 1833 2801 utt-

266 2818 426 2875 cinus
453 2825 688 2885 attraxit,
733 2821 982 2888 patiendo
1013 2820 1265 2883 sentiant,
1294 2819 1433 2888 quod
1473 2818 1730 2872 ltactenns
1753 2822 1835 2870 di-

271 2892 509 2946 dicerant
542 2894 822 2954 avnliendo,
857 2902 908 2943 et
940 2892 1007 2945 ita
1035 2900 1247 2957 cadent,
1277 2900 1334 2944 ut
1382 2890 1539 2944 rebus
1584 2890 1713 2959 ipsis
1742 2894 1833 2943 de-

267 2965 625 3031 primentibus
650 2971 1014 3015 conterantur.

871 3075 1096 3131 CAPUT
1139 3074 1249 3129 IX.‘

343 3169 494 3223 Vers.
531 3168 579 3221 l.
605 3199 671 3208 —
710 3169 823 3222 Vidi
857 3168 1129 3223 Dominum
1155 3177 1369 3221 stantem
1395 3184 1547 3235 super
1575 3169 1758 3231 altare,
1794 3178 1839 3219 et

1945 581 2247 634 minationis
2269 580 2535 646 effectum,
2566 592 2619 634 et
2645 580 2862 637 dicit'se
2898 580 3094 639 vidisse
3126 580 3407 640 Dominum
3444 593 3507 641 ad

1940 651 2176 730 eruenda
2231 651 2570 730 profanorum
2615 653 2797 730 altaria
2853 654 3174 710 constitisse.
3231 658 3305 730 Et
3351 659 3509 730 553

1938 723 2178 787 quamvis
2226 721 2325 773 sub
2375 721 2601 790 imagine
2650 724 2813 785 varia,
2842 733 2950 776 tum
3005 721 3506 789 citreitrrentis,'tt'im

1937 792 2126 860 stantis
2158 802 2409 858 appareat
2445 810 2455 841 :
2503 805 2673 843 tamen
2702 795 2820 859 quia
2846 795 3021 846 omnia
3047 795 3288 860 iussione
3337 802 3509 859 perle-

1936 859 2029 933 cit,
2055 868 2109 913 et
2130 861 2283 933 dixit,
2327 862 2518 933 inquit.
2559 862 2836 925 tuinistris,
2868 867 2945 916 vel
2978 859 3180 933 angelis
3226 868 3509 931 nimirum,

1938 931 2017 982 vel
2050 930 2315 1002 gentibus,
2350 946 2411 984 ex
2444 930 2561 999 ejus
2585 934 2855 985 voluntate
2891 930 3251 996 venientibus,
3289 948 3343 988 ut
3388 930 3509 1002 per?

1938 1008 2181 1051 cuterent
2223 1000 2421 1062 valvas,
2448 1013 2501 1054 et
2539 1012 2801 1054 commota
2823 1004 3280 1067 'superliminaria
3307 1000 3509 1061 dissili-

1938 1080 2077 1132 rent,
2106 1069 2289 1136 sicque
2319 1072 2491 1122 omnis
2520 1073 2709 1124 mdium
2738 1074 2887 1124 ruina
2930 1085 3261 1141 sequeretur,
3295 1079 3508 1131 statim-

1936 1153 2040 1203 que
2069 1153 2275 1209 causas
2303 1143 2676 1195 cmnmutionis
2717 1144 3003 1195 ostendens
3034 1162 3046 1195 :
3079 1147 3305 1197 Avaritia
3336 1148 3469 1199 enim
3491 1189 3504 1209 ,

1935 1210 2029 1285 ait,
2061 1208 2111 1285 in
2142 1209 2579 1285 fllpt'lertu‘nt'tttt-t,
2608 1221 2662 1285 et
2684 1213 3005 1265 novissimum
3038 1230 3212 1266 eorum
3262 1218 3314 1267 in
3337 1208 3507 1285 gladio

1936 1278 2257 1343 interﬁciant.
2294 1279 2514 1343 Quidam
2541 1280 2590 1332 in
2618 1281 3006 1337 elocutionibus
3040 1286 3243 1337 videtur
3270 1278 3388 1339 esse
3411 1289 3507 1341 de-

1939 1347 2261 1421 fcctus,sed
2312 1350 2354 1399 si
2405 1348 2688 1416 diligenter
2736 1352 3008 1418 inspicias,
3060 1354 3284 1409 consilio
3330 1360 3504 1421 potius

1935 1433 2093 1483 quam
2128 1420 2270 1471 forte
2291 1429 2593 1486 susct'ptus.
2628 1421 2758 1485 Quia
2784 1423 2923 1474 enim
2956 1433 3067 1475 toto
3096 1420 3364 1480 volumine
3386 1441 3505 1481 sce—

1938 1488 2044 1563 lera
2073 1502 2283 1550 eorum,
2311 1488 2503 1563 hisque
2538 1489 2714 1542 debita
2749 1500 3009 1563 tormenta
3043 1495 3357 1563 digeSserat,
3393 1512 3505 1550 tne—

1914 1559 2040 1632 'rito
2064 1575 2201 1608 nunc
2229 1559 2599 1632 compendium
2625 1562 2887 1632 sermonis
2910 1559 3175 1632 elegitfut
3206 1573 3259 1618 et
3298 1559 3504 1619 morum

1935 1629 2154 1699 vulnera
2189 1632 2343 1681 unius
2374 1629 2482 1683 vitii
2530 1630 2765 1699 signaret
2795 1629 3017 1693 indicio,
3042 1644 3098 1686 et
3151 1635 3507 1689 damnationis

1936 1698 2171 1773 pondera
2221 1704 2493 1773 succincto
2536 1700 2783 1773 nimirum
2840 1717 3089 1756 sermone
3150 1706 3504 1773 contingeret.

1942 1770 2207 1841 l’ercnssu
2240 1769 2433 1835 quippe
2461 1770 2760 1832 cardinum,
2792 1782 2842 1824 et
2886 1769 3367 1841 superlimlnarium
3396 1792 3507 1827 mo-

1939 1848 2016 1896 tu,
2058 1840 2262 1912 ruinam
2301 1842 2579 1912 fanorum;
2608 1842 2841 1892 avaritia-
2868 1857 2992 1895 vero
3015 1846 3226 1897 nomine
3254 1846 3303 1895 in
3334 1846 3507 1912 capite

1931 1906 2169 1960 omnium
2200 1909 2603 1970 eunnnoruntis,
2630 1926 2657 1961 a
2683 1912 3008 1979 principibus
3048 1915 3112 1966 ad
3145 1916 3301 1978 imos,
3330 1906 3505 1968 sordi-

1936 1979 2034 2031 bus
2058 1992 2281 2031 cuncms
2303 1990 2355 2030 et
2383 1980 2675 2048 sacrilegiis
2699 1981 2916 2035 horrere
2940 1983 3255 2049 pronunciat
3287 2003 3299 2037 :
3330 1990 3509 2038 novis-

1934 2052 2101 2100 simos
2142 2063 2269 2100 vero
2318 2065 2501 2101 eorum
2553 2050 2693 2118 quod
2756 2051 3152 2106 interficiendos
3182 2056 3357 2109 hostili
3392 2071 3506 2109 mu-

1934 2132 2099 2192 crone
2127 2119 2373 2192 signavit,
2409 2122 2642 2174 ostendit
2688 2136 2858 2192 neque.
2884 2124 3087 2190 exiguis
3117 2138 3235 2177 esse
3278 2140 3505 2192 parcen-

1934 2190 2059 2239 dum
2090 2188 2222 2261 :__sed
2254 2191 2532 2261 optimates
2557 2199 2611 2243 et
2639 2191 2851 2261 vulgum
2890 2188 3107 2246 contusa
3138 2188 3505 2261 caede—peritu-

1936 2272 2045 2309 ros.
2084 2257 2203 2333 Non
2230 2260 2324 2333 erit
2356 2259 2673 2333 [Anulum],
2706 2257 2892 2329 inquit,
2926 2264 3046 2332 fuga
3075 2264 3146 2317 eis
3177 2279 3195 2317 :
3223 2257 3435 2333 fugient,
3461 2276 3507 2318 et

1936 2343 2037 2379 non
2067 2327 2440 2402 salvabiturem
2468 2332 2536 2402 eis
2580 2327 2665 2397 qui
2707 2327 3139 2402 fugerit.chgam
3190 2327 3507 2401 proveii'ugio

1938 2398 2323 2470 nominaverint,
2358 2400 2498 2466 quod
2546 2410 2604 2454 ut
2643 2398 2955 2467 exponeret,
2994 2398 3271 2470 postquam
3316 2398 3502 2460 dixit:

1940 2465 2061 2543 Non
2082 2469 2177 2543 erit
2204 2470 2253 2519 in
2282 2465 2518 2543 etsfuga.
2549 2465 2813 2543 continuo
2830 2465 3056 2542 subjecit
3077 2514 3092 2539 ,
3120 2465 3300 2543 fugiet,
3330 2486 3377 2528 et
3405 2492 3507 2529 non

1938 2538 2216 2612 salvabitur
2243 2554 2305 2612 ea:
2334 2541 2404 2612 eis
2434 2538 2517 2602 qui
2545 2540 2750 2612 fugerit.
2780 2541 2919 2609 Ergo
2932 2538 3062 2612 quia
3094 2538 3221 2596 nihil
3256 2547 3507 2612 proderat

1940 2609 2134 2685 fugisse
2156 2608 2443 2685 capiendis,
2471 2624 2641 2677 neque
2670 2610 2844 2685 fugam
2862 2608 3359 2680 ’eos'arreptum'ire
3392 2631 3506 2685 pro-

1938 2678 2175 2754 nuntiat.
2212 2679 2401 2754 verum
2435 2698 2500 2732 ne
2530 2685 2628 2754 hoc
2668 2678 2809 2754 esset
2836 2678 3119 2754 incertum,
3144 2684 3338 2747 intulit,
3363 2678 3505 2754 quod

1938 2745 2023 2821 ad
2044 2748 2432 2821 expositionem
2460 2751 2696 2821 valeret.
2731 2749 2934 2820 Fugiet,
2978 2745 3169 2821 inquit,
3203 2765 3249 2807 et
3278 2745 3508 2809 κὸηέσί-

1940 2816 2141 2868 imbitur
2168 2819 2340 2890 ea:_eis
2379 2820 2467 2887 qui
2513 2820 2717 2889 fugerit.
2751 2816 2830 2874 Ei
2855 2838 2963 2890 quo
2991 2816 3166 2877 sensu
3187 2832 3270 2877 est
3298 2826 3424 2879 illud
3456 2828 3510 2879 in

1943 2891 2147 2959 psalmo
2176 2904 2189 2940 :
2227 2886 2347 2939 Fiat
2369 2894 2452 2941 via
2480 2886 2684 2942 illoium
2716 2886 2930 2945 tenebrae
2959 2903 3004 2945 et
3037 2895 3308 2959 lubricum,
3339 2905 3385 2947 et
3414 2912 3510 2948 an-

1941 2956 2087 3032 gelus
2116 2956 2323 3032 Domini
2367 2973 2669 3032 persequens
2710 2978 2791 3012 eos
2839 2960 3011 3029 (Psal.
3044 2960 3178 3032 54.).
3218 2956 3409 3018 Verum
3440 2981 3508 3020 ne

1944 3035 2045 3077 hoc
2076 3027 2247 3093 ipsum
2277 3029 2512 3081 breviter
2555 3027 2859 3083 indicatum
2885 3047 3098 3085 sensum
3128 3027 3371 3087 eluderet
3410 3049 3508 3087 au-

1944 3097 2224 3171 dientium.
2250 3099 2420 3167 pergit
2441 3100 2759 3171 sentientium
2806 3101 3029 3155 dilatare
3074 3116 3169 3171 per
3193 3105 3420 3170 species,
3453 3117 3511 3159 ut

1946 3166 2424 3242 all'eet‘ttmtimuhs
2448 3168 2777 3238 longitudine
2798 3166 3174 3240 descriptionis
3202 3166 3506 3242 exasperet,

270 3240 403 3293 dixit
427 3254 448 3293 :
482 3239 695 3293 Percute
722 3241 1000 3305 cardinem,
1028 3251 1073 3293 et
1113 3234 1516 3292 commoveantur
1542 3240 1836 3316 superltmi-
1867 3241 1914 3303 ρ
1945 3234 2212 3316 simulque
2261 3234 2599 3316 commendat
2618 3279 2632 3305 ,
2660 3254 2719 3294 se
2749 3234 3077 3316 indignante,
3119 3244 3205 3310 qui
3229 3243 3308 3316 sit
3337 3234 3511 3299 'totius

272 3312 443 3363 naria.
476 3311 703 3363 Avaritia
726 3312 857 3364 enim
886 3312 937 3362 in
965 3312 1127 3379 capite
1158 3312 1407 3372 omnium,
1441 3318 1484 3362 et
1515 3310 1840 3379 novissimum

273 3396 450 3434 eorum
481 3382 534 3452 in
569 3380 740 3452 gladio
766 3378 1086 3452 interficiant.
1112 3380 1292 3452 Altarc
1322 3379 1682 3452 liocgquidam,
1706 3378 1731 3415 δ
1753 3395 1841 3452 ειιτ

270 3467 369 3515 per
400 3451 537 3520 quod
572 3450 711 3503 ultor
740 3451 987 3513 asuterit,
1039 3450 1332 3517 legitimum
1382 3450 1654 3520 videlicet,
1699 3450 1841 3517 quod

274 3519 424 3576 esset
464 3523 516 3573 in
546 3521 891 3590 ierosulyune
939 3521 1136 3586 templo
1184 3521 1448 3588 positum,
1480 3519 1839 3586 crediderunt,

271 3593 567 3644 secundum
596 3593 683 3643 illa
708 3603 739 3655 t,
776 3593 912 3657 quod
951 3592 1087 3643 alius
1121 3592 1373 3658 propheta
1403 3590 1552 3655 dicit,
1580 3591 1620 3642 Α
1650 3591 1842 3642 sanctis

274 3664 399 3715 meis
431 3663 652 3727 incipite,
681 3668 924 3715 vnlvatur
951 3662 1131 3728 templi
1170 3676 1379 3729 quoque
1411 3661 1573 3729 ip-ins
1623 3660 1841 3714 exitium

272 3735 619 3796 comminari;
650 3735 742 3785 sed
787 3734 1110 3785 llllt'lleClUlI]
1141 3734 1399 3796 epismodt
1434 3731 1531 3783 toei
1562 3742 1841 3786 contextus

276 3805 493 3856 refutat.
524 3802 715 3856 Mentin
741 3805 937 3870 quippe
963 3802 1113 3854 .luda:
1144 3802 1281 3853 nulla
1326 3812 1670 3869 prascesserat
1695 3818 1709 3853 :
1739 3816 1841 3855 ca:-

273 3883 447 3927 terum
478 3876 661 3926 decem
679 3871 944 3927 Tribunus
974 3873 1275 3938 Specialiter
1308 3874 1636 3927 inuninebat.
1672 3872 1839 3926 Deni-

276 3960 378 4010 que
409 3954 683 4011 postquam
714 3943 865 4008 dixit,
894 3939 1078 3993 Jurant
1106 3945 1176 4011 fin
1215 3942 1398 3994 delicto
1430 3944 1683 3995 Samaria:
1713 3959 1731 3996 :
1766 3953 1841 4008 et,

277 4016 385 4081 Qui
412 4016 606 4072 dicunt,
646 4010 779 4063 Vivit
812 4011 1058 4064 Dominus
1091 4010 1225 4064 Deus
1270 4022 1407 4071 tuus,
1460 4012 1594 4074 Dan,
1648 4023 1693 4065 et
1724 4014 1844 4065 vivit

278 4090 362 4138 via
391 4081 637 4135 Bersabee
664 4095 682 4131 :
714 4081 1140 4149 cadentoinquit,
1175 4090 1219 4132 et
1250 4098 1347 4132 non
1387 4092 1647 4149 resurgent
1681 4082 1842 4144 ultra,

274 4173 339 4209 ae
379 4152 571 4206 deinde
598 4150 856 4202 subdidit:
896 4148 1013 4201 Vidi
1050 4149 1318 4201 Dominum
1348 4148 1562 4202 stantem
1590 4167 1741 4217 super
1766 4153 1841 4202 al-

278 4239 409 4280 tare.
438 4223 571 4276 Cum
602 4234 731 4289 erg:
762 4220 1154 4288 signantissime
1200 4221 1403 4289 decent
1434 4220 1627 4273 Tribus
1659 4222 1846 4274 Sama-

277 4298 520 4362 riamque
549 4288 855 4359 pulsaverit,
878 4289 1043 4341 altare
1068 4304 1282 4362 quoque
1298 4302 1350 4341 et
1377 4288 1679 4362 delubrum,
1705 4292 1843 4356 quod

279 4360 552 4433 praecipiat
595 4362 783 4421 everti,
837 4361 1303 4433 ipsuurdebemus
1335 4360 1597 4427 accipere,
1631 4363 1699 4413 de
1740 4377 1847 4426 quo

282 4428 587 4504 poulo'ante
615 4433 747 4484 dixit
772 4445 793 4504 γε
830 4429 891 4483 Et
920 4430 1047 4504 venit
1071 4428 1190 4497 ﬂuis
1230 4446 1380 4495 super
1413 4434 1655 4499 populum
1681 4447 1845 4482 meum

286 4501 481 4566 israel,
528 4519 629 4555 non
667 4503 911 4572 adjiciam
963 4501 1117 4572 ultra,
1155 4509 1226 4572 “ut
1268 4514 1611 4572 pertranseam
1639 4516 1774 4563 eum,
1802 4511 1846 4554 et

276 4576 558 4629 stridebant
586 4569 818 4625 cardines
845 4570 1016 4639 templi
1047 4573 1098 4621 in
1129 4569 1211 4620 die
1261 4570 1372 4631 illa,
1416 4572 1538 4622 dictt
1571 4571 1842 4625 Dominus.

282 4650 348 4699 Et
376 4649 531 4714 paulo
549 4658 742 4714 supra,
777 4642 919 4714 Dixit
947 4642 1013 4692 ad
1035 4641 1291 4714 Amasiam
1314 4644 1465 4714 Amos
1489 4656 1506 4693 :
1540 4641 1694 4693 Nunc
1725 4645 1846 4714 nudi

292 4707 503 4771 Verbum
534 4707 741 4767 Domini
769 4728 787 4766 :
816 4711 892 4764 Tu
918 4714 1064 4775 dicis,
1091 4707 1209 4761 Non
1235 4712 1556 4780 prophetabis
1579 4727 1729 4777 super
1750 4713 1846 4764 do-

283 4804 419 4840 mum
442 4785 607 4837 Israel
632 4795 676 4837 et
713 4800 812 4835 non
849 4782 1064 4833 stillabis
1102 4797 1252 4849 super
1281 4784 1489 4833 dotuum
1521 4780 1679 4834 ldoli.
1716 4780 1850 4834 Pro-

278 4869 387 4927 pter
415 4857 510 4909 Itoc
537 4852 1081 4927 Itwcrrdicithom‘iaus
1104 4865 1123 4903 :
1156 4850 1299 4927 Uxor
1326 4859 1413 4927 tua
1438 4856 1489 4927 in
1516 4852 1714 4927 civitate
1741 4856 1845 4921 for-

277 4922 484 4992 uicabit,
512 4935 561 4979 et
599 4925 696 4993 ﬁlii
750 4925 823 4974 tui
853 4934 897 4974 et
935 4922 1058 4990 ﬁlia:
1106 4930 1206 4973 (ull:
1249 4924 1301 4973 in
1341 4924 1512 4991 gladio
1557 4924 1757 4985 catlenl,
1802 4930 1847 4975 et

278 5003 463 5051 humus
494 5006 582 5049 tua
618 4993 847 5065 funculo
894 4995 1143 5065 tuetietur,
1191 5002 1238 5065 et
1281 4994 1434 5065 tumin
1467 5005 1600 5065 terra
1649 4994 1847 5061 polluta

279 5070 542 5131 morieris,
593 5062 639 5119 et
692 5062 856 5117 Israel
893 5064 1117 5130 captivus
1164 5062 1397 5130 migrabit
1446 5064 1508 5114 de
1547 5076 1682 5115 terra
1729 5079 1844 5113 sua.

276 5139 409 5205 Quia
439 5151 567 5207 ergo
592 5137 817 5199 dixerat,
850 5136 988 5202 quod
1020 5132 1072 5185 in
1101 5133 1303 5186 delicto
1330 5134 1585 5187 Samaria;
1606 5134 1848 5199 jurantes

348 5285 375 5312 ι
416 5273 665 5328 Fortasse
695 5269 1029 5339 conleguntur
1054 5267 1447 5322 rescribendum
1472 5280 1574 5334 est,
1606 5279 1698 5323 aut
1726 5286 1849 5321 cou-

278 5347 566 5410 vincuntur,
596 5351 687 5394 aut
715 5342 817 5396 tale
842 5341 1135 5407 quidpiam.

352 5416 376 5453 δ
420 5415 493 5468 Ex
527 5409 610 5466 his
653 5413 1004 5478 Hieronymus
1044 5422 1177 5461 unus
1206 5416 1321 5471 est,
1367 5423 1418 5460 tn
1458 5423 1616 5476 quem
1661 5409 1852 5464 Noster

282 5484 623 5558 ἀντιρλἰητικὸν
643 5481 1093 5558 commentarium
1111 5479 1248 5532 hunc
1273 5480 1437 5533 cudit.
1462 5479 1651 5558 [faucis
1671 5490 1848 5534 ante".

281 5548 402 5622 ille,
422 5548 484 5609 ac
510 5553 626 5607 fere
651 5551 847 5622 obiter,
899 5564 995 5603 nec
1024 5548 1140 5622 sine
1174 5551 1520 5622 congruentia
1546 5564 1638 5622 sua
1671 5559 1848 5604 tamen

282 5617 441 5695 atque
460 5623 760 5679 eruditione
783 5620 852 5695 ita
880 5622 1059 5674 sentit.
1086 5617 1219 5695 «ista,
1251 5617 1362 5683 ait,
1408 5621 1592 5695 videbit
1633 5630 1849 5695 stantem

284 5690 559 5749 Dominum
586 5707 739 5760 super
765 5691 925 5743 altare
947 5697 991 5742 et
1013 5691 1386 5759 praecipientem
1420 5690 1718 5759 Prophetas,
1751 5692 1851 5744 sive

284 5778 335 5819 ut
364 5766 512 5818 multi
556 5771 773 5831 putant,
824 5760 1051 5827 Angela,
1089 5765 1175 5828 qui
1219 5762 1487 5813 reddendis
1527 5768 1850 5831 pecqtlorum

286 5829 891 5906 suppliciis‘manripatus
914 5840 1006 5885 est.
1030 5839 1083 5880 ut
1109 5834 1600 5897 percutiatmrdines
1625 5829 1847 5899 Templi,

527 5934 795 5990 ιἈτιιυι..
849 5927 899 5985 .\
919 5933 963 5984 .\
982 5925 1025 5986 Ι.

1877 4606 1926 4665 D

1946 3306 2093 3360 orbis
2139 3309 2427 3377 inspector,
2468 3310 2665 3362 nullam
2701 3320 2723 3348 ο
2758 3306 3101 3379 religionem,
3137 3306 3347 3367 'nullam
3392 3328 3514 3368 esse

1946 3385 2412 3451 creaturam.‘qu:e
2446 3379 2529 3451 vel
2573 3380 2823 3434 auxilium
2870 3382 3081 3451 aliquod
3131 3385 3208 3437 vel
3261 3384 3513 3438 solatium

1948 3448 2123 3521 valeat
2160 3448 2397 3521 praebere
2423 3450 2705 3503 damnatis.
2740 3448 3022 3521 Postquam
3051 3467 3177 3521 ergo
3205 3454 3359 3519 dixit,
3388 3453 3512 3507 Non

1945 3519 2038 3597 erit
2071 3522 2189 3589 fuga
2218 3520 2288 3570 eis
2312 3534 2331 3572 .'
2361 3521 2539 3590 fugiet,
2574 3530 2619 3573 et
2661 3538 2761 3574 non
2791 3519 3088 3590 satiabitur,
3115 3519 3202 3593 qui
3232 3526 3422 3596 fugerit
3453 3540 3516 3578 ea:

1944 3602 2016 3640 ets
2048 3602 2065 3638 .‘
3478 3612 3481 3615 ‘

2024 3659 2170 3710 Vi-rs.
2204 3658 2351 3734 f2.-_b.
2373 3688 2439 3699 —
2464 3660 2524 3715 Si
2550 3662 2919 3728 descenderint,
2944 3663 3135 3732 inquit,
3168 3680 3326 3734 usque
3347 3666 3413 3717 ad
3437 3666 3517 3717 in-

1945 3726 2164 3794 fernum,
2199 3730 2318 3783 inde
2345 3747 2526 3784 manus
2558 3748 2667 3785 utea
2693 3735 2871 3786 educet
2896 3726 2983 3786 eos
3006 3726 3031 3787 ί
3045 3745 3090 3787 et
3119 3726 3163 3787 si
3194 3726 3519 3789 ascenderitis

1945 3813 2104 3867 usque
2129 3801 2182 3853 in
2213 3801 2415 3868 calum,
2448 3803 2567 3855 inde
2601 3806 2865 3856 detraham
2901 3820 3005 3857 eos.
3048 3804 3114 3857 Et
3150 3806 3192 3858 si
3229 3804 3518 3859 absconditi

1944 3870 2133 3938 fuerint
2160 3872 2213 3923 in
2243 3876 2424 3925 vertice
2449 3872 2698 3938 Carmeli,
2723 3875 2841 3926 inde
2868 3886 3098 3927 scrutans
3137 3876 3372 3943 auferam
3394 3890 3478 3928 eos
3497 3890 3518 3929 :

1948 3950 1993 4014 et
2023 3957 2065 3992 si
2095 3944 2368 4014 celaverint
2389 3958 2465 4014 _se
2487 3944 2548 3994 ab
2575 3944 2740 4014 oculis
2773 3945 2894 3995 meis
2923 3946 2975 3996 in
3004 3945 3163 4010 fundo
3194 3944 3367 4014 [Vulg.
3403 3959 3521 4014 pro-

1946 4006 2131 4081 funao]
2158 4012 2335 4081 maris,
2362 4010 2429 4061 ibi
2460 4011 2713 4063 mandabo
2743 4014 2963 4081 serpenti
2986 4006 3032 4064 et
3056 4006 3302 4065 mordebit
3318 4006 3426 4065 'eos.
3459 4013 3522 4066 Et

1944 4079 1987 4129 si
2018 4080 2233 4131 abierint
2255 4080 2309 4130 in
2335 4082 2677 4147 captivitatem
2700 4079 2877 4132 coram
2902 4082 3122 4134 inimicis
3142 4082 3267 4147 suis,
3284 4084 3351 4135 ibi
3375 4098 3522 4135 man-

1946 4147 2079 4199 dabo
2104 4148 2301 4215 gladio,
2333 4157 2377 4201 et
2399 4150 2590 4201 occidet
2618 4166 2723 4203 eos.
2760 4148 2874 4202 Non
2917 4165 3022 4219 quo
3062 4150 3252 4204 horum
3285 4154 3518 4220 aliquem

1946 4231 2079 4285 quos
2107 4222 2443 4271 enumeravit
2475 4220 2736 4283 locorum,
2785 4221 2935 4273 adire
2985 4234 3173 4288 captus
3218 4221 3379 4275 Israel
3425 4232 3519 4276 aut

1949 4296 2148 4359 posset,
2175 4300 2261 4359 aut
2294 4300 2535 4355 cuperet,
2567 4290 2661 4342 sed
2708 4301 2764 4342 ut
2808 4290 3118 4359 magnitudo
3148 4306 3206 4343 se
3230 4292 3414 4344 aeterni
3440 4292 3523 4358 ju-

1947 4357 2081 4431 tlicis
2111 4357 2432 4431 publicaret,
2457 4360 2533 4431 ab_
2558 4357 2975 4428 impossibilibus
3012 4364 3255 4428 exempla
3284 4357 3521 4431 collegit,

1949 4426 2000 4478 id
2026 4436 2109 4498 est
2137 4444 2150 4480 :
2184 4427 2241 4481 Si
2275 4443 2359 4481 me
2388 4427 2550 4498 555.
2574 4426 2886 4493 inSeuuente
2907 4470 2921 4493 ,
2950 4426 3281 4497 posstent'aut
3306 4432 3371 4483 ad
3401 4426 3524 4487 εἱειὶ

1948 4496 2112 4550 ardua
2143 4496 2479 4559 subvolare:
2518 4496 2608 4551 aut
2648 4501 2823 4553 vorari
2870 4496 3129 4552 terrarum
3159 4500 3425 4562 hiatibus,
3461 4511 3519 4555 ut

1954 4567 2198 4629 laterent,
2240 4578 2351 4633 aut,
2384 4569 2523 4621 sicut
2559 4577 2643 4623 est
2681 4569 2902 4622 stultitia
2936 4574 3245 4637 plerumque
3275 4583 3521 4625 metuen-

1953 4645 2106 4700 tium,
2131 4637 2358 4709 Carmeli
2408 4642 2661 4692 verticem
2718 4647 2986 4707 peterent,
3019 4642 3169 4709 quasi
3205 4650 3342 4692 tutas
3386 4644 3520 4694 late-

1954 4710 2097 4773 bras,
2139 4708 2219 4761 vel
2253 4710 2295 4760 si
2328 4708 2379 4760 iu
2413 4710 2677 4776 profunda
2717 4708 3043 4762 marinorum
3080 4711 3347 4778 gurgitum
3382 4726 3525 4763 mer-

1952 4787 2230 4844 gerenlur,
2265 4793 2524 4844 nusquam
2560 4791 2730 4832 tamen
2766 4789 2979 4847 possent
3010 4780 3112 4831 vim
3139 4792 3336 4833 nostrae
3369 4783 3525 4833 ultio-

1954 4848 2037 4898 nis
2068 4846 2328 4920 ell'ugere.
2359 4846 2845 4920 Quibussaner’ne
2886 4851 3001 4902 haec
3051 4848 3163 4915 ipsa
3216 4849 3374 4911 forte,
3418 4866 3526 4920 qua

1955 4919 2266 4989 puniantur,
2300 4920 2540 4971 conditio
2572 4919 2892 4984 blandiatur,
2928 4929 3236 4989 putentque,
3269 4933 3329 4973 se
3352 4919 3526 4975 ita’fe-

1957 4988 2115 5037 ιιιιιιΙίι
2150 4989 2455 5055 captivitate
2486 4990 2720 5056 defungi,
2753 5002 2811 5041 ut
2842 4991 2969 5042 nihil
3003 4996 3051 5041 ιιι
3086 5006 3181 5044 eos
3212 4991 3403 5057 reliqui
3430 4993 3523 5058 ju-

1954 5072 2024 5129 rs
2046 5057 2287 5115 habeam,
2308 5074 2442 5123 quos
2460 5059 2809 5113 dominationi
2833 5060 3073 5114 barbara:
3102 5057 3478 5129 mancipavero
3504 5078 3519 5117 :

1953 5127 2239 5188 denuncio,
2269 5143 2393 5196 quia
2428 5143 2525 5184 nec
2553 5133 2886 5199 captivorum
2911 5133 3121 5185 valeant
3152 5127 3298 5185 sorte
3338 5130 3525 5183 defen-

1953 5261 2055 5311 sive
2084 5258 2536 5335 Propitiatorium,
2587 5279 2635 5322 et
2675 5277 3083 5321 commoveantur
3114 5266 3527 5335 superliminaria

1953 5335 2117 5404 eius,
2148 5333 2249 5404 sive
2289 5336 2553 5387 vestibula.
2588 5338 2871 5404 Quumque,
2918 5340 3007 5397 ait,
3038 5333 3296 5401 Templum
3322 5346 3526 5402 praptcr

1957 5402 2204 5454 malitiam
2231 5402 2488 5457 hominum
2519 5402 2821 5474 dissipatum
2848 5409 2999 5474 fuerit
3032 5418 3077 5457 et
3102 5408 3407 5457 destructum
3426 5448 3439 5467 ,
3480 5415 3526 5458 et

1958 5474 2035 5522 ira
2066 5488 2176 5524 mea
2204 5490 2234 5525 (ι
2263 5480 2551 5545 sanctum-io
2576 5493 2684 5527 meo
2706 5480 2919 5545 ceperit,
2950 5476 3289 5543 unusquisque
3313 5491 3513 5543 cognos-

1958 5551 2055 5605 cat,
2085 5556 2188 5595 etc.
2257 5544 2382 5598 title
2412 5558 2528 5613 post
2573 5544 2910 5599 crediderunt
2942 5551 3077 5600 addc
3126 5557 3198 5607 ut,
3256 5557 3343 5595 ant
3398 5544 3521 5611 quid

1957 5613 2147 5666 simile.

2031 5694 2053 5720 ε
2100 5684 2345 5738 Fortasse
2390 5685 2642 5750 regionem
2689 5698 2927 5754 congruo
2957 5694 3099 5735 certe
3144 5685 3310 5745 ntagis
3346 5697 3502 5735 censu

1958 5764 2040 5808 est
2067 5757 2483 5809 rescribendum.
3018 5786 3021 5789 -

3016 5928 3093 5983 33
