4110 6350
242 360 381 419 1115

1444 356 1600 415 \‘ITA
1638 353 1927 411 ΞᾹΝΟΤίΕ
1964 353 2307 413 ΕΠΟΕΝΙΑΞ.

3364 360 3507 419 HM

237 476 542 550 tendamus.
573 476 644 531 Et
669 474 959 550 revolvens
976 475 1234 550 codicem,
1260 475 1405 550 venit
1434 475 1498 550 ad
1526 476 1727 550 iocum,
1754 480 1809 529 et
1838 472 1885 533 Α
1912 473 2067 550 milii,
2092 473 2193 550 tioc
2212 487 2358 550 anno
2377 472 2577 550 absque
2596 474 2719 530 ﬁliis
2735 475 2945 550 viduata
2960 488 3102 543 sum,
3134 477 3363 535 succede
3395 495 3497 550 pro

235 548 401 615 etrapit
442 548 651 612 legere,
684 548 903 601 dicens:
934 548 1082 616 Dixit
1122 548 1278 603 .lesus
1323 546 1599 611 discipulis
1651 547 1802 598 suis:

180 636 185 640 ‘
233 617 397 674 Scitis
434 618 558 687 quia
592 617 853 685 principes
882 621 1117 684 gentium
1150 622 1378 681 majores
1417 625 1543 671 sunt
1583 616 1663 669 liis
1690 616 1809 684 qui-

235 688 335 766 bus
352 688 715 766 dominantur;
750 689 912 759 57o
932 698 986 743 et
1006 690 1357 766 principatum
1380 703 1569 766 eorum
1587 695 1803 766 gerunt.

234 758 388 823 Apud
419 774 511 811 vos
540 767 716 812 autem
760 756 992 813 nonest
1022 761 1097 813 sic
1128 778 1141 813 :
1169 756 1261 813 sed
1316 758 1358 811 si
1397 759 1515 826 quis
1557 756 1610 810 in
1656 756 1807 810 vobis

236 831 348 883 vult
381 829 582 895 primus
608 843 749 893 esse,
779 829 849 883 sit
880 840 1056 885 vester
1084 831 1300 883 ultimus
1327 846 1340 883 :
1367 840 1420 883 et
1450 829 1492 881 si
1516 829 1637 895 quis
1668 828 1807 879 inter

236 914 330 953 vos
356 900 586 952 voluerit
615 914 734 951 esse
763 899 1031 965 dominus,
1061 901 1131 954 sit
1158 908 1337 955 vester
1364 912 1557 955 servus
1587 895 1801 968 (Matth.

232 970 371 1035 20.).
406 970 469 1023 Et
501 969 585 1022 his
614 968 769 1021 dictis
796 1010 812 1033 ,
840 970 1034 1036 adiecit
1062 988 1077 1025 :
1104 971 1263 1032 Ecce,
1305 969 1498 1038 inquit,
1528 978 1583 1022 et
1610 968 1807 1022 vestris

230 1038 395 1107 jussis
422 1040 820 1107 obtemperans,
855 1041 1068 1095 decrevi
1107 1043 1388 1106 primatum
1418 1041 1688 1104 suscipere
1710 1079 1722 1096 .
1752 1046 1806 1092 et

216 1110 445 1163 ‘Domini
464 1109 793 1178 jnssionibus
816 1110 1069 1166 obedire:
1093 1111 1333 1165 ultimum
1357 1126 1442 1164 me
1467 1121 1657 1164 vestite
1677 1109 1809 1162 cha-

233 1179 377 1235 ritati
407 1181 697 1234 constituo.
733 1181 1077 1235 Esbilaratur
1102 1182 1339 1235 omnium
1368 1195 1553 1235 caussa
1592 1181 1647 1234 in
1675 1193 1808 1233 con-

231 1266 393 1305 sensu
423 1251 579 1319 ejus:
608 1251 717 1319 ipsa
744 1260 920 1307 tamen
946 1261 1071 1307 ante
1099 1267 1287 1306 omnes
1309 1266 1443 1320 opus
1472 1249 1802 1320 monasterii,

221 1322 373 1389 ‘qnod
403 1321 583 1375 inﬁma
626 1322 834 1376 solebat
859 1337 1115 1379 exercere
1152 1319 1403 1391 persona,
1434 1319 1801 1391 suscepitziin

229 1391 484 1464 omnibus
513 1406 706 1464 aquam
734 1405 965 1460 portare,
1001 1390 1480 1464 lignaconcidere,
1510 1390 1803 1464 munditias

229 1462 508 1534 adbibere.
528 1460 592 1534 In
622 1477 687 1516 eo
708 1463 938 1534 denique
970 1460 1087 1518 loc'o
1111 1465 1466 1518 habitaculum
1488 1463 1585 1517 sibi
1614 1461 1801 1531 elegit,

228 1532 320 1586 ubi
352 1533 603 1587 ostiarius
632 1532 939 1589 monasterii
974 1535 1243 1600 manebat,
1276 1535 1448 1587 nevel
1482 1535 1597 1602 ipso
1627 1547 1685 1586 se
1714 1546 1805 1583 su-

227 1602 502 1671 periorem
532 1605 861 1659 ostenderet.
896 1607 1037 1660 Sane
1068 1605 1412 1660 refectionem
1446 1603 1667 1659 fratrum
1694 1602 1803 1655 sol-

226 1672 376 1728 licite
403 1674 680 1746 curabat,
729 1684 782 1729 et
826 1677 1101 1746 psallendo
1152 1675 1261 1729 Deo
1307 1675 1546 1730 ordinem
1597 1672 1804 1746 fortiter

225 1743 604 1798 custodiebat:
636 1743 842 1811 tertiae,
874 1757 1069 1809 sextse,
1113 1762 1299 1811 nonae,
1349 1745 1667 1813 vespertinis
1714 1744 1799 1797 vel

226 1816 507 1899 nocturnis
541 1823 700 1899 atque
730 1818 1000 1898 matutinis
1034 1817 1177 1897 horis
1203 1828 1307 1899 iam
1339 1816 1644 1899 cautissime
1672 1814 1802 1899 insi:
1839 1839 1886 1899 Β

225 1885 425 1956 Stebat,
458 1886 927 1956 utvidereturjam
954 1886 1173 1954 periisse
1204 1888 1331 1949 Deo,
1365 1886 1408 1939 si
1441 1887 1692 1939 horarum
1722 1884 1805 1938 vel

226 1955 500 2026 quidpiam
525 1955 895 2026 spatiiabsque
918 1960 1116 2012 divinis
1143 1958 1569 2026 laudibusaliqua
1587 1963 1810 2021 printer-

225 2025 402 2080 iisset.
432 2028 500 2079 ltn
516 2027 746 2095 denique
779 2025 829 2082 in
862 2030 962 2084 hoc
989 2045 1150 2094 opere
1173 2044 1293 2082 esse
1324 2029 1431 2082 Deo
1454 2025 1666 2082 charior
1693 2039 1807 2080 coe-

225 2097 323 2163 pit,
354 2105 414 2151 ut
441 2097 713 2151 daemones
736 2114 802 2154 ex
835 2101 1068 2155 obsessis
1100 2101 1417 2166 corporibus
1464 2098 1729 2165 pelleret.,
1759 2106 1813 2151 et

224 2181 495 2239 caecorum
536 2170 719 2222 oculos
747 2172 998 2236 aperiret.
1029 2171 1133 2226 Sed
1165 2172 1282 2237 quia
1308 2170 1469 2222 multa
1496 2167 1809 2239 singulatim

225 2253 452 2293 narrare
478 2238 694 2293 intendo
725 2256 817 2307 per
846 2243 1109 2306 ordinem,
1140 2250 1396 2310 quantum
1417 2238 1668 2295 uermittit
1688 2242 1808 2295 bre-

226 2311 389 2375 vitas,
417 2311 754 2365 accedamus.

846 2424 1073 2480 CAPUT
1116 2425 1205 2479 XI.

420 2536 755 2591 Melanthio»:
785 2556 816 2591 a
840 2548 1091 2610 quartana
1123 2542 1233 2594 oleo
1261 2557 1410 2594 sacro
1439 2551 1603 2595 curat.

296 2649 546 2705 Matrona
594 2652 836 2720 quietiam
882 2654 1235 2707 Alexandrina
1267 2693 1282 2716 ,
1313 2654 1505 2709 ceteris
1550 2657 1811 2708 matronis

226 2722 594 2789 prxstantior,
626 2723 842 2777 nomine
885 2725 1168 2778 Melanthia
1192 2768 1207 2789 ,
1242 2729 1464 2779 audiens
1501 2725 1806 2790 opinionem

226 2792 370 2863 ejus,
399 2794 548 2846 venit
591 2793 655 2845 ad
690 2809 808 2847 eam
836 2837 851 2858 ,
886 2797 1007 2862 quia
1050 2806 1309 2855 quartana
1355 2794 1672 2862 gravissime
1695 2836 1711 2858 ,
1754 2807 1807 2850 et

227 2862 335 2932 iam
369 2878 464 2931 per
484 2879 680 2917 annum
710 2874 762 2917 et
792 2879 857 2918 eo
884 2865 1453 2932 ainplius'vexabatur.
1485 2866 1653 2932 Quam
1686 2881 1806 2918 cum

265 2944 387 2988 cata
441 2933 833 3004 Eugeniaoleo
881 2935 1248 3002 permisisset,
1293 2950 1506 2989 omnem
1554 2937 1808 2990 continuo

228 3002 545 3060 violentiam
578 3006 594 3035 ¹
644 3002 782 3061 fellis
830 3007 1082 3060 evomuit.
1127 3006 1192 3061 Et
1230 3010 1511 3061 sanssima
1563 3006 1805 3069 reddita,

239 3077 471 3145 pedibus
516 3074 582 3129 ad
621 3092 774 3129 suum
818 3078 1168 3132 diversorium
1203 3080 1539 3145 properavit,
1588 3080 1726 3145 quot
1755 3078 1805 3130 in

231 3148 410 3201 vicino
441 3147 749 3202 monasterii
780 3150 1105 3213 possidebat.
1133 3148 1359 3201 Ordinat
1390 3148 1590 3202 interea
1623 3163 1808 3200 mune-

1912 544 1989 617 eis
2020 545 2069 596 in
2105 545 2444 617 facultatibus
2469 544 2624 611 meis,
2649 557 2821 601 etnon
2839 548 3009 601 solum
3035 562 3211 603 rerum
3234 544 3498 617 mearum,

1911 614 2068 688 571
2100 614 2196 688 sed
2229 630 2379 688 meus
2423 626 2541 669 esto
2576 621 2692 688 jam
2726 618 2994 688 dominus.
3022 619 3263 688 Cumque
3301 619 3416 674 haec
3445 614 3499 676 et

1913 684 1995 736 bis
2022 687 2212 737 similia
2238 684 2725 754 loqueretur,dixit
2778 687 2842 740 ad
2876 702 2993 741 eam
3026 684 3259 754 Eugeiiia
3286 706 3299 740 :
3330 688 3498 745 Recte

1910 769 2103 808 nomen
2156 755 2346 827 tinnui
2408 757 2700 820 nigredinis
2744 768 2973 811 testatur
3018 759 3331 827 perﬁdiam:
3387 775 3500 814 ma-

1907 838 2071 897 gnum
2103 825 2245 879 enim
2297 835 2348 879 te
2385 827 2601 897 diabolo
2645 825 3355 897 liabitaculnm‘praeparasti
3379 847 3392 884 :
3416 830 3502 885 di-

1908 894 2067 948 scede
2094 910 2125 948 a
2161 897 2329 950 servis
2366 896 2482 960 Dei,
2512 899 2787 964 deceptrix
2838 910 2892 953 ct
2933 894 3249 953 illeCebrosa
3292 900 3499 955 Melan-

1913 964 2023 1039 thia
2049 981 2067 1039 ς
2089 980 2186 1039 nos
2216 968 2359 1039 enim
2402 968 2559 1039 aliter
2599 970 2909 1039 militamus.
2944 968 3188 1024 Habeant
3218 984 3351 1039 opes
3386 980 3493 1025 tua!

1908 1034 1982 1086 tui
2026 1035 2229 1089 similes
2277 1037 2549 1098 dominos,
2607 1054 2706 1092 nos
2751 1038 2985 1093 delectat
3039 1034 3347 1095 mendicare
3369 1056 3491 1095 cum

1909 1102 2147 1181 Christo.
2190 1106 2408 1181 Aﬁaiiin
2440 1109 2591 1161 dives
2616 1121 2718 1181 est,
2752 1110 2843 1178 qui
2880 1126 2997 1164 cuin
3044 1109 3262 1165 Christo
3293 1126 3498 1181 pauper

1906 1185 2010 1248 est.
2074 1176 2299 1248 Fiigiant
2347 1193 2375 1229 a
2409 1188 2461 1231 te
2492 1178 2751 1248 imagines
2772 1176 3251 1248 concupiscentiae,
3271 1176 3378 1235 non
3403 1176 3495 1236 et

1905 1246 2049 1318 enim
2079 1246 2395 1318 salutisitute
2430 1249 2530 1318 ista
2562 1246 2684 1318 quae
2716 1259 2767 1303 te
2806 1246 3002 1304 invasit
3033 1246 3259 1305 insania.
3289 1251 3489 1306 Draco-

1906 1317 1989 1388 riis
2021 1314 2379 1388 habitaculum
2429 1314 2594 1378 facta,
2621 1334 2885 1374 venenum
2926 1320 3157 1375 effundis
3188 1338 3201 1374 :
3238 1320 3333 1376 sed
3363 1337 3489 1388 nos,

1904 1383 2101 1438 CIII‘ISII
2154 1386 2401 1440 iuviicato
2447 1389 2662 1441 nomine
2690 1431 2703 1451 ,
2733 1406 3061 1444 venenorum
3094 1402 3304 1445 tuorum
3337 1383 3488 1446 virus

1904 1458 2199 1519 evadimus,
2230 1468 2284 1512 et
2321 1458 2741 1512 misericordiam
2777 1456 2986 1515 Domini
3016 1461 3339 1517 invenimus.

2503 1570 2732 1626 CAPUT
2772 1572 2907 1627 XIII.

1907 1678 1959 1733 F
1961 1681 2074 1757 also
2115 1692 2389 1757 accusatur
2429 1685 2665 1738 attentati
2696 1687 2882 1754 stupri.
2926 1686 3219 1757 ⁸Ρναῖΐενιτω
3269 1690 3497 1745 Alexan-

1982 1754 2166 1827 drinus
2198 1751 2487 1827 Eugenium
2515 1751 2876 1827 comprehendi
2904 1751 3072 1823 jubet;
3098 1758 3302 1814 Catenis
3331 1762 3498 1817 vincta

1982 1824 2179 1877 sistitur
2211 1824 2475 1895 praefecto.

1985 1940 2134 1995 Tunc
2175 1940 2261 1995 illa
2306 1940 2644 2009 deceptionis
2688 1958 2799 1996 sua:
2828 1942 3087 2010 pudorem
3135 1961 3239 2000 non
3291 1946 3489 2011 ferens,

1915 2026 2226 2085 speransse
2254 2011 2472 2085 detegi,
2499 2013 2595 2065 nisi
2633 2015 2781 2085 prior
2809 2014 2921 2083 ipsa
2949 2015 3245 2085 detegeret,
3279 2032 3494 2071 reversa

1915 2081 2295 2136 Alexandriam
2321 2125 2336 2147 ,
2371 2083 2520 2136 adire
2548 2081 2855 2150 praefectum
2885 2081 3099 2147 statuit,
3152 2081 3255 2140 hoc
3301 2088 3494 2143 ordine

1914 2152 2455 2206 dicens:Scelestum
2505 2153 2754 2221 juvenem
2780 2196 2795 2220 ,
2842 2154 3183 2210 simulantem
3226 2155 3488 2212 Clirisna-

1916 2238 2037 2297 nam
2068 2223 2377 2297 religionem
2403 2223 2600 2297 incurri
2619 2242 2647 2297 Azr
2669 2232 2724 2277 et
2750 2226 3145 2297 diimimedendi
3170 2228 3362 2297 gratia,
3385 2244 3489 2296 qua

1915 2293 2108 2347 dicitur
2136 2309 2291 2363 posse
2339 2294 2733 2349 infirmitatibus
2766 2295 3051 2360 prodesse,
3081 2298 3144 2350 ad
3174 2293 3271 2353 ine
3303 2293 3489 2354 venire

1918 2364 2307 2437 permitterem,
2343 2380 2498 2417 unam
2543 2380 2627 2419 me
2656 2381 2719 2419 ex
2753 2366 2856 2419 illis
2884 2367 3195 2420 existimans
3215 2409 3231 2430 ,
3261 2368 3326 2422 de
3354 2384 3491 2437 qna-

1914 2449 2031 2488 rnm
2063 2435 2264 2509 pudore
2288 2437 2785 2509 bacciiatur,_aiisus
2806 2445 2887 2489 est
2906 2437 3244 2509 impudenter
3263 2435 3489 2509 alloqui,

1915 2513 1971 2558 et
1999 2506 2178 2558 verbis
2207 2504 2521 2572 procacibus
2552 2505 2618 2559 ad
2666 2506 2867 2560 crimen
2903 2507 3100 2560 hortari
3129 2524 3141 2559 :
3168 2512 3265 2562 nisi
3313 2504 3497 2563 dedis-

1915 2589 2027 2629 sem
2055 2590 2243 2628 vocem
2274 2576 2324 2627 in
2357 2576 2609 2642 praesenti
2630 2617 2643 2639 ,
2674 2586 2727 2629 et
2756 2577 2966 2630 ancillae
3012 2593 3145 2631 meie
3184 2579 3399 2634 fuissem
3430 2580 3495 2633 li-

1917 2646 2097 2699 berata
2129 2645 2339 2717 solatio,
2366 2660 2513 2698 more
2546 2647 2822 2699 barbarico
2846 2662 2958 2700 suae
2986 2664 3069 2701 me
3099 2648 3304 2703 libidini
3325 2651 3499 2717 capti-

1915 2727 2114 2769 vasset.
2145 2716 2383 2769 Audiens
2411 2716 2525 2771 hinc
2548 2720 2848 2784 praefectus,
2882 2717 3049 2770 nimio
3080 2719 3261 2773 fuiore
3288 2716 3497 2773 inﬂam-

1917 2796 2111 2859 matur,
2134 2796 2203 2859 et,
2209 2786 2363 2851 jubet
2378 2786 2443 2839 ad
2469 2786 2581 2840 loca
2612 2788 2925 2859 monasterii
2951 2786 3203 2842 destinari
3222 2833 3238 2858 ,
3263 2791 3350 2859 qui
3372 2806 3495 2844 eum

1918 2856 2151 2908 vinctum
2183 2857 2324 2910 ferro
2352 2871 2474 2910 cum
2503 2857 2751 2909 omnibus
2778 2856 3234 2912 commorantibus
3257 2856 3496 2926 depone-

1918 2933 2054 2999 rent.
2087 2926 2435 2993 Deponuntnr
2467 2928 2642 2993 itaque
2660 2942 2860 2999 omnes
2891 2928 2945 2999 in
2990 2929 3251 2994 vinculis;
3286 2940 3340 2982 et
3370 2930 3496 2999 quia

1917 2998 2075 3049 unius
2090 3002 2334 3067 carceris
2356 3012 2463 3067 eos
2498 3011 2602 3050 nOn
2654 2996 2861 3067 ferebat
2907 2997 3053 3050 locus
3077 3040 3092 3062 ,
3126 3015 3218 3067 per
3249 2996 3497 3052 diversas

1918 3066 2188 3120 custodias
2218 3066 2554 3118 dividuntur.
2592 3067 2714 3119 I’osl
2765 3066 2879 3121 huic
2906 3068 3157 3122 staiuitur
3186 3069 3301 3123 dies
3346 3071 3499 3124 fune-

1922 3138 1994 3188 ris
2027 3153 2040 3188 :
2069 3138 2117 3189 iu
2146 3152 2253 3203 quo
2282 3136 2367 3188 alii
2398 3136 2463 3188 ad
2497 3138 2713 3195 bestias,
2739 3136 2828 3189 alii
2859 3152 2992 3207 vero
3020 3140 3084 3191 ad
3118 3140 3287 3207 ignes,
3323 3140 3411 3194 alii
3436 3140 3501 3194 ad

231 3235 315 3280 τε,
342 3220 575 3288 scyphos
601 3206 885 3287 argenieos
916 3230 1023 3273 "es
1064 3220 1249 3288 imple;
1279 3220 1487 3283 solidis.
1519 3230 1571 3272 ει
1603 3218 1700 3271 hos
1730 3233 1815 3269 sa-
1844 3228 1889 3291 ο
1921 3207 2128 3291 diversa
2153 3207 2409 3274 supplicia
2433 3207 2835 3291 damnarentur.
2866 3206 2947 3261 Fit
2970 3206 3155 3291 rapior
3181 3210 3502 3291 immensus,

232 3287 471 3342 nationis
500 3302 615 3341 sua:
643 3291 810 3356 gratia
845 3290 1006 3344 mittit
1027 3290 1094 3343 ad
1128 3287 1336 3343 beatam
1366 3289 1678 3358 Eugeniain.
1710 3287 1809 3342 Cui

232 3370 513 3428 gratanter
555 3360 829 3413 remittens
866 3377 985 3428 quae
1032 3361 1271 3420 miserat,
1304 3361 1416 3413 ait:
1468 3361 1815 3415 Abundamus

233 3440 286 3484 et
307 3430 806 3497 superabundainus
834 3432 1081 3485 omnibus
1110 3432 1279 3485 bonis.
1314 3430 1466 3487 Unde
1498 3440 1571 3492 te,
1623 3444 1818 3497 parens

234 3501 555 3554 charissima
583 3500 887 3564 Melanthia,
921 3514 973 3554 ut
1005 3505 1103 3555 ista
1133 3502 1411 3571 egentibus
1441 3501 1607 3568 magis
1632 3516 1693 3552 ac
1724 3517 1823 3555 ne-

236 3572 549 3625 cessitatem
584 3573 907 3641 patientibus
946 3573 1176 3638 dividas,
1208 3572 1393 3627 hortor
1414 3583 1469 3630 et
1491 3587 1707 3628 moneo.

828 3688 1055 3743 CAPUT
1092 3688 1206 3745 XII.

238 3799 536 3855 Melanthio
583 3801 775 3857 incesto
806 3801 1051 3873 Eugeniae
1079 3804 1228 3857 ardet
1266 3820 1463 3859 amore.
1490 3802 1720 3859 Fortiter
1744 3822 1826 3859 re-

829 3876 959 3928 sistit
991 3873 1249 3947 Eugenio.

315 3988 555 4042 Audiens
579 3988 862 4043 Melantnia
887 3991 1197 4043 contristata
1223 4001 1300 4045 est
1329 4007 1343 4046 :
1368 4000 1423 4044 et
1452 3992 1693 4056 veniens,
1716 4007 1826 4045 cne-

238 4072 319 4127 pit
352 4074 541 4123 rogare
559 4072 611 4111 et
643 4059 899 4127 ampliora
947 4061 1278 4125 promittere.
1312 4060 1393 4112 Fit
1437 4061 1650 4113 assidua
1684 4078 1821 4114 circa

242 4134 461 4185 beatum
508 4128 827 4199 Eugenium,
863 4142 913 4180 i-t
950 4133 998 4181 in
1053 4131 1195 4180 nullo
1236 4130 1643 4191 deprehendens
1681 4132 1818 4195 quod

240 4209 393 4255 esset
426 4199 616 4253 femina
639 4240 654 4264 ,
685 4200 943 4269 elegantia
976 4199 1237 4266 decipitur
1270 4201 1585 4268 jnventntis.
1626 4200 1822 4253 Viilens

238 4286 386 4335 eam,
412 4270 661 4339 juvenem
691 4287 784 4338 per
806 4274 1079 4324 veritatem
1116 4272 1333 4336 putabat
1361 4285 1478 4324 esse
1508 4280 1779 4324 terrenum
1808 4288 1823 4325 :

240 4359 306 4396 se
338 4356 515 4395 autem
548 4357 652 4395 non
680 4343 964 4395 sanctitate
991 4340 1129 4409 ejus,
1164 4340 1256 4393 sed
1291 4341 1465 4409 aliqua
1498 4353 1614 4394 arte
1640 4342 1825 4394 existi-

244 4427 402 4465 mans
422 4412 584 4468 fuisse
607 4414 881 4479 salvatain,
904 4414 953 4465 in
978 4411 1405 4477 concupiscentia
1433 4410 1548 4481 ejus
1574 4410 1825 4477 elabitur,

243 4492 301 4535 et
333 4493 525 4550 putans
552 4483 824 4549 amplioris
854 4486 1090 4548 pecunia:
1121 4482 1471 4544 cupidiorem,
1507 4483 1667 4548 (ιωιιὶι
1703 4484 1825 4535 infi-

245 4555 353 4606 nita
380 4555 594 4619 olferre,
621 4565 675 4608 et
703 4557 959 4623 ampliora
993 4553 1323 4621 promittere.
1353 4552 1590 4620 Cumque
1622 4554 1818 4619 saepius

1933 3277 2214 3347 impudens
2251 3290 2463 3345 quoque
2512 3278 2655 3349 fama
2688 3289 2933 3330 iunctam
2997 3278 3209 3349 Aﬂgypii
3257 3292 3505 3347 peragrat

1934 3346 2282 3417 previnciam.
2309 3350 2507 3401 Otones
2535 3346 2793 3413 credunt,
2824 3363 3010 3401 omnes
3037 3346 3419 3415 couileiiiiiant,
3450 3361 3508 3406 et

1936 3419 2188 3473 omnibus
2208 3418 2499 3472 verisimile
2520 3419 2748 3484 videtur,
2774 3419 3112 3473 Melnuiliiain
3144 3421 3400 3475 illustrem
3428 3423 3506 3476 l'e-

1934 3489 2133 3543 minam
2183 3491 2392 3543 mentiri
2438 3505 2542 3543 non
2574 3503 2747 3556 posse.
2780 3489 2916 3555 Quid
2966 3490 3171 3543 multa?
3204 3491 3360 3545 Venit
3386 3493 3511 3546 dies

1937 3558 2183 3614 funerum
2207 3561 2528 3614 constitutus
2556 3577 2568 3612 :
2593 3569 2647 3613 et
2677 3563 2727 3613 in
2756 3575 2855 3628 qua
2890 3560 3152 3615 universae
3180 3562 3422 3617 civitates
3448 3564 3504 3615 in

1933 3630 2103 3685 vicino
2136 3634 2319 3699 positu:
2345 3635 2691 3698 ciniVeniunt,
2722 3641 2778 3683 tit
2816 3630 3055 3685 viderent
3088 3632 3317 3686 ferarum
3367 3632 3506 3689 tradi

1936 3703 2201 3755 morsibus
2225 3712 2604 3768 corruptores;
2632 3701 3039 3756 introducuntnr
3065 3703 3115 3755 in
3143 3704 3370 3769 catenis,
3396 3714 3452 3760 et
3469 3718 3503 3758 a

1933 3773 2217 3827 collaribns
2241 3773 2429 3846 ferreis
2453 3788 2574 3846 cum
2602 3774 2755 3846 beata
2791 3774 3020 3842 Eugenia
3053 3791 3064 3825 :
3095 3783 3148 3827 et
3177 3774 3320 3829 nullo
3342 3790 3510 3846 agito-

1933 3856 2116 3898 sceute
2146 3844 2287 3911 quod
2336 3855 2481 3897 esset
2528 3842 2767 3904 femina,
2799 3846 3003 3897 clamor
3051 3847 3227 3912 populi
3276 3842 3511 3900 diversis

1934 3918 2213 3967 sententiis
2258 3915 2556 3982 ingruebat.
2598 3914 2748 3967 Tunc
2784 3914 3006 3980 jubetur
3049 3914 3242 3967 adduci
3293 3918 3511 3982 propin-

1932 3986 2107 4048 quius.
2143 3994 2198 4035 ιιι
2229 4000 2332 4034 non
2363 3998 2458 4051 per
2483 3982 2842 4036 internuntios
2886 4000 3002 4037 eam
3038 3985 3318 4048 praefecms
3361 3988 3512 4036 audi-

1935 4064 2036 4117 ret,
2070 4055 2161 4105 sed
2192 4069 2255 4105 ex
2286 4068 2378 4104 ore
2408 4054 2525 4117 ejus
2575 4055 2877 4105 addiscera
2904 4054 3206 4106 veritatem.
3245 4063 3512 4121 Aptautur

1934 4123 2145 4188 equulei
2177 4134 2228 4174 et
2260 4124 2505 4183 verbera,
2537 4122 2787 4185 flammai,
2820 4132 3002 4177 tortori
3022 4139 3068 4185 s,
3101 4134 3155 4176 et
3183 4137 3361 4176 cetera
3393 4142 3514 4192 qua:

1909 4196 2105 4245 'SUicltt
2128 4192 2437 4245 abscond.ta
2466 4192 2644 4245 cordis
2674 4195 3016 4260 exsculpere,
3046 4207 3434 4261 pra-parantur.
3478 4234 3487 4245 .

2518 4325 2741 4381 CAPUT
2783 4327 2927 4383 XIV.

1935 4435 2516 4515 PrwfectusnEugeniic
2554 4449 2698 4515 pater
2732 4441 2844 4515 agit
2897 4442 2949 4494 in
2995 4442 3153 4509 ﬁliam
3182 4445 3511 4515 incognitam.

2225 4507 2474 4577 Eugenio:
2504 4507 2900 4577 priidcntisSima
2929 4507 3210 4579 responsio.

246 4626 439 4676 eadem
473 4611 805 4694 precaretur,
826 4637 878 4680 et
899 4611 1050 4695 grain
1078 4628 1256 4677 animo
1282 4624 1456 4695 oblatu
1487 4611 1584 4677 sibi
1616 4623 1683 4675 ab
1703 4611 1817 4675 'Itlu-
1849 4611 1899 4669 D
1946 4694 1955 4695 ί
1994 4623 2143 4677 Tunc
2171 4626 2451 4691 pricfectus
2476 4621 2754 4691 Philippus
2774 4624 2945 4678 dixit:
2978 4626 3066 4678 llic
3097 4627 3516 4686 seeleratissime

248 4696 402 4759 genia
434 4707 676 4749 cerneret
726 4693 914 4760 reddi,
949 4697 1182 4748 dcclinat
1230 4693 1294 4745 ad
1346 4695 1599 4759 majorem
1636 4698 1823 4747 interi-

250 4775 383 4828 tum,
412 4772 776 4830 aegritudinem
811 4768 947 4820 siinu
972 4783 1085 4817 aiis.
1126 4770 1294 4829 Quam
1321 4780 1438 4817 cum
1474 4770 1621 4817 liena
1654 4763 1826 4828 Enge-

249 4840 338 4887 nia
364 4846 543 4903 rogata
569 4840 825 4900 visitziret,
853 4838 1057 4891 sedenti
1082 4847 1205 4889 ante
1231 4836 1423 4888 lectum
1448 4850 1601 4887 Slttttlt
1628 4847 1827 4888 sanctae

250 4907 501 4973 Eugeniae
530 4910 651 4961 talia
682 4914 845 4971 cmpit
876 4909 1169 4976 producere
1195 4924 1207 4959 :
1234 4906 1581 4959 intolerabilis
1610 4907 1750 4958 circa
1779 4919 1827 4961 te

250 4992 402 5047 amor
436 4990 617 5045 pectus
662 4995 835 5032 meum
884 4980 1113 5047 exagitat
1140 5020 1154 5042 ,
1191 4991 1288 5031 nec
1321 4978 1483 5028 ullum
1536 4978 1827 5030 remedium

252 5046 542 5118 fatigationi
581 5067 711 5102 mete
754 5053 986 5113 reperire
1035 5049 1210 5116 putui,
1247 5049 1346 5099 nisi
1397 5056 1453 5099 ut
1495 5060 1545 5099 te
1591 5050 1826 5100 omnium

255 5133 434 5173 rerum
486 5137 722 5174 mearum
771 5120 1045 5173 dominum
1097 5120 1387 5172 insutuam.
1421 5118 1557 5183 Quid
1603 5126 1830 5185 teipsuin

255 5190 404 5242 vanis
435 5200 487 5244 et
530 5193 768 5243 inanibus
797 5190 1133 5243 abstinentiis
1160 5191 1409 5242 crucias?
1448 5189 1585 5242 Ecce
1617 5203 1831 5256 posses-

256 5264 463 5313 stomun
496 5262 835 5322 locu-,.lelatiii
877 5267 1100 5325 infinita,
1136 5273 1184 5313 et
1212 5274 1334 5312 cccc
1361 5259 1473 5311 auii
1502 5260 1705 5326 pondus
1733 5260 1833 5311 ini-

257 5345 522 5396 tnensnui,
556 5346 605 5386 et
628 5345 831 5399 argenti
876 5334 1230 5387 lllittISIt't'lllln
1260 5331 1558 5397 copiosum,
1592 5341 1644 5382 et
1678 5330 1831 5381 fami-

258 5399 344 5455 liae
376 5402 609 5455 inﬁnitus
657 5418 733 5455 est
772 5421 1022 5458 numerus
1050 5421 1061 5454 :
1087 5402 1315 5465 dignitas
1346 5401 1720 5468 generositatis
1751 5411 1836 5453 Gal

335 5538 348 5583 I
396 5537 623 5589 Omnino
644 5545 873 5589 sumtum
904 5538 1004 5590 hoc
1027 5537 1238 5590 videtur
1259 5550 1320 5588 ex
1347 5549 1410 5586 eo
1439 5534 1699 5589 convicio,
1726 5547 1833 5600 quo

262 5605 537 5662 Melaniani
571 5608 628 5661 S.
668 5607 1019 5677 Hieronymus
1053 5608 1222 5672 Epist.
1256 5604 1537 5659 CXXXIII.
1565 5603 1632 5655 ad
1662 5603 1833 5655 Ctesi-

264 5679 513 5745 phontem
563 5679 875 5745 perstrinxit
923 5679 1047 5738 ubi,
1100 5694 1209 5730 eam
1256 5676 1420 5737 dixit,
1456 5679 1601 5745 cujus
1656 5690 1835 5727 nomen

263 5748 542 5819 itigrcdiiiis
572 5758 781 5800 testatur
811 5747 1042 5815 perﬁdia:
1090 5748 1338 5819 tenebras.
1372 5747 1591 5819 Scilicet
1621 5745 1833 5819 μελανία

263 5818 471 5886 Graece,
507 5820 822 5890 nigredi'iem
864 5826 1016 5872 sonat
1040 5819 1090 5872 in
1125 5818 1332 5873 Latino.
1368 5818 1439 5872 lix
1476 5834 1575 5887 qui:
1609 5818 1828 5885 Colligiis

1931 4694 2377 4757 Christianorum,
2414 4696 2514 4746 hoc
2547 4696 2697 4747 Vobis
2725 4695 2971 4747 Christus
2996 4707 3169 4750 vester
3198 4702 3411 4754 tradidit
3454 4705 3507 4756 itt

1932 4768 2219 4829 inanitatis,
2244 4776 2525 4831 utoperam
2542 4766 2970 4830 eoi-ruptionibus
2993 4766 3152 4829 detis,
3177 4781 3231 4822 et
3252 4772 3507 4837 pudorem

1932 4848 2089 4902 atque
2138 4837 2511 4888 vereciunliam
2552 4842 2848 4890 matronate
2872 4857 2899 4886 ιι
2934 4838 3271 4895 fraudulenta
3314 4844 3507 4898 astutia

1932 4907 2191 4983 capiatis?
2215 4907 2318 4983 Die
2337 4922 2496 4983 nunc,
2526 4906 2759 4983 furcifer,
2780 4922 2900 4975 qua:
2932 4917 2981 4959 te
3007 4914 3280 4964 temeritas
3312 4918 3509 4983 coegit,

1934 4987 1992 5029 ut
2019 4978 2279 5031 illustrem
2298 4979 2548 5051 feiniiiiitn
2566 4976 2900 5029 Melantlnain
2921 4991 3224 5045 appete-res,
3253 4976 3518 5051 etingres-

1939 5064 2029 5120 sus
2056 5050 2154 5099 sub
2180 5063 2360 5120 specie
2383 5047 2574 5100 incdici
2592 5088 2608 5111 ,
2633 5058 2928 5102 casntati-in
2952 5047 3417 5120 generosissuuani
3441 5056 3509 5108 ad

1941 5118 2269 5185 lupanarium
2320 5118 2667 5186 ignominiam
2720 5118 3074 5187 proVocares?
3127 5127 3363 5177 AUtIIeJS
3393 5126 3509 5178 Inec

1941 5189 2088 5263 beata
2124 5192 2380 5263 Eugenia,
2424 5193 2600 5263 capite
2630 5190 2865 5244 demisso
2889 5231 2903 5255 ,
2937 5208 3002 5244 ne
3053 5193 3219 5259 possit
3248 5194 3465 5263 agno-ci
3495 5236 3512 5259 ,

1943 5260 2118 5330 taliter
2157 5260 2304 5313 dedit
2350 5260 2600 5330 profecto
2648 5276 2964 5329 responsum
3000 5280 3017 5313 :
3058 5260 3313 5315 Domian
3364 5280 3513 5317 mens

1939 5328 2094 5382 Josns
2120 5328 2388 5398 Chrisuts,
2412 5332 2497 5384 eui
2524 5348 2623 5400 ego
2652 5328 2853 5395 seriio,
2884 5343 3181 5383 castitatem
3211 5333 3394 5386 docuit
3420 5352 3431 5386 :
3456 5348 3511 5387 et

1943 5401 2298 5469 integritatem
2345 5418 2588 5471 corporis
2634 5405 3075 5462 cu-tndientibus,
3123 5401 3284 5472 572
3331 5405 3495 5459 vitam

1942 5551 2082 5590 novo
2112 5550 2451 5605 argumento,
2509 5537 2758 5589 Ruﬁnum
2788 5535 3093 5603 scriptionis
3132 5537 3289 5606 hujus
3337 5550 3520 5596 aucto-

1941 5622 2054 5659 rem
2087 5624 2192 5660 non
2221 5624 2363 5668 esse.
2395 5610 2483 5674 qui
2517 5620 2665 5659 certe
2693 5622 2979 5671 numquam
3013 5606 3094 5659 his
3120 5609 3305 5663 inisset
3337 5612 3525 5668 verbis

1942 5693 2086 5739 usus,
2119 5678 2310 5746 quibus
2333 5679 2613 5731 Melitinam
2637 5687 2886 5729 i-ountein
2916 5693 3086 5739 suam,
3117 5681 3510 5737 sanctissimam
3540 5698 3545 5703 '

1939 5750 2213 5810 leininain,
2245 5750 2300 5801 S.
2334 5748 2688 5814 Hieronymus
2717 5759 2871 5800 acute
2901 5749 3060 5800 nimis
3084 5748 3366 5816 itttpclIVll.

2016 5838 2027 5867 '
2072 5835 2321 5891 Fortasse
2345 5838 2415 5889 rir
2458 5836 2666 5890 (entiam
2701 5835 3098 5895 rescribendum
3130 5850 3233 5894 est.
