4110 6350
1267 461 2325 605 LIBELLUS
2446 464 2731 599 DE
2847 391 3371 595 FIDE

2213 729 2385 785 'sso

845 909 1975 1059 'DUODECIM
2069 894 3765 1054 ANATHEMATISMI

1448 1180 1529 1286 S
1550 1178 1749 1288 UB
1823 1180 1923 1283 Β
1953 1176 2391 1287 UFINI
2458 1180 2607 1286 Ν
2606 1178 3004 1287 ΟΜΙΝ
3016 1174 3142 1285 Ε.

856 1528 1200 1589 INCIPIT
1260 1527 1667 1588 PROPTER
1737 1528 2051 1586 FIDEM.

740 1651 963 1718 Propter
992 1649 1383 1704 venerationem
1429 1651 1741 1702 Sanctorum
1776 1648 2009 1700 locorum
2037 1688 2051 1709 ,
2093 1645 2244 1701 Jeru-

672 1727 926 1789 Sttiytttatlt
953 1720 978 1757 δ
1003 1732 1055 1772 et
1090 1719 1399 1773 Bethleheut
1434 1724 1671 1771 venimus
1703 1736 1715 1770 :
1753 1728 1821 1789 et,
1850 1718 2235 1777 intelleximus,

673 1788 930 1859 plurimos
963 1790 1151 1842 fratres
1197 1792 1246 1840 in
1296 1789 1449 1841 uohis
1472 1788 1823 1843 scaudalizari
1844 1828 1858 1849 ,
1894 1804 1958 1841 eo
1981 1789 2117 1856 ψιοιΙ
2146 1804 2243 1859 att-

672 1857 885 1923 iliertut,
914 1875 1010 1911 nos
1042 1860 1200 1911 multa
1232 1858 1499 1921 Itaaretica,
1525 1870 1578 1912 et
1607 1876 1724 1926 qua:
1750 1868 1934 1911 contra
1964 1860 2117 1911 Iidem
2145 1857 2241 1909 Ec-

671 1932 845 1983 clesiae
872 1928 1381 1995 veniunt,proliteri.
1412 1932 1606 1995 Itaque,
1642 1930 1747 1981 Deo
1780 1938 2058 1992 tit-tesente,
2080 1937 2241 1981 tcsla-

670 2018 806 2060 mur,
840 2016 953 2067 quae
989 2000 1127 2052 infra
1160 2001 1353 2066 scripta
1390 2009 1546 2061 sunt,
1594 2016 1691 2052 nos
1721 2014 1786 2052 ex
1832 2008 1980 2066 parte
2010 2012 2241 2051 sensisse

673 2088 764 2136 per
788 2084 889 2123 err.
917 2087 952 2121 r-
977 2088 1049 2131 tu,
1076 2080 1127 2120 et
1161 2070 1405 2131 pra-sonti
1441 2079 1681 2136 tempore
1712 2070 2069 2122 condemnare
2097 2087 2107 2119 :
2136 2068 2236 2119 alia

668 2154 873 2200 autem,
912 2142 960 2192 in
990 2140 1179 2205 quibus
1213 2139 1342 2191 falso
1370 2142 1719 2203 infamantur,
1763 2154 1859 2191 nec
1883 2141 2109 2200 dixisse,
2145 2154 2240 2189 nec

667 2212 874 2268 dicere,
899 2218 954 2262 et
975 2209 1279 2268 contraria.
1314 2226 1430 2278 qua:
1488 2210 1539 2263 in
1588 2210 1707 2264 aliis
1736 2211 2098 2278 suspicantur,
2144 2224 2239 2276 po-

666 2283 836 2332 Sllis‘se
863 2294 1022 2342 atque
1051 2280 1352 2333 damnasse.

743 2350 777 2401 Ι.
803 2352 899 2416 Qui
932 2353 1146 2413 dicunt,
1186 2350 1439 2415 Diabolo,
1472 2358 1525 2404 et
1552 2349 1923 2417 Dremonihus,
1957 2359 2010 2405 et
2041 2350 2237 2416 impiis,

667 2419 766 2473 hoc
788 2430 891 2482 est,
916 2421 1198 2486 Gentibus,
1229 2419 1429 2474 Judaais
1448 2463 1460 2480 ,
1488 2422 1855 2483 Samaritanis,
1887 2420 2240 2488 omnibusque

668 2492 932 2544 hzi-reticis
957 2492 1230 2559 (exceptis
1262 2490 1598 2549 Christianis,
1623 2491 1710 2557 qui
1743 2500 1939 2543 rectam
1972 2492 2124 2542 tidem
2150 2506 2238 2543 se-

667 2571 917 2628 quuntur,
950 2569 1004 2613 et
1025 2569 1147 2631 sunt
1178 2560 1526 2631 peccatores)
1558 2575 1743 2628 pinnas
1766 2576 1948 2614 eorum
1988 2575 2091 2613 non
2119 2575 2240 2614 ease

672 2641 973 2696 perpetuas,
1008 2630 1288 2684 anathema
1316 2632 1441 2683 sint.

743 2700 803 2752 Il.
836 2700 936 2765 Qui
958 2699 1165 2761 dicunt,
1192 2702 1431 2765 quemvis
1456 2711 1695 2752 sanctum
1717 2700 1910 2763 virum,
1934 2709 1986 2753 et
2009 2699 2238 2768 prophe-

667 2770 858 2834 talem,
903 2780 955 2823 et
1002 2771 1351 2831 apostolicum
1400 2771 1517 2823 sine
1559 2771 1648 2824 ttei
1678 2771 1877 2824 auxilio
1919 2785 2078 2839 posse
2117 2785 2235 2824 esse

666 2840 955 2907 perfectum
976 2880 990 2901 ,
1022 2842 1297 2893 anathema
1327 2840 1451 2893 sint.

1525 2870 1580 2963 1θί
1606 2910 1711 2962 ium
1746 2910 1872 2975 Dei,
1907 2908 2071 2963 Deum
2105 2909 2234 2963 νει·-
2266 2883 2315 2943 Β

664 2979 816 3042 hum,
847 2982 897 3032 iu
934 2981 1203 3033 hominem
1241 2996 1359 3033 esse
1391 2991 1680 3043 lltttlztluttt,
1712 2983 1779 3033 ita
1830 2992 1885 3032 ut
1934 2980 2074 3033 Deus
2107 2980 2235 3034 Ver-

663 3050 786 3103 Iium
831 3066 950 3103 essu
979 3052 1236 3112 desierit;
1286 3062 1379 3103 aut
1424 3051 1687 3103 hominem
1723 3067 1909 3117 purum
1942 3056 2121 3104 n’atum
2165 3068 2233 3104 ex

665 3121 823 3172 Maria
856 3121 1145 3173 secundum
1193 3120 1411 3173 Paulum
1460 3123 1900 3184 Saniusatettnm,
1942 3131 1995 3174 et
2049 3121 2233 3174 I’ltoti-

663 3206 823 3251 nutu;
865 3200 921 3243 et
951 3192 1142 3245 merito
1181 3203 1338 3259 atque
1370 3194 1651 3244 virtutibus
1683 3193 1733 3244 itt
1782 3192 1873 3244 Dei
1920 3193 2237 3246 Vocabulum

664 3260 976 3327 profecisse,
1008 3263 1291 3316 anathema
1312 3263 1435 3314 sint.

736 3329 824 3387 IV,
853 3332 951 3397 Qui
978 3332 1198 3393 dicunt,
1230 3332 1353 3385 lillld
1381 3332 1524 3400 quod
1560 3333 1814 3400 scriptum
1845 3342 1957 3393 est,
2000 3331 2076 3384 De
2115 3331 2230 3395 die,

662 3416 795 3471 anno
843 3414 886 3452 et
937 3401 1064 3471 hora
1111 3403 1338 3454 nesciunt
1389 3420 1546 3470 neque
1596 3403 1817 3471 Angeli,
1865 3419 2022 3469 neque
2068 3400 2235 3455 Filius

664 3469 852 3540 (Marc.
881 3470 1112 3541 IIS-.32.),
1132 3472 1283 3538 juxta
1307 3469 2024 3540 hlaspliemiasArianorum,
2052 3483 2103 3525 et
2127 3489 2230 3526 non

664 3550 877 3603 propter
920 3542 1370 3609 dispensationem
1413 3546 1589 3597 carnis
1619 3555 1870 3595 assumta:
1894 3586 1910 3609 ,
1948 3544 2233 3596 anathema

738 3679 801 3731 Υ.
828 3682 928 3746 Qui
954 3681 1160 3741 dicunt,
1191 3681 1423 3743 Patrem,
1451 3679 1671 3744 Filium,
1702 3691 1755 3735 et
1787 3680 2043 3748 Spiritum
2076 3682 2239 3737 Sanc-

665 3756 804 3816 tum,
830 3750 933 3805 hoc
960 3761 1069 3814 est,
1098 3751 1349 3805 Sanctam
1376 3752 1711 3816 Trinitatem,
1751 3752 1979 3807 diversa!
2012 3754 2151 3805 inter
2178 3768 2237 3806 se

2270 1512 2316 1568 Α
2348 1522 2467 1559 esse
2495 1506 2809 1560 substantia:
2830 1545 2844 1563 .
2895 1513 2950 1559 et
2995 1519 3101 1559 non
3132 1505 3289 1560 unius
3326 1506 3623 1576 potestatis
3653 1516 3805 1577 atque
3840 1523 3918 1563 na-

2352 1589 2502 1638 tttrm,
2531 1579 2808 1629 anathema
2839 1578 2964 1629 sint.

2424 1647 2508 1699 Vl.
2541 1648 2641 1710 Qui
2668 1648 2885 1709 dicunt,
2911 1645 3148 1714 quolibet
3175 1646 3337 1700 modo
3362 1689 3378 1710 ,
3406 1654 3466 1700 et
3495 1646 3742 1713 quolibet
3777 1662 3916 1704 sensit

2349 1717 2541 1770 Filium
2577 1718 2784 1771 Patrem
2816 1732 2921 1770 non
2951 1716 3168 1780 videre,
3198 1718 3492 1771 anathema
3527 1720 3660 1770 sint.

2422 1787 2527 1841 VII.
2573 1788 2675 1853 Qui
2715 1787 2927 1851 dicunt,
2977 1787 3181 1840 animas
3230 1795 3452 1841 nostras
3500 1802 3571 1839 ex
3617 1791 3918 1854 Angemrum

2346 1858 2557 1927 fastigio
2586 1859 2636 1911 in
2678 1857 2793 1910 haec
2821 1872 3045 1923 corpora
3074 1858 3383 1919 corruisse,
3422 1867 3652 1923 propter
3697 1859 3917 1924 quaedam

2346 1930 2559 1995 antiqua
2586 1938 2821 1994 peccata,
2842 1938 2895 1981 et
2917 1928 2969 1981 in
2999 1929 3100 1980 isto
3125 1928 3325 1997 mundo
3348 1942 3516 1997 agere
3542 1927 3917 1990 paenitentiam,

2343 2008 2678 2053 assumentes
2706 1998 2791 2049 illa
2827 1999 3149 2061 testimonia,
3180 1995 3499 2061 Priusquam
3524 1999 3823 2050 humiliarer
3838 2014 3918 2065 ego

2345 2077 2546 2134 peccavi
2576 2066 2758 2137 (Psal.
2788 2067 2913 2121 “8.
2943 2067 3031 2118 (:7.
3148 2068 3245 2133 Et,
3292 2066 3447 2120 Educ
3480 2069 3547 2121 de
3575 2084 3779 2149 carcere
3807 2070 3919 2148 nni-

2345 2155 2477 2189 mam
2509 2136 2871 2189 meamlPsal.
2904 2137 3021 2189 HI.
3092 2176 3105 2189 .
3132 2144 3173 2189 I.
3221 2147 3280 2189 et
3325 2148 3513 2189 cetera
3563 2137 3651 2189 bis
3702 2141 3917 2189 stmtlta.

2343 2155 2477 2190 utam
2509 2136 2871 2207 meam(Psal.
2904 2137 3021 2191 HI.
3050 2136 3173 2207 8.),
3221 2147 3280 2192 et
3325 2148 3513 2193 cetera
3563 2137 3651 2193 bis
3702 2139 3917 2203 similia,

2341 2209 2623 2262 anathema
2652 2209 2777 2262 sint.

2418 2278 2547 2333 VIII.
2571 2279 2669 2342 Qui
2695 2279 2898 2343 dicunt,
2928 2278 3209 2333 Dominum
3229 2288 3285 2331 et
3308 2277 3657 2333 Salvatorem
3692 2288 3910 2332 nostrum

2344 2366 2449 2403 non
2494 2352 2546 2403 in
2587 2357 2766 2402 nostra
2795 2351 3033 2413 venisse,
3087 2350 3177 2402 sed
3210 2349 3445 2402 diverse
3497 2350 3918 2416 sublimiorisque

2340 2418 2506 2474 fuisse
2532 2421 2875 2481 substantize,
2923 2420 3035 2472 sive
3081 2420 3354 2483 eirelestis,
3402 2430 3453 2473 et
3502 2435 3611 2471 ltmt
3669 2421 3721 2473 in
3766 2431 3913 2472 totum

2340 2493 2627 2552 sumsisse,
2680 2488 2821 2558 quod
2851 2490 2917 2542 de
2941 2488 3096 2541 Maria
3123 2500 3242 2550 est.
3281 2491 3362 2544 \el
3407 2490 3653 2543 animam
3705 2490 3914 2542 hominis

2340 2577 2446 2613 non
2480 2562 2743 2624 habuisse,
2770 2560 2852 2613 vel
2871 2569 3101 2613 mentem
3130 2560 3333 2628 absque
3357 2575 3471 2628 neci
3490 2570 3620 2626 ato,
3650 2562 3913 2614 anathema

2339 2641 2465 2684 81111.

2412 2701 2503 2755 IX.
2526 2702 2625 2768 Qui
2655 2700 2856 2762 dicunt,
2880 2709 2995 2768 post
3024 2699 3183 2753 multa
3210 2700 3392 2753 secula
3429 2712 3484 2755 et
3509 2709 3787 2767 tempora,
3813 2717 3914 2769 qua

2341 2787 2446 2825 non
2479 2786 2761 2840 possunus
2792 2772 3018 2823 humana
3065 2771 3394 2840 cogitatimie
3426 2772 3911 2838 comprehendere.

2340 2842 2732 2895 restitutionem
2768 2842 2880 2894 fieri
2921 2841 3156 2892 omnium
3191 2844 3242 2892 in
3284 2843 3574 2909 antiquum
3605 2856 3828 2906 Statum,
3871 2852 3913 2895 et

2344 2913 2587 2967 universa
2620 2913 2682 2963 ad
2705 2927 2796 2963 sua
2827 2910 2999 2963 redire
3024 2910 3312 2978 principia,
3339 2912 3637 2965 anathema
3663 2913 3787 2964 sint.

2417 2982 2481 3034 Χ.
2512 2983 2609 3046 Qui
2638 2982 2856 3041 dicunt,
2905 2990 3022 3046 post
3088 2981 3549 3035 resurrectionem
3585 2998 3695 3035 non
3750 2981 3913 3036 eadem

2343 3052 2538 3105 habere
2563 3066 2659 3105 nos
2692 3067 2733 3104 ci
2760 3065 2939 3117 rpnra,
2970 3051 3062 3104 sed
3093 3066 3249 3102 aerea
3279 3052 3533 3118 quaedam
3566 3062 3623 3103 et
3646 3055 3911 3120 spiritalia,

2340 3132 2394 3177 et
2440 3138 2542 3175 non
2598 3122 2835 3189 ejusdem
2878 3130 3082 3175 natura!
3121 3122 3277 3189 Cujus
3305 3122 3358 3175 itt
3400 3124 3708 3184 sepulchro
3735 3124 3909 3175 conditi

2342 3208 2549 3272 sumus,
2580 3192 2705 3246 licet
2735 3194 3054 3259 incorruptae
3073 3202 3234 3259 atque
3256 3192 3623 3257 immortalis,
3652 3196 3911 3246 anathema

2341 3274 2466 3316 81111.

2415 3333 2503 3385 XI.
2526 3332 2625 3398 Qui
2656 3334 2873 3397 dicunt,
2905 3338 3022 3398 post
3045 3332 3468 3385 resurrectionis
3514 3332 3682 3386 ﬁnem
3703 3374 3717 3395 ,
3744 3342 3913 3398 etpost

2341 3407 2504 3455 multa
2536 3413 2771 3469 tempora
2820 3402 3005 3453 aholiri
3035 3415 3260 3465 θυι-μοιτί
3281 3441 3298 3463 ,
3329 3412 3383 3455 et
3416 3408 3625 3456 reverti
3660 3406 3711 3457 in
3745 3420 3875 3453 usuin
3898 3444 3909 3460 .

2344 3484 2401 3525 ut
2430 3476 2471 3526 si
2499 3490 2545 3526 ie
2572 3474 2880 3538 corpinihus
2910 3482 3109 3524 tantum
3134 3472 3331 3524 anima:
3360 3474 3541 3527 sitnns
3560 3515 3577 3536 ,
3624 3478 3764 3544 quod
3795 3477 3915 3541 prius

2344 3545 2541 3596 quuh
2560 3583 2573 3604 ,
2606 3544 2885 3596 anathema
2914 3545 3039 3595 sint.

2422 3614 2529 3666 XII.
2560 3614 2660 3678 Qui
2700 3612 2911 3673 dicunt,
2961 3624 3162 3663 annuas
3201 3613 3351 3677 prius
3380 3614 3559 3667 fuisse
3593 3630 3753 3680 quam
3803 3622 3913 3666 natae

2345 3696 2489 3742 sunt,
2518 3693 2573 3737 et
2595 3700 2699 3735 lton
2732 3698 2850 3736 cum
2882 3696 3102 3746 corpore
3124 3684 3425 3735 secundum
3449 3687 3772 3751 exeundum
3789 3681 3913 3753 pruni

2348 3754 2578 3807 hominis
2610 3768 2637 3804 a
2672 3753 2779 3806 Deo
2807 3754 3041 3821 quotidie
3067 3752 3179 3805 lieri
3200 3790 3216 3816 ,
3247 3754 3553 3808 anathema
3582 3760 3717 3809 sint.

1440 3844 1693 3905 FLVlT
1739 3845 1857 3905 DE
1902 3846 2121 3906 FIDE
2155 3891 2171 3917 ,
2218 3847 2339 3906 DE
2377 3846 2732 3908 ΝΟΜΙΝΕ
2790 3844 3137 3905 RUFINI.

734 3997 760 4026 ι
791 3987 947 4042 Card.
982 3986 1221 4041 Norisius
1247 4003 1313 4042 ex
1341 3988 1619 4051 Vaticano,
1651 3986 1935 4039 Gzll‘llel‘ilis
1959 4003 2024 4040 ex
2056 3988 2231 4041 Bello-

661 4061 873 4113 vacensi
922 4060 1033 4113 MS.
1074 4060 1377 4120 ediderunt,
1429 4069 1585 4120 atqu»:
1643 4060 1728 4110 ille
1776 4058 1989 4123 quidem
2044 4061 2233 4111 IIuIiuo

662 4129 988 4197 Aqttiloijensi
1015 4170 1030 4192 ,
1066 4130 1150 4182 hic
1196 4130 1350 4181 alteri
1398 4129 1586 4181 [Intiun
1619 4129 1923 4196 Ilierunymi
1973 4128 2233 4193 discipulo

664 4203 850 4252 maluit
898 4200 1223 4252 adscribere.
1258 4200 1589 4251 Mabillonius
1637 4213 1699 4249 ex
1741 4198 1937 4250 (lodice
1987 4198 2233 4251 ltohieusi

659 4270 1030 4333 autivtuissium
1062 4271 1271 4329 laudat,
1310 4273 1405 4319 huc
1455 4273 1733 4329 lemmate,
1772 4269 2058 4319 Abreriatio
2086 4267 2235 4320 Fidei

658 4337 937 4391 ϐιιίΙιοιίαῑν
955 4349 1184 4407 exposita
1214 4356 1245 4391 a
1273 4340 1332 4392 S.
1367 4339 1675 4401 "tronymn
1694 4378 1708 4398 ,
1743 4351 1794 4386 ut
1816 4339 2020 4403 quidam
2049 4341 2101 4390 in
2131 4341 2232 4391 lue-

660 4413 808 4459 resim
838 4411 967 4478 lapsi
993 4410 1385 4479 Corrigerenlur.
1408 4412 1465 4460 tt
1486 4425 1571 4475 qui
1604 4416 1778 4459 tamen
1814 4408 1933 4459 hinc
1957 4410 2079 4459 ieht
2108 4410 2233 4461 II.e-

674 4558 1028 4571 —-———

2340 4003 2565 4057 ronymo
2596 3986 2785 4052 tribui,
2818 3985 3059 4053 desipiat.

2416 4054 2455 4094 θ’
2474 4060 2660 4111 Falsus
2713 4065 2795 4109 est
2832 4064 3147 4123 properante
3166 4054 3351 4125 _oculo
3380 4054 3642 4109 Norisius
3686 4059 3853 4125 legeis
3877 4055 3913 4107 in

2341 4129 2513 4183 Vatic.
2543 4122 2982 4195 Jerowlymarum
3028 4142 3124 4193 pro
3150 4122 3569 4194 Jerosolymam.
3612 4128 3694 4180 Ex
3729 4122 3820 4179 hac
3844 4141 3913 4176 :ut-

2340 4209 2443 4251 teut
2476 4198 2734 4255 lectione.
2764 4212 2920 4265 quam
2953 4197 3285 4249 restituimus
3305 4236 3319 4255 ,
3352 4202 3493 4247 satis
3522 4209 3772 4259 constat,
3801 4198 3911 4248 haud

2340 4285 2496 4333 posse
2520 4270 2653 4321 hanc
2686 4268 2876 4319 IInlino
2904 4266 3230 4333 Aqllllt‘jt’llSI
3282 4266 3746 4330 scriptiunculant
3775 4265 3912 4319 adui-

2339 4341 2448 4390 hni.
2484 4338 2692 4390 Viilesis
2718 4335 3034 4389 Cameriqu
3068 4355 3116 4387 IIl
3142 4339 3465 4401 Mercatore,
3490 4348 3553 4390 et
3587 4338 3911 4391 Fontaninum

2347 4414 2394 4459 tu
2436 4408 2545 4459 \ita
2581 4408 2671 4461 lih.
2702 4411 2761 4459 II.
2794 4422 2911 4474 cap.
2954 4406 3035 4458 Io'.

902 4709 1850 4869 RUFINI
2009 4710 3776 4871 PRESBYTER]

1601 4990 2226 5146 PROIINOUII
2292 4987 2964 5143 PALIESTINI‘I

1645 5252 1676 5292 ³
1723 5260 2133 5372 LIBER
2216 5261 2394 5372 DE
2469 5256 2838 5373 FIDE.

726 5570 884 5641 581
910 5571 1032 5624 II;ec
1057 5582 1235 5623 nostra
1270 5570 1399 5625 lides
1424 5581 1504 5625 est
1525 5610 1539 5634 ,
1563 5587 1719 5642 quam
1749 5570 2031 5624 didicimus
2054 5585 2082 5621 a
2115 5569 2226 5622 Deo

732 5713 757 5741 ³
786 5705 935 5758 Liber
966 5705 1026 5756 de
1050 5704 1187 5773 ﬁde)
1217 5706 1443 5759 Adnotat
1478 5708 1534 5759 I‘.
1563 5709 1881 5761 Sirntondus
1901 5748 1915 5775 ,
1948 5714 2103 5771 atque
2133 5705 2234 5767 ait,

2333 5575 2388 5622 et
2432 5566 2603 5621 doctis
2653 5565 2811 5628 viris,
2845 5566 3028 5633 Moyse
3072 5564 3195 5619 dico
3240 5574 3298 5621 et
3340 5572 3570 5628 ceteris
3620 5572 3908 5643 Prophetis,

2347 5700 2428 5754 bis
2474 5700 2593 5754 libri
2642 5701 2797 5769 hujus
2827 5700 3130 5757 testimonio
3162 5715 3321 5757 usum
3368 5720 3500 5765 esse
3530 5708 3783 5767 Joannem
3813 5707 3904 5761 Dia-
