4110 6350
334 344 469 398 H25

1266 354 1529 437 ‘llUFlNl
1571 353 1947 410 PALES‘I‘INI
1990 354 2189 408 ωηιξη
2233 354 2318 408 DE
2363 353 2533 409 FIDE.

3398 368 3409 407 ἶ
3434 364 3570 420 ηεσ

325 463 416 541 qui
441 470 465 497 ⁸
492 471 641 516 vetus
688 462 1083 550 Testamentum
1130 466 1582 550 prmiliraveruqt;
1632 481 1750 550 nec“
1786 482 1890 547 non
1921 473 1968 527 Λ
1996 468 2218 550 solvebat
2252 468 2560 550 sabbatum,
2605 483 2775 550 verum
2806 478 2953 550 etiam
2983 467 3187 550 Putrem
3225 487 3375 550 statim
3410 474 3569 533 Deum

327 534 489 584 etiam
528 548 555 583 a
597 536 793 585 sanctis
821 544 875 586 et
924 533 1090 587 beatis
1121 538 1389 602 Aposmlis
1419 548 1470 587 et
1503 536 1890 602 Evatigclistis,

329 602 416 680 qui
449 617 641 656 novum
670 602 866 657 Christi
890 602 1285 659 Testamentum
1314 606 1465 658 nobis
1493 607 1781 660 salubriter
1810 608 1892 660 in-

327 683 628 725 θιηιιθνυηι.

400 739 439 792 Ι.
473 741 622 807 Quod
653 756 788 795 unus
814 752 896 796 est
924 742 1063 795 Deus
1103 744 1301 798 habens
1331 743 1561 798 Verbum
1603 744 1892 799 substanti-

328 824 449 881 vuin
480 813 684 876 mquale
712 826 805 881 per
831 815 1008 865 omnia
1030 814 1150 878 sibi,
1182 814 1424 867 similiter
1455 823 1508 867 et
1533 812 1559 851 ι’
1578 815 1891 881 sapientiam

328 879 722 933 substantivam
746 884 1000 949 aequalem
1032 884 1129 936 sibi
1162 899 1254 945 per
1280 885 1477 936 omnia.
1509 884 1619 937 Una
1644 879 1893 938 substan-

331 951 399 1001 tia
430 949 599 1004 Patris
629 960 683 1003 et
717 961 739 989 ο
775 951 1035 1019 Unigeniti
1065 963 1118 1006 et
1146 954 1371 1019 Spiritus
1400 955 1606 1019 sancti,
1648 968 1753 1007 una
1800 969 1894 1020 po-

331 1020 517 1081 tentia,
542 1036 677 1089 titius
704 1021 976 1083 Dominus,
1001 1023 1118 1076 sine
1144 1023 1432 1089 principio,
1462 1024 1577 1076 sine
1610 1026 1734 1086 line,
1766 1025 1893 1076 sim-

322 1089 449 1161 plex
477 1100 529 1141 et
550 1088 935 1161 incompositus
957 1135 971 1156 ,
1007 1093 1373 1159 incorporalis,
1406 1096 1521 1145 sine
1552 1093 1744 1161 ligura,
1776 1092 1893 1148 sine

328 1158 766 1223 circumdatioue,
793 1176 896 1211 non
922 1175 1197 1219 crescens.
1232 1178 1336 1216 non
1368 1158 1649 1225 deﬁciens,
1677 1178 1779 1216 non
1812 1162 1891 1216 in-

319 1228 534 1301 digens,
569 1229 843 1301 intlivisus,
871 1229 1125 1295 inliuitus,
1161 1231 1462 1296 invisibilis,
1489 1233 1894 1301 incomprehen-

328 1297 537 1368 sibilis,
580 1299 1025 1364 inconvertibilis,
1068 1301 1182 1355 sine
1232 1303 1475 1368 interitu,
1524 1297 1888 1357 immutabilis.

326 1365 442 1421 Hoc
467 1368 605 1433 quod
628 1376 713 1422 est
733 1384 944 1435 semper
964 1380 1020 1424 et
1042 1371 1178 1424 idem
1201 1372 1296 1424 erit
1316 1411 1331 1435 ,
1358 1365 1606 1425 conditor
1630 1374 1889 1435 omnium,

328 1448 646 1509 potestatem
677 1439 913 1504 habens,
950 1444 1190 1508 proVisor
1228 1441 1505 1509 benignus,
1533 1442 1706 1508 justus
1735 1442 1889 1509 judex

323 1508 566 1577 vivorum
590 1517 644 1562 et
665 1519 1016 1562 mortuorum.
1044 1512 1107 1564 Et
1129 1511 1267 1577 quod
1288 1508 1475 1564 unicus
1500 1511 1637 1564 Dens
1664 1512 1891 1566 Verbum

326 1575 380 1647 iu
424 1587 673 1631 extremo
703 1588 996 1647 temporum
1028 1575 1184 1634 natus
1207 1586 1290 1635 est
1313 1597 1376 1634 ex
1408 1582 1603 1645 Spiritu
1629 1592 1814 1635 sancto
1837 1591 1894 1636 et

326 1646 487 1699 Maria
518 1663 730 1715 semper
752 1646 976 1717 virgine,
1004 1660 1058 1704 et
1080 1650 1221 1719 quod
1242 1651 1526 1703 crucilixus
1554 1662 1793 1705 mortuus
1811 1661 1893 1705 est

322 1726 544 1784 pr0pter
570 1734 687 1784 nos,
704 1729 753 1770 et
781 1718 920 1786 quod
948 1718 1110 1774 tertia
1128 1720 1214 1774 die
1235 1722 1545 1785 resurrexit,
1571 1730 1625 1773 et
1653 1721 1894 1776 ascendit

327 1787 382 1860 in
413 1787 601 1852 emtas,
624 1800 677 1841 et
706 1790 855 1843 sedet
884 1792 934 1841 in
959 1793 1230 1843 dexteram
1258 1790 1426 1843 Patris
1447 1790 1547 1855 sui,
1568 1801 1623 1844 et
1649 1794 1787 1859 quod
1806 1791 1891 1860 ju-

324 1856 598 1911 dicaturos
619 1869 699 1911 est
723 1862 869 1914 vivos
894 1870 948 1912 et
976 1871 1242 1920 mortuos,
1275 1871 1328 1913 et
1356 1876 1473 1913 cum
1520 1856 1707 1914 eadem
1735 1856 1895 1916 carne

322 1927 617 1998 secundum
652 1932 782 1982 facta
811 1944 905 1982 sua
937 1931 1300 1997 unusquisque
1330 1933 1497 1982 vicem
1533 1932 1771 1998 recipiet.

399 1996 466 2049 ll.
499 1996 733 2061 Sinti-lex
765 2008 818 2052 et
846 1996 1230 2066 incompositus
1256 2011 1336 2052 est
1360 2001 1602 2063 Deus,eo
1624 1996 1764 2067 quod
1793 2017 1899 2054 non

321 2076 409 2119 est
438 2082 632 2134 corpus
683 2069 975 2123 divinitas:
1006 2071 1320 2133 compositio
1364 2073 1504 2123 enim
1560 2072 1773 2137 prppria
1818 2083 1899 2125 est

324 2152 638 2202 corporum.
669 2138 904 2206 Simplex
934 2151 989 2192 ct
1026 2140 1442 2207 incompositus,
1495 2155 1559 2193 eo
1607 2144 1745 2208 quod
1793 2157 1899 2195 non

323 2208 520 2261 accidit
549 2210 599 2257 ei
627 2210 844 2262 verbum
885 2219 939 2262 ιιι
981 2209 1238 2274 sapientia
1270 2225 1283 2262 :
1312 2210 1628 2276 compositio
1659 2212 1798 2264 enim
1830 2227 1897 2264 ex

323 2277 623 2330 substantia
645 2280 803 2332 simul
832 2290 881 2330 et
911 2279 1278 2333 accidentibus
1308 2289 1555 2333 constare
1583 2281 1897 2336 dinoscitur.

322 2346 560 2413 Simplex
587 2358 639 2399 et
686 2352 1092 2413 incompositus,
1146 2363 1316 2416 neque
1360 2352 1499 2407 enim
1549 2352 1761 2404 diversa
1812 2360 1898 2405 est

326 2416 503 2469 Patris
544 2427 598 2470 et
628 2418 744 2472 Filii
768 2430 818 2472 et
847 2424 1073 2485 Spiritus
1104 2421 1271 2472 sancti
1304 2420 1598 2473 substantia
1620 2460 1635 2483 ,
1667 2423 1760 2475 sed
1792 2436 1899 2475 una

328 2486 546 2553 penitus
573 2491 865 2556 eademque
893 2498 1236 2542 monstratur.

401 2557 487 2609 Ill.
519 2557 585 2609 Et
613 2560 753 2626 quod
783 2576 883 2612 una
907 2570 987 2611 est
1017 2560 1203 2612 eadem
1233 2558 1397 2612 Patris
1427 2569 1481 2613 ct
1513 2559 1629 2612 Filii
1657 2568 1710 2613 et
1734 2559 1901 2625 Spiri-

328 2634 412 2678 tus
443 2629 609 2680 sancti
639 2628 931 2682 substautia
976 2640 1031 2681 et.
1079 2630 1273 2689 virttis,
1328 2628 1478 2682 testis
1516 2644 1597 2682 est
1643 2630 1898 2683 Dominus

322 2705 510 2749 noster
537 2696 967 2765 Jesustjhristus,
1001 2705 1066 2749 tte
1091 2699 1378 2765 semetipso
1399 2699 1592 2752 doce-ns
1617 2714 1669 2751 et
1690 2700 1755 2752 de
1781 2696 1900 2765 Spi-

325 2768 430 2818 ritu
461 2779 665 2821 sanCIo.
693 2764 717 2803 δ
746 2767 820 2820 De
848 2784 906 2821 se
934 2769 1143 2836 quidetn
1176 2764 1333 2832 dicit,
1366 2766 1478 2837 Ego
1498 2778 1544 2820 et
1568 2765 1722 2820 Pater
1743 2764 1901 2820 unum

325 2851 500 2887 sumus
535 2837 727 2902 (Joan.
765 2838 847 2891 10.
876 2839 964 2890 5U.
994 2844 1032 2905 l,
1064 2850 1116 2890 et
1139 2838 1329 2905 iterum
1366 2854 1378 2889 :
1418 2838 1515 2899 Qui
1547 2854 1626 2890 me
1649 2840 1801 2902 vidit,
1827 2842 1900 2889 vi-

320 2906 402 2957 dit
451 2918 499 2958 et
544 2905 752 2960 Patrem
796 2906 989 2977 (Joan.
1027 2907 1110 2961 H.
1151 2914 1205 2961 ‘J.
1232 2909 1271 2975 ).
1325 2907 1414 2959 llis
1437 2908 1615 2973 dictis,
1668 2907 1901 2961 ostendit

326 2985 513 3046 aperte
539 2992 694 3030 uuam
716 2992 834 3031 esse
862 2980 1231 3040 substantiam,
1260 2982 1604 3046 eamdemque
1630 2978 1897 3030 virtutem.

327 3044 458 3099 Nam
488 3061 608 3101 cum
636 3046 856 3102 dixisset
893 3049 1132 3116 Philippo
1156 3089 1170 3111 ,
1206 3047 1369 3100 Tanto
1399 3044 1621 3117 tempore
1645 3049 1898 3099 vobiscum

324 3132 462 3190 sitm,
491 3126 537 3169 et
559 3133 659 3190 non
676 3119 988 3190 rcognoristis
1013 3135 1110 3182 me;
1132 3119 1218 3188 qui
1249 3119 1408 3190 582
1429 3134 1506 3169 me
1528 3119 1649 3169 vidit
1668 3157 1684 3181 ,
1708 3119 1827 3169 vidit
1852 3125 1901 3170 et

328 3183 543 3239 Patrem
567 3183 803 3257 (lbidf),
830 3189 1023 3243 docere
1050 3183 1213 3242 Voluit
1237 3183 1443 3248 .vuiiu—m
1487 3204 1582 3239 nos
1628 3191 1797 3251 ipsum
1847 3198 1899 3240 et
1927 3192 1973 3254 ο
2003 3191 2098 3245 εει.
2121 3183 2203 3234 ubi
2231 3198 2344 3261 vero
2381 3185 2589 3246 spiritus
2622 3184 2855 3249 Domini,
2897 3186 2966 3238 ibi
3009 3188 3211 3239 libertas
3238 3191 3322 3255 (2.
3357 3183 3474 3241 Cor.
3503 3190 3559 3243 5.

328 3254 538 3310 Patrem
561 3258 913 3323 eamdemque
950 3274 1173 3313 cernere
1198 3260 1391 3311 virtute
1410 3258 1567 3310 simul
1599 3266 1755 3321 atque
1775 3259 1897 3309 suh-
1968 3292 1971 3295 -
2006 3252 2092 3305 16.
2140 3251 2281 3323 Π.).
2318 3256 2441 3305 Hice
2464 3269 2581 3306 cum
2612 3256 2859 3317 dixisset,
2908 3257 3137 3310 ostendit
3174 3260 3411 3311 eamdem
3443 3275 3563 3313 esse

326 3254 538 3310 Patrem
561 3254 913 3324 eamdemque
950 3274 1173 3313 cernere
1198 3260 1391 3311 virtute
1410 3258 1567 3310 simul
1599 3266 1755 3321 atque
1775 3259 1897 3309 sub-

330 3328 527 3379 stantia
574 3342 638 3381 ex
687 3329 1015 3382 mirabilibus
1053 3344 1168 3396 qua:
1200 3328 1445 3381 iaciebat.
1490 3328 1725 3394 Quorum
1759 3327 1900 3380 enim

331 3410 431 3447 una
461 3397 737 3462 voluntas,
765 3399 951 3451 eadem
977 3410 1103 3452 sunt
1144 3412 1335 3463 opera,
1363 3411 1545 3450 eorum
1580 3412 1791 3466 quoque
1818 3405 1903 3449 est

328 3468 516 3519 eadem
547 3468 865 3537 substantia.
911 3468 1141 3537 Ideoque
1167 3469 1377 3537 dicebat
1421 3468 1657 3520 Judteis:
1694 3467 1753 3519 Si
1800 3483 1902 3519 non

329 3536 466 3602 facio
492 3552 643 3603 apera
673 3536 848 3590 Patris
870 3540 991 3602 mei,
1020 3536 1173 3591 nolite
1201 3536 1324 3589 mihi
1345 3540 1547 3589 credere
1578 3552 1595 3589 :
1635 3539 1713 3589 sin
1735 3548 1903 3589 autem

328 3606 489 3673 facio,
521 3616 566 3659 et
590 3610 630 3659 si
661 3609 784 3660 milii
814 3625 912 3661 non
934 3610 1161 3669 creditis,
1191 3608 1426 3673 operibus
1450 3610 1659 3670 credite,
1692 3616 1743 3659 ut
1772 3609 1902 3659 scia-

333 3676 398 3747 tis
426 3685 471 3727 et
503 3678 795 3743 intelligatis
817 3682 952 3746 quod
983 3680 1138 3732 Pater
1161 3686 1232 3732 est
1260 3678 1310 3729 in
1336 3694 1440 3740 me,
1486 3686 1530 3730 et
1561 3694 1656 3747 ego
1696 3681 1746 3729 in
1790 3680 1901 3745 ipso

326 3743 513 3818 (toan.
545 3751 629 3803 10.
662 3749 801 3818 57.).
830 3743 964 3804 Mire
992 3761 1167 3803 autem
1201 3748 1357 3802 etiam
1391 3750 1491 3802 hoc
1531 3743 1704 3801 docuit
1735 3789 1752 3812 ,
1796 3743 1898 3799 non

336 3816 495 3887 aliter
526 3818 625 3871 nisi
667 3834 732 3873 ex
760 3816 1014 3887 Voperibus
1045 3820 1370 3873 divinitatem
1398 3819 1595 3873 debere
1625 3818 1897 3887 cognosci.

336 3885 543 3951 Quippe
568 3902 686 3940 cum
713 3885 1028 3943 naturaliter
1073 3890 1350 3943 invisibilis
1387 3890 1487 3953 sit,
1540 3898 1593 3943 ct
1623 3885 1813 3942 nonali
1840 3904 1902 3943 er

335 3954 599 4027 videatur,
633 3973 789 4023 quam
817 3976 882 4012 cx
905 3960 1014 4012 spis
1041 3960 1291 4027 operibus
1320 3970 1371 4012 et
1414 3958 1597 4021 factis,
1641 3971 1696 4012 ut
1739 3970 1899 4011 etiam

340 4024 869 4098 Sapientiatestatur
894 4070 909 4094 ,
959 4024 1141 4082 dicens
1173 4046 1183 4078 :
1215 4029 1299 4079 Ea:
1322 4029 1669 4098 magnitudine
1695 4028 1828 4079 enim
1855 4037 1901 4078 et

338 4092 723 4167 pulchritudine
778 4092 987 4165 operum
1045 4107 1376 4167 competenter
1407 4092 1679 4149 'conditor
1728 4112 1901 4147 eorum

330 4164 641 4235 perspicitur
663 4164 816 4235 (Sap.
852 4169 935 4220 15.
960 4168 1061 4234 5.).
1092 4164 1345 4221 Similiter
1373 4176 1547 4219 autem
1581 4177 1737 4218 erant
1774 4167 1900 4217 bea-

337 4244 421 4286 tus
444 4232 636 4287 Paulus
661 4232 943 4304 Apustolus
994 4232 1122 4290 dicit
1147 4275 1162 4299 ,
1191 4236 1476 4289 lnvisibilia
1503 4239 1636 4289 enim
1680 4236 1840 4301 ipsius
1869 4252 1899 4285 a

334 4314 570 4377 creatura
594 4307 773 4358 mundi
799 4323 887 4374 per
917 4324 973 4360 ea
995 4324 1106 4376 qua:
1127 4308 1262 4377 facta
1286 4322 1400 4359 sun;
1426 4307 1673 4359 intellectu
1694 4305 1904 4377 prorupi-

338 4375 571 4445 ciuntur,
608 4378 913 4443 sempiterna
961 4375 1162 4445 quoque
1210 4379 1318 4445 ejus
1363 4378 1522 4430 virtus
1574 4388 1619 4428 et
1667 4376 1903 4428 diuinitas

333 4451 352 4508 ί
382 4444 510 4496 Rom
568 4449 615 4499 l.
650 4448 740 4501 '20.
767 4448 809 4515 ).
844 4448 1001 4503 Docet
1051 4444 1240 4502 autem
1278 4449 1467 4500 iterum
1519 4456 1733 4500 sanctus
1760 4450 1905 4511 Apo-

336 4516 503 4569 stolus
525 4515 782 4582 Joannes,
817 4521 953 4587 quod
985 4520 1237 4571 Dominus
1267 4528 1449 4570 noster
1478 4515 1633 4569 Jesus
1662 4517 1904 4587 glirtsttis

333 4595 519 4649 aperte
561 4587 795 4653 scipsum
838 4586 1155 4656 praedicaret
1192 4588 1389 4641 ,Ιυιιςυιε
1422 4588 1610 4640 Filium
1670 4586 1759 4637 Di-i
1816 4600 1899 4638 se-

337 4656 567 4725 cundum
592 4660 939 4712 substantiam
974 4662 1022 4710 iii
1053 4675 1117 4711 eo
1141 4660 1279 4725 quod
1310 4658 1460 4721 dicit,
1496 4656 1775 4725 PrOptcrea
1797 4671 1902 4706 ma-

335 4724 414 4791 gis
444 4727 731 4794 quiet-ebant
770 4746 882 4781 eum
926 4728 1095 4782 Judiei'
1140 4724 1396 4793 occidere,
1430 4730 1561 4798 quod
1611 4744 1710 4780 non
1738 4731 1903 4778 soluat

334 4874 531 4914 conum
565 4863 616 4915 in
647 4865 977 4929 expositione
1007 4865 1386 4932 lleptateuclii,
1415 4866 1578 4920 semel
1611 4864 1660 4916 in
1690 4861 1904 4920 Genesi.

334 4941 391 5004 et
419 4934 604 5004 iterum
631 4936 680 4987 iii
710 4935 914 4996 Exodo,
946 4939 1223 5004 utrobique
1256 4947 1353 4989 hoc
1386 4939 1557 4995 titulo,
1589 4934 1668 4986 Ea:
1696 4935 1823 4985 libro
1844 4934 1907 4986 de

338 5002 438 5077 ﬁde
477 5001 685 5077 Ruﬁni,
714 5008 846 5075 ἰυού
888 5007 1074 5061 Graece
1101 5001 1345 5077 niiiiirtnu
1377 5020 1484 5059 erat
1518 5008 1636 5077 περὶ
1660 5007 1902 5064 πίστεως.

338 5072 429 5125 Sic
458 5074 597 5127 enim
632 5072 868 5145 inscripti
893 5084 1132 5130 veterum
1156 5076 1368 5130 Patrutn
1396 5077 1512 5129 libri
1540 5072 1782 5142 leguntur
1817 5082 1908 5125 aut

340 5157 704 5215 memorantur
759 5144 870 5201 nan
918 5146 1088 5215 pauci.
1133 5147 1270 5213 Quin
1313 5155 1369 5200 et
1396 5146 1678 5215 Theophili
1721 5144 1908 5215 Antio-

341 5212 496 5266 chetii
528 5214 646 5268 libri
676 5227 785 5272 tres
829 5217 893 5271 ad
918 5212 1272 5285 Autolycum,
1320 5212 1563 5285 quorum
1586 5216 1742 5282 vulgo
1766 5213 1905 5285 nulla

338 5293 421 5336 est
443 5286 735 5352 inscriptio,
758 5286 812 5341 in
840 5288 1038 5342 Codice
1066 5283 1196 5347 808..
1227 5283 1385 5351 regite
1408 5287 1748 5339 Bibliotheca:
1773 5283 1909 5337 hanc

344 5353 560 5433 habent,
584 5362 811 5433 Περζιςῆς
832 5367 932 5415 τῶν
952 5365 1261 5433 Χριστιανῶν
1279 5360 1521 5433 τςίστεῳς.
1549 5356 1633 5433 De
1643 5356 1745 5433 [ide
1766 5352 1913 5431 Citri-

342 5423 659 5497 §1§Rﬂ011uyui
698 5424 947 5496 Idemque
983 5423 1237 5497 judicium
1284 5429 1351 5481 de
1376 5428 1541 5481 tribus
1569 5426 1731 5497 aliis,
1750 5428 1838 5491 qui
1881 5440 1911 5476 a

343 5493 640 5566 Theophili)
691 5493 1051 5553 Alexandrino
1102 5501 1169 5553 de
1223 5498 1329 5552 li'de
1371 5498 1557 5566 scripti
1606 5496 1913 5550 ferebantur

343 5563 481 5631 apud
514 5564 843 5636 Getinadiuin
875 5586 992 5636 cap.
1024 5569 1111 5623 55.

415 5643 443 5702 f
473 5636 605 5702 Ms.,
643 5635 795 5690 Vetus
823 5635 1046 5692 Hebrwi‘s
1072 5638 1462 5693 Testamentum.

416 5700 452 5776 li
468 5700 779 5773 Sapientiam
795 5708 1195 5776 subslantivam)
1227 5710 1513 5775 Sapientia!
1536 5721 1729 5760 tiomcn
1760 5705 1809 5756 in
1835 5704 1917 5757 tli-

351 5773 487 5830 vitiis
518 5792 787 5845 personis,
835 5783 973 5843 quod
1010 5783 1143 5832 Filio
1177 5773 1343 5832 tribui
1390 5795 1505 5833 ttltlS
1531 5791 1604 5833 eat
1634 5817 1650 5843 ,
1706 5779 1916 5830 luerunt

1924 1831 1971 1890 B

1994 553 2104 616 esse
2131 536 2328 588 dicebat
2349 540 2634 616 ,.a'qi_i_o!em
2662 554 2715 588 se
2743 540 2931 616 lat-iens
2978 538 3126 616 Deo_(
3141 540 3303 616 oon.
3322 536 3386 595 ’5.
3416 548 3501 600 18.
3527 552 3565 616 ).

1997 606 2063 657 Ει
2094 605 2191 658 hoc
2216 616 2339 685 tunc
2363 607 2732 685 ἰιιιεξιιςξςξνηηι
2757 607 2947 685 .lutlzri,
2969 605 3568 685 quoddesussemetip-

1997 690 2114 727 sum
2145 674 2706 749 inanilestavitFilium
2731 679 3020 729 secundum
3051 676 3399 749 substanthiui
3421 674 3562 749 esse,

1996 759 2117 797 cum
2149 745 2355 797 diceret
2380 747 2443 796 ad
2480 747 2628 821 illos,
2665 746 2819 821 Pater
2841 764 2986 821 meus
3015 764 3172 817 usque
3207 743 3358 805 modo
3380 743 3569 821 Opera;

1996 822 2098 886 tur_.
2120 823 2170 886 et
2198 830 2289 886 eqo
2319 830 2497 886 operor
2523 816 2541 883 (
2564 813 2717 869 Joun.
2746 815 2800 871 5.
2834 817 2920 869 l7.
2949 818 2987 886 ).

2067 882 2154 953 IV.
2188 884 2293 937 Sed
2324 884 2435 937 haec
2462 882 2675 950 quidem
2705 886 2772 939 de
2800 882 2975 953 st-ipso
2998 887 3249 940 Dominus
3277 904 3458 945 noster
3477 895 3568 949 Je-

1994 966 2087 1006 sus
2114 952 2355 1007 Christus
2385 953 2583 1028 docuit.
2625 956 2830 1028 Docuit
2854 965 3029 1008 autem
3071 961 3230 1010 etiam
3261 960 3327 1013 de
3354 962 3560 1028 Spiritu

1992 1024 2572 1099 sanctopeo‘quodde
2619 1026 2705 1078 Dei
2754 1026 3043 1099 substantia
3077 1037 3186 1088 est,
3230 1038 3284 1082 et
3330 1024 3470 1099 quod
3499 1049 3566 1088 ea

1995 1106 2117 1164 qua:
2145 1092 2266 1145 facit
2297 1093 2433 1164 Deus
2464 1094 2617 1164 Pater
2643 1137 2657 1157 ,
2683 1095 2868 1147 eadem
2918 1098 3114 1159 pariter
3142 1099 3302 1151 etiam
3330 1092 3565 1164 Spiritus

1994 1160 2144 1240 facit,
2170 1177 2284 1240 cum
2321 1163 2454 1240 dicit
2471 1162 2695 1227 Spiritus
2730 1166 2954 1217 vei-iratis
2978 1166 3066 1240 qui
3091 1182 3121 1217 α
3156 1166 3306 1240 Patre
3334 1160 3564 1240 procedit

1994 1230 2016 1301 (
2041 1229 2200 1283 Joan.
2232 1230 2279 1281 2i
2309 1276 2321 1284 ,
2345 1229 2387 1299 ).
2419 1232 2586 1284 Porro
2615 1243 2786 1286 autem
2830 1248 2949 1287 cum
2978 1229 3198 1301 ejiceret
3232 1229 3565 1297 adversarias

1996 1309 2309 1369 potestates,
2335 1315 2467 1366 quas
2492 1302 2639 1368 juxta
2670 1304 3108 1358 consuetudinem
3144 1306 3412 1364 hominum
3445 1312 3561 1365 dte-

1996 1371 2485 1445 monesappellatt
2512 1371 2755 1445 dicebat,
2787 1372 3032 1445 Stantem
3058 1392 3147 1443 ego
3180 1377 3233 1428 in
3273 1380 3432 1445 digito
3468 1382 3564 1437 Dei

1992 1442 2142 1517 ejicio
2164 1441 2415 1494 daemones
2432 1439 2562 1512 (Luc
2592 1442 2673 1517 l~l_.
2697 1440 2836 1507 20.).
2853 1444 3003 1517 Quod
3023 1439 3196 1497 autem
3228 1439 3447 1517 digitum
3464 1451 3561 1506 Dei

1993 1510 2245 1587 Spiritum
2260 1510 2498 1587 sanetum
2514 1512 2769 1587 nominet.
2787 1512 3021 1587 apertius
3035 1518 3196 1587 ceteri
3215 1510 3561 1587 Evangelista:

1995 1581 2136 1632 hunc
2164 1580 2334 1633 locum
2363 1581 2630 1649 dixerunt.
2663 1581 2937 1635 Matthaeus
2967 1584 3181 1649 quidem
3222 1602 3340 1640 cum
3362 1580 3449 1640 sic
3475 1590 3561 1642 di-

1992 1651 2063 1727 cit
2081 1666 2095 1703 :
2198 1659 2366 1727 autem
2382 1650 2435 1701 in
2451 1648 2650 1718 Spiritu
2676 1651 2774 1727 Dei
2793 1667 2885 1727 ego
2906 1648 3326 1727 ejicio‘dremones
3344 1657 3562 1727 (Matth.

1997 1717 2199 1790 13.28.
2224 1726 2261 1787 ).
2285 1717 2502 1773 Marcus
2522 1735 2677 1786 vero,
2707 1717 3021 1790 Quicumque
3051 1717 3474 1785 blasphemaverit
3509 1730 3565 1782 in

1999 1788 2199 1868 Spiritu
2241 1803 2416 1842 sancto
2452 1806 2553 1868 non
2590 1790 2884 1861 indulgetur
2921 1788 2965 1843 ei
2998 1792 3048 1843 in
3086 1797 3356 1868 secutum,
3402 1797 3559 1868 583

2000 1862 2096 1931 sed
2114 1861 2360 1931 obnoxius
2399 1860 2492 1911 erit
2540 1860 2987 1931 teteriio’pcccato,
3034 1878 3090 1913 eo
3133 1867 3268 1928 quod
3298 1860 3561 1931 ἄξει-ΒαἘῆ

2004 1929 2251 2001 Spiritum
2296 1930 2611 1981 immundum
2630 1930 2774 1982 habet
2802 1931 3007 1995 (Marc.
3041 1935 3094 1985 5.
3122 1931 3155 1983 2
3180 1935 3258 2001 ’.).
3307 1937 3414 1987 Hoc
3442 1929 3561 1989 cuni

2001 1998 2227 2053 dixisset
2272 2002 2551 2072 Dominus,
2595 2010 2778 2072 aperte.
2805 2002 2986 2053 docuit
3033 2018 3188 2054 unum
3218 1998 3564 2072 eamdemque

2000 2073 2220 2143 credere
2242 2071 2590 2123 substantiam
2620 2071 2789 2143 Patris
2818 2083 2869 2122 et
2896 2072 3004 2138 Spit
3022 2072 3125 2143 itus
3149 2078 3341 2135 sancti,
3370 2071 3565 2143 quippe

2000 2154 2119 2190 cum
2148 2139 2366 2209 digitus,
2398 2143 2549 2205 cujus
2576 2151 2656 2193 est
2699 2142 2927 2209 digitus,
2975 2142 3211 2207 ejusdem
3253 2139 3410 2198 etiam
3439 2139 3565 2199 sith-

1999 2207 2210 2282 stantite
2242 2211 2488 2282 habetur.
2508 2210 2673 2282 Porro
2700 2207 2875 2263 autem
2908 2227 3026 2265 cttut
3058 2214 3258 2265 diceret
3288 2214 3564 2282 discipulis

1999 2281 2140 2334 sitis.
2183 2280 2409 2361 Accipite
2452 2280 2711 2361 Spiritum
2731 2293 2982 2361 sanctum,
3031 2297 3243 2361 quorum
3274 2280 3565 2361 diiiiiseritis

2001 2360 2207 2414 peccata
2246 2350 2559 2402 dimittentur
2587 2350 2960 2413 εἱεῖείιιιίιίιθι·
3002 2354 3315 2406 Ostendebat
3362 2355 3557 2408 debere

2000 2417 2218 2487 credere
2259 2434 2413 2470 unam
2446 2420 2789 2487 eamdemque
2835 2435 2955 2474 esse
3002 2423 3349 2476 substantiam
3393 2425 3566 2479 Patris

1999 2486 2330 2559 etiSpiritus.
2376 2487 2508 2541 Dicit
2537 2486 2922 2559 etiam’beatus
2964 2491 3153 2543 Paulus
3180 2494 3410 2559 docens,
3457 2495 3565 2549 Ne-

2000 2558 2138 2608 scitis
2157 2558 2291 2622 quod
2323 2562 2563 2620 templum
2593 2558 2685 2610 Dei
2715 2560 2864 2618 estis.
2918 2570 2963 2612 et
3011 2561 3223 2628 spiritus
3280 2563 3373 2616 Dei
3416 2564 3564 2617 habi-

2002 2635 2074 2700 tat
2101 2628 2152 2678 in
2180 2628 2359 2700 vobis?
2376 2628 2427 2700 si
2456 2629 2570 2700 quis
2600 2629 2843 2700 templum
2869 2629 2959 2682 Dei
2986 2631 3277 2695 violaverit,
3310 2635 3565 2700 disperdet

2002 2645 2074 2677 nu
2101 2645 2152 2678 ιη
2180 2645 2354 2679 vobis:
2382 2645 2426 2679 si
2491 2645 2570 2681 uis
2600 2645 2843 2694 templum
2869 2645 2957 2682 νει
2986 2645 3277 2695 violaverit,
3310 2645 3565 2700 disperdet

1999 2696 2145 2768 illum
2179 2694 2315 2768 Deus
2340 2697 2416 2765 (l.
2449 2645 2567 2751 ἔον.
2602 2698 2690 2751 51.
2718 2698 2820 2766 6.).
2856 2700 2965 2751 lloc
2990 2716 3109 2751 cum
3138 2701 3382 2765 dixisset,
3412 2718 3567 2768 aper-

2003 2774 2053 2841 te
2098 2766 2481 2841 docuitluuam
2512 2770 2859 2841 eamdemque
2892 2784 3011 2822 esse
3032 2770 3378 2825 substantiam
3408 2766 3567 2841 atque

2004 2834 2248 2886 virtutem
2283 2836 2371 2888 Dei
2402 2848 2455 2887 et
2495 2839 2710 2900 Spiritus
2742 2834 2978 2905 :quippe
3003 2855 3123 2892 cum
3156 2857 3257 2892 non
3287 2856 3350 2893 ex
3380 2834 3492 2895 alia'
3506 2857 3567 2897 re

2001 2913 2348 2969 cognoscatur
2390 2907 2642 2971 templum
2679 2907 2767 2958 Dei
2808 2923 2947 2968 esse,
2982 2908 3084 2960 nisi
3114 2908 3272 2962 etiam
3306 2926 3373 2962 ex
3406 2912 3563 2965 inha-

2000 2971 2201 3026 bitante
2242 2974 2430 3037 spiritu
2476 2977 2585 3028 Dei.
2629 2976 2819 3029 Scribit
2862 2980 3020 3029 etiatn
3063 2981 3243 3031 beatus
3275 2980 3466 3032 Paulus
3496 2982 3564 3036 de

2000 3043 2198 3117 Spirjtu
2230 3053 2433 3117 sancto,
2462 3045 2538 3117 sic
2568 3045 2750 3117 dicens
2776 3061 2793 3097 :
2823 3045 2947 3117 Cum
2973 3062 3087 3099 vero
3116 3063 3383 3100 conversus
3411 3051 3564 3117 fuerit

2003 3114 2069 3165 ad
2090 3110 2389 3185 Dominum,
2411 3114 2613 3167 tolletur
2630 3115 2873 3185 velamen.
2900 3114 3149 3168 Dominus
3169 3128 3335 3170 autem
3357 3110 3563 3185 spiritus

2003 3191 2098 3255 est,
2121 3183 2203 3255 ubi
2231 3198 2344 3255 vero
2381 3185 2589 3246 spiritus
2622 3184 2855 3249 Domini,
2897 3186 2966 3238 ibi
3009 3188 3211 3239 libertas
3238 3191 3322 3255 (2.
3357 3183 3474 3241 Cor.
3503 3190 3559 3243 5.
3596 3218 3599 3221 <

2003 3326 2385 3393 substantiam,
2416 3340 2477 3375 ex
2520 3341 2584 3375 eo
2619 3325 2757 3392 quod
2802 3327 3027 3393 Spiritus
3058 3338 3137 3378 est
3168 3326 3456 3393 Dominus,
3508 3342 3564 3385 et

2002 3391 2219 3463 spiritus
2251 3392 2455 3446 Domini
2488 3391 2782 3448 hb-rtatem
2820 3391 3038 3463 largitur
3063 3405 3117 3448 et
3142 3398 3323 3449 donat.

2081 3461 2140 3514 V.
2174 3462 2464 3536 Estautetii
2497 3463 2662 3536 Filius
2693 3464 2744 3516 in
2770 3461 2956 3530 Patre,
3002 3483 3105 3517 non
3145 3469 3283 3519 sicut
3325 3468 3376 3519 in
3420 3469 3559 3536 loco,

2006 3547 2178 3600 neque
2222 3535 2359 3585 enim
2402 3534 2593 3586 limbus
2632 3535 2991 3588 circumdatur
3032 3536 3146 3601 ejus
3196 3536 3487 3591 substantia
3543 3534 3558 3593 ὲ

2004 3604 2100 3676 sed
2129 3603 2264 3676 sicut
2285 3605 2508 3676 verhunt
2535 3606 2584 3655 iit
2605 3614 2800 3667 mente,
2832 3608 2971 3676 sicut
2993 3607 3215 3673 simplex
3238 3608 3287 3659 in
3312 3609 3562 3676 simplici,

2005 3686 2055 3725 ut
2088 3671 2325 3743 inlinitus
2344 3675 2393 3726 in
2427 3673 2659 3732 inﬁnito.
2688 3685 2741 3728 et
2770 3674 2992 3729 infectus
3020 3677 3071 3727 in
3101 3671 3297 3730 iulecm
3320 3722 3332 3743 ,
3367 3671 3429 3731 ut
3450 3671 3567 3735 siue

2004 3742 2262 3812 principio
2284 3744 2333 3796 iu
2360 3760 2425 3797 eo
2445 3745 2532 3811 qui
2563 3747 2678 3798 sine
2710 3745 2986 3810 principio,
3011 3756 3064 3798 et
3096 3745 3347 3801 Dominus
3376 3750 3423 3800 in
3457 3749 3567 3802 Do-

2006 3815 2172 3879 iuiuo,
2201 3828 2251 3867 et
2285 3816 2422 3868 Deus
2454 3817 2503 3868 iu
2538 3814 2667 3879 Deo,
2706 3826 2758 3869 et
2799 3817 3036 3883 ejusdem
3069 3818 3378 3870 SUbSlallllil‘.
3407 3820 3563 3873 simul

2003 3894 2163 3952 atque
2204 3887 2472 3950 potentiae.
2516 3884 2773 3939 Similiter
2814 3902 2940 3939 vero
2970 3898 3022 3939 et
3058 3886 3212 3939 Pater
3242 3887 3294 3939 in
3321 3887 3483 3950 Filio,
3513 3899 3570 3941 et

2003 3964 2063 4004 ut
2089 3968 2277 4006 sensus
2325 3969 2429 4006 non
2474 3956 2800 4018 separandos
2837 3974 2864 4004 ει
2899 3957 3078 4006 tertio.
3124 3958 3346 4007 Sensum
3389 3970 3564 4009 autem

2008 4021 2131 4073 dico
2163 4026 2407 4087 Patrem,
2439 4039 2502 4075 ex
2536 4026 2688 4075 nobis
2726 4024 2991 4090 accipiens
3020 4027 3347 4089 exemplum,
3384 4039 3432 4075 ut
3470 4044 3566 4078 nos

2004 4090 2204 4146 scilicet
2230 4093 2581 4159 intelligamus
2606 4095 3050 4154 quemadmodum
3084 4093 3236 4145 Pater
3271 4097 3319 4147 in
3364 4095 3493 4147 Filio
3511 4107 3564 4148 ct

2006 4161 2057 4211 in
2102 4161 2255 4214 Patre
2303 4161 2469 4214 Filius
2507 4161 2756 4220 habetur,
2805 4176 3045 4227 quamvis
3088 4165 3245 4214 etiam
3288 4168 3427 4217 unde
3469 4168 3567 4218 hoc

2004 4229 2253 4293 dixerim,
2278 4246 2341 4284 ex
2366 4233 2537 4283 divina
2569 4232 2845 4297 Scriptura
2874 4246 3087 4283 caussas
3111 4244 3163 4284 et
3191 4248 3392 4285 sentina
3424 4251 3567 4286 stun-

2004 4302 2186 4371 st't'ttll.
2218 4300 2349 4371 Nam
2380 4317 2496 4354 cum
2533 4301 2720 4354 Filium
2746 4303 2960 4371 verbum
2993 4302 3251 4355 dixissent
3279 4305 3366 4371 qui
3396 4319 3423 4353 a
3460 4305 3570 4358 Deo

2005 4369 2149 4423 docti
2180 4379 2304 4422 sunt
2326 4370 2603 4435 Propheta:
2642 4381 2798 4437 atque
2827 4370 3087 4438 Apostoli,
3119 4369 3330 4425 sensum
3365 4389 3461 4425 nos
3483 4373 3569 4428 in-

2010 4440 2247 4508 telligere
2275 4440 2488 4495 Patrem
2514 4442 2629 4494 sine
2657 4440 2985 4512 dubitatione
3012 4442 3329 4512 docuerunt.
3363 4453 3568 4512 Quippe

2008 4525 2128 4563 cum
2159 4512 2441 4564 nonaliter
2470 4512 2685 4561 verbum
2714 4512 2877 4576 possit
2900 4511 3141 4576 intelligi,
3168 4512 3265 4565 nisi
3294 4529 3355 4565 ex
3382 4511 3567 4577 sensit,

1936 4560 1984 4619 D
2011 4560 2103 4634 seu
2135 4590 2310 4633 metite
2342 4590 2619 4634 nascatur.
2649 4560 2873 4633 Sertistitii
2918 4560 3097 4633 {tuti-iii
3129 4560 3280 4645 ilico,
3334 4599 3434 4634 non
3488 4560 3572 4634 1ςοῖ

2012 4651 2112 4702 lem
2149 4651 2320 4717 qualis
2358 4660 2441 4704 est
2478 4661 2680 4713 noster,
2712 4654 2958 4718 quoniam
3002 4667 3066 4702 ne
3110 4653 3325 4703 vcrlinni
3363 4655 3573 4707 ιεηίιίυιη

2008 4722 2100 4774 Dei
2146 4724 2247 4774 tale
2286 4726 2440 4791 quale
2486 4730 2725 4773 nostrum
2775 4731 2885 4782 est,
2938 4735 3106 4788 neque
3152 4721 3269 4789 ejus
3316 4724 3575 4789 sapiet-tta

2007 4853 2135 4907 olim
2167 4855 2253 4919 qui
2284 4854 2499 4923 Spiritui
2530 4862 2716 4907 sancto
2745 4853 3144 4921 adscriberent,
3171 4865 3227 4909 ut
3257 4857 3339 4910 hic
3370 4870 3575 4917 noster.

2010 4935 2065 4978 et
2113 4934 2236 4977 ante
2281 4927 2426 4979 illum
2467 4926 2793 4992 TheOpltilns
2827 4927 3215 4992 Atttioclienos,
3246 4940 3301 4981 et
3347 4929 3579 4983 lremetts

2010 4996 2400 5061 Lugdunensis.
2433 4996 2715 5068 Theophili
2740 4997 2881 5049 enim
2912 5011 2976 5050 ex
3004 4997 3140 5050 libro
3166 5002 3219 5051 2.
3260 5000 3324 5052 ad
3359 5003 3575 5068 Autoly-

2009 5078 2129 5117 cum
2158 5068 2314 5143 Verba
2344 5067 2558 5143 sunt,Ai
2582 5075 2720 5139 τρεῖς
2743 5069 2922 5143 dissipati
2951 5071 3051 5143 πρὸ
3069 5077 3168 5122 τῶν
3191 5077 3478 5143 quadrupva
3498 5067 3581 5138 7i-
3600 5096 3611 5109 ε

2007 5144 2203 5205 ’γονυῐαι
2224 5139 2380 5195 τύπος
2400 5140 2524 5192 εἰσὶν
2550 5148 2641 5197 τῆς
2670 5138 2916 5210 ’τριόιδόςὲ
2932 5138 3018 5192 τοῦ
3041 5147 3188 5201 Θιοῦ,
3215 5144 3299 5210 xui
3319 5138 3411 5192 τόῦ
3431 5139 3579 5206 λόγου

1992 5208 2188 5269 αὐτοῦ,
2221 5213 2306 5262 καὶ
2328 5216 2420 5268 τῆς·
2465 5214 2642 5280 σοφίας
2671 5206 2851 5263 aii-rat).
2878 5206 2999 5280 Tres
3021 5210 3128 5280 dies
3147 5211 3231 5273 qui
3246 5208 3581 5280 inmittarmnt

2016 5287 2181 5348 ortum
2201 5276 2593 5341 antecesserunt,
2612 5292 2762 5348 typus
2782 5287 2897 5332 sunt
2925 5277 3210 5339 Trinitatis,
3238 5276 3403 5348 Deiet
3433 5276 3579 5327 Verbi

1988 5388 1993 5393 .
2016 5347 2199 5419 ipsius,
2223 5356 2269 5399 et
2300 5349 2579 5419 Sapfentite
2606 5344 2784 5413 ipsius.
2818 5350 3045 5419 Irentetts
3069 5362 3193 5399 vero
3219 5344 3350 5419 libro
3381 5346 3432 5396 4.
3461 5359 3580 5419 cap.

2022 5417 2108 5470 17.
2150 5417 2317 5472 Deum
2345 5415 2502 5473 docet
2527 5421 2591 5471 ad
2623 5434 2710 5472 res
2737 5418 3101 5485 producendus
3129 5418 3448 5480 Angeloruiu
3483 5415 3584 5467 titi-

2020 5488 2239 5541 tiisterio
2261 5504 2364 5542 non
2393 5506 2571 5555 egi-rc.
2602 5487 2879 5545 .ilinistrat,
2915 5487 3115 5555 inquit,
3129 5487 3173 5538 ei
3198 5486 3265 5536 ad
3291 5486 3459 5555 omnia
3490 5500 3585 5555 sua

2019 5560 2281 5627 progenies
2322 5569 2369 5611 et
2402 5553 2645 5628 ﬁguratig
2672 5572 2800 5628 sua,
2822 5627 2827 5628 γ
2850 5555 2904 5605 id
2936 5568 3039 5620 est,
3071 5553 3238 5609 Filius
3264 5568 3309 5608 et
3358 5554 3587 5622 Spiritus

2019 5625 2240 5689 sanctus,
2279 5625 2489 5680 Verbum
2519 5640 2566 5678 et
2598 5625 2861 5685 Sapientia

2097 5708 2119 5736 ο
2143 5699 2260 5758 Ms,
2297 5698 2550 5765 Uaigcuit;
2574 5694 2704 5746 verbi
2733 5705 2780 5747 et
2807 5696 3050 5763 Sp‘ritus.

2092 5768 2116 5804 ⁴¹
2142 5768 2263 5831 51s.,
2298 5770 2372 5821 De
2397 5784 2449 5820 se
2471 5768 2703 5835 quidem,
2728 5781 2841 5817 cum
2872 5769 3013 5818 dicit.
