4110 6350
586 324 718 379 "27

1857 309 2083 367 RUFINI
2126 306 2506 365 PAL/ESTINI

3692 300 3823 358 “9.8

585 436 705 489 talis
743 443 821 487 est
870 430 1042 499 qualis
1089 438 1266 482 nostra
1301 427 1418 499 ’est.
1463 423 1720 499 Similiter
1749 432 1959 499 _:_i_i_i_tem_
1987 423 2148 499 etiam
2179 425 2229 483 Α
2254 426 2430 499 omnia
2463 435 2558 499 per
2597 419 2770 499 ipsum
2809 416 2960 499 facta,
2993 427 3150 483 sunt,
3176 432 3322 499 .cum
3363 416 3613 498 omnibus
3652 428 3819 472 autem

588 506 842 571 Spir-itum
869 491 1109 553 sanctum
1136 499 1362 571 decimus
1390 497 1441 549 in
1476 497 1710 548 Patre'et
1749 493 1881 571 Filio
1913 491 2149 571 ejusdem

588 562 898 627 substantiae
948 571 1028 623 vel
1084 567 1369 635 potentia,
1435 576 1681 631 tanquam
1731 562 2152 635 sapientiam_in

589 659 745 698 sensu
791 640 944 694 simul
984 650 1035 691 et
1078 630 1239 689 verbo
1271 654 1282 687 :
1319 650 1478 702 porro
1513 630 1688 686 autem
1733 631 1943 686 Patrem
1976 642 2030 685 et
2062 630 2150 684 Fi-

592 715 720 767 linm
763 716 813 763 in
854 710 1053 776 Spitittt
1079 707 1316 774 ejusdem
1348 702 1847 776 substantiiesimul
1878 710 2037 770 atque
2060 717 2156 769 pa-

595 785 805 843 ιοιηιίω,
845 774 909 832 ρι’
941 787 1186 845 tanquam
1219 789 1433 828 sensum
1474 787 1537 828 ac
1568 774 1787 827 verbum
1825 786 1945 840 quae
1983 789 2088 824 non
2124 787 2153 825 a

590 852 844 920 sapientia
878 855 1207 920 separantur.

670 922 747 972 γι.
789 910 952 982 Quod
974 928 1149 968 autem
1182 914 1233 967 in
1252 913 1361 966 Deo
1389 910 1621 978 Spiritus
1647 919 1747 972 est,
1775 923 1926 978 quam
1950 925 2013 963 ex
2040 924 2158 982 eius

592 980 883 1042 stilistatiiia
916 988 1014 1048 sit,
1054 995 1107 1039 et
1142 983 1293 1052 quasi
1332 984 1467 1035 idem
1499 982 1567 1034 sit
1590 990 1846 1049 uterque,
1875 988 1943 1052 ‘et
1984 992 2042 1052 ut
2088 980 2155 1033 ita

591 1062 763 1111 dicam
795 1066 933 1109 totus
957 1057 1006 1108 in
1033 1047 1174 1117 toto,
1214 1063 1266 1105 et
1301 1053 1388 1118 qui
1422 1052 1537 1117 ejus
1567 1052 1670 1103 alta
1690 1047 1745 1102 et.
1773 1047 2157 1118 profundam-

591 1138 832 1194 piioscat,
859 1128 1018 1178 etiam
1045 1126 1224 1177 beatus
1248 1117 1971 1194 Pauliis_docet,_sicdicens,
1998 1117 2159 1172 Nobis

592 1189 762 1251 autem
786 1195 1021 1248 revelavit
1051 1194 1188 1246 Deus
1221 1208 1309 1259 per
1332 1192 1585 1256 spiritum.
1627 1190 1857 1259 Spiritus
1886 1189 2017 1240 enim
2048 1205 2158 1241 om-

593 1270 681 1319 nia
722 1275 1000 1327 scrutatur,
1042 1265 1194 1316 etiam
1224 1258 1497 1328 profunda
1538 1259 1629 1311 Dei
1669 1261 1753 1327 (I.
1787 1258 1905 1310 Cor.
1937 1258 1991 1310 2.
2025 1260 2158 1327 10.).

597 1337 746 1393 Unde
783 1342 1003 1402 accepto
1031 1348 1061 1386 a
1095 1332 1249 1385 nobis
1277 1331 1553 1396 exemplo,
1606 1330 1704 1381 hoc
1748 1340 1935 1402 est_ex
1979 1338 2161 1381 nostra

594 1405 887 1474 sapientia,
916 1398 1047 1469 quae
1086 1411 1253 1474 totum
1289 1413 1503 1452 sensum
1536 1409 1775 1451 nostrum
1807 1398 1964 1474 altius
1984 1413 2162 1474 _pene-

598 1466 733 1540 trat,
763 1486 815 1529 et
851 1466 967 1539 qua:
996 1482 1117 1524 sunt
1165 1471 1215 1522 iii
1254 1485 1318 1521 eo
1352 1476 1539 1540 cuncta
1574 1468 1887 1540 cognoscit,
1913 1466 2163 1540 deiuCeps

594 1538 759 1599 dicit»:
804 1538 929 1607 Quis
964 1544 1099 1593 enim
1147 1542 1280 1592 navit
1325 1538 1584 1590 hominum
1615 1552 1724 1602 qua:
1754 1538 1975 1589 hominis
2013 1548 2162 1601 sunt,

597 1613 760 1735 μή
788 1614 887 1666 nisi
913 1612 1123 1690 spiritus
1159 1609 1375 1690 hominis
1407 1608 1500 1688 qui
1537 1609 1589 1659 in
1613 1622 1673 1688 eo
1700 1610 1810 1659 est.’
1850 1609 1923 1658 sic
1968 1617 2012 1658 et
2054 1622 2166 1668 quia

649 1701 694 1735 et
727 1694 843 1735 sunt
871 1697 1016 1733 nemo
1042 1689 1135 1733 scit
1164 1679 1262 1730 nisi
1292 1690 1497 1735 spiritus
1532 1677 1621 1729 Dei
1657 1678 1672 1735 (
1691 1678 1739 1729 i.
1774 1675 1892 1728 Car.
1934 1675 1988 1727 2.
2030 1674 2160 1735 1L).

649 1674 701 1737 εἷ
727 1674 843 1737 iant
871 1674 1016 1733 nenia
1042 1682 1135 1733 scit
1164 1679 1262 1730 nisi
1292 1678 1497 1740 spiritus
1532 1677 1623 1729 Dei
1657 1678 1739 1742 (i.
1774 1675 1892 1728 Car.
1934 1675 1988 1727 2.
2030 1674 2160 1745 1L).

2257 491 2417 545 etiam
2454 488 2768 557 principium
2807 488 3053 551 habetur,
3088 501 3140 542 et
3174 489 3343 557 ipsius
3369 488 3645 555 principii,
3672 499 3722 541 et
3749 498 3823 541 to-

2259 564 2362 614 Iius
2392 562 2645 624 deinceps
2672 567 2793 627 post
2829 559 3148 626 principium
3181 559 3375 627 Spatii,
3410 561 3631 611 verlmm
3658 557 3822 621 ipsum

2257 640 2339 684 est
2379 640 2538 697 caput
2559 641 2613 684 et
2641 626 2826 697 caussa
2853 670 2865 687 ,
2898 631 2947 680 in
2978 643 3085 692 quo
3114 626 3291 697 spatio
3321 636 3565 692 tempora
3607 628 3689 680 vel
3713 642 3822 697 sre-

2258 700 2375 753 cula
2407 694 2767 753 continentur.
2806 696 3004 751 [iui-siis
3033 694 3195 751 etiam
3237 712 3361 749 cum
3405 698 3667 758 dixisset,
3712 694 3828 749 Ver-

2259 771 2375 823 bum
2397 781 2505 823 erat
2550 770 2687 835 apud
2740 768 2931 830 Deum,
2986 767 3382 819 stilistantivum
3436 766 3673 819 ostendit
3715 782 3827 820 esse

2258 840 2503 907 'terbum,
2528 838 2780 907 quoniam
2808 854 2911 907 non
2933 835 3091 896 dixit,
3119 838 3171 889 Iii
3202 836 3314 890 Deo
3340 845 3461 889 erat
3481 836 3723 907 verbum,
3742 841 3827 907 sed

2256 913 2463 961 verbum
2488 904 2596 961 erat
2637 910 2775 975 apud
2819 906 2998 959 Deum.
3043 907 3211 960 Porro
3241 917 3423 959 autem
3466 904 3719 973 di-iuceps
3753 906 3830 959 di-

2260 994 2419 1050 cens,
2459 981 2618 1050 585
2647 991 2692 1030 et
2736 978 2869 1050 Deus
2893 987 2998 1050 erat
3025 976 3262 1039 verbum,
3310 980 3469 1050 docet
3496 989 3653 1050 unam
3698 989 3831 1050 eant-

2260 1044 2499 1116 demque
2520 1044 2648 1101 esse
2678 1046 3029 1116 substantiam
3067 1057 3229 1116 atque
3272 1045 3527 1116 virtutem
3577 1044 3743 1116 Patris
3784 1057 3833 1096 et

2263 1113 2639 1186 Filii.iniippe
2667 1131 2787 1171 cum
2814 1118 2944 1169 nihil
2974 1113 3180 1169 intersit
3207 1115 3350 1169 inter
3375 1115 3546 1167 Deum
3576 1123 3631 1167 et
3653 1113 3832 1177 Deum,

2262 1203 2380 1240 cum
2410 1199 2631 1253 uterque
2664 1185 2920 1254 principio
2945 1195 3125 1239 careat
3145 1227 3158 1248 ,
3192 1188 3286 1239 sed
3322 1200 3429 1238 una
3468 1188 3537 1236 sit
3569 1185 3835 1250 utriusque

2262 1257 2578 1322 substantia,
2607 1260 2899 1324 eademque
2932 1258 3126 1323 pariter
3154 1268 3209 1310 et
3239 1255 3433 1309 virtus.
3466 1254 3634 1306 Porro
3664 1263 3833 1307 autem

2262 1342 2381 1379 cum
2414 1326 2572 1391 dicit,
2610 1326 2721 1379 Hoc
2749 1336 2854 1378 erat
2883 1328 2931 1378 in
2962 1327 3216 1394 principio
3256 1327 3398 1393 apud
3444 1325 3609 1375 Deum
3633 1366 3647 1387 ,
3678 1328 3837 1376 omnia

2265 1412 2355 1464 per
2394 1397 2563 1461 ipsum
2608 1398 2745 1464 facta
2782 1406 2899 1448 sunt
2948 1395 3141 1465 (Joan.
3176 1395 3267 1462 1.)
3306 1412 3317 1446 :
3352 1405 3538 1461 aperte
3566 1408 3664 1446 nos
3691 1396 3839 1447 ducet

2266 1483 2370 1520 non
2401 1467 2534 1522 duas
2562 1466 2759 1520 debere
2786 1466 3112 1520 substantias
3150 1467 3376 1519 credere
3406 1473 3722 1532 separatas,
3755 1481 3843 1517 ne-

2264 1550 2367 1603 que
2420 1546 2709 1604 potestates
2760 1544 2922 1601 atque
2973 1537 3231 1599 virtutes,
3281 1536 3537 1602 quoniam
3587 1548 3725 1586 unus
3766 1544 3841 1587 est

2272 1608 2437 1669 lteus,
2479 1607 2566 1673 qui
2616 1621 2709 1674 per
2757 1621 2913 1658 suum
2955 1606 3346 1659 substantivum
3393 1605 3620 1657 verbum
3670 1604 3843 1674 omnia

2269 1677 2451 1729 condit
2478 1687 2530 1729 et
2560 1673 2723 1730 creat.
2759 1676 2882 1729 Ideo
2911 1683 3087 1728 autem
3111 1677 3371 1728 docemur
3399 1689 3506 1727 non
3542 1684 3653 1725 tres
3675 1673 3844 1727 dicere

598 1754 725 1808 Ideo
767 1762 945 1805 autem
977 1751 1159 1837 beatus
1194 1749 1396 1837 Paulus
1432 1746 1497 1799 de
1535 1747 1706 1837 nobis
1736 1742 2164 1837 accepitexem-
2201 1778 2245 1837 Β
2273 1746 2598 1801 substantias
2624 1752 2928 1813 segregatas
2956 1747 3163 1799 Patrem
3192 1754 3247 1798 et
3278 1745 3561 1837 Filium-et
3592 1742 3844 1808 Spiritum

600 1824 746 1892 plum
766 1861 784 1887 ,
812 1821 1097 1892 ostendere
1123 1819 1306 1892 volens
1332 1817 1597 1892 quomodo
1630 1818 1847 1892 spiritus
1873 1815 1963 1892 Dei
2001 1816 2167 1892 ipsius

601 1886 708 1946 alta
754 1886 1046 1971 cognoscit,
1077 1891 1327 1971 quppiam
1361 1886 1529 1971 ‘iiovit
1572 1888 1836 1965 hominem
1885 1887 2167 1971 imaginem

601 1977 723 2017 esse
754 1955 846 2015 Dei
873 1960 1040 2012 Patris
1061 1969 1113 2012 et
1143 1959 1255 2011 Filii
1283 1966 1336 2009 et
1361 1955 1591 2024 Spiritus
1613 1960 1801 2008 sancti.
1837 1963 1861 1991 ι
1900 1956 1991 2007 Est
2024 1958 2166 2009 enim

604 2035 776 2099 imago
824 2029 918 2083 Dei
966 2029 1157 2092 homo,
1214 2026 1411 2095 quippe
1449 2041 1571 2099 cuni
1612 2028 1694 2099 _sit_
1721 2025 2076 2099 rationabilis,
2109 2038 2171 2077 ac

603 2096 842 2164 sensum,
868 2109 921 2153 et
953 2101 1173 2151 verbum
1196 2106 1251 2148 et
1269 2098 1582 2164 sapientiam
1613 2096 1822 2158 habeat,
1848 2097 1982 2164 sicut
2009 2098 2167 2147 etiam

604 2163 1065 2243 Moysesdocet,_
1092 2182 1212 2243 cum
1253 2163 1414 2243 dicit,
1447 2163 1511 2216 Et
1541 2165 1671 2217 dixit
1704 2164 1867 2226 Deus,
1901 2163 2172 2243 Faciamus

602 2236 853 2293 hominem
878 2239 1153 2291 secundum
1186 2238 1482 2305 imaginem,
1515 2250 1617 2288 non
1647 2250 1815 2287 meam
1840 2237 2007 2285 solum
2028 2236 2169 2305 ,used

602 2311 879 2364 secundum
905 2308 1207 2376 imaginem,
1239 2293 1700 2359 et'simﬂitudinent
1739 2314 1965 2356 nostrum
2004 2293 2166 2373 (Cen.

676 2380 964 2513 ibiibi.“
993 2455 1171 2500 autem
1200 2445 1341 2499 sicut
1375 2445 1545 2500 Patris
1573 2454 1657 2497 est
1684 2444 1915 2513 Spiritus
1936 2452 2170 2506 sanctus,

602 2519 681 2572 sic
706 2522 865 2572 etiam
897 2517 1014 2571 Filii
1047 2517 1246 2580 pariter
1284 2515 1528 2578 habetur,
1560 2515 1719 2568 docet
1749 2519 1940 2567 iterum
1988 2515 2173 2566 beatus

606 2588 798 2642 Paulus
827 2587 906 2641 sic
933 2586 1156 2640 dicens:
1194 2583 1298 2637 Vos
1323 2594 1493 2637 autem
1525 2601 1623 2636 non
1653 2586 1769 2635 estis
1805 2585 1859 2635 in
1892 2598 2060 2643 carne,
2084 2584 2173 2637 sed

603 2660 657 2734 in
682 2658 889 2734 spiritu,
920 2655 1174 2734 siquidem
1192 2655 1419 2734 spiritus
1432 2653 1525 2708 Dei
1553 2652 1743 2734 habitat
1769 2657 1820 2704 in
1844 2653 1979 2734 vobis
1995 2654 2167 2734 tuoin.

606 2728 660 2781 8.
703 2723 827 2794 5.),
864 2723 1091 2779 hoc'est
1140 2723 1230 2777 Dei
1268 2723 1485 2794 Patris,
1537 2736 1587 2775 et
1630 2725 1879 2794 deinceps
1910 2724 2077 2777 dicit:
2112 2723 2174 2777 Si

606 2797 719 2863 quis
763 2792 931 2847 autem
972 2794 1213 2863 spiritunt
1253 2792 1441 2845 Christi
1485 2810 1583 2845 non
1624 2792 1795 2856 habet,
1840 2793 1922 2843 hic
1962 2810 2061 2845 non
2103 2803 2174 2845 est

605 2867 785 2933 ipsius.
822 2864 957 2917 Dicit
984 2876 1161 2916 autern
1197 2872 1249 2915 et
1280 2863 1331 2915 iii
1360 2864 1466 2933 alio
1491 2866 1634 2926 loco,
1671 2864 1819 2933 Quod
1859 2873 2029 2915 autem
2078 2865 2172 2925 ﬁlii

603 2930 743 2993 estis.
774 2936 907 2986 misit
939 2932 1077 2986 Deus
1116 2933 1352 2997 spiritum
1380 2930 1506 2985 Filii
1528 2934 1604 2984 sui
1627 2934 1677 2985 in
1709 2932 1734 2969 δ
1763 2934 1919 2985 corda
1946 2934 2175 2985 claman-

603 3016 702 3057 tem
731 3004 869 3057 Abba
898 3013 1041 3071 pater
1065 3001 1216 3073 (Gal.
1265 3001 1319 3054 4.
1351 3001 1452 3072 6.).
1500 3004 1638 3055 Ideni
1689 3013 1889 3073 autemi
1912 3002 2083 3057 Patris
2120 3013 2177 3059 et

612 3074 726 3129 Filii
751 3084 833 3129 est
858 3072 1088 3139 Spiritus
1117 3082 1358 3137 sanctus,
1390 3074 1638 3141 quoniam
1672 3088 1841 3141 neque
1870 3072 2026 3127 Pater
2053 3083 2170 3139 est,

2273 1826 2513 1869 sanctum
2539 1856 2554 1880 ,
2593 1832 2769 1883 neque
2802 1824 3087 1882 potestates
3131 1826 3290 1881 atque
3335 1816 3561 1867 virtutes
3606 1827 3636 1865 a
3681 1824 3846 1866 semet

2274 1885 2501 1939 invicem
2543 1895 2840 1953 separatas.
2873 1886 3078 1952 Quippe
3106 1900 3226 1937 cum
3262 1885 3401 1937 Deus
3434 1899 3572 1937 unus
3616 1885 3717 1949 sit,
3762 1884 3848 1952 qui

2273 1954 2436 2007 verbo
2457 1965 2511 2008 et
2534 1954 2793 2022 sapientia
2823 1954 2999 2009 omnia
3028 1969 3213 2008 creare
3240 1954 3599 2021 dignoscitur.

2346 2024 2412 2076 X.
2443 2024 2593 2090 Qudtl
2620 2034 2795 2077 autem
2829 2026 2879 2077 in
2910 2026 3165 2092 sapientia
3191 2031 3247 2077 et
3274 2023 3718 2092 cuuisapientia,
3752 2024 3847 2079 hoc

2271 2100 2353 2146 est
2377 2109 2496 2147 cum
2529 2094 2727 2161 Spiritu
2756 2105 2940 2148 sancto
2961 2091 2984 2158 ,ί
3008 2094 3147 2148 Deus
3184 2096 3364 2147 omnia
3395 2091 3545 2159 facit,
3582 2094 3735 2146 testis
3773 2104 3848 2150 est

2272 2174 2489 2217 sanctus
2519 2164 2681 2218 David
2713 2166 2989 2232 propheta,
3034 2179 3156 2218 cum
3204 2166 3545 2232 praedicando
3581 2166 3769 2227 Deum,
3799 2175 3848 2219 et

2270 2234 2673 2301 amplitudinem
2731 2233 2940 2287 virtutis
2985 2234 3101 2301 ejus
3158 2234 3501 2295 enarrando,
3544 2244 3602 2289 et
3639 2235 3848 2289 divitias

2273 2304 2550 2370 sapientia:
2597 2306 2712 2369 ejus
2755 2304 3031 2369 mirando,
3086 2302 3413 2357 vociferatur
3465 2308 3582 2358 ilil'C
3642 2308 3844 2364 dii-ens,

2277 2373 2442 2438 Quam
2483 2376 2948 2445 niagniﬁcata_sunt
2975 2390 3128 2445 opera
3155 2385 3272 2445 tua,
3322 2375 3572 2427 Domine!
3600 2378 3773 2427 omnia
3800 2378 3846 2427 iii

2272 2445 2523 2513 sapientia
2565 2441 2725 2512 fecisti
2766 2441 2946 2511 (Psal.
2992 2444 3113 2513 105.
3145 2443 3298 2513 24.).
3334 2445 3481 2498 Hanc
3534 2447 3845 2512 sapientiam

2277 2512 2473 2581 patiter
2502 2522 2555 2567 rt
2584 2514 2766 2567 beatus
2795 2513 2985 2567 Paulus
3027 2512 3187 2565 nimia
3233 2515 3444 2582 penitus
3489 2514 3843 2567 admiratione

2277 2587 2418 2651 priird
2443 2592 2548 2649 cat,
2578 2601 2695 2637 cum
2720 2587 2797 2637 sic
2824 2582 2968 2647 dicit,
3006 2585 3049 2635 υ
3079 2584 3303 2654 altitudo
3326 2586 3628 2637 divitiarum
3648 2588 3845 2654 sapien-

2275 2656 2357 2705 tia
2399 2666 2443 2705 et
2484 2656 2709 2707 scientiae
2739 2653 2829 2706 Dei
2860 2654 3037 2722 (liam.
3077 2654 3161 2724 I_I.
3183 2653 3348 2724 53.)ῑῄ
3369 2655 3434 2707 Et
3463 2656 3610 2723 quod
3639 2653 3848 2722 sapien-

2279 2724 2402 2777 tiam
2437 2724 2550 2787 De:,
2582 2741 2681 2790 qua
2712 2725 2886 2777 omnia
2920 2724 3059 2777 Deus
3090 2722 3215 2776 fecit
3244 2722 3297 2777 et
3328 2722 3492 2791 facit,
3532 2725 3704 2778 David
3736 2740 3848 2791 pro-

2277 2796 2431 2861 pheta
2485 2767 2727 2861 silit-itum
2780 2796 2869 2847 Dei
2927 2804 3223 2859 nuncupat,
3278 2794 3433 2848 beato
3472 2767 3645 2849 Paulo
3694 2767 3847 2848 simili

2276 2864 2485 2917 ratione
2514 2864 2874 2927 consentiens,
2924 2865 2975 2917 in
3019 2865 3369 2932 sequentibus
3414 2866 3610 2918 edocet
3640 2875 3844 2929 aperte,

2275 2948 2393 3005 cum
2426 2935 2584 2995 dicit,
2634 2932 2849 3001 Itﬂplrla
2869 2945 2941 2987 est
2967 2944 3102 2987 terra
3131 2944 3364 2987 creatura
3405 2946 3495 2987 tua
3534 2949 3555 2987 :
3595 2936 3693 2987 hoc
3722 2951 3848 2990 mars

2275 3020 2516 3073 magnum
2539 3016 2585 3056 et
2607 3006 2905 3072 spaiosum,
2930 3005 2997 3056 ibi
3019 3007 3245 3071 reptitia,
3278 3021 3497 3071 quorum
3527 3022 3632 3058 non
3664 3016 3734 3058 est
3759 3022 3846 3058 nii-

2276 3089 2445 3127 merus
2463 3116 2479 3139 ,
2522 3076 2764 3127 animalia
2794 3089 2948 3142 parva
2975 3091 3090 3126 cum
3118 3077 3316 3144 magnis
3340 3117 3356 3141 ,
3403 3076 3514 3128 illic
3564 3091 3717 3128 naves
3742 3094 3846 3145 per-

610 3160 782 3213 neque
801 3135 990 3209 Filius;
1025 3155 1078 3196 ut
1101 3152 1276 3197 autem
1300 3135 1520 3209 accepto
1549 3158 1731 3195 rursus
1758 3135 1786 3194 a
1815 3145 1966 3196 nobis
1993 3135 2170 3197 esum;
2201 3135 2248 3198 C
2278 3135 2571 3207 transeunt;
2612 3148 2766 3196 draco
2794 3135 2889 3196 iste
2908 3161 3054 3213 quem
3088 3135 3324 3210 formasti
3341 3135 3410 3197 ad
3434 3135 3758 3198 illudenduni
3784 3150 3843 3211 ei,

610 3218 697 3282 plo
736 3216 940 3277 dicam,
974 3215 1221 3283 quoniam
1252 3227 1354 3266 non
1386 3225 1467 3264 est
1500 3223 1745 3281 tanquam
1787 3228 1978 3266 sensus
2014 3230 2175 3281 gene-

610 3300 736 3339 ratis
774 3286 1023 3346 verbum,
1066 3298 1239 3349 neque
1283 3294 1529 3349 tanquam
1571 3284 1790 3335 veibum
1836 3286 1973 3349 quod
2012 3299 2175 3352 gene-

609 3367 755 3409 ratur
788 3368 818 3407 a
845 3369 1033 3417 sensu,
1065 3356 1157 3407 sed
1189 3364 1247 3408 ut
1270 3355 1525 3422 sapientia
1572 3370 1689 3421 qua:
1719 3368 1748 3406 a
1773 3368 1931 3407 sensu
1960 3354 2175 3409 inininie

605 3434 914 3494 segregatur
941 3432 995 3494 et
1023 3423 1208 3477 verbo.

685 3491 816 3549 νιιι.
847 3493 999 3559 Quod
1028 3501 1206 3547 autem
1238 3492 1407 3545 Patris
1435 3500 1488 3546 et
1523 3492 1640 3544 Filii
1669 3500 1721 3546 et
1749 3491 1977 3560 Spiritus
2004 3494 2172 3548 sancti

612 3564 907 3618 substantia
950 3577 1052 3616 una
1093 3562 1386 3633 eademque
1413 3566 1580 3614 virtus
1621 3575 1721 3623 est,
1764 3566 1924 3615 etiam
1966 3562 2174 3633 Moyses

608 3634 842 3686 famulus
873 3632 1082 3685 Domini
1112 3631 1291 3693 docet,
1320 3646 1439 3684 cum
1468 3636 1541 3685 sic
1564 3634 1723 3696 dicat,
1756 3633 1818 3685 Et
1848 3634 1977 3685 dixit
2013 3631 2173 3698 Deus,

609 3699 887 3754 Focamits
925 3702 1180 3770 hominem
1209 3703 1777 3770 secundumimuginem
1811 3715 1855 3753 et
1875 3704 2170 3755 similitudi-

609 3788 725 3824 nem
745 3780 974 3823 nostram
1000 3769 1161 3837 (Gen.
1191 3770 1243 3823 i.
1263 3768 1354 3822 26.
1374 3775 1412 3838 ).
1443 3770 1571 3822 Nam
1600 3768 1719 3823 cum
1751 3773 1971 3824 deberet
1998 3775 2176 3826 dicere

608 3840 949 3911 singulariter
978 3840 1195 3909 faciam,
1228 3840 1496 3907 pluraliter
1526 3843 1773 3907 faciamus
1802 3842 1954 3903 dixit,
1991 3853 2041 3893 et
2068 3858 2173 3896 non

608 3910 899 3982 secunde
925 3925 1125 3982 meam,
1168 3911 1261 3982 sed
1308 3911 1601 3982 seconduni
1638 3920 1860 3982 nostram
1894 3913 2173 3982 imaginem

609 3982 763 4035 dixit.
812 3980 880 4034 Et
924 3980 1117 4034 iterum
1148 3979 1309 4044 dicit,
1350 3991 1398 4031 et
1431 3983 1547 4045 fecit
1580 3980 1710 4033 L‘eus
1736 3979 2022 4042 hominem,
2070 3998 2173 4036 non

609 4052 860 4173 (nerunt.
895 4050 1003 4104 Hoc
1037 4058 1212 4102 autem
1245 4048 1368 4102 facit
1402 4066 1450 4101 ut
1485 4055 1721 4103 ostendat
1755 4063 1859 4103 tres
1889 4068 2171 4117 personas,

629 4135 710 4173 ioc
741 4131 821 4173 est
850 4118 1040 4173 Patris.
1074 4130 1124 4173 et
1164 4118 1301 4173 Filii.
1326 4132 1379 4171 et
1405 4122 1632 4173 Sttiiitits
1657 4123 1843 4173 sancti.
1880 4138 2035 4173 uitaui
2058 4138 2171 4173 eSse

629 4135 710 4174 ioc
741 4131 821 4174 est
850 4118 1040 4182 Patris,
1074 4130 1124 4173 et
1164 4118 1301 4182 Filii,
1326 4132 1379 4171 et
1405 4122 1632 4184 Spiiitits
1657 4123 1843 4184 sancti,
1880 4138 2035 4188 utiaiii
2058 4138 2177 4176 eSse

607 4193 957 4257 eamdemque
1004 4200 1276 4251 naturain,
1306 4189 1687 4255 indii'isaiiiqiie
1713 4192 2060 4243 divinitatem.
2095 4194 2176 4244 Si-

609 4261 803 4313 militer
832 4270 1005 4313 autem
1036 4263 1194 4311 etiam
1226 4262 1476 4326 propheta
1516 4258 1681 4311 Daiid
1720 4276 1873 4311 iniam
1906 4263 2177 4314 eamdem-

606 4344 711 4396 que
742 4332 985 4383 virtutem
1017 4329 1187 4399 Patris
1232 4340 1284 4381 et
1326 4330 1438 4382 Filii
1470 4341 1521 4381 et
1549 4331 1773 4395 Spiritus
1801 4334 1968 4382 sancti
1999 4334 2173 4399 docet,

605 4414 726 4470 cuin
756 4400 831 4451 sic
856 4402 1001 4461 dicit,
1042 4398 1197 4450 Verbo
1233 4400 1435 4451 Domini
1462 4402 1568 4449 CtBll
1598 4400 1786 4470 [innati
1823 4410 1937 4451 sunt
1958 4441 1970 4459 ,
2003 4413 2048 4454 et
2074 4408 2174 4470 spi-

605 4469 834 4539 ritit_oris
860 4473 969 4539 ejus
996 4470 1158 4519 aninis
1185 4471 1340 4520 virtus
1370 4484 1541 4539 eorum
1575 4472 1590 4538 (
1613 4468 1759 4522 Psat.
1790 4471 1877 4522 52.
1902 4472 2001 4539 (5.).

686 4537 775 4591 IX.
819 4537 983 4590 Purru
1029 4546 1206 4589 autem
1255 4549 1469 4591 sanctus
1506 4537 1738 4591 Joaiiiii-s
1772 4537 2086 4606 Apostolus,
2118 4552 2173 4593 ut

611 4608 829 4660 docet-et
858 4622 1013 4659 uttaiu
1044 4612 1390 4672 eatiideiiiqiie
1420 4608 1533 4660 Filii
1566 4611 1722 4661 δνιιιυι
1752 4625 1804 4661 et
1840 4612 2008 4661 Patris
2052 4625 2174 4665 esse

609 4679 982 4744 substantiam,
1028 4678 1105 4730 sic
1128 4677 1276 4741 dicit,
1308 4676 1374 4729 In
1406 4678 1656 4745 principio
1694 4690 1801 4731 erat
1845 4684 2078 4744 verbum,
2125 4690 2172 4733 et

606 4750 811 4798 verbum
849 4756 951 4799 erat
994 4747 1131 4814 apud
1175 4745 1373 4809 Deum,
1415 4758 1460 4801 et
1500 4748 1636 4800 Dens
1663 4761 1769 4800 erat
1798 4750 2021 4803 verbum.
2062 4749 2170 4803 Hoc

604 4825 714 4867 erat
742 4817 1074 4887 irt_principio
1109 4819 1246 4887 apud
1286 4815 1681 4887 Deuni,onmia
1723 4835 1810 4884 per
1841 4819 2003 4887 ipsum
2033 4828 2169 4887 [acta

604 4893 725 4957 sunt
756 4880 942 4953 (Joan.
979 4887 1026 4937 I.
1062 4887 1113 4938 I.
1136 4880 1191 4938 2.
1210 4886 1250 4952 ).
1282 4886 1415 4940 Cum
1446 4886 1687 4952 dixisset,
1713 4880 1761 4940 in
1784 4880 2041 4957 principio.
2060 4902 2167 4944 erat

604 4956 830 5028 verbum,
861 4962 916 5005 et
936 4969 1123 5028 tiones
1156 4958 1433 5023 principio,
1463 4974 1632 5025 neque
1660 4956 1848 5011 iterum
1872 4977 1991 5012 cuni
2016 4963 2166 5028 prin-

600 5023 745 5090 cipio
778 5030 913 5096 erat
940 5023 1155 5096 vetitum
1177 5063 1194 5089 ,
1228 5032 1307 5078 vel
1335 5030 1435 5079 sub
1465 5023 1754 5096 principio,
1802 5040 1983 5095 aperte
2012 5023 2169 5083 docet

605 5094 989 5165 verbumsine
1033 5094 1292 5162 principio
1328 5110 1485 5159 esse,
1531 5094 1699 5161 quasi-
1731 5094 1973 5165 superius
2024 5111 2168 5154 esset

600 5162 747 5218 omni
770 5163 1051 5234 principio,
1080 5173 1136 5219 et
1165 5168 1277 5233 ipse
1305 5166 1376 5219 sit
1406 5180 1592 5221 caussa
1623 5162 1888 5236 principii.
1929 5172 1987 5223 Si
2022 5172 2166 5225 enim

624 5369 635 5379 ι
672 5308 698 5337 ι
722 5297 815 5379 ιξει
842 5302 1165 5379 ςξιῑῃιβηιαρο
1198 5301 1290 5379 Dei
1321 5301 1519 5379 horum]
1549 5305 1717 5359 Etiam
1750 5308 1803 5361 lii
1833 5310 1918 5377 qui
1944 5311 2169 5377 Sapien-

602 5371 810 5452 tiam-in
832 5372 1025 5452 divitiis
1047 5374 1341 5425 tribuebant
1374 5371 1592 5452 Spiritui
1636 5371 1967 5452 sanctofcur
1994 5371 2169 5452 imago

603 5438 695 5492 Dei
740 5439 900 5494 homo
922 5442 1208 5519 diceretur,
1240 5438 1458 5519 caussas
1479 5438 1995 5519 adfereliant,'quod
2040 5438 2162 5506 scii-

596 5524 751 5590 sum,
803 5518 859 5590 et
905 5512 1145 5590 verbum.
1194 5522 1252 5590 _et
1298 5516 1611 5590 sapientiam
1664 5512 2051 5590 habetz'atque
2106 5531 2163 5577 ut

598 5578 744 5652 verbi
772 5582 955 5652 aeterni
985 5580 1105 5634 Filii
1127 5581 1207 5634 sui
1237 5578 1387 5652 pater
1409 5594 1495 5638 cst
1519 5586 1683 5652 Deus,
1711 5592 1789 5643 sic
1812 5578 2162 5646 mens-homi-

597 5648 705 5718 nis,
752 5648 865 5718 sjve
910 5664 1117 5715 sensus,
1165 5648 1421 5718 pruducat
1450 5648 1679 5710 verbum
1710 5673 1864 5715 suum
1894 5677 1910 5715 :
1939 5670 1994 5715 et
2023 5660 2160 5716 sicut

596 5717 738 5774 idem
762 5717 938 5775 Patris
965 5730 1018 5775 et
1040 5717 1270 5776 Filii’cst
1290 5723 1515 5792 Spiritus
1540 5737 1775 5795 sanctus,
1799 5731 1875 5785 sic
1903 5732 2165 5800 sapientia

2278 3218 2446 3266 omnia
2477 3225 2524 3266 te
2551 3224 2832 3277 expectant,
2858 3224 2911 3266 ut
2938 3216 3026 3268 des
3050 3216 3120 3267 eis
3140 3232 3307 3267 escam
3326 3216 3379 3267 in
3409 3226 3658 3283 tempore.
3690 3218 3845 3270 Dante

2278 3294 2325 3337 te
2348 3323 2363 3348 ,
2407 3285 2503 3353 ipsi
2547 3287 2816 3353 coltigent,
2862 3286 3114 3353 aperiente
3141 3297 3310 3339 autem
3339 3297 3387 3338 te
3418 3304 3631 3338 manum
3681 3297 3843 3347 litant.

2276 3358 2444 3406 omnia
2472 3356 2796 3423 replebantur
2834 3355 3085 3419 bonitate;
3115 3368 3370 3409 avertente
3398 3367 3571 3409 autem
3597 3368 3647 3410 te
3672 3359 3845 3425 [aciein

2276 3434 2433 3487 tuam,
2477 3424 2857 3486 turbabuntur;
2896 3428 3095 3492 auferes
3133 3429 3372 3493 spiritum
3409 3442 3586 3479 eorum
3631 3439 3677 3479 et
3724 3428 3844 3495 deﬁ-

2276 3495 2425 3557 cient,
2452 3504 2498 3548 et
2527 3496 2579 3546 in
2610 3498 2861 3561 pulverem
2900 3511 3047 3547 suum
3088 3506 3418 3550 revertentur.
3459 3497 3677 3551 Emittes
3704 3500 3845 3566 spiri-

2276 3573 2381 3636 tum
2433 3576 2610 3636 tuum_.
2661 3574 2714 3636 et
2746 3569 3069 3629 creabantur,
3099 3577 3144 3619 et
3174 3569 3437 3620 renovabis
3480 3570 3667 3636 faciem
3708 3580 3845 3621 terra

2280 3634 2463 3701 (Psal.
2510 3632 2630 3707 ωδ.
2654 3634 2745 3688 24.
2777 3636 2972 3707 seqq.).
3005 3636 3059 3688 lii
3099 3639 3331 3707 ecquod
3377 3632 3510 3690 dicit
3553 3638 3841 3707 Propheta,

2280 3707 2466 3757 Umuia
2501 3706 2554 3758 in
2581 3706 2827 3767 sapientia
2852 3708 3043 3773 terrui,
3076 3716 3131 3759 et
3157 3705 3373 3761 Emittes
3400 3709 3641 3775 spiritum
3664 3705 3843 3774 tuum,

2274 3784 2321 3828 et
2371 3775 3139 3847 creabantur,Aaperteidocuit
3186 3792 3345 3831 unam
3392 3792 3515 3831 esse
3563 3792 3840 3847 personam

2276 3849 2574 3915 utriusque,
2608 3845 2890 3913 Sapientiie
2923 3846 3014 3899 Dei
3038 3859 3091 3900 et
3114 3848 3345 3915 Spiritus
3367 3845 3577 3902 sancti.‘
3594 3850 3841 3904 Similiter

2276 3929 2453 3968 autem
2477 3925 2529 3968 et
2560 3917 2810 3969 Saloinon
2839 3919 3090 3983 Spiritum
3122 3928 3363 3972 sanctum
3397 3919 3489 3971 Dei
3521 3921 3841 3987 Sapientiam

2278 3998 2553 4049 nominat,
2605 4002 2722 4039 cum
2754 3989 2831 4039 sic
2863 3998 2886 4024 ο
2915 3987 3053 4040 dicat
3092 3989 3155 4040 ad
3200 3989 3391 4054 Deum,
3421 3988 3712 4043 Consilium
3742 4006 3842 4043 vero

2277 4070 2433 4129 tuum
2455 4060 2565 4119 quis
2608 4058 2767 4119 scivit,
2802 4062 2896 4109 nisi
2926 4068 2979 4109 tu
3007 4060 3193 4113 dedisti
3235 4060 3543 4128 sapientiam
3594 4061 3761 4129 (Sap.
3790 4064 3837 4117 9.

2280 4129 2364 4178 17.
2389 4128 2441 4191 )7
2477 4131 2538 4178 Iat
2562 4130 2888 4198 ut_osteiidat
2915 4131 3125 4196 qualem
3158 4129 3471 4198 sapientiam
3502 4128 3671 4195 dicat,
3701 4131 3842 4184 deiu-

2276 4212 2402 4259 ceps
2433 4198 2578 4259 dicu,
2615 4195 2842 4249 Emisistt'
2886 4195 3113 4250 sanctum
3146 4195 3393 4268 Spiritum
3441 4211 3587 4252 tuum
3608 4218 3671 4253 ea:
3699 4202 3838 4266 altis,

2277 4281 2319 4318 et
2342 4283 2412 4339 sic
2439 4280 2674 4339 torrecue
2699 4278 2815 4339 sunt
2844 4280 3032 4320 semita?
3072 4285 3243 4322 eorum
3275 4272 3363 4339 qui
3393 4272 3445 4323 in
3474 4280 3610 4323 terra
3638 4282 3772 4333 sunt,
3799 4280 3840 4323 et

2278 4337 2465 4402 placita
2503 4338 2529 4371 ιι
2577 4351 2662 4387 tua
2696 4336 2908 4390 Domine
2936 4339 3257 4405 didicerunt,
3287 4336 3350 4394 et
3388 4344 3641 4407 sapientia
3669 4342 3841 4394 servati

2277 4415 2392 4457 sunt
2422 4407 2631 4473 (Μήτι).
2669 4408 2892 4479 Ilucest,
2918 4421 3102 4461 sancio
3134 4424 3223 4464 tuo
3262 4410 3464 4479 Spiritu
3498 4421 3646 4464 tuum
3678 4414 3839 4464 consi-

2206 4502 2250 4559 ο
2280 4479 2585 4559 Ιιιιιιιιὼξιςιι
2637 4477 2823 4553 salvati
2861 4486 3001 4559 sunt.
3026 4479 3196 4559 LSn'ut
3240 4477 3401 4559 etiam
3432 4484 3625 4559 beatus
3657 4480 3839 4534 Paulus

2275 4556 2368 4607 ait,
2388 4547 2719 4621 _t\'obisrnim
2748 4546 2979 4601 reuelauit
3013 4547 3149 4602 Deus
3182 4568 3269 4616 per
3298 4554 3557 4621 Spiritum
3579 4563 3836 4614 sanctum;

2270 4617 2479 4739 ἑριῖἱόΜῖ
2502 4618 2636 4669 enim
2665 4620 2835 4670 omnia
2854 4628 3135 4688 scrutatur,
3160 4623 3311 4675 etiam
3335 4617 3447 4674 alta
3473 4620 3574 4675 Dei
3604 4623 3696 4692 (1.
3726 4621 3835 4676 Cor.

2345 4756 2432 4809 XI.
2470 4758 2630 4825 Igitur
2657 4774 2773 4810 rum
2820 4761 2951 4811 tales
2996 4770 3156 4814 testes
3205 4765 3526 4827 habeamus,
3555 4778 3663 4816 non
3691 4761 3837 4815 dubi-

2272 4837 2383 4898 tare
2431 4827 2719 4889 debemus,
2751 4831 2876 4897 quin
2909 4842 3154 4895 Oporteat
3195 4832 3407 4898 dicere,
3456 4834 3835 4886 substantivaiu

2270 4896 2430 4966 586
2474 4896 2932 4971 Dei_Sapietitiatu
2963 4902 3220 4966 Spiritum
3253 4896 3498 4957 sanctum
3541 4918 3702 4967 esse,
3752 4917 3835 4971 per

2267 4984 2421 5032 queui
2454 4968 2629 5020 omnia
2674 4984 2793 5037 quae
2821 4983 2998 5024 creata
3041 4986 3165 5024 sunt
3209 4990 3236 5025 a
3286 4974 3395 5027 Deo
3449 4983 3703 5027 constare
3750 4968 3835 5026 iiu-

2268 5046 2507 5089 scuntur.
2555 5043 2645 5112 Sic
2693 5040 2852 5107 igitur
2900 5049 2923 5078 ο
2978 5043 3217 5097 ti0titittl|i
3265 5049 3437 5096 minus
3493 5046 3836 5112 ititelligentes

2269 5120 2426 5186 unam
2455 5110 2806 5186 eamdemque
2838 5126 3117 5186 personant
3158 5117 3474 5183 sapientiam
3507 5116 3600 5167 Dei
3642 5110 3698 5167 et
3734 5115 3837 5166 uui-

2278 5182 2513 5244 genitum
2560 5182 2725 5233 Deum
2772 5183 2995 5235 verbum
3041 5199 3162 5238 eSse
3204 5182 3494 5250 dixerunt,
3538 5186 3777 5239 volentes
3809 5196 3836 5233 a

2276 5315 2329 5395 iii
2361 5315 2573 5395 homine
2599 5335 2634 5395 a_
2660 5336 2817 5375 sensu
2848 5323 3064 5377 minime
3104 5336 3387 5393 separatur
3419 5335 3475 5381 et
3513 5330 3702 5381 verbo.
3732 5327 3835 5395 Qua

2273 5386 2424 5460 de_re
2452 5390 2597 5455 plura
2624 5390 2811 5443 iterum
2835 5396 2934 5446 sub
2961 5395 3080 5447 Iihri
3112 5386 3291 5460 linem,
3324 5412 3470 5449 tittin.
3507 5396 3595 5453 6t.

2348 5455 2374 5493 δ
2404 5460 2522 5523 Ms.,
2556 5460 2722 5512 Corda
2749 5472 2918 5515 nostra
2943 5464 3267 5517 clamantem.

2344 5537 2366 5595 ἐ
2398 5529 2520 5593 Ms.,
2548 5529 2683 5583 Dicit
2713 5534 2780 5584 ad
2811 5533 2996 5595 Deum,
3024 5534 3304 5587 Consilium
3333 5551 3471 5589 vero.

2340 5594 2365 5633 ά
2401 5598 2521 5665 Ms,
2549 5600 2662 5653 Tua
2694 5604 2922 5656 homines
2947 5594 3255 5657 didicerunt.

2344 5675 2369 5701 °
2410 5666 2662 5748 Nonnulli
2705 5674 2871 5727 minus
2917 5675 3301 5748 intelligentes.|
3332 5676 3541 5730 Arriani
3572 5692 3761 5748 nempe
3785 5684 3833 5731 et

2273 5736 2616 5806 Eunomiani,
2644 5757 2778 5811 quos
2810 5747 2947 5801 male
2973 5736 3215 5817 Apostoli
3244 5736 3405 5803 verba
3437 5750 3487 5802 iu
3519 5749 3662 5803 hunc
3700 5736 3830 5801 'seu-
