4110 6350
624 267 753 323 tibi

622 458 893 515 voluntate
942 460 1103 514 Filius
1144 468 1473 526 procreatus.
1518 458 1655 511 inter
1701 460 1869 525 ipsum
1909 470 1963 512 et
1992 462 2168 515 omnia

622 538 827 593 cetera,
858 547 976 596 qua:
1005 531 1095 584 Dei
1126 531 1319 596 pariter
1346 528 1615 583 voluntate
1639 540 1816 582 creata
1845 539 1987 591 sunt,
2029 531 2171 584 nulla

622 600 833 668 penitus
861 600 1039 655 haberi
1070 600 1321 654 discretio
1347 600 1563 659 poterit.
1587 599 1688 652 Sed
1720 614 1822 652 non
1851 603 2175 667 responden-

623 669 748 723 dum
775 682 882 735 est,
911 673 1050 739 quod
1099 670 1194 736 ipsi
1236 669 1434 721 scilicet
1474 669 1665 739 audire
1706 670 2038 731 desiderant,
2082 671 2172 725 sed

624 741 794 808 magis
822 738 1107 793 hoc'modo
1136 740 1377 793 dicemus
1396 779 1411 799 ,
1443 738 1623 804 Neque
1644 748 1830 804 sponte
1859 744 2173 807 procreavit,

625 810 1021 874 nequeinvitus.
1039 810 1168 863 Cum
1185 812 1345 879 igitur
1356 820 1573 875 accepto
1587 810 1685 861 hoc
1700 824 1977 871 responso.
1996 828 2025 865 a
2049 828 2179 866 con-

624 880 966 934 clusionesua
981 880 1154 950 iniqua
1171 880 1224 932 in
1239 891 1506 940 posterum
1523 881 1730 950 penitus
1743 880 1941 934 exclusi
1962 881 2179 947 iuerint,

625 958 680 1002 et
722 951 1027 1016 qumsierint
1065 966 1093 1003 a
1125 950 1278 1003 nobis
1311 949 1758 1016 quemadmodum
1790 957 2179 1018 procreaverit,

624 1019 860 1073 tuneillis
880 1019 949 1073 ita
971 1020 1397 1083 respondebitur,
1421 1020 1755 1081 Natura'iter,
1771 1020 1910 1087 quod
1925 1032 2005 1076 est
2025 1037 2183 1088 supra

623 1103 837 1158 omnem
890 1090 1212 1144 voluntatem
1262 1105 1323 1143 ac
1374 1091 1763 1145 necessitatem.
1816 1091 1878 1144 Et
1923 1093 2183 1158 siquidem

624 1157 894 1231 intellecto
914 1174 1170 1231 responso
1192 1170 1374 1214 nostro
1395 1164 1709 1227 quieverint,
1736 1163 1871 1215 bene
1892 1172 1942 1214 et
1962 1157 2181 1231 optlme.

623 1226 716 1299 Sin
747 1244 874 1283 vero
903 1230 1166 1291 dixerint,
1215 1245 1319 1283 non
1350 1246 1468 1283 esse
1498 1232 1711 1298 p'anum
1750 1226 2065 1299 responsum
2086 1274 2101 1299 ,
2134 1242 2190 1289 et

624 1296 721 1351 nos
764 1308 945 1353 contra
995 1300 1439 1365 interrogabimus
1465 1296 1557 1355 eos
1594 1301 1752 1357 simili
1782 1296 1940 1355 modo
1966 1296 2191 1357 interro.

624 1368 851 1434 nationis
876 1386 1083 1431 eorum.
1115 1370 1295 1425 Utrum
1320 1382 1508 1435 sponte
1535 1374 1672 1425 Ilens
1704 1372 1874 1426 bonus
1904 1373 1993 1436 sit,
2020 1388 2085 1427 an
2110 1374 2191 1427 in-

625 1440 765 1493 vitus
789 1438 926 1507 :lpsi
973 1456 1184 1507 quoque
1214 1439 1364 1493 nobis
1394 1441 1820 1510 respondebunt.
1851 1442 2097 1497 timentes
2125 1460 2191 1499 ex

624 1517 848 1577 utraque
875 1521 1023 1578 parte
1053 1510 1305 1565 inlicitam
1327 1512 1752 1578 reSpnnsionem,
1778 1512 1958 1579 Neque
1980 1524 2186 1581 sponte,

626 1592 801 1651 neque
829 1582 1046 1643 invitus,
1077 1580 1170 1634 sed
1199 1596 1259 1633 ca
1288 1581 1487 1647 scilicu
1517 1590 1701 1635 natura
1720 1624 1735 1645 ,
1764 1599 1883 1651 qua!
1912 1580 2068 1645 supra
2099 1599 2193 1636 vo-

626 1648 881 1721 luntatem
927 1661 1004 1703 est
1054 1661 1106 1705 et
1154 1653 1542 1705 necessitatem.
1597 1654 1685 1704 llis
1712 1648 1869 1717 igitur
1901 1656 2189 1721 reSponsis,

626 1718 816 1813 quibus
842 1729 1055 1774 utentur
1084 1722 1181 1790 ipsi
1208 1722 1274 1775 de
1300 1721 1403 1813 Deo
1405 1722 1563 1813 1(ιιιιιά
1584 1722 1751 1778 bonus
1770 1733 1851 1805 est
1872 1718 2190 1813 asserentes,
2224 1753 2271 1813 Β

627 1786 841 1861 hisdem
876 1806 974 1845 nos
1002 1786 1209 1855 quoque
1235 1792 1373 1859 quod
1405 1786 1543 1845 Deus
1567 1796 1896 1861 procreavit,
1927 1786 2188 1857 adprobe?

627 1872 767 1919 mus.
797 1859 927 1914 Nam
956 1863 1095 1916 sicut
1136 1863 1307 1915 bonus
1342 1873 1421 1915 est
1470 1859 1630 1926 Deus,
1681 1879 1854 1929 neque
1885 1859 2187 1931 voluntate,

627 1943 802 1994 neque
832 1933 1181 1997 necessitate,
1228 1932 1319 1985 sed
1364 1934 1473 1997 ipsa
1496 1944 1703 1995 natura,
1739 1944 1794 1987 ut
1823 1935 2057 1989 bonitate
2087 1936 2194 1999 pri-

628 2007 781 2053 vatus
810 2017 1076 2068 nunquam
1122 2001 1417 2069 reperiatur
1449 2019 1462 2055 :
1495 2003 1572 2057 sie
1597 2004 1755 2056 etiam
1807 2005 1995 2059 Filium
2037 2005 2195 2060 habet

629 2078 835 2125 natura.
862 2070 1042 2137 Ncqne
1067 2074 1207 2126 enim
1234 2082 1409 2141 potest
1431 2074 1569 2126 Deus
1590 2089 1820 2139 unquam
1846 2074 2037 2139 privari
2066 2075 2195 2131 Uni-

624 2140 802 2211 gcnito
832 2141 937 2195 Deo
969 2142 1101 2196 Filio
1140 2140 1259 2195 suo.
1308 2144 1369 2195 Et
1420 2144 1533 2199 bare
1555 2145 1768 2211 quidem
1794 2145 1931 2198 dicta
1969 2146 2036 2199 de
2065 2146 2193 2199 Uni-

625 2210 803 2276 grnito
842 2211 948 2265 Deo
971 2213 1367 2280 cnntprobando
1392 2210 1602 2268 abunde
1628 2214 1934 2269 sufﬁcerent
1952 2255 1968 2277 ,
1997 2216 2042 2269 si
2071 2230 2191 2268 cum

626 2280 971 2354 prudentibus
1002 2299 1179 2336 sermo
1208 2292 1372 2349 esset,
1403 2299 1469 2340 eo
1496 2287 1636 2354 quod
1678 2286 1992 2341 naturaliter
2037 2286 2197 2341 habet

625 2361 690 2401 es
722 2350 874 2405 Patre
899 2354 1243 2407 nativitatem.

698 2418 847 2494 LIV.‘
872 2421 973 2476 Sed
1001 2425 1247 2489 quoztiam
1279 2425 1385 2489 isti,
1420 2433 1666 2494 tanquam
1698 2442 1859 2481 canes
1888 2426 2083 2491 arrepti
2111 2442 2197 2480 ra-

630 2487 720 2565 _bie
761 2492 849 2565 qui
879 2487 1061 2546 contra
1111 2487 1606 2562 dominosqnoq'ue
1651 2499 1908 2560 steviunt,
1952 2487 2197 2565 passione

628 2558 849 2632 insania
893 2578 987 2627 per
1037 2565 1385 2629 ignorantiam
1415 2558 1720 2632 cont-itali,
1771 2558 1965 2620 contra
2003 2566 2195 2622 Filium

637 2628 731 2683 Dei
764 2628 1128 2702 blasphemare
1158 2635 1414 2702 nituntur,
1448 2635 1491 2689 si
1519 2628 1731 2702 quando
1758 2636 1954 2701 aliquid
1984 2637 2051 2691 de
2081 2638 2197 2701 ipso

632 2701 988 2756 venerationis
1035 2704 1333 2766 audierint,
1368 2716 1418 2761 et
1466 2701 1669 2760 exclusi
1720 2705 1914 2762 fuerint
1965 2723 1993 2761 a
2042 2708 2195 2763 solita

628 2778 813 2840 contra
844 2786 963 2825 eum
989 2774 1335 2838 blasphemia,
1368 2778 1815 2840 perseverantiam
1844 2788 2019 2832 tamen
2045 2777 2197 2832 mali-

630 2837 718 2913 tiae
750 2854 878 2902 suae,
910 2858 1065 2909 quam
1096 2837 1278 2897 contra
1311 2837 1502 2899 Filium
1544 2862 1757 2906 semper
1782 2857 2065 2913 exercent,
2099 2849 2199 2901 mi-

632 2909 775 2963 nime
798 2913 1042 2966 amittunt
1062 2955 1076 2973 ,
1107 2916 1200 2969 sed
1244 2931 1426 2969 rursus
1456 2918 1907 2971 contradictiones
1954 2909 2083 2972 alias
2105 2933 2199 2974 ex-

625 2981 861 3057 cogitare
904 2995 1181 3057 conantur.
1233 2986 1566 3041 Nativitatem
1613 2988 1876 3057 Unigcniti
1926 2988 2083 3041 Vt-rbi
2131 3004 2199 3042 ex

622 3047 741 3124 Deo
764 3091 779 3112 ,
820 3068 939 3121 quae.
968 3055 1083 3109 sive
1129 3057 1387 3124 principio
1414 3067 1524 3121 est,
1563 3073 1625 3112 ac
1664 3047 1920 3112 navturalis
1953 3059 2196 3121 habetur,

626 3121 903 3178 destruere
925 3126 1211 3202 molientes
1232 3166 1248 3189 ,
1297 3121 1445 3202 quasi
1475 3138 1659 3182 contra
1702 3145 1823 3183 eum
1856 3145 2067 3202 semper
2098 3145 2197 3202 pu-
2226 3141 2271 3202 ο

626 3206 790 3258 gnere
813 3196 986 3268 cupiet
1011 3202 1112 3261 tes,
1144 3200 1500 3268 necessarium
1534 3209 1664 3268 puto
1682 3202 1841 3253 etiam
1859 3199 2054 3255 ceteris
2082 3200 2200 3252 illo-

628 3275 748 3315 rum
780 3264 926 3316 t‘anis
952 3266 1451 3338 interrogationibus
1477 3264 1820 3335 respondere,
1855 3285 1919 3325 ne
1946 3270 2199 3338 quaestio-

628 3345 756 3405 num
781 3336 1173 3402 propositarum
1200 3338 1504 3391 violentiam
1530 3354 1629 3393 nos
1649 3339 1879 3405 cﬂ‘ugere
1901 3336 2199 3394 videamur.

629 3399 955 3478 litterjogant
978 3408 1133 3474 igitur
1152 3408 1278 3461 item
1299 3422 1414 3470 nos,
1440 3408 1493 3461 Si
1516 3425 1673 3462 omne
1685 3399 1821 3478 quod
1844 3410 2002 3465 desiit
2022 3421 2073 3463 et
2096 3424 2205 3465 cte-

632 3473 725 3538 pit.
753 3473 809 3547 Si
839 3489 935 3527 nos
969 3473 1400 3547 responderimus
1441 3480 1579 3544 quod
1602 3473 1760 3534 omne
1788 3480 1930 3547 quod
1962 3480 2124 3535 desiit
2152 3489 2204 3536 et

634 3544 822 3615 coepit,
849 3560 969 3599 mox
998 3546 1253 3615 adjiciunt
1281 3549 1408 3615 ipsi,
1456 3557 1480 3585 α
1507 3550 1671 3602 Desiit
1703 3544 1846 3604 nasci
1882 3551 2075 3611 Filius.
2107 3565 2201 3603 ne-

626 3613 862 3689 cessario
886 3629 1012 3682 ergo
1030 3613 1187 3687 611
1215 3613 1399 3686 empit,
1424 3628 1477 3672 et
1501 3619 1544 3672 si
1568 3620 1749 3683 cmpit,
1772 3629 1886 3673 erat
1923 3620 2204 3689 aliquando

630 3682 844 3755 quando
874 3698 978 3736 non
1024 3682 1250 3749 e’rﬁtet
1275 3682 1319 3738 si
1354 3682 1467 3739 erat
1505 3682 1718 3755 quando
1759 3706 1865 3742 non
1909 3682 2041 3747 eral.
2099 3705 2202 3743 non

631 3747 787 3803 habet
816 3755 987 3806 locum
1018 3770 1080 3807 ex
1109 3747 1198 3809 Dei
1239 3747 1536 3809 substantia
1576 3758 1775 3811 habere
1818 3773 1939 3812 eum
1996 3759 2206 3813 Nativi-

628 3826 1041 3898 tatem,quippe
1070 3825 1311 3898 cum_l)ei
1359 3827 1672 3898 substantia,
1728 3837 1781 3882 ttt
1838 3830 1954 3883 siue
2009 3829 2205 3897 princi-

627 3896 819 3967 p;o,_ae
846 3906 1055 3967 semper
1075 3910 1136 3949 ac
1164 3896 1415 3949 similiter
1454 3897 1686 3967 habens,
1732 3908 2070 3967 augmentum
2121 3900 2205 3955 vel

626 3960 1030 4039 diminutionem
1075 3981 1185 4039 non
1221 3967 1415 4032 capiat.
1451 3966 1556 4039 Sed
1596 3960 1701 4039 non
1746 3960 1828 4022 θεῖ
1871 3970 1937 4022 ita
1986 3985 2205 4039 respon-

627 4028 861 4108 dendum
893 4034 1017 4093 illis.
1047 4036 1186 4103 quod
1218 4028 1375 4108 omne
1405 4038 1546 4108 quod
1575 4038 1754 4101 desiit,
1777 4051 1829 4091 et
1850 4041 2013 4108 erepit
2036 4058 2047 4093 :
2074 4028 2203 4105 quo-

625 4100 767 4177 ttiatu
814 4118 918 4177 non
948 4100 1107 4158 omne
1132 4107 1272 4177 quod
1303 4100 1493 4161 desinit
1515 4149 1531 4171 ,
1559 4108 1667 4177 jam
1699 4100 1751 4162 et
1782 4100 1986 4162 initium
2019 4100 2201 4165 habet.

623 4169 739 4249 Non
774 4174 941 4249 solum
973 4169 1297 4249 autem-hnc,
1327 4178 1418 4249 sed
1443 4169 1622 4232 etnon
1654 4194 1809 4232 omne
1831 4181 1971 4245 quod
2006 4181 2204 4246 princi-

625 4242 769 4313 pium
803 4242 961 4313 habet
998 4245 1105 4313 jam
1149 4256 1203 4299 ct
1237 4242 1452 4310 desinit,
1483 4249 1731 4309 quoniam
1772 4258 1824 4301 et
1850 4242 1987 4303 Deus
2006 4242 2205 4305 'volens

580 4360 587 4365 .
628 4312 874 4367 caelestes
926 4312 1102 4369 facere
1146 4318 1366 4370 virtutes
1400 4318 1605 4372 initium
1660 4334 1763 4372 non
1812 4318 2014 4374 habet:
2051 4319 2205 4375 lactis

628 4396 759 4457 vero
786 4382 933 4446 istis,
968 4387 1099 4439 velle
1129 4402 1219 4438 cas
1252 4387 1427 4442 facere
1454 4386 1479 4424 δ
1504 4387 1731 4453 desinit,
1760 4404 1823 4443 ac
1855 4397 2073 4457 propter
2103 4390 2205 4445 hoc

623 4451 784 4517 igitur
813 4470 916 4505 tton
958 4472 1117 4509 omne
1145 4458 1281 4524 quod
1313 4458 1528 4523 desiuit,
1556 4451 1725 4512 habet»
1753 4451 1982 4513 initium.
2016 4461 2078 4513 Et
2104 4461 2205 4515 ite-

624 4510 744 4578 rum
769 4525 913 4577 iacta:
939 4510 1177 4579 cmleSIes'
1208 4527 1450 4591 virtutes,
1473 4510 1574 4581 eisi
1600 4510 2205 4583 initiumltakttt—vsub-
2236 4510 2281 4568 D

621 4594 866 4660 stantiaa,
902 4610 1167 4663 nunquam
1220 4608 1393 4651 tamen
1431 4612 1550 4650 esse
1591 4599 1858 4666 desinunt,
1886 4615 1950 4653 ae
1982 4614 2076 4666 per
2104 4599 2205 4656 hoc

592 4676 727 4738 mon
740 4677 895 4717 omne
910 4667 1049 4733 quod
1059 4667 1226 4738 carpit
1242 4667 1350 4733 jam
1372 4678 1423 4721 et
1439 4667 1628 4721 desiet.
1647 4668 1784 4737 Ergo
1802 4673 2049 4737 quoniam
2074 4686 2202 4738 pro-

623 4731 800 4806 batum
813 4745 913 4806 est,
929 4731 1185 4806 quodnon
1199 4731 1356 4791 omne
1368 4738 1504 4797 quod
1518 4731 1780 4794 desiuitét
1796 4731 1949 4806 coepit
1961 4780 1975 4802 ,
1993 4749 2045 4793 et
2060 4731 2198 4805 ideo,

629 4800 863 4875 fdesinit
877 4807 1016 4858 nasci
1038 4805 1345 4873 Uuigenitus
1366 4807 1505 4861 Deus
1524 4807 1711 4875 Filius,
1736 4800 1970 4863 attamen
1997 4826 2102 4863 non
2122 4800 2205 4864 Ita-

623 4868 1025 4948 bet.N_ativit_a_tis
1050 4868 1276 4931 initium.
1302 4878 1429 4931 Nam
1453 4880 1650 4948 absque
1673 4868 1824 4933 initio
1846 4889 2009 4934 estex
2043 4881 2200 4935 Patre

514 4988 527 4997 .
624 4942 872 4996 nativitas
899 4942 1038 5007 Filii,
1065 4948 1260 5015 quippe
1279 4963 1397 5002 cum
1420 4942 1673 5005 naturalis
1697 4951 1899 5006 scilicet
1919 4950 2196 5006 habeatur.

690 5089 716 5123 ι
743 5077 1061 5137 Desiitnasci
1102 5080 1312 5152 ﬁlium.]
1347 5084 1574 5138 Desiisse
1603 5087 1745 5140 nasci
1797 5077 1963 5141 lilium
2005 5097 2189 5142 auctor

620 5150 720 5204 iste
745 5167 848 5203 non
881 5153 1073 5222 renuit.
1105 5152 1207 5205 Sed
1240 5150 1395 5204 aliter
1414 5157 1737 5222 Augustinus
1763 5170 1946 5211 contra
1975 5160 2190 5213 eosdem

618 5224 875 5293 Arrianus
903 5220 1183 5293 disputans
1215 5222 1268 5275 in
1294 5220 1521 5293 Epistula
1563 5224 1684 5278 174.
1716 5226 1778 5279 ad
1811 5225 2146 5293 Pascentium
2174 5246 2187 5282 :

622 5292 759 5354 Quid
788 5308 907 5362 ergo
934 5292 1181 5356 dicemus,
1223 5292 1427 5362 inquit?
1459 5292 1523 5346 Si
1546 5304 1696 5347 natus
1737 5307 1809 5347 est
1832 5292 1979 5363 ﬁlius
2011 5297 2107 5352 Dei
2129 5299 2193 5353 de

618 5371 760 5435 patre
779 5403 792 5417 .
811 5365 927 5433 jam
952 5371 1097 5430 pater
1120 5363 1312 5435 destitit
1341 5364 1546 5435 gignere
1568 5379 1587 5417 :
1612 5373 1657 5416 et
1688 5366 1732 5417 si
1760 5366 1983 5430 destitit,
2017 5370 2186 5435 carpit.

618 5430 679 5482 Si
708 5430 878 5483 autem
906 5437 1051 5505 carpit
1076 5434 1301 5505 gignere,
1342 5430 1449 5504 'fuil
1478 5436 1759 5503 aliquando
1787 5437 1896 5488 sine
1922 5436 2053 5505 ﬁlio.
2082 5430 2189 5492 Sed

617 5515 879 5579 nunquam
932 5503 1027 5569 fuit
1069 5504 1186 5579 sine
1231 5505 1373 5570 ﬁlio,
1408 5505 1543 5579 quia
1594 5506 1734 5573 ﬁlius
1783 5508 1895 5579 eius
1923 5503 2197 5579 sapientia

615 5571 731 5648 eius
751 5580 863 5648 est,
908 5587 1021 5639 qua:
1057 5573 1249 5626 candor
1295 5584 1375 5631 est.
1398 5571 1529 5648 lueis
1564 5571 1956 5648 mmmam.)
2002 5571 2198 5645 semper

615 5640 781 5714 gignit
807 5651 997 5714 poterit
1034 5651 1081 5714 et
1110 5660 1308 5714 semper
1345 5647 1569 5699 nascitur
1597 5646 1758 5714 ﬁlius.
1796 5640 1983 5701 Exstat
2021 5640 2196 5702 Theo-

615 5709 732 5762 dort
759 5712 1000 5773 monachi
1023 5712 1228 5771 libellus
1256 5714 1357 5770 hec.
1378 5717 1551 5786 titulo,
1575 5709 1847 5785 ’Ᾰπόδειξις
1875 5718 1950 5776 ὅτι
1975 5717 1999 5775 ὁ
2028 5726 2193 5795 πατὴρ

1906 268 2138 327 RUFINI
2174 266 2544 326 PAL/ESTI‘NI

621 387 716 443 sibi
765 386 973 443 libitum
1016 398 1134 456 est,
1168 388 1307 458 Ergo
1351 388 1395 439 si
1438 395 1627 453 sponte
1657 388 1976 456 procreavit,
2026 388 2176 458 quasi
2207 387 2253 443 Α

3732 275 3860 331 “5?.

2356 386 2461 440 LV.
2509 385 2713 439 Rursus
2768 386 3095 455 interrogant
3126 399 3256 451 nos,
3310 389 3354 440 si
3384 389 3529 441 solus
3569 406 3687 443 cum
3724 403 3861 445 esset

2276 459 2433 523 Deus,
2473 457 2654 523 genuit
2686 456 2873 520 lilium,
2901 466 2954 528 ut
2984 459 3046 528 si
3067 457 3513 528 responderimus
3552 461 3701 528 quod
3721 463 3860 518 solus

2274 543 2395 583 cum
2424 536 2565 581 esset
2586 528 2793 599 genuit,
2825 527 3003 581 statim
3034 526 3137 599 hoc
3176 528 3456 599 adjiciunt,
3479 526 3617 599 Ergo
3645 532 3687 581 si
3718 531 3858 585 solus

2275 614 2396 651 cum
2438 605 2581 650 esset
2604 598 2804 662 genuit,
2851 606 2967 650 erat
3007 596 3296 665 aliquando
3344 596 3573 666 quando
3597 613 3702 653 non
3746 612 3859 656 erat

2279 668 2437 721 illius.
2456 666 2711 721 Similiter
2723 676 2898 720 autem
2929 667 2973 721 si
3004 666 3441 735 responderimus
3465 668 3617 736 quod
3638 684 3742 723 non
3768 687 3855 722 so-

2280 739 2383 800 lus,
2415 751 2534 790 mox
2568 736 2846 803 adiiciant,
2888 736 2953 791 Et
3006 738 3278 805 quomodo
3318 737 3432 791 ﬁeri
3467 746 3664 802 potest,
3707 748 3762 792 ut
3804 740 3854 796 id

2280 807 2421 875 quod
2447 820 2660 869 semper
2686 822 2789 860 una
2813 822 2932 859 cum
2965 809 3078 873 ipso
3106 805 3204 859 fuit
3224 816 3409 861 natum
3441 811 3657 875 proprie
3687 813 3854 862 nomi-

2283 878 2474 932 netur?
2498 878 2771 941 quoniam,
2802 886 2861 947 ut
2898 877 2995 943 ipsi
3026 878 3233 940 dicunt,
3267 877 3381 944 ipsa
3414 880 3664 932 uativitas
3690 880 3858 947 susipi-

2283 950 2491 1017 cionem
2524 956 2736 1012 praestat
2764 946 3049 1017 ali‘tuando
3077 948 3285 1015 penitus
3315 962 3422 1001 non
3438 949 3625 1011 luisse,
3644 961 3855 1017 prepter

2289 1016 2391 1071 hoe
2423 1018 2590 1083 ipsum
2642 1016 2782 1085 quod
2824 1017 3015 1070 dicitur
3056 1026 3232 1072 natus.
3266 1017 3393 1071 llme
3439 1028 3621 1071 autem
3648 1016 3855 1074 dicunt

2287 1088 2593 1149 ignorantes
2619 1095 2871 1155 quantum
2904 1087 3111 1140 intersit
3131 1088 3508 1153 corporalibus
3548 1092 3853 1156 temporali-

2290 1156 2783 1229 btt<qtte_setts_ibus
2831 1157 3031 1229 audere
3059 1156 3129 1229 de
3177 1159 3286 1211 Deo
3317 1158 3699 1227 quodcumque
3739 1174 3856 1229 pro.

2290 1227 2542 1299 nuntiari.
2572 1226 2780 1299 Quippe
2823 1242 2944 1281 cum
2996 1227 3042 1299 is
3084 1227 3152 1299 de
3181 1242 3288 1296 quo
3330 1229 3526 1296 agitur,
3567 1226 3852 1299 quasi'qui

2290 1298 2491 1364 absque
2515 1297 2669 1349 initio
2691 1298 2778 1361 sit,
2813 1297 3218 1353 necessitatibus
3247 1308 3548 1364 temporum
3580 1297 3853 1367 subiacere

2292 1384 2362 1422 no
2386 1390 2393 1411 ι
2427 1369 2611 1434 possit.
2644 1367 2765 1420 Ideo
2789 1368 2949 1436 igitur
2976 1383 3073 1420 nos
3099 1382 3312 1434 quoque
3334 1369 3453 1422 illos
3482 1370 3847 1435 consulamus,

2294 1437 2684 1501 quodammodo
2710 1436 2944 1504 ipsorum
2977 1438 3391 1508 interrogatione
3423 1448 3662 1501 utentes,
3690 1449 3747 1493 ut
3780 1441 3853 1498 sic

2294 1508 2597 1572 Ilgmt-ntum
2629 1523 2804 1572 suum,
2835 1508 2977 1576 quod
3007 1508 3176 1561 Graeci
3206 1509 3479 1571 sophisma
3510 1518 3725 1571 vocant,
3755 1510 3852 1571 illis

2294 1589 2532 1644 apertum
2560 1579 2649 1631 liat
2678 1592 2743 1631 ac
2762 1579 2993 1645 planum.
3026 1578 3193 1633 Dicite
3218 1578 3374 1637 nobis
3396 1593 3516 1643 vos,
3553 1578 3715 1633 Solus
3739 1595 3851 1636 cum

2294 1658 2436 1702 esset
2470 1648 2606 1701 Deus
2634 1648 3029 1702 misericordias
3067 1651 3268 1715 genuit.
3317 1664 3381 1701 an
3415 1649 3562 1703 η’ιηῖ
3600 1651 3846 1718 quoniam

2300 1718 2483 1771 beatus
2508 1718 2699 1771 Paulus
2721 1727 2923 1786 pitrem
2949 1718 3431 1772 misericordiaruth
3476 1719 3649 1772 Deum
3682 1722 3850 1774 nomio

2301 1798 2418 1850 nat,
2467 1789 2534 1841 ita
2582 1788 2803 1851 dicens,
2845 1789 3146 1842 Benedictus
3187 1788 3352 1851 Dius,
3384 1798 3441 1840 ει·
3460 1797 3607 1857 pater
3660 1789 3853 1844 Domini

2300 1859 2462 1912 nostri
2491 1857 2616 1911 Jrsu
2661 1859 2880 1922 Christi,
2930 1869 3073 1925 pater
3110 1859 3581 1913 misericordiarum
3633 1858 3709 1927 (2.
3737 1858 3848 1918 Cor.

2303 1930 2351 1981 l.
2385 1930 2485 1998 5.).
2530 1927 2595 1981 Et
2635 1927 2678 1981 si
2727 1930 2840 1982 ausi
2879 1927 3091 1983 fuerunt
3136 1928 3338 1995 diCt’N,
3389 1929 3533 1996 quod
3565 1929 3713 1983 solus
3739 1944 3849 1983 eum

2300 2008 2440 2052 esset
2477 1999 2689 2064 genuit,
2740 2014 2838 2052 tios
2878 2013 3087 2067 quoque
3117 2000 3246 2065 ipsis
3277 1999 3347 2051 ita
3389 2000 3849 2066 respondebimus,

2297 2082 2394 2122 cur
2427 2084 2529 2121 non
2560 2070 2628 2119 sit
2658 2069 2873 2136 impium
2900 2066 2965 2122 ac
2995 2066 3255 2123 nefarium
3277 2069 3457 2123 dicere
3475 2070 3617 2136 quod
3646 2066 3745 2123 fuit
3767 2071 3853 2125 aii-

2299 2140 2511 2199 qnando
2561 2139 2697 2191 Deus
2748 2138 2947 2207 absque
3002 2139 3431 2208 misericordiis,
3494 2139 3697 2208 quippe
3742 2154 3851 2195 cum

2304 2209 2441 2262 Deus
2473 2208 2957 2263 misericordiarum
3000 2207 3118 2262 fons
3170 2208 3450 2275 habeatur,
3481 2207 3537 2262 et
3588 2207 3849 2278 nunquam

2300 2278 2573 2346 pravitatis
2605 2289 2751 2344 pater
2781 2278 2943 2333 fuisse
2973 2280 3317 2344 credatur,ut
3341 2293 3461 2332 cum
3494 2280 3723 2346 primum
3755 2281 3847 2334 mi-

2300 2348 2712 2403 sericordiarum
2765 2361 2914 2416 pater
2942 2365 3046 2403 non
3094 2357 3268 2412 esset,
3314 2362 3498 2403 earum
3528 2359 3715 2418 postea
3748 2350 3852 2403 lteri

2300 2432 2449 2483 pater
2481 2419 2752 2486 inciperet.
2783 2420 2874 2473 Sin
2904 2434 3031 2473 vero
3053 2460 3069 2485 ,
3101 2420 3333 2474 vitantes
3358 2419 3494 2472 hanc
3525 2428 3767 2484 apertam
3792 2419 3855 2475 de

2301 2488 2412 2542 Deo
2434 2490 2837 2559 blasphemiam.
2856 2490 3108 2551 dixerint,
3138 2489 3253 2543 Non
3276 2489 3373 2542 fuit
3398 2489 3690 2556 aliquando
3720 2489 3853 2543 solus

2299 2562 2499 2622 absque
2528 2560 2924 2622 misericordiis,
2942 2560 3387 2626 respondebimus
3408 2560 3542 2627 ipsis
3569 2560 3733 2612 etiatn
3764 2559 3855 2614 hoc

2305 2630 2486 2703 modo,
2517 2630 2660 2703 Sicut
2699 2629 2857 2703 igitur
2883 2633 3042 2703 612
3075 2630 3215 2683 Deus
3266 2629 3722 2703 nttnquant_solus
3746 2630 3857 2683 sine

2301 2701 2684 2764 misericordia,
2714 2699 2880 2753 factus
2903 2698 3210 2769 'est—podea
3247 2698 3740 2769 ntisericordiarum
3772 2714 3855 2763 pa-

2302 2778 2382 2825 ter
2410 2789 2422 2825 :
2448 2772 2523 2825 sic
2555 2772 2713 2823 etiam
2744 2786 2845 2823 non
2871 2771 3013 2823 solus
3031 2768 3217 2831 antea,
3235 2781 3416 2835 postea
3444 2768 3716 2836 l‘nigeniti
3748 2769 3859 2833 Filii

2301 2850 2451 2917 pater
2479 2840 2727 2917 efﬁcitur.
2754 2842 2976 2917 semper
3001 2842 3143 2896 enim
3195 2840 3336 2895 Deus
3368 2851 3522 2910 pater
3550 2848 3634 2895 est
3669 2839 3879 2917 Unigeﬂ

2301 2910 2395 2965 niti
2426 2912 2504 2965 sui
2538 2912 2628 2965 Dei
2663 2911 2839 2965 Verbi.

2374 2982 2503 3035 LVI.
2534 2982 2627 3035 Sin
2656 2991 2830 3035 autem
2857 2993 3058 3044 rursus,
3092 2980 3145 3035 in
3195 2994 3291 3034 sua
3324 2982 3560 3037 vanitate
3612 2980 3856 3036 durantes

2301 3051 2553 3117 dixerint,
2585 3056 2704 3120 quia
2736 3051 2786 3104 id
2812 3051 2951 3117 quod
2974 3060 3154 3105 natum
3181 3060 3285 3118 est,
3312 3052 3673 3107 substantiam
3702 3052 3856 3119 signi-

2305 3124 2421 3175 ﬁcat
2450 3121 2685 3185 deitatis,
2720 3122 2854 3176 Deus
2885 3130 3060 3174 autem
3107 3122 3267 3175 Pater
3320 3140 3425 3175 non
3478 3132 3634 3177 natus
3680 3132 3780 3187 est,
3809 3129 3859 3181 et

2306 3193 2477 3247 Filius
2526 3203 2713 3256 natus,
2744 3208 2844 3246 una
2900 3190 3192 3261 eademque
3244 3191 3415 3246 Patris
3461 3203 3515 3247 et
3574 3192 3698 3247 Filii
3752 3206 3859 3247 esse

2304 3263 2601 3316 substantia
2650 3277 2753 3317 non
2814 3270 2984 3327 potest
3026 3280 3039 3314 :
3089 3263 3295 3316 dist‘aut
3337 3263 3478 3331 quod
3526 3280 3636 3318 nun
3690 3273 3857 3317 natum

2305 3333 2658 3387 substantiam
2711 3333 2928 3386 minime
2980 3332 3429 3400 signiﬁeayNam
3459 3334 3503 3387 si
3537 3349 3645 3388 non
3690 3343 3856 3386 natum

2304 3412 2430 3457 nato
2451 3403 2658 3457 videtur
2678 3418 2797 3457 esse
2821 3394 3167 3467 contrarium,
3202 3394 3516 3458 substantia:
3540 3414 3725 3458 autem
3747 3418 3861 3457 con-

2306 3474 2521 3527 trarium
2552 3474 2678 3528 nihil
2707 3482 2808 3536 est,
2835 3473 3072 3541 profecto
3101 3488 3206 3526 non
3236 3483 3416 3527 natum
3444 3476 3672 3529 minime
3700 3482 3857 3539 petest

2304 3557 2425 3598 esse
2455 3545 2772 3598 substantia.
2790 3543 2851 3598 Et
2877 3544 3029 3603 aliter
3052 3544 3096 3597 si
3128 3543 3424 3601 substantia
3458 3547 3512 3599 in
3530 3560 3598 3599 eo
3625 3545 3764 3614 quod
3787 3553 3859 3598 est

2304 3615 2579 3680 asseritur,
2632 3630 2739 3675 non
2783 3622 2964 3668 natum
3014 3623 3190 3667 autem
3224 3616 3274 3667 in
3313 3629 3380 3669 eo
3426 3616 3575 3684 quod
3607 3631 3715 3668 non
3766 3624 3857 3679 est,

2304 3684 2427 3751 quia
2459 3700 2562 3739 non
2592 3696 2769 3739 uatum
2796 3695 2899 3748 est,
2937 3684 3175 3753 profecto
3206 3700 3311 3738 non
3354 3696 3541 3739 natum
3573 3687 3856 3740 substantia

2306 3769 2411 3806 non
2456 3766 2558 3808 est.
2592 3755 2657 3807 Et
2687 3756 2908 3819 iterum,
2942 3758 2984 3806 si
3034 3756 3331 3809 substantia
3384 3770 3480 3824 per
3526 3758 3856 3824 semetipsatu

2305 3832 2553 3879 constare
2600 3825 2912 3896 dinoscitur,
2951 3840 3055 3896 non
3094 3837 3274 3879 natum
3304 3837 3484 3880 autem
3538 3842 3648 3881 non
3695 3840 3858 3896 perse

2305 3904 2532 3965 constat,
2559 3896 2651 3949 sed
2677 3895 2743 3947 de
2775 3894 3069 3949 substantia
3095 3896 3290 3949 dicitur
3319 3912 3438 3965 quae
3470 3912 3581 3952 non
3612 3894 3732 3951 nata
3767 3905 3857 3965 est,

2306 3963 2542 4032 profecto
2572 3979 2674 4018 non
2705 3977 2886 4018 natum
2918 3981 3021 4018 non
3048 3976 3128 4019 est
3157 3963 3479 4022 substantia.

2379 4033 2534 4088 LVII.
2571 4035 2772 4089 Rursus
2800 4036 2960 4089 etiam
2994 4036 3035 4087 si
3064 4035 3319 4097 dixerint,
3352 4038 3407 4091 Si
3443 4038 3603 4101 Pater
3651 4054 3753 4091 non
3782 4053 3860 4091 na,-

2307 4112 2389 4157 tus
2418 4115 2497 4158 est
2514 4106 2803 4159 secundum
2832 4106 3214 4171 substantiam,
3245 4106 3411 4163 Filius
3434 4123 3567 4171 vero
3598 4118 3751 4173 natus
3770 4117 3859 4173 est,

2307 4175 2415 4247 nati
2438 4185 2491 4228 et
2542 4192 2643 4247 non
2697 4176 2806 4229 nati
2840 4192 2941 4229 tua
2990 4190 3093 4227 non
3142 4187 3317 4247 potest
3364 4192 3487 4241 esse
3535 4178 3858 4232 substantia:

2304 4244 2513 4299 discant
2561 4246 2758 4309 adhuc,
2787 4249 2926 4314 quod
2976 4261 3079 4298 non
3116 4244 3420 4301 necessario
3451 4247 3859 4302 substantiarutn

2308 4316 2495 4389 modus
2518 4316 2761 4389 diversas
2795 4318 2920 4370 facit
2963 4316 3305 4371 subStantias.
3341 4318 3525 4387 Neque
3551 4319 3728 4384 enim,
3756 4319 3859 4389 quia

2306 4384 2501 4438 dicitur
2532 4386 2672 4440 Deus
2691 4386 2853 4439 Pater
2879 4400 2998 4441 esse
3028 4402 3130 4439 non
3164 4397 3341 4449 natus,
3370 4384 3573 4442 dicitur
3613 4384 3788 4443 autem
3813 4398 3860 4442 et

2311 4455 2626 4508 immortalis
2648 4456 2912 4520 similiter,
2935 4465 2987 4510 et
3015 4458 3459 4525 incorruptibilis,
3490 4459 3614 4512 ideo
3640 4460 3862 4515 diversas

2312 4525 2527 4581 habebit
2542 4527 2888 4592 substantias,
2916 4526 3109 4595 quippe
3131 4542 3250 4582 cum
3278 4545 3381 4582 non
3414 4531 3482 4581 sit
3514 4545 3680 4582 unum
3713 4531 3862 4583 idem-

2312 4610 2415 4664 que
2444 4605 2835 4668 nounatumet
2866 4598 3167 4668 immortale
3199 4600 3280 4652 vel
3317 4600 3747 4668 incorruptibile,
3774 4613 3863 4653 ca-

2314 4676 2529 4733 leraque
2553 4666 2631 4737 his
2662 4666 2882 4721 similia.
2909 4666 3056 4725 Sient
3085 4667 3249 4737 igitur
3273 4670 3389 4723 hare
3418 4666 3632 4723 cum‘de
3662 4671 3765 4725 Deo
3791 4669 3863 4722 di-

2311 4746 2521 4799 cuntur,
2536 4735 2775 4795 diversas
2787 4735 3343 4799 substatttias'tuinime
3364 4742 3689 4807 signiﬁcant,
3706 4742 3778 4797 sic
3790 4754 3863 4793 tte-

2308 4822 2411 4869 que
2429 4814 2608 4876 uatum
2626 4814 2797 4859 etnon
2824 4816 3001 4865 natum
3026 4806 3264 4863 diversas
3294 4810 3622 4869 substantias
3650 4824 3860 4876 unquam

2306 4876 2519 4930 facient.
2546 4875 2725 4944 Neque
2747 4878 2887 4931 enim
2912 4879 3033 4947 quia
3056 4877 3221 4933 Adam
3243 4880 3457 4948 quidem
3482 4896 3587 4933 non
3610 4875 3761 4934 natus
3774 4889 3860 4942 est.

2309 4949 2437 5003 Setlt
2461 4955 2634 5002 autem
2667 4956 2839 5014 natus,
2868 4948 2986 5003 ideo
3011 4948 3220 5003 diversa
3246 4958 3541 5005 esteorum
3559 4953 3860 5005 substantia.

2298 5090 2375 5165 agi
2410 5093 2575 5159 γεννᾷ,
2610 5085 2635 5141 ὁ
2665 5086 2718 5142 δὲ
2747 5090 2857 5165 ei.th
2896 5090 3263 5165 inﬁmam.
3315 5088 3701 5148 Demonstratio
3746 5096 3863 5165 quod

2299 5155 2457 5209 Putér
2484 5155 2688 5253 stimpcr‘
2710 5160 2902 5229 gignit,
2948 5155 3112 5241 Filius
3144 5174 3260 5241 vero
3298 5176 3502 5243 semper
3540 5155 3788 5253 gignier}.
3816 5165 3860 5220 In

2295 5242 2401 5294 quo
2429 5229 2644 5296 quidem
2679 5231 2814 5281 inter
2834 5239 3009 5284 cetera
3034 5232 3110 5283 sic
3136 5232 3487 5286 ratiocinatur
3514 5229 3671 5291 εἾΞτι
3698 5235 3750 5292 δὲ
3770 5241 3864 5293 imi

2294 5300 2351 5379 Ea
2376 5300 2644 5379 γεχνᾶςθαι
2680 5301 2767 5353 τὸν
2794 5301 2904 5379 uio?
2930 5303 3021 5355 οὐκ
3053 5297 3173 5379 sive
3204 5306 3443 5379 σημσξίνει
3476 5303 3515 5379 ᾖ
3544 5310 3603 5361 τὸ
3632 5306 3865 5379 ἔχειντὴν

2293 5367 2509 5457 έπὰρξοτ
2540 5370 2594 5453 ἐκ
2614 5375 2705 5423 τοῦ
2733 5370 2929 5445 πατρὸς
2956 5369 3153 5457 ’,ἀξὶιδὲ
3182 5367 3435 5457 auriculis}
3464 5373 3584 5446 ἔχει
3600 5367 3703 5435 tri;
3717 5379 3862 5457 ὗπαρτ

2292 5440 2365 5501 ξιν
2392 5438 2413 5489 ;’
2433 5441 2508 5514 ἀεὶ
2540 5438 2641 5514 deat
2681 5438 2932 5511 γεννᾶξαι.
2964 5441 3043 5494 ΑΛ
3069 5442 3178 5494 haec
3214 5438 3336 5511 quia
3362 5438 3711 5514 gigni'ﬁlium
3736 5438 3862 5502 anim

2300 5525 2400 5561 non
2432 5509 2706 5576 signiﬁcat,
2728 5524 2876 5587 quam
2906 5514 3177 5587 essentiam
3201 5509 3384 5568 habere
3415 5509 3451 5566 ἱι
3480 5509 3650 5587 patre,
3680 5535 3711 5570 a
3741 5528 3862 5587 ραι-ι

2301 5590 2468 5702 eum}:
2498 5593 2692 5700 δεηὸρετ
2719 5578 2863 5700 ξαίνει
2892 5583 3187 5653 essentiam,
3213 5600 3413 5655 semper
3446 5578 3615 5657 utique
3632 5578 3858 5659 gignitur.

2468 5664 2537 5702 ε..
2617 5663 2732 5700 estut
2761 5687 2775 5702 .

2468 5664 2513 5701 s.
2524 5686 2537 5709 ,
2568 5658 2775 5702 Uestvtt.

2376 5728 2396 5753 τ
2433 5718 2551 5780 Man,
2589 5715 2772 5770 Desirit
2796 5720 2937 5774 nasci
2970 5720 3268 5793 Unigenittts
3291 5724 3429 5785 Deus
3462 5726 3653 5787 Filius.
