4110 6350
608 286 3876 359 W

1955 469 2168 512 EODEM
2214 465 2538 511 TEMPORE.

756 504 3716 870 JULIANUS—V—WE—CLAN‘ENSIS

1610 972 2154 1103 EPISCllPllS
2222 973 2888 1099 PELAGIANUS.

1664 1202 2841 1242 ψ*

877 1355 1118 1484 DE
1187 1351 1616 1478 VlTA
1685 1348 1908 1491 ET
1985 1343 2792 1475 SCRIPTIS
2863 1342 3615 1537 JULIANI

1836 1565 2602 1716 πίββετίαίὶο
2647 1705 2682 1768 ,

1641 1807 2152 1920 Auctore
2230 1805 2840 1914 Garnerio.

1491 2020 1659 2101 (Vici.
1719 2017 1955 2081 Patrol.
2009 2021 2160 2076 tom.
2198 2014 2460 2076 XLVIII
2491 2059 2509 2090 ,
2552 2014 2675 2077 col.
2719 2015 2839 2076 286
2871 2017 3042 2097 sqq.)

619 2189 3890 2237 _______.__________—_——_—____—__—_____.

1163 2324 1700 2440 OPEBUM
1775 2323 2765 2446 EDITIONUMQUE
2844 2315 3352 2430 JULIANI

1818 2535 2600 2648 RECENSIO
2643 2608 2683 2674 ,

1441 2755 2012 2840 AUCTORE
2088 2749 3058 2838 SCHOENEMANNO

1525 2916 1850 2974 (Bibliotheca
1879 2915 2078 2964 Patrum
2103 2912 2384 2963 Latinorum
2415 2910 2966 2971 historieo-litterarla).

1211 3174 1238 3245 ᾖ
1273 3175 1318 3228 Ι.
1350 3175 1597 3230 Semen.

693 3295 769 3351 Ex
798 3291 1067 3355 omnibus,
1099 3285 1168 3343 de
1194 3287 1388 3356 quibus
1414 3296 1560 3344 certo
1590 3295 1800 3341 constat
1828 3286 2022 3343 .luliani
2068 3286 2202 3341 scri-

622 3368 751 3437 ptis,
783 3365 984 3418 nullum
1012 3364 1273 3437 integrum
1301 3359 1365 3437 a_d
1390 3373 1486 3412 nos
1511 3359 1774 3437 pervenit,
1797 3359 1889 3413 sed
1917 3359 2201 3425 fragmenta

622 3428 826 3492 iantum
859 3449 963 3487 non
993 3429 1279 3484 admodum
1313 3429 1487 3482 lacera
1517 3428 1732 3497 quidem
1765 3439 1820 3483 et
1860 3443 1978 3481 rara
2021 3439 2200 3480 trans-

617 3509 780 3562 missa
798 3514 940 3558 sunt.
959 3502 1071 3554 Alia
1087 3501 1237 3570 plane
1259 3499 1576 3552 interierunt.
1600 3502 1736 3552 Sunt
1759 3508 1936 3552 autem
1955 3499 2198 3566 genuina,

617 3591 846 3648 quorum
880 3573 1174 3648 fragmenta
1185 3578 1299 3648 _aut
1326 3571 1548 3648 vestigia
1579 3570 1778 3648 saltem
1803 3577 2027 3648 reSIaiit.

695 3647 746 3700 1.
793 3636 1025 3711 Epistola
1069 3643 1136 3694 ad
1179 3636 1660 3711 Zosimumpritna,
1692 3640 1852 3711 ettjns
1884 3636 2033 3711 _solus
2065 3637 2201 3711 bier-

617 3724 769 3772 cator
800 3708 1066 3774 meminit,
1096 3721 1148 3765 et
1178 3711 1340 3763 verba
1365 3709 1811 3763 Subnotationum
1842 3708 1978 3760 libro
2005 3723 2054 3759 e.
2087 3708 2118 3757 b'
2149 3716 2202 3760 et

617 3788 651 3840 9
675 3784 916 3846 inseruit,
941 3797 971 3835 a
995 3780 1396 3834 Julianotamen
1417 3793 1510 3846 pro
1539 3780 1651 3833 suis
1679 3778 1856 3847 agnita
1878 3777 1973 3846 (a).
1998 3775 2201 3847 (iame-

617 3857 729 3912 rius
760 3855 811 3907 in
842 3845 948 3907 llue
988 3849 1375 3904 dissertationis
1405 3845 1964 3915 Quinumad‘blarium
1994 3845 2201 3900 Merca-

618 3935 810 3988 torcm,
832 3932 869 3976 t.
899 3921 1070 3988 I,pag.
1095 3917 1200 3975 555
1213 3935 1318 3988 sq.,
1342 3934 1402 3972 ea
1417 3919 1738 3988 composuit,
1760 3919 1810 3970 in
1829 3916 2200 3988 notisquoque

618 3998 688 4050 ad
738 3987 963 4049 laudata
999 3987 1445 4046 Subnotationum
1492 3987 1608 4043 loea
1661 3987 2072 4054 comparandus.
2124 3987 2194 4039 Ex

617 4066 733 4136 ejus
754 4061 1013 4136 sententia
1036 4063 1230 4130 scripta
1253 4059 1352 4136 fuit
1373 4075 1462 4136 an.
1479 4059 1608 4119 M7,
1626 4060 1838 4136 circiter
1861 4065 2196 4136 autumnum.

684 4135 739 4186 2.
784 4133 1021 4198 Epistola
1069 4126 1349 4184 communis
1379 4131 1424 4182 ei
1457 4144 1574 4181 cum
1611 4128 1848 4196 plurimis
1875 4126 2199 4198 (octodecim)

619 4195 914 4274 Pelagianis
942 4202 1216 4274 episcopis,
1244 4215 1399 4274 q_u_ant
1415 4195 1842 4274 Thessalonicam
1883 4197 1974 4265 (ad
2005 4195 2197 4274 Rufum

613 4266 929 4345 episcopum)
960 4266 1232 4345 miserunt.
1259 4266 1356 4345 'S_ic
1401 4268 1726 4345 Augustinus
1754 4267 1971 4345 denotat
1989 4266 2199 4345 Episto—

610 4335 747 4410 lam,
771 4335 927 4414 quam
959 4343 1012 4396 in
1042 4340 1298 4414 singulari
1320 4335 1570 4414 operejv
1603 4337 1857 4414 libror_um
1891 4335 1956 4388 ad
1989 4335 2199 4414 Bonifa-

613 4405 755 4470 υἱιηὴ
790 4405 1100 4483 episcopum
1134 4408 1667 4483 Romanumdirecto
1697 4406 1933 4483 refutare
1972 4405 2196 4483 studuit,

613 4487 671 4539 in
691 4475 916 4555 quorum
948 4475 1118 4555 tribu}
1147 4477 1533 4555 posterioribnS
1563 4475 1733 4555 etiam
1756 4478 2050 4555 fragmenta
2079 4477 2196 4555 eius

548 4629 560 4686 ἐ
610 4615 835 4680 collecta
867 4630 924 4677 et
953 4615 1017 4673 ad
1048 4617 1274 4673 formam
1304 4619 1581 4686 pristinam
1611 4615 1842 4684 digesta.

543 4685 560 4705 ⁷’
678 4695 735 4750 3.
777 4693 919 4748 Libri
945 4689 1028 4744 IV
1062 4689 1128 4743 ad
1155 4685 1494 4742 Turbantium
1515 4689 1829 4754 episcopum,
1862 4685 2100 4738 adversus
2133 4686 2199 4739 li-

608 4766 755 4818 brum
780 4765 1001 4834 primum
1027 4758 1300 4834 Augustini
1328 4757 1389 4810 de
1417 4755 1859 4834 Qoncupiscentia.
1877 4755 2078 4834 §cripti
2104 4771 2194 4810 an.

608 4824 832 4888 ineunie
855 4832 982 4892 419,
1002 4840 1095 4884 aut
1111 4824 1218 4882 sub
1247 4828 1600 4897 prazcedentis
1622 4826 1842 4879 exitum.
1876 4824 2198 4897 Fragmenta

609 4919 797 4955 cnrutn
844 4909 1132 4970 supersunt
1172 4902 1222 4952 in
1251 4895 1443 4970 tribus
1481 4897 2099 4970 AllgtlSillti_Opef'illus;
2143 4895 2196 4970 in

610 4973 745 5025 .ihro
775 4987 809 5026 ll
837 4964 1163 5036 de'Nuptiis,
1189 4970 1242 5019 in
1267 4968 1416 5020 libris
1441 4981 1532 5020 sex
1549 4975 1734 5019 contra
1763 4964 2031 5018 lulianum
2058 4975 2111 5018 et
2143 4964 2195 5018 in

609 5043 786 5110 Opere
809 5037 1141 5110 imperfecto.
1165 5037 1522 5110 Rei-criuntur
1539 5046 1715 5110 autem
1741 5049 1930 5110 magna
1949 5037 2194 5110 quaedam

609 5105 673 5164 ei
723 5113 862 5165 libro
893 5109 1067 5177 primo
1111 5122 1268 5176 parva
1331 5120 1397 5177 ex
1430 5107 1652 5173 reliquis
1676 5105 1910 5177 duobus.
1957 5105 2194 5177 l’rimttm

608 5183 749 5234 cutim
799 5172 1095 5234 confutavit
1113 5172 1461 5244 'Augnstinus
1490 5172 1627 5228 libro
1676 5190 1773 5227 suo
1815 5175 1946 5244 nde
1969 5172 2194 5241 Nuptiis,

610 5253 795 5306 relatis
825 5245 1082 5304 verbatim
1107 5243 1458 5317 quaecumque
1488 5245 1802 5299 continebat
1825 5243 2071 5300 chartula
2125 5259 2194 5299 ex

673 5385 753 5456 (α)
779 5384 948 5456 Minus
969 5391 1212 5456 accurate
1226 5382 1513 5438 haectradit
1533 5383 1734 5456 Carenis
1751 5383 1837 5456 (Τ.
1857 5383 1905 5448 Ι,
1922 5401 1974 5456 p.
1994 5382 2094 5456 407
2108 5383 2190 5437 ed.

610 5453 779 5509 oxou.
811 5453 976 5521 nam),
1005 5455 1132 5507 duas
1153 5468 1578 5508 commemorans
1607 5453 1641 5506 .1
1648 5454 1808 5507 uliani
1837 5456 1902 5509 ad
1928 5453 2193 5507 Zosimum

608 5524 872 5592 epistolas,
896 5539 1022 5592 quas
1065 5524 1380 5591 Augustinus
1417 5525 1558 5578 fibris
1602 5536 1822 5593 quatuor
1862 5525 1930 5576 ad
1975 5522 2193 5590 Bonifa-

610 5599 739 5648 ciunt
769 5593 1088 5660 refutaverit;
1107 5607 1158 5646 et
1182 5593 1435 5663 deinceps
1459 5612 1472 5646 :
1500 5594 1672 5648 Exhis
1693 5596 1907 5647 alteram
1929 5609 2036 5647 esse
2055 5602 2193 5663 octo-

609 5666 772 5717 derint
801 5663 1150 5727 episcOporum
1190 5660 1479 5716 Siculorum
1510 5666 1715 5717 nomine
1742 5665 1983 5727 scriptam
2013 5673 2059 5714 et
2100 5660 2191 5713 Li-

614 5735 812 5788 bellum
847 5730 969 5785 lidei
1019 5731 1247 5785 inscribi.
1283 5732 1392 5788 lmo
1419 5747 1576 5803 quam
1608 5737 1782 5802 primo
1819 5734 1955 5788 libro
1996 5732 2190 5787 refutat

2225 4522 2273 4581 B

612 4545 975 4620 reperiuntur,
1003 4545 1324 4620 a‘Gai'nerin
1373 4547 1594 4620 ibidem,
1630 4546 1735 4620 _ubi
1792 4545 2187 4614 antecedentia,
2223 4573 2228 4620 ρ

2226 3155 2272 3214 Α
2308 3153 2406 3206 hoc
2435 3139 2698 3219 ipsolibrn
2715 3151 2885 3213 [ιι-ττηο
2909 3158 3156 3214 excerpta
3175 3155 3228 3202 et
3243 3143 3465 3202 Valerio
3486 3147 3680 3205 comiti
3706 3151 3886 3216 oblata,

2306 3237 2468 3288 atque
2497 3237 2590 3287 per
2639 3221 2886 3292 Alypium
2931 3220 3228 3292 augustino
3257 3221 3454 3292 missa;
3488 3236 3689 3292 qua_ex
3720 3224 3888 3277 charta

2303 3287 2465 3346 et‘am
2499 3287 2900 3360 inscripiionem
2934 3287 3193 3342 librorum
3227 3287 3479 3342 novimus
3509 3287 3537 3342 V:
3573 3290 3766 3344 Contra
3793 3310 3886 3356 eos,

2303 3365 2391 3430 qu’i
2409 3361 2634 3433 Nuptias
2645 3361 2911 3422 damnant,
2926 3369 2973 3433 et
2987 3361 3183 3433 [ructus
3198 3375 3372 3412 earnm
3386 3361 3599 3413 diabolo
3615 3363 3888 3433 assignant.

2306 3428 2383 3486 Ex
2415 3431 2563 3486 libris
2589 3447 2680 3485 sex
2708 3439 2892 3486 contra
2923 3428 3188 3482 lulianum
3213 3437 3446 3496 quatuor
3470 3428 3799 3497 posteriores
3823 3431 3886 3485 ita

2308 3513 2545 3568 pugnant
2591 3515 2712 3554 eum
2743 3509 2970 3568 quatuor
2993 3497 3187 3552 .luliani
3237 3497 3411 3566 libris,
3444 3509 3503 3554 ut
3548 3515 3659 3555 non
3700 3510 3888 3556 tantum

2307 3571 2427 3628 libri
2461 3571 2633 3637 libris,
2665 3569 2762 3624 sed
2793 3568 2963 3637 capita
2985 3584 3198 3638 quoque
3223 3570 3491 3631 capitibus
3515 3573 3886 3634 vestiondeant.

2304 3641 2466 3708 (ϐοτη
2475 3658 2546 3693 er.
2571 3643 2622 3693 in
2639 3644 2769 3709 App.
2785 3639 2852 3692 ad
2877 3641 3003 3692 diss.
3027 3640 3059 3689 6
3079 3643 3142 3710 de
3161 3640 3367 3710 scriptis
3380 3656 3472 3710 pro
3487 3641 3670 3693 liceresi
3694 3639 3887 3710 Pelag.,

2305 3707 2356 3778 p.
2388 3711 2538 3781 ὅδε.)
2573 3711 2646 3765 De
2669 3707 2888 3764 historia
2915 3723 3098 3763 eorum
3120 3709 3173 3763 in
3198 3707 3309 3777 ipsa
3339 3709 3560 3765 dissert.
3595 3710 3629 3764 6
3652 3727 3770 3781 pag.
3797 3707 3888 3764 διδ

2311 3788 2523 3835 tractat.

2375 3851 2428 3905 4.
2475 3849 2624 3903 Liber
2684 3849 2749 3903 de
2809 3851 3108 3904 constantia:
3181 3847 3322 3900 Bono
3390 3862 3574 3903 contra
3630 3850 3887 3917 perﬁdiam

2306 3918 2606 3982 Manichai,
2638 3919 2792 3988 cujus
2842 3919 3134 3988 fragmenta
3186 3917 3390 3986 aliquot
3444 3923 3688 3974 servavit
3735 3923 3884 3975 Beda.

2304 3991 2547 4114 Schptus
2576 3990 2694 4056 fuit,
2737 3989 2916 4060 judice
2963 3989 3242 4050 Garncrio,
3279 3996 3400 4057 post
3447 3990 3817 4058 espulsionem
3861 4006 3887 4044 e

2304 4075 2362 4114 se
2399 4076 2430 4114 e
2458 4076 2574 4114 sua.

2302 4075 2430 4115 £008
2458 4076 2574 4115 sua.

2375 4131 2428 4184 5.
2459 4131 2600 4185 Libri
2629 4140 2740 4185 octo
2761 4133 2828 4183 ad
2865 4128 3083 4184 Florum
3117 4127 3580 4196 (Beneventanum)
3606 4131 3886 4200 episcopum

2303 4202 2544 4254 adversus
2596 4203 2874 4255 secundum
2925 4203 3110 4254 librum
3159 4201 3436 4267 Augustini
3479 4203 3545 4253 de
3586 4200 3799 4269 Nuptiis
3843 4210 3886 4252 et

2303 4274 2732 4340 concupiscentia.
2787 4271 3006 4338 Scripti,
3051 4279 3109 4322 ut
3161 4269 3452 4340 Carnerius
3499 4272 3798 4335 contendit,
3840 4271 3885 4322 in

2302 4338 2509 4403 Cilicia,
2541 4342 2636 4395 sed
2670 4341 2920 4410 publicati
2971 4340 3188 4392 demum
3218 4338 3362 4410 circa
3395 4353 3597 4394 annum
3631 4340 3761 4400 426,
3790 4353 3886 4408 quo

2303 4425 2366 4463 ex
2399 4411 2542 4465 Italia
2570 4407 2761 4465 iterum
2782 4409 3304 4476 ConstantinOpolim
3338 4407 3538 4475 fugisse
3570 4426 3695 4463 eum
3728 4407 3884 4478 lingit.

2302 4482 2544 4548 Quinque
2567 4487 2772 4549 prlores
2791 4479 2932 4544 libri,
2952 4479 3215 4549 autetiam
3241 4492 3333 4530 sex
3362 4479 3551 4548 integri
3567 4478 3885 4549 habenturin

2305 4550 2480 4614 Opere
2514 4548 2825 4614 imperfecto
2852 4548 3128 4615 Augustini
3158 4555 3343 4600 contra
3374 4551 3668 4602 secundam
3697 4548 3885 4603 Juliani

2309 4621 2734 4687 responsionem.
2771 4620 2973 4673 Pendet
3001 4631 3129 4672 vero
3159 4619 3506 4682 superstitum
3540 4635 3800 4673 numerus
3827 4622 3887 4670 ab

2308 4689 2419 4753 ipsa
2455 4691 2731 4754 Augustini
2763 4691 2942 4754 Operis
2972 4687 3354 4754 descriptione,
3384 4704 3548 4756 super
3568 4705 3671 4756 qua
3708 4689 3887 4755 Vigile-

2307 4758 2368 4810 rit
2401 4761 2717 4812 sententiam
2749 4759 2949 4826 optime
2976 4758 3224 4811 refutavit
3253 4758 3545 4812 (iarnerius
3577 4762 3630 4812 in
3662 4761 3799 4812 notis
3827 4758 3884 4810 ad

2306 4829 2727 4882 Subnntatinues
2751 4827 3061 4882 Mereatoris
3084 4829 3218 4897 Opp.
3256 4835 3296 4880 ι.
3327 4828 3364 4890 I,
3390 4843 3512 4897 pag.
3543 4827 3614 4880 ὄλ
3644 4843 3794 4895 seqq.

2377 4900 2430 4952 6.
2478 4899 2625 4950 Liber
2653 4902 2716 4950 de
2758 4900 2959 4958 Amore,
3003 4899 3102 4950 sive
3145 4895 3556 4951 Commentarius
3598 4900 3651 4950 in
3686 4898 3886 4951 Cantica

2309 4966 2662 5023 Canticorum.
2696 4971 2852 5023 Solus
2895 4968 3032 5021 Beda
3067 4967 3224 5035 hujus
3253 4969 3433 5034 aperis
3465 4970 3788 5023 mentionem
3820 4973 3886 5019 ta-

2305 5040 2398 5101 cit,
2417 5047 2470 5092 et
2493 5039 2698 5092 duobus
2723 5038 2894 5102 libris,
2914 5039 3084 5090 altero
3105 5037 3170 5090 de
3193 5037 3412 5100 Amore,
3427 5043 3596 5094 altern
3610 5039 3887 5093 Commen-

2306 5109 2463 5172 tario,
2499 5109 2946 5176 comprehensnm
2979 5109 3140 5159 fuisse
3163 5115 3332 5159 tuitui.
3365 5108 3531 5162 Addit
3560 5111 3723 5162 etiam
3766 5108 3886 5162 scri-

2307 5187 2451 5243 pttttn
2470 5194 2589 5231 esse
2606 5175 2887 5232 uccasinne
2905 5178 3066 5230 duelli
3089 5175 3203 5244 ejus
3217 5191 3338 5230 cum
3353 5179 3674 5247 Augustino.
3695 5181 3881 5243 Quare.

2305 5263 2425 5302 cunt
2456 5263 2552 5302 nec
2570 5250 2916 5317 Augustinus,
2946 5262 3042 5301 nec
3066 5251 3155 5316 qui
3185 5261 3306 5300 cum
3333 5263 3400 5301 eo
3430 5261 3606 5314 erant,
3635 5264 3755 5315 eius
3786 5265 3886 5303 me-

2303 5384 2651 5449 Augustinus,
2679 5399 2783 5436 non
2817 5384 3012 5439 Juliani
3041 5383 3160 5444 fuit.
3186 5393 3240 5438 et
3269 5385 3310 5437 si
3345 5382 3574 5439 Libellus
3604 5389 3727 5454 fidei
3755 5398 3884 5443 esset

2301 5470 2362 5508 ex
2395 5454 2458 5508 iis
2477 5470 2609 5523 quas
2643 5455 2836 5509 ibidem
2868 5455 2952 5508 ille
2981 5454 3194 5517 refellit,
3220 5470 3325 5508 non
3359 5467 3564 5510 tantum
3591 5475 3738 5512 vana:
3769 5475 3884 5523 ope-

2301 5540 2373 5578 rze
2406 5523 2696 5578 Garnerius
2745 5525 3124 5593 iusumpsisset
3154 5526 3205 5579 in
3237 5541 3303 5578 eo
3331 5525 3550 5580 .lnliano
3582 5531 3881 5589 asserenda,

2300 5595 2393 5716 ἷξειρ
2435 5595 2586 5648 facile
2613 5610 2676 5648 ex
2710 5595 2953 5651 locorum
2974 5597 3114 5650 inter
3137 5610 3196 5652 se
3225 5601 3632 5664 comparatione
3660 5614 3745 5653 res
3771 5616 3810 5654 cu
3832 5609 3892 5650 ηε

2321 5681 2384 5716 ICI
2419 5675 2644 5716 noterat.

2321 5665 2384 5718 iei
2419 5675 2644 5733 poterat.
