4110 6350
610 338 774 353 _———
787 345 1245 358 uc—n__-—._.___-
1265 352 1534 361 -ο---ο-ςο-

1543 355 1850 362 ———__—

1857 357 2208 366 ψ

1191 446 2072 523 INTERPRETATIO
2138 456 2407 527 XXVI
2483 457 2814 528 ΗΟΜΙΙ

1595 453 1662 519 Π
1678 452 2072 523 ΕΤΑΊΊΟ
2138 456 2407 527 XXVI
2483 456 2958 528 HOMILIA
2973 457 3209 529 RUM

1272 583 1535 634 IANC'I‘I
1565 587 2090 639 οιιιιῑεοετοιιι
2129 591 2204 638 IN
2263 591 2608 641 SANG‘I'IIM
2647 593 3085 642 ΜΔΠΗΕΠΜ
3111 631 3127 656 ,

1577 712 1935 752 Ριιάῖοεοεκτε
1976 716 2152 755 ΑΜΑΝΙ
2194 716 2432 756 PROLOGO
2471 718 2536 756 Αο
2575 716 2864 757 οιιοκτιυιι.

684 821 877 923 (VIII
909 825 1188 923 priorum
1223 827 1814 923 interpretationem
1852 834 2136 923 reperies
2167 834 2226 892 in
2259 834 2540 923 Operam
2573 836 3002 923 Chrysostomi
3047 842 3197 923 tom.
3241 838 3385 908 VII,
3415 838 3562 923 _co_I.
3620 841 3694 900 17
3735 860 3863 923 sqq.

606 913 841 964 nostras
866 905 1643 999 editionisﬁeliquarum
1677 928 1828 999 gero
1865 905 2028 999 sicut
2067 919 2142 999 et
2185 905 2500 999 sermonis
2556 917 2630 999 ad
2694 905 3054 999 neopliytos_
3106 905 3717 999 interpretationem
3770 905 3868 999 {.e‘i

601 1001 832 1072 omnes
865 985 992 1072 fere
1020 985 1408 1046 Parisiorum
1461 987 1884 1072 bibliothecas,
1921 992 2154 1072 frustra
2217 992 2766 1072 investigavimus.
2824 985 3118 1056 Héretici
3175 985 3331 1056 vero
3381 997 3704 1072 opuscula
3752 985 3866 1061 non

602 1063 757 1139 tanti
806 1063 1070 1125 fecimus
1111 1073 1178 1123 ut
1211 1083 1430 1125 eorum
1462 1083 1655 1127 causa
1689 1071 1887 1126 nostri
1922 1070 2263 1130 voluminis
2294 1063 2768 1132 conclusionem
2801 1075 3040 1133 diutius
3069 1063 3510 1133 moraremur.
3566 1077 3864 1139 Cteterum

600 1138 850 1232 lacunae
882 1145 1228 1232 sarciendae
1266 1162 1574 1232 perquam
1605 1155 1967 1232 opportuna
2009 1165 2078 1209 se
2126 1149 2298 1210 dabit
2343 1153 2595 1213 occasio
2655 1170 2798 1214 cum
2833 1152 2894 1212 S.
2919 1151 3355 1231 Chrysostomi
3385 1151 3608 1232 Opera
3634 1138 3867 1218 Graeco;

602 1217 828 1283 Latina
859 1220 1078 1282 edendi
1115 1217 1362 1301 tempus
1393 1217 1772 1303 advenerit.)

723 1384 1648 1459 INTERPBETATIO
1717 1389 2440 1463 IIOMILIARUM
2512 1389 2902 1464 SANCTI
2955 1388 3751 1466 CHRYSOSTOMI

1717 1543 1804 1598 DE
1849 1544 2191 1600 LAUDIBUS
2233 1543 2472 1600 SANC'I'I
2515 1543 2721 1600 PAULI
2758 1587 2772 1610 ,

1551 1674 1907 1713 I’R£CEDENTB
1948 1675 2123 1714 ANIANI
2166 1675 2401 1716 PROLOGO
2441 1678 2507 1715 ΑΒ
2534 1677 2869 1716 EVANGELUI.

1227 1795 1477 1872 (Exstat
1508 1796 1568 1855 in
1609 1805 1763 1856 tom.
1806 1797 1859 1858 Il
1897 1797 2182 1876 Operum
2214 1799 2684 1880 Chrysostomi,
2715 1801 2838 1862 col.
2877 1800 2991 1862 169
3021 1799 3190 1881 sqq.)

748 1986 1345 2075 SERMONIS
1399 1991 1816 2076 SANCTI
1875 1993 2709 2085 CHRYSOSTOMI
2766 1994 2925 2082 AD
3004 1996 3732 2084 NEOPHYTOS

1869 2159 2566 2283 ﬁnieruretatio.

1157 2338 1426 2418 (Videsis
1457 2340 1607 2418 quid
1635 2340 1710 2401 de
1741 2339 2017 2402 homiliis
2056 2341 2118 2401 in
2148 2340 2520 2406 Matlhtenm
2548 2354 2746 2420 supra
2780 2343 3272 2422 notaverimus.)

790 2503 1000 2565 LIBRI
1041 2506 1461 2568 ADVERSUS
1503 2508 1955 2570 EPISTOLAM
2001 2508 2287 2570 SANCTI
2333 2509 2790 2571 HIERONYMI
2835 2511 2944 2571 AD
2987 2509 3646 2573 CTFSIPHONTEH.

1902 2629 2103 2710 (Opus
2150 2630 2586 2710 deperditum.)

593 2791 3860 2853 EE

588 2961 1458 3097 SELECTfE
1625 2973 2655 3106 VARIANTES
2808 2972 3858 3109 LECTIONES

869 3224 1005 3329 IN
1098 3227 1541 3336 RUFINI
1626 3231 2733 3340 ECCLESIASTICAM
2808 3229 3572 3370 HISTORIAM,

658 3442 826 3526 EX
899 3443 1085 3526 MS.
1153 3446 1804 3530 TABULARII
1887 3447 2684 3533 CAPITULABIS
2746 3438 3791 3539 FOBOJULIENSIS'.

655 3718 1031 3773 Prml’atiuncul
1053 3739 1080 3768 σι
1110 3720 1284 3773 Rufini
1315 3721 1418 3774 col.
1451 3719 1576 3773 405.
1605 3718 1878 3786 subjungit
1907 3733 2007 3772 ms.
2040 3717 2168 3772 Htec

586 3792 739 3845 etiam
770 3789 838 3842 Χ.
865 3789 994 3842 libro
1029 3791 1398 3843 Ecclesiastij
1421 3789 1665 3842 Historiae
1693 3789 2032 3840 continentur.

661 3861 712 3912 In
746 3860 982 3914 Eleaebo
1002 3861 1065 3913 ad
1089 3860 1191 3912 col.
1225 3859 1350 3913 465.
1374 3875 1495 3925 cap.
1525 3857 1665 3912 XIX.
1699 3872 1798 3911 ms.
1846 3860 1979 3924 patri
2011 3858 2172 3910 Cons-

586 3932 806 3998 tantino,
860 3946 954 3998 pro
1009 3931 1158 3997 fratri
1203 3930 1522 3993 Constantio,
1557 3928 1737 3982 habet.
1783 3928 2171 3998 Subsequentis

586 4013 760 4055 autem
787 3997 1011 4068 Capituli
1042 4011 1200 4053 totam
1241 4004 1375 4054 hanc
1401 4001 1707 4067 pericopam
1751 4008 1910 4064 tacet,
1945 3997 2171 4068 Luciferi

584 4082 978 4141 exterorumque
1005 4073 1376 4139 Episcoporum
1403 4069 1805 4141 Catholicorum.

662 4139 903 4195 Ilistorize
933 4143 1062 4196 libro
1085 4151 1138 4195 et
1161 4155 1279 4208 cap.
1314 4143 1352 4194 I.
1385 4142 1488 4194 col.
1536 4139 1642 4194 468
1690 4149 1803 4194 not.
1832 4156 1879 4202 e,
1923 4154 2026 4193 ms.
2059 4156 2169 4192 cre-

587 4211 732 4275 dens,
765 4213 1085 4267 dissimulare
1113 4213 1251 4278 aliis,
1278 4225 1374 4281 pro
1403 4210 1632 4278 credens,
1663 4210 1707 4264 si
1763 4209 2108 4264 dissimularet
2138 4227 2170 4262 α

587 4281 790 4334 talibus.

657 4353 787 4419 Cap.
820 4351 882 4406 Il.
916 4363 1035 4417 post
1061 4353 1204 4406 med.
1238 4368 1337 4405 ms.
1371 4351 1649 4404 simultatio
1681 4349 2038 4414 Sacerdotum,
2075 4366 2169 4418 pro

587 4423 866 4485 simulatio,
889 4432 1018 4487 etc.,
1049 4424 1186 4491 quod
1215 4432 1268 4475 et
1295 4421 1470 4475 verius
1499 4422 2046 4490 videtur,quanquam
2070 4421 2170 4474 mi-

589 4510 689 4544 nus
719 4493 981 4554 Latinum,
1025 4496 1066 4547 si
1104 4507 1197 4557 pro
1218 4493 1477 4546 simultate
1505 4491 1813 4560 accipiatur.
1869 4492 1988 4545 Mox
2029 4507 2170 4546 com-

585 4565 756 4630 plures
784 4561 942 4616 habet
965 4577 1060 4629 pro
1091 4564 1279 4630 plures.

656 4631 784 4699 Cap.
825 4632 908 4685 III.
932 4633 1038 4688 col.
1067 4634 1189 4688 ιδυ.
1222 4640 1332 4686 not.
1359 4648 1403 4683 c.
1432 4646 1533 4684 ms.
1572 4631 1788 4685 dicendo
1819 4645 1914 4699 pro
1943 4633 2166 4687 dicendi.

656 4703 783 4770 Cap.
813 4703 896 4756 IV.
927 4703 1040 4756 init.
1072 4718 1172 4757 ms.
1203 4701 1515 4755 Maximinus
1536 4717 1630 4768 pro
1656 4699 2021 4760 Maximianus.

656 4771 785 4838 Cap.
810 4773 870 4825 V.
905 4783 1012 4825 not.
1041 4774 1089 4826 b.
1118 4782 1258 4826 tacet
1299 4774 1350 4824 in
1389 4774 1652 4833 vocatam,
1709 4783 1815 4825 tum
1869 4785 2057 4840 quarto
2101 4772 2168 4827 ab

592 4841 693 4896 hoc
724 4858 879 4896 versu
907 4844 1063 4908 vobis,
1096 4853 1149 4897 et
1181 4843 1336 4908 paulo
1358 4851 1472 4910 post
1498 4841 1562 4894 ad
1609 4851 1721 4896 not.
1753 4860 1799 4896 c.
1833 4852 2021 4896 tamen.
2049 4843 2159 4897 Col.

591 4912 713 4962 472.
744 4926 881 4964 vers.
918 4911 968 4963 5.
999 4929 1100 4966 ms.
1129 4913 1309 4966 aderat
1337 4912 1585 4973 conciliis,
1611 4926 1707 4978 pro
1727 4915 1954 4967 consiliis
1981 4927 1999 4966 :
2029 4922 2083 4968 et
2111 4914 2164 4967 in

590 4983 693 5052 line
723 4990 908 5052 statuta
933 4982 1234 5052 ﬁngentibus
1258 4998 1350 5051 pro
1380 4983 1671 5052 figentibus.

661 5051 787 5117 Cap.
827 5049 908 5104 VI.
932 5049 1036 5104 col.
1066 5051 1190 5104 475.
1220 5049 1330 5105 nat.
1357 5049 1542 5106 afms.
1577 5068 1640 5105 ea:
1663 5054 1819 5109 nullis
1856 5054 2168 5108 exstantibus

589 5120 754 5188 factus
776 5129 866 5184 est,
899 5129 988 5173 aut
1008 5137 1070 5174 ex
1099 5124 1200 5174 alia
1227 5122 1531 5186 substantia,
1582 5137 1679 5189 pro
1723 5126 2086 5186 substantibus,
2115 5135 2170 5178 et

589 5191 936 5262 subsistentia.
989 5192 1111 5245 Mox
1137 5192 1268 5244 Can.
1296 5190 1334 5243 ἰ.
1369 5209 1457 5260 per
1481 5193 1852 5262 impatientiam
1883 5210 1980 5262 pro
1999 5195 2168 5262 impa-

591 5261 791 5316 tientia.
822 5262 952 5315 Can.
988 5261 1052 5319 V.
1088 5277 1149 5314 ne
1182 5278 1328 5330 quem
1374 5262 1419 5316 si
1464 5261 1601 5330 alius
1648 5260 1929 5329 Episcopus
1970 5260 2079 5330 pro
2108 5280 2170 5317 ne

588 5347 734 5402 quem
756 5333 912 5402 alius,
939 5340 992 5386 et
1012 5347 1135 5385 mox
1161 5333 1213 5385 in
1236 5333 1448 5402 singulis
1470 5329 1676 5402 urbibus
1699 5343 1850 5400 atque
1877 5329 2164 5400 provinciis.

589 5397 721 5453 (Ian.
763 5401 848 5456 Vl.
899 5397 1284 5456 suburbicarum
1316 5397 1421 5465 ἰιι-ο
1488 5397 1975 5455 suburbicariarum.
2033 5402 2164 5455 Can.

596 5469 733 5526 XIII.
773 5469 940 5528 ferme
987 5473 1202 5538 rectius,
1256 5474 1492 5526 militiam
1531 5471 1842 5539 abiecerant,
1891 5483 1938 5526 et
1993 5488 2169 5525 rursus

589 5539 726 5594 hanc
780 5543 1064 5596 ambierant
1112 5559 1205 5611 pro
1248 5544 1316 5595 ad
1361 5545 1495 5597 hanc
1538 5543 1790 5597 abierunt.
1842 5543 1974 5598 Can.
2028 5542 2164 5596 XIV.

2274 3727 2427 3785 prout
2484 3717 2769 3771 moderatio
2827 3718 3070 3790 Episcopi
3115 3719 3353 3774 voluerit.
3423 3720 3621 3776 Iterum
3665 3719 3858 3776 rectius

2271 3786 2405 3842 Can.
2433 3787 2616 3842 XVIII.
2648 3805 2798 3842 nemo
2829 3806 2958 3846 eum.
2986 3792 3074 3846 aui
3111 3790 3180 3842 ad
3231 3793 3390 3844 alium
3417 3792 3657 3846 pertinet.
3705 3793 3858 3846 susci-

2272 3807 2405 3842 han.
2433 3807 2616 3842 AVIII.
2648 3807 2798 3842 nemo
2829 3807 2958 3854 eum,
2986 3807 3072 3858 qui
3111 3807 3178 3842 aa
3231 3807 3390 3844 auum
3454 3807 3657 3856 erunet,
3705 3808 3858 3846 8886i-

2272 3859 2416 3925 piens
2439 3873 2532 3930 pro
2559 3859 2702 3930 edito
2722 3861 3026 3927 subripiens.
3051 3859 3247 3930 Confer
3267 3875 3386 3928 sup.
3411 3810 3543 3916 Ean.
3571 3861 3635 3916 V.
3667 3878 3730 3916 ex
3758 3875 3859 3930 quo

2273 3931 2475 3982 veritas
2500 3929 2744 3982 lectionis
2773 3931 3058 3983 conStabit.
3090 3929 3222 3984 Can.
3269 3931 3414 3986 XXI.
3467 3929 3859 3986 Paulinianistc

2273 4013 2379 4070 pro
2397 3997 2735 4070 Paulianistae
2759 4015 2776 4051 :
2807 4009 2861 4053 et
2891 3999 3074 4070 inline
3091 4001 3258 4069 legum
3282 4003 3418 4056 ratio
3441 4017 3537 4070 pro
3565 4004 3856 4055 reverentia.

2341 4066 2639 4156 Cap.‘.VIII.
2669 4069 2785 4122 init.
2805 4070 2907 4124 col.
2933 4069 3058 4156 κίῃς.
3086 4066 3187 4156 mi.
3215 4088 3332 4140 quin
3361 4066 3696 4156 castiterinti
3735 4071 3856 4152 sub-

2271 4140 2514 4206 sequenti
2547 4153 2687 4194 vers.
2725 4148 2864 4193 tacet
2891 4140 3096 4194 mulier.
3129 4140 3252 4195 P.0st
3279 4141 3425 4196 med.
3455 4141 3560 4195 col.
3594 4140 3696 4193 477
3738 4141 3856 4194 satis

2273 4209 2407 4261 bene
2429 4217 2654 4282 uteretur
2669 4208 2841 4282 liabet
2868 4223 2962 4279 pro
2990 4219 3248 4264 uterentur
3272 4229 3289 4265 :
3312 4221 3366 4267 et
3395 4224 3539 4266 nono
3560 4222 3688 4282 post
3707 4225 3858 4265 versu

2274 4286 2408 4331 tacet
2427 4294 2487 4330 ac
2513 4278 2780 4334 humilius.

2343 4347 2473 4414 Cap.
2507 4347 2596 4402 IX.
2628 4358 2747 4416 post
2793 4350 2935 4405 med.
2961 4350 3064 4404 col.
3104 4351 3231 4406 479.
3265 4351 3423 4405 habiti
3452 4360 3591 4416 sunt,
3638 4359 3769 4417 εις..
3810 4359 3860 4404 et

2272 4432 2396 4472 mox
2426 4435 2582 4491 parvo
2614 4435 2709 4486 pro
2739 4424 2976 4488 parvu’o;
3003 4420 3090 4476 II.
3125 4431 3245 4489 post
3274 4437 3433 4476 versu
3463 4431 3617 4491 atque
3659 4436 3753 4488 pro
3798 4420 3858 4473 ad

2271 4504 2416 4554 quae:
2452 4489 2539 4542 It).
2569 4499 2688 4557 post
2713 4504 2890 4558 versu,
2922 4492 3038 4558 plus
3069 4491 3229 4546 habet
3256 4493 3426 4544 denuo
3455 4489 3791 4545 revertuntur.

2343 4559 2472 4632 Cap.
2509 4559 2576 4613 X.
2610 4575 2750 4614 vers.
2787 4561 2871 4613 I7.
2921 4561 2988 4632 ab
3027 4560 3144 4615 init.
3185 4577 3308 4632 cap.
3341 4563 3385 4615 si
3414 4563 3500 4629 qui
3550 4561 3855 4627 experti“...

2271 4631 2520 4693 noverint,
2549 4634 2835 4700 conferant,
2849 4630 3084 4700 rectius;
3113 4640 3168 4684 et
3187 4633 3240 4686 in
3259 4630 3366 4686 line
3386 4633 3492 4685 col.
3508 4647 3572 4684 ne
3591 4646 3857 4700 prmum-

2270 4709 2368 4761 ret,
2422 4707 2476 4754 et
2518 4698 2684 4754 sinere
2745 4701 3018 4754 uideretur.
3057 4698 3173 4756 Col.
3219 4701 3348 4756 482.
3393 4717 3448 4756 v.
3499 4698 3598 4756 I0.
3631 4716 3696 4754 ea:
3751 4702 3858 4768 ipsa

2273 4786 2448 4838 opera,
2471 4778 2525 4824 et
2549 4785 2670 4824 mox
2686 4777 2914 4824 maturus
2937 4785 3032 4838 pro
3058 4774 3362 4826 matutinus.

2342 4842 2468 4906 Cap.
2500 4839 2594 4893 XI.
2625 4841 2739 4894 init.
2775 4857 2838 4893 ex
2865 4841 2962 4892 hac
2990 4843 3100 4894 luce
3127 4843 3359 4897 decessit.
3384 4841 3499 4896 Col.
3533 4838 3662 4896 486.
3703 4855 3757 4894 v.
3802 4840 3853 4894 4.

2267 4911 2355 4964 sed
2384 4913 2445 4964 ab
2474 4909 2576 4975 his,
2611 4912 2764 4966 tacita
2793 4923 2839 4964 et
2867 4912 3052 4978 copula
3087 4912 3423 4966 intermedia.

2343 4979 2472 5051 Cap.
2497 4979 2629 5034 XIII.
2663 4983 2768 5036 col.
2795 4981 2917 5051 486.
2953 4997 3002 5034 ν.
3033 4980 3116 5033 14.
3149 4983 3202 5034 in
3232 4983 3474 5051 perﬁdia.

2344 5048 2472 5119 Cap.
2509 5051 2645 5104 XIV.
2678 5053 2784 5105 col.
2819 5050 2942 5105 487.
2973 5066 3024 5105 v.
3055 5051 3108 5103 7.
3164 5048 3442 5122 puerorum
3485 5048 3855 5104 multitudinem

2273 5137 2434 5185 supra
2462 5137 2624 5185 orant,
2657 5130 2764 5176 etc.

2346 5191 2476 5271 Cap.
2675 5191 2780 5271 col.
2964 5206 3016 5244 ν.
3048 5191 3250 5271 penult.
3277 5191 3486 5271 invidia:
3507 5193 3710 5244 horror.
3802 5257 3832 5271 Δ.

2345 5259 2476 5328 Cap.
2499 5260 2660 5315 XVII.
2694 5262 2798 5314 col.
2827 5262 2952 5316 489.
2981 5276 3119 5315 νει-ε.
3153 5262 3205 5313 8.
3235 5263 3549 5327 reliquerant
3598 5275 3694 5328 pro
3741 5259 3856 5328 reti-

2277 5325 2485 5400 nebant,
2516 5341 2570 5385 et
2592 5345 2714 5385 mox
2753 5331 2968 5400 perculit
2993 5345 3087 5398 pro
3114 5325 3496 5400 perpulit.Col.
3529 5325 3654 5386 490.
3687 5345 3738 5384 v.
3768 5325 3852 5384 Μ.

2278 5399 2412 5453 Ecce
2439 5417 2531 5469 pro
2555 5400 2671 5471 Hoc
2698 5399 2791 5464 est,
2821 5412 2874 5471 et
2889 5399 3121 5470 decipere
3141 5415 3238 5468 pro
3259 5403 3450 5471 άεεψι.

2345 5471 2479 5538 Cap.
2512 5470 2654 5526 XIX.
2678 5473 2780 5524 col.
2805 5470 2930 5532 492.
2952 5487 3002 5522 v.
3036 5472 3120 5524 ει.
3147 5470 3420 5525 concedas.

2344 5541 2475 5611 Cap.
2506 5540 2623 5595 XX.
2645 5541 2713 5595 ad
2739 5541 2830 5595 lin.
2862 5541 3154 5594 deserenda:
3185 5555 3279 5609 pro
3310 5541 3630 5596 destruenda!

699 5697 950 5759 uectorem
976 5695 1206 5742 monitum
1225 5694 1448 5759 volumus
1471 5710 1578 5759 nos,
1594 5699 1643 5748 in
1661 5699 1754 5749 hoc
1775 5696 2080 5748 Vsrism‘um
2107 5695 2284 5757 indice,
2311 5706 2386 5742 no
2401 5699 2584 5746 trorum
2606 5705 2833 5745 versuum
2855 5694 3288 5754 columnarumque
3313 5693 3679 5748 distinctionem
3701 5695 3852 5748 arith-

588 5756 819 5808 meticatn
843 5753 992 5805 fuisse
1023 5763 1233 5806 secutos.
1253 5757 1386 5807 Εοιτ.
