4110 6350
351 310 487 366 1177

408 422 543 489 Cap.
576 419 767 476 XXIII.
796 420 911 475 init.
947 420 1287 474 Maximinum
1318 436 1415 490 pro
1446 418 1751 474 Maximum.

406 490 538 558 Cap.
575 491 744 547 XXV.
769 507 821 546 v.
845 490 929 544 16.
960 491 1164 544 abinit.
1200 506 1320 559 cap.
1362 492 1532 542 animo
1580 492 1829 557 leprosus,
1869 498 1924 544 et

337 576 460 616 mox
497 562 817 614 secutoribus
845 575 939 627 pro
976 562 1325 614 sectatoribus.

407 630 536 698 Cap.
558 630 771 685 XXVII.
790 640 907 695 post
931 630 1046 683 init.
1077 630 1372 683 Constantio
1393 627 1689 681 conhs'bente
1710 628 1919 692 rivente,

334 714 560 767 quorum
592 699 1062 754 alterumaltcrius
1084 700 1348 769 glossema
1389 710 1489 760 ost,
1539 699 1777 766 illudque
1825 713 1918 764 pro

334 770 631 822 connivente
661 770 1072 838 prielercndum.
1101 769 1178 822 Ad
1234 770 1323 820 lin.
1356 769 1401 821 si
1428 770 1498 820 ibi
1519 770 1655 831 talis,
1698 778 1752 821 et
1798 783 1919 821 mox

333 850 674 909 praposterus
705 842 721 907 (
746 847 804 909 ut
835 840 1067 909 videtur)
1093 854 1188 906 pro
1216 853 1588 907 prtem-Operae.

402 907 531 977 Cap.
566 908 803 961 XXVIII.
834 910 884 962 in
910 907 1001 961 Iiu.
1032 917 1275 977 quantum
1298 918 1431 959 nota:
1457 924 1551 971 pro
1580 921 1749 959 noaa’.

410 974 540 1045 Ca'p.
573 976 762 1031 XXIX.
796 981 937 1033 med.
968 974 1176 1043 Et‘quia
1207 978 1337 1029 duas
1358 976 1665 1029 substantias
1710 991 1810 1027 non
1838 974 1918 1027 di-

328 1047 494 1101 cimus
522 1049 575 1101 in
607 1048 734 1109 Deo,
758 1063 848 1099 nec
871 1059 969 1100 tres
1005 1047 1356 1100 subsistentias
1378 1047 1544 1097 dicere
1581 1048 1834 1100 debemus.

401 1116 533 1184 Cap.
569 1117 737 1170 XXX.
770 1127 891 1183 post
918 1118 1032 1170 init.
1065 1126 1202 1171 tacet
1232 1118 1408 1181 priore
1438 1116 1555 1168 loco
1583 1114 1827 1169 Eusebio.

400 1186 532 1254 Cap.
554 1187 646 1239 XX
661 1188 744 1240 XI.
769 1190 911 1240 med.
945 1187 1237 1254 diligentius
1257 1188 1509 1252 exposuit.

400 1257 535 1323 Cap.
554 1255 769 1310 XXXV.
796 1270 847 1310 v.
879 1257 945 1309 10
972 1256 1039 1309 ab
1068 1256 1185 1309 init.
1219 1270 1337 1327 cap.
1364 1263 1546 1327 matres
1571 1263 1616 1307 et
1648 1254 1742 1307 viri
1761 1256 1915 1327 jure-

328 1341 435 1387 nes,
450 1327 775 1396 virginesque
803 1328 1073 1389 immensa,
1105 1331 1207 1381 et.
1228 1325 1372 1396 satis
1406 1324 1590 1391 probe,
1612 1333 1666 1396 et
1708 1324 1909 1378 verius.

395 1394 789 1462 CaprXXH.
824 1398 923 1451 sub
946 1398 1059 1449 init.
1107 1397 1174 1447 ad
1214 1395 1394 1448 harant
1442 1394 1760 1447 undecimam
1809 1409 1910 1464 pro

324 1465 617 1545 decimam.‘
994 1533 1125 1589 Lm.
1171 1534 1210 1588 Η

390 1668 521 1737 Cap.
552 1670 595 1725 I.
625 1685 677 1722 v.
712 1669 764 1724 5.
796 1668 863 1723 ab
892 1668 1007 1723 init.
1053 1682 1173 1732 cap.
1224 1668 1553 1736 ductoresque
1606 1669 1787 1731 nostri,
1844 1675 1899 1720 et

321 1753 444 1792 mox
476 1742 656 1794 darent
680 1754 774 1805 pro
790 1740 1055 1792 dederunt.
1085 1738 1297 1791 Decimo
1326 1741 1392 1792 ab
1425 1739 1525 1791 huc
1556 1752 1709 1791 versu
1760 1747 1893 1790 tacet

320 1811 384 1862 ei.
416 1810 470 1863 In
502 1812 606 1863 line
639 1823 756 1877 cap.
810 1810 1026 1878 suscepit
1050 1849 1064 1870 ,
1120 1808 1315 1862 deinde
1353 1823 1530 1861 not-ein
1574 1823 1765 1861 menses
1802 1821 1897 1877 pro

320 1890 453 1942 octo,
487 1879 617 1932 falso
646 1891 842 1931 tamen.
877 1878 1004 1932 Vide
1035 1879 1244 1931 nosibi.

387 1950 517 2016 Cap.
545 1949 607 2003 II.
639 1963 782 2002 vers.
805 1948 860 2001 2.
893 1948 955 2000 de
984 1948 1186 2000 militia.

386 2015 518 2087 Cap.
554 2017 873 2087 Illadecimo
914 2033 941 2070 a
992 2019 1096 2071 ﬁne
1136 2031 1289 2087 versu
1334 2024 1380 2069 et
1435 2015 1677 2084 copulam
1734 2025 1917 2081 tacet,

320 2094 430 2140 tum
463 2085 618 2143 Il--I)CI
644 2086 766 2139 Tria
797 2088 959 2139 millia
987 2098 1032 2140 et
1063 2102 1121 2138 eo
1150 2085 1392 2155 amplius,
1418 2089 1575 2140 tacito
1598 2088 1773 2140 simul.

387 2157 518 2224 Cap.
555 2157 640 2211 IV.
673 2172 813 2209 vers.
851 2160 899 2210 I.
934 2158 1035 2211 vita
1067 2171 1085 2208 :
1113 2164 1168 2209 et
1195 2154 1298 2209 col.
1333 2154 1458 2209 5l2.
1493 2171 1632 2211 vers.
1676 2156 1756 2210 I3.
1806 2172 1893 2224 qui

317 2243 370 2279 se
387 2229 725 2281 deduxerant.
756 2227 873 2280 Col.
905 2224 1026 2279 515.
1059 2235 1170 2280 ιιυι.
1196 2226 1251 2279 d.
1285 2235 1423 2280 tacet
1449 2228 1533 2282 die
1569 2228 1699 2297 ipsa,
1751 2227 1894 2295 quod

316 2309 371 2351 et
403 2297 577 2351 verius
606 2306 751 2365 puto.

385 2365 514 2438 Cap.
540 2364 615 2438 y.
640 2381 779 2421 vers.
809 2364 863 2418 5.
882 2374 1033 2438 tacet
1062 2384 1150 2438 per
1170 2384 1242 2421 se.

381 2436 514 2505 Cap.
539 2436 626 2490 Vl.
662 2445 772 2490 not.
788 2439 837 2506 j.
870 2436 1268 2499 Lucius'omnia.
1291 2444 1396 2495 etc.

383 2504 514 2576 Cap.
548 2506 656 2559 VII.
694 2504 830 2558 vers.
861 2506 916 2561 2.
962 2508 1187 2560 nebulosi
1228 2509 1475 2561 ductoris.
1534 2504 1724 2561 Etcol.
1762 2505 1887 2562 517.

316 2575 472 2633 νει-ε.
488 2575 731 2645 5.7descri
736 2586 818 2642 pta
844 2587 981 2636 sunt,
1011 2579 1243 2645 legimus.
1923 2596 1926 2599 λ

384 2647 514 2713 Cap.
547 2644 675 2698 VIII.
701 2646 764 2696 ad
797 2655 909 2696 not.
935 2661 978 2698 e.
1006 2644 1283 2713 Apeteliate
1306 2660 1398 2713 pro
1426 2646 1673 2711 Apeliote.

384 2712 513 2785 Cap.
544 2714 641 2785 IX.
662 2727 804 2785 vers.
831 2713 884 2765 ἓ.
921 2712 1059 2767 tacet
1104 2715 1264 2785 nobis,
1308 2712 1504 2785 deinde
1546 2719 1659 2785 plus
1704 2712 1888 2785 habet,

314 2755 561 2841 olivar.um
591 2783 951 2854 plautationem
997 2800 1192 2853 quoque
1235 2755 1457 2843 bomini.
1486 2755 1589 2836 etc.
1620 2783 1735 2836 Col.
1763 2755 1888 2837 5:25:

315 2872 461 2910 vers.
483 2854 575 2909 20.
610 2861 746 2907 tacet
791 2854 1030 2922 propria;
1060 2869 1199 2907 vers.
1230 2856 1321 2907 58.
1363 2861 1409 2904 et
1453 2868 1777 2922 quweumque
1823 2854 1890 2903 ad

312 2928 518 2991 uictum,
541 2933 645 2978 etc.
676 2922 794 2977 Col.
824 2922 949 2978 Lit).
972 2926 1036 2977 ad
1061 2934 1172 2978 not.
1201 2939 1250 2977 e.
1291 2924 1519 2991 impendi
1568 2938 1663 2991 pro
1692 2937 1889 2989 impen-

313 2996 450 3050 dere.

382 3065 513 3133 Cap.
545 3062 637 3118 XI.
663 3071 775 3118 not.
797 3080 850 3134 g.
876 3072 998 3117 tunc
1020 3061 1325 3118 Consulares
1354 3076 1373 3115 :
1400 3060 1498 3115 sub
1526 3062 1617 3115 Iin.
1643 3060 1891 3114 revocarit

313 3142 701 3207 proAreuoearet.

387 3204 517 3274 Cap.
548 3203 662 3259 XII.
684 3217 825 3259 vers.
854 3203 1043 3258 ultimo
1067 3218 1274 3275 regnum
1297 3211 1497 3274 gerente
1522 3216 1617 3271 pro
1637 3216 1763 3267 rem,
1785 3208 1892 3255 etc.

1270 305 1478 361 INDEX
1519 304 1844 360 LOCORUM
1884 305 1975 360 EX
2012 304 2233 362 SACRA
2274 304 2677 361 SCRIPTURA.

3460 309 3598 367 1178

2099 419 2228 490 Cap.
2252 418 2370 490 XV.
2404 433 2545 473 vers.
2577 417 2629 490 6.
2658 419 2878 487 ﬁdeliter
2905 434 3000 489 pro
3027 421 3261 490 ﬁaenter.

2095 487 2227 555 Cap.
2252 487 2389 542 XVI.
2415 503 2555 561 vers.
2582 488 2631 541 I.
2659 490 2868 561 dictata.
2896 487 3039 545 vers.
3071 490 3127 544 4.
3158 498 3305 561 negat
3331 505 3387 544 se
3408 491 3601 561 impia-

2024 573 2139 611 rum
2167 574 2311 624 posse
2331 559 2511 632 oerba.
2530 568 2635 612 etc.
2668 558 2853 632 _I‘_aullo
2874 568 2998 614 ante
3026 570 3139 632 not.
3167 558 3239 616 Ιιξ
3256 570 3393 614 tacet
3411 558 3569 632 impia

2023 641 2179 681 versu
2211 640 2397 701 octavo
2425 642 2454 701 a
2482 626 2621 701 ﬁne,
2648 627 2917 701 _Maa:imus
2948 631 3035 699 qui
3072 647 3126 683 se
3167 638 3399 684 cauetere
3441 626 3557 701 [sic

2022 698 2231 764 tyranni
2254 698 2490 765 infamia,
2519 698 2798 767 legitimum
2828 701 3111 766 priuetpem
3138 703 3339 767 gestiret
3366 698 3600 756 ostende;

2022 781 2108 818 re:
2135 770 2363 820 Untiiino
2393 767 2591 829 verius,
2619 776 2818 821 tantum
2843 770 2983 835 quod
3008 771 3174 822 Iraudi
3222 783 3344 822 esse
3396 778 3593 836 potest,

2021 837 2236 907 verbum
2265 846 2519 907 exuetere,
2547 837 2596 888 in
2619 838 2743 907 duo,
2765 836 3048 904 dispertias
3076 854 3139 891 ea;
3163 849 3325 892 retere
3346 851 3369 891 :
3410 839 3598 907 sicque

2019 903 2193 958 locum
2225 907 2371 972 religi
2398 906 2576 958 velim.
2607 906 2804 960 Confer
2822 903 3046 972 praeced.
3072 923 3193 971 cap.
3216 907 3354 961 XIV.

2087 972 2215 1053 Cap.
2248 973 2364 1054 XX.
2396 975 2593 1040 medio,
2624 982 2765 1029 tacet
2788 976 2893 1029 duo
2923 979 3085 1031 verba
3122 978 3249 1030 verti
3297 977 3395 1045 uel,
3426 975 3595 1035 ferme

2014 1056 2346 1096 COIICIIIIIIIIS.

2085 1116 2214 1188 Cap.
2244 1111 2405 1168 XXII.
2429 1113 2535 1167 θυι.
2559 1112 2684 1188 ξίὲθ.
2719 1127 2857 1170 τετε.
2887 1114 2941 1171 '5.
2968 1126 3082 1185 post
3114 1127 3226 1170 not.
3252 1116 3302 1172 b.
3323 1132 3404 1171 res
3422 1127 3593 1188 gestas

2012 1184 2081 1234 ad
2103 1179 2473 1251 Imperatorem
2494 1183 2739 1251 referunt.

2079 1253 2212 1325 Cap.
2247 1249 2612 1325 XXIII.Aver_s.
2636 1250 2689 1309 6.
2714 1263 2767 1307 et
2799 1255 2850 1307 7.
2883 1263 3063 1308 cuncta
3089 1271 3205 1325 qua:
3240 1255 3308 1307 ad
3332 1271 3590 1313 summum

2013 1323 2413 1392 pavimentorum
2435 1320 2747 1384 levabantur,
2770 1336 2823 1378 et
2846 1339 2966 1378 mox
2990 1320 3226 1379 immissis
3253 1340 3349 1392 pro
3377 1326 3587 1381 immen-

2008 1393 2099 1443 sis.
2130 1389 2246 1463 Col.
2275 1389 2399 1463 550.
2428 1398 2546 1458 post
2586 1394 2731 1463 med.
2756 1394 2928 1461 templi
2971 1393 3166 1462 foribus
3219 1389 3459 1448 obseratis
3490 1410 3587 1463 pro

2008 1460 2315 1527 temporibus
2350 1460 2620 1512 observatis
2645 1476 2665 1514 :
2704 1460 2897 1516 ibidem
2931 1460 3210 1517 undecimo
3237 1481 3265 1515 a
3293 1464 3396 1518 [Ine
3426 1460 3585 1520 versu

2010 1539 2147 1602 tacet
2172 1532 2338 1583 radio.
2371 1530 2495 1602 Col.
2510 1527 2618 1602 ξδι
2651 1529 2768 1602 init.
2792 1532 2854 1585 ab
2880 1533 3003 1600 ipsis
3029 1532 3275 1587 Gentibus
3306 1550 3400 1602 pro
3446 1532 3585 1588 Gen-

2007 1600 2281 1674 (ilibus,el.
2309 1601 2415 1654 col.
2438 1599 2561 1654 555.
2592 1615 2641 1652 ν.
2682 1601 2737 1653 4.
2790 1612 2837 1653 et
2885 1599 3054 1658 Sorou
3108 1604 3257 1674 Apim
3306 1599 3472 1673 primo
3518 1620 3584 1658 ea:

2006 1671 2388 1740 compositione,
2409 1679 2520 1736 post
2549 1685 2664 1724 vero
2692 1686 2804 1740 per,
2832 1680 2938 1726 etc.

2073 1742 2205 1813 Cap.
2238 1739 2403 1813 XXV.
2450 1754 2591 1793 vers.
2616 1740 2679 1813 7._
2716 1742 2843 1813 plus
2886 1741 3049 1796 habet
3097 1742 3251 1813 digna
3289 1742 3582 1810 dignatione

2001 1810 2241 1883 numinis,
2268 1820 2321 1862 et
2340 1809 2405 1862 ad
2436 1818 2548 1883 not.
2576 1826 2628 1879 g.
2660 1809 2909 1883 irrepebat
2940 1826 3035 1881 pro
3063 1809 3311 1883 erepebat.
3345 1809 3456 1868 Sub
3482 1829 3577 1868 ca-
3620 1818 3622 1821 ’

2001 1881 2125 1946 pitis
2157 1882 2316 1951 linem
2333 1879 2626 1951 exterisque
2653 1881 2921 1948 fraudibus
2944 1879 3047 1949 pro
3072 1879 3333 1951 carisque,
3367 1891 3470 1937 etc.
3524 1892 3580 1938 et

1998 1964 2125 2002 mox
2167 1948 2386 2003 cumino
2426 1948 2875 2019 veriustincertis
2918 1948 3145 2019 patribus
3198 1948 3291 2016 pro
3340 1952 3571 2017 incestis,

1998 2019 2445 2088 quemadmodum
2472 2027 2527 2071 et
2552 2017 2603 2071 in
2636 2018 2885 2074 Editione
2914 2017 3095 2073 nostra
3128 2021 3290 2075 velim
3343 2021 3570 2076 restitui.

2065 2087 2197 2154 Cap.
2229 2088 2415 2159 XXVI.
2445 2088 2660 2159 subtili.
2675 2089 2762 2159 sed
2784 2091 2989 2159 fecerint
3016 2104 3111 2159 pro
3131 2090 3219 2144 sed
3243 2093 3572 2159 profecerim.

2065 2158 2197 2227 Cap.
2229 2156 2439 2212 XXVII.
2463 2158 2564 2212 col.
2597 2156 2722 2227 556,
2747 2156 2884 2212 vers.
2916 2160 2969 2212 1.
2998 2156 3054 2213 et
3077 2157 3135 2213 2.
3166 2156 3355 2213 iterum
3383 2161 3572 2215 tectis-

1995 2227 2129 2281 sime
2148 2226 2261 2281 oeri
2294 2228 2387 2280 Dei
2416 2229 2626 2293 templa,
2669 2226 3008 2297 Ecclesiaeque
3035 2236 3360 2295 constructae,
3383 2234 3449 2283 ad
3479 2245 3575 2284 cu-

1988 2297 2080 2365 jus
2109 2299 2350 2351 lectionis
2370 2297 2525 2352 ﬁdem
2567 2298 2715 2367 religi
2759 2310 2812 2352 et
2838 2300 2976 2363 apud
3031 2314 3131 2353 nos
3168 2301 3342 2353 locum
3388 2299 3570 2365 velim,

1993 2377 2154 2448 atque
2176 2367 2303 2421 illud
2328 2367 2494 2447 celsie,
2522 2368 2663 2437 quod
2692 2383 2756 2422 ex
2775 2368 3058 2422 Barrteano
3083 2368 3373 2437 exemplari
3416 2383 3573 2425 acco-

1996 2440 2192 2506 pimus,
2214 2440 2462 2505 expungi.

2063 2505 2194 2574 Cap.
2221 2506 2411 2576 XXIX.
2428 2522 2571 2561 vers.
2596 2506 2677 2562 12.
2697 2506 3060 2562 commendata:
3077 2522 3174 2576 pro
3195 2509 3572 2564 commendata.

2062 2579 2191 2645 Cap.
2221 2575 2390 2629 XXX.
2422 2578 2476 2631 in
2501 2578 2594 2631 liti.
2618 2580 2754 2633 vobis
2782 2594 2967 2647 magna
2985 2575 3203 2648 pernicie
3226 2592 3320 2648 pro
3351 2593 3570 2648 magnas,

1993 2655 2099 2699 CIC.

2063 2715 2193 2782 Cap.
2218 2714 2451 2769 XXXIII.
2481 2731 2531 2770 v.
2566 2717 2651 2771 11.
2676 2715 2745 2770 ab
2772 2717 2890 2771 init.
2919 2732 3039 2787 cap.
3073 2725 3361 2771 secuturam
3394 2715 3574 2786 Euge-

1993 2784 2079 2836 nio
2109 2798 2204 2857 pro
2230 2800 2480 2857 securam,
2511 2794 2616 2840 etc.
2650 2796 2703 2839 et
2734 2800 2872 2840 vers.
2908 2784 3001 2841 I6.
3020 2788 3232 2857 rectius,
3278 2784 3575 2857 priesuinse-

1993 2862 2109 2926 rant
2140 2853 2367 2919 plurium
2394 2869 2616 2907 numero
2641 2870 2656 2908 :
2692 2870 2810 2926 mox
2841 2858 3007 2924 primo
3036 2856 3116 2908 illi
3144 2871 3241 2924 pro
3262 2853 3435 2926 primi,
3464 2868 3574 2912 etc.

1994 2923 2191 2975 Ibidem
2222 2933 2345 2975 ante
2371 2937 2484 2976 not.
2513 2939 2557 2978 e.
2594 2924 2769 2990 paullo
2796 2923 2986 2977 melius
3020 2927 3086 2976 ad
3111 2923 3272 2977 solita
3286 2942 3379 2991 pro
3398 2926 3464 2976 ad
3486 2939 3576 2976 sa-

1994 2992 2100 3064 lida
2126 3008 2178 3045 s:
2206 2993 2373 3057 vertit,
2392 3001 2497 3064 etc.
2524 3003 2577 3046 et
2609 2995 2765 3046 tertio
2791 2995 2859 3045 ab
2887 2997 2988 3064 lioc
3018 3008 3187 3064 versu
3199 2995 3343 3064 justa
3394 2994 3576 3064 prtelia

1997 3063 2114 3126 ista,
2144 3070 2250 3116 etc.
2280 3061 2449 3115 tacitis
2469 3066 2630 3116 etiam
2659 3064 2859 3117 vocutis
2890 3061 3243 3128 intermediis,
3268 3071 3325 3115 ut
3350 3061 3493 3129 puto.

1999 3167 2243 3210 EXPLICIT
2292 3168 2445 3209 LIBER
2492 3167 2755 3211 ιιιετοιιιάι
2812 3167 3229 3209 εεςιιςειλετιοιε
3276 3167 3574 3209 ηιιαιτει.

314 3368 3576 3434 W

938 3547 1702 3713 INDEX
1828 3546 2991 3712 LOCORUM

737 3842 1014 3955 EX
1130 3836 1808 3952 SAGBA
1962 3834 3155 3949 SGRIPTURA

773 4051 879 4104 QUI
930 4050 995 4092 IN
1055 4046 1271 4091 RUFINI
1321 4043 1625 4088 OPERIBUS
1677 4039 1945 4085 SPARSIM
1997 4039 2379 4082 LAUDANTUII
2412 4064 2430 4095 ,
2490 4038 2613 4081 AUT
2658 4034 3125 4085 RXPLICANTUB.

384 4283 466 4347 (In
507 4282 596 4333 hoc
641 4279 809 4331 Indice
846 4286 1101 4330 revocatur
1126 4275 1281 4327 lector
1306 4276 1364 4326 ad
1389 4287 1618 4327 numeros
1639 4280 1685 4322 to
1727 4271 2163 4395 Βιιὲξὶπεέὲξξὲῐῖυε
2188 4276 2241 4318 et
2284 4269 2331 4351 in
2351 4265 2633 4329 AppenJicc
2660 4264 2719 4313 ad
2744 4263 2968 4316 Ruﬁnum
2989 4267 3212 4316 crassiori
3233 4266 3520 4319 charactere

958 4551 1256 4611 GENESIS.

320 4655 450 4722 Cap.
493 4626 680 4722 XLIX.
732 4646 933 4701 Vocavit
961 4658 1126 4698 autem
1148 4647 1282 4722 ﬁlios
1311 4662 1452 4708 suos,
1483 4654 1529 4699 et
1549 4647 1681 4700 dixit
1711 4662 1729 4700 :
1759 4644 1899 4699 Con-

393 4718 696 4793 groganiini,
730 4729 779 4793 ut
808 4723 1111 4793 annuneiem
1137 4718 1298 4783 vobis,
1335 4732 1448 4787 qua:
1474 4732 1750 4770 occursura
1778 4727 1899 4793 sunt

392 4785 529 4846 nobis
558 4792 610 4843 in
639 4787 947 4855 novissimis,
975 4788 1098 4854 I’ag.
1349 4785 1355 4787 ⁷
1829 4785 1900 4841 24

970 4901 1261 4957 EXODUS.

321 5001 451 5070 Cap.
492 4998 581 5070 IV.
623 4996 788 5070 Israel
818 4996 1184 5065 primogenitus
1214 5011 1389 5070 naeus._
1728 5065 1739 5070 _

323 5065 462 5126 XIII.
507 5069 574 5123 Et
599 5071 695 5122 erit
726 5069 827 5120 vita
853 5083 1097 5131 suspensa
1125 5075 1242 5119 ante
1275 5066 1446 5118 oculos
1471 5072 1600 5132 tuos,
1628 5074 1676 5119 et
1702 5065 1899 5118 timebis

393 5158 481 5212 per
509 5142 641 5194 diem
667 5148 713 5193 et
740 5149 956 5201 noctem,
993 5146 1096 5188 etc.
1833 5140 1900 5191 86

804 5224 1415 5283 DEUTERONOSIIUM.

321 5320 454 5387 Cap.
499 5320 562 5376 Il.
603 5319 731 5375 Cum
766 5320 1009 5373 divideret
1055 5315 1297 5371 Excelsus
1339 5324 1531 5385 gentes,
1576 5317 1751 5371 statuit
1790 5326 1898 5370 ter~

396 5392 561 5444 minos
589 5393 812 5460 gentium
835 5389 1114 5443 secundum
1144 5402 1434 5440 numerum.
1513 5456 1544 5460 η
1786 5458 1793 5460 ξ
1829 5387 1897 5441 77

325 5459 545 5516 XXXII.
587 5456 772 5514 Audite
798 5462 906 5514 luce
949 5475 1121 5513 omnes
1150 5468 1366 5527 gentes:
1411 5456 1619 5509 auribus
1659 5458 1901 5525 percipite

400 5548 591 5596 omnes,
622 5530 707 5597 qui
735 5529 974 5583 habitatis
998 5532 1189 5596 orbem,
1222 5529 1405 5598 quique
1437 5530 1702 5596 terrigente
1727 5535 1774 5579 et
1804 5528 1900 5596 filii

399 5600 695 5671 hominum,
741 5600 893 5654 simul
944 5602 1000 5652 in
1046 5615 1204 5652 unum
1252 5599 1388 5653 dives
1432 5606 1479 5651 et
1530 5614 1743 5667 pauper.
1791 5602 1902 5665 Ap-

400 5670 562 5724 uend.
1804 5666 1906 5724 479

400 5670 562 5735 pend.
682 5670 685 5671 ⁷
1804 5670 1869 5721 47

329 5732 547 5802 XXXII.
592 5740 673 5797 Ex
704 5739 860 5796 uincis
902 5740 1241 5796 Sodomorum
1272 5739 1386 5793 vitis
1413 5754 1607 5807 eorum,
1645 5746 1690 5795 et
1713 5739 1905 5807 palmes

2074 4569 2250 4609 eorum
2287 4553 2349 4605 de
2375 4550 2658 4617 Comorris,
2689 4567 2785 4605 uva
2809 4565 3010 4617 eorum,
3043 4566 3140 4604 uva
3170 4551 3304 4621 fellis
3335 4559 3381 4603 et
3410 4549 3583 4621 botrus

2079 4624 2430 4678 am’arissimus
2461 4624 2607 4692 ipsis.
3171 4619 3178 4621 “
3513 4619 3583 4677 88

2670 4711 2926 4767 ESAIAS.

2006 4804 2136 4871 Cap.
2177 4803 2265 4859 III.
2309 4802 2402 4858 Vw
2432 4802 2614 4855 anima'
2640 4818 2839 4874 eorum,
2871 4802 2956 4868 qui
3003 4803 3352 4874 agitauerunt
3391 4803 3583 4874 cogita-

2080 4880 2265 4928 tionem
2292 4874 2557 4942 pessimam
2581 4872 2824 4942 adversus
2846 4872 3140 4939 semetipsos
3170 4875 3412 4940 dicentes,
3444 4872 3580 4928 Alli-

2077 4962 2249 5015 gemus
2265 4947 2489 5015 justum,
2520 4945 2642 5015 quia
2666 4941 2859 4995 inutilis
2887 4954 2959 4996 est
2988 4944 3150 4997 nobis.
3512 4945 3581 4999 85

2008 5013 2096 5070 III.
2140 5013 2391 5085 Dominus
2419 5014 2472 5067 in
2511 5014 2771 5085 Judicium
2818 5017 2998 5080 ueniet,
3048 5030 3163 5068 cum
3208 5015 3490 5069 senioribus
3534 5023 3580 5085 et

2079 5084 2393 5153 principibus
2421 5081 2615 5152 populi.
3510 5081 3581 5153 δι

2009 5150 2089 5209 νζ
2115 5150 2389 5225 Enpeetavi
2420 5165 2473 5207 ut
2490 5150 2569 5223 fut
2581 5162 2681 5208 cret
2707 5170 2876 5221 uvam,
2908 5157 3022 5225 fecit
3047 5164 3216 5208 autem
3237 5154 3435 5223 spinas.
3510 5150 3580 5225 θξί

2006 5224 2324 5296 γλιηγὶξῃο
2352 5220 2693 5296 concipiegit
2715 5220 2877 5296 pariet
2905 5220 3090 5296 filium.
3136 5291 3145 5296 Δ
3264 5220 3274 5223 ’
3313 5291 3344 5296 __
3510 5220 3580 5276 75

2006 5295 2172 5351 XXV.
2214 5291 2281 5351 Ei
2309 5297 2459 5365 faciet
2490 5291 2737 5352 Dominus
2768 5291 2913 5365 Deus:
2933 5291 3157 5347 Sabaoth
3187 5291 3428 5365 omnibus
3458 5308 3582 5362 gen-

2078 5367 2229 5430 tibus,
2257 5362 2320 5419 iti
2358 5379 2527 5419 monte
2565 5367 2661 5419 isto
2691 5366 2854 5417 bibent
2896 5363 3150 5429 ltetitiam,
3184 5362 3348 5414 bibent
3385 5363 3576 5423 uinum,

2078 5447 2330 5506 ungentur
2358 5445 2615 5506 unguento
2646 5436 2697 5485 in
2725 5443 2894 5506 monte
2932 5435 3064 5506 isto._
3336 5499 3347 5506 _
3509 5430 3579 5506 82

2007 5499 2194 5562 XXVI.
2239 5499 2522 5577 Resurg'vnt
2549 5503 2758 5569 mortui,
2783 5513 2829 5556 et
2855 5502 3232 5555 suscitabuntur
3260 5499 3347 5570 qui
3378 5508 3497 5577 sunt

2079 5578 2382 5645 sepulchris.
2404 5569 2427 5577 ’
2827 5642 2837 5645 Α
2869 5642 2877 5645 _
3261 5569 3280 5645 ς
3465 5569 3580 5645 _105

2013 5638 2255 5703 XXXVI.
2298 5644 2561 5707 Mulieres,
2591 5658 2703 5718 qua!
2728 5642 2904 5718 penitis
2943 5659 2980 5718 _a
3017 5640 3323 5718 spectaculo,
3368 5638 3577 5718 venite;

2086 5735 2186 5773 non
2212 5718 2347 5773 enim
2371 5726 2444 5771 est
2475 5710 2692 5784 populus
2720 5713 2907 5768 habens
2938 5710 3260 5771 intellectum.
3511 5710 3580 5765 93
