3902 6416
1396 704 1558 748 ANNO
1615 703 1831 746 DOMINI
1884 702 2098 747 CCCCX.

1027 934 1672 1212 RUF
1689 935 2036 1211 IN
2062 933 2448 1210 US

325 1399 1782 1582 AQUILEIENSIS
1925 1398 3114 1562 PRESBYTER.

1357 1719 2124 1771 -ψ--ι

760 1927 1287 2016 NOTITIA
1357 1928 1522 2014 EX
1581 1925 2608 2015 SCHOENEMANNO
2673 1926 2723 1976 ’ί

897 2149 1275 2214 (Bibliotheca
1307 2149 1540 2204 Patrum
1586 2150 1919 2205 Latinorum
1954 2147 2584 2216 historico-litteram).

745 2593 780 2658 §
813 2593 839 2648 1
885 2592 1028 2646 Vita.

149 2712 471 2776 Cognomen
497 2709 888 2762 diversissime
912 2708 1082 2760 scribi
1106 2708 1252 2762 solet
1275 2708 1536 2766 Toranus,
1562 2708 1690 2757 Tur-

98 2801 298 2866 ranius,
335 2800 680 2866 Tyrannius.
706 2803 912 2850 Annus
940 2799 1147 2851 natalis
1175 2799 1304 2864 ejus
1335 2811 1370 2850 a
1398 2797 1688 2850 Blondello

100 2892 328 2956 scriptus
379 2895 475 2943 est
521 2887 642 2944 345.
687 2890 1017 2953 Fontanius,
1058 2901 1232 2953 quem
1266 2902 1372 2940 nos
1404 2888 1463 2939 in
1485 2887 1691 2939 adum-

97 2979 298 3032 branda
320 2981 507 3045 hujus
533 2978 781 3030 doctoris
808 2978 924 3031 vita
946 2978 1310 3042 potissimum
1329 2990 1635 3041 sequemur
1651 2985 1688 3040 ⁸,

97 3071 301 3122 nullum
332 3069 579 3123 delinire
601 3069 792 3134 audet,
821 3069 1196 3121 Concordiam
1231 3073 1426 3120 tamen
1449 3067 1690 3133 patriam

99 3160 278 3212 tribuit
319 3162 498 3224 cujus
551 3159 798 3210 rationes
840 3171 958 3210 non
996 3158 1183 3223 magis
1226 3157 1523 3222 expeditas
1561 3168 1690 3208 esse

101 3262 255 3314 quam
272 3251 408 3302 anni
423 3249 750 3301 nativitatis
761 3249 830 3300 de
843 3249 1055 3300 Rubeis
1067 3253 1284 3300 censet.
1298 3247 1510 3299 Adulta
1521 3251 1692 3299 astate

102 3339 398 3404 Aquileiam
415 3351 481 3391 se
513 3339 766 3400 contulit,
793 3339 1128 3391 monasticae
1153 3337 1383 3390 vivendi
1401 3337 1614 3402 regulae
1632 3337 1693 3388 in

107 3431 438 3483 monasterio
450 3428 613 3494 quod
625 3429 919 3481 Athanasii
929 3429 1020 3480 ins
1026 3429 1131 3480 titu
1137 3429 1384 3480 tionibus
1387 3427 1694 3493 primordia

103 3519 334 3573 debebat
347 3532 569 3573 nomen
579 3519 837 3584 daturus,
851 3520 1043 3583 ibique
1055 3525 1187 3585 post
1196 3518 1412 3583 aliquot
1425 3519 1693 3584 temporis

103 3611 332 3674 spatium
367 3609 584 3662 litteris
619 3614 677 3661 et
698 3609 827 3662 ﬁdei
870 3609 1209 3662 Christianae
1239 3609 1499 3661 formulis
1533 3607 1696 3659 addi-

103 3701 310 3752 scendis
352 3704 766 3753 consecratum
812 3699 1134 3764 baptizatus
1167 3703 1258 3751 est
1297 3711 1333 3750 a
1373 3697 1696 3749 Chromatio

103 3791 439 3857 presbytero,
466 3788 792 3852 digniorem
817 3789 959 3842 forte
983 3793 1122 3841 tunc
1144 3788 1291 3840 inter
1315 3787 1696 3852 Aquileiensis

103 3879 351 3932 Ecclesia:
396 3879 770 3946 presbyteros
813 3877 1004 3931 locum
1050 3882 1298 3939 tenente,
1343 3877 1704 3928 ministrante

104 3970 488 4023 archidiacono
507 3968 718 4020 Jovino
743 3973 802 4020 et
824 3973 1154 4032 susceptore
1179 3968 1424 4020 Eusebio
1441 3967 1701 4029 diacono,
1725 3985 1778 4058 Β

106 4058 190 4121 qui
206 4065 369 4111 antea
389 4057 682 4112 catechesi
700 4057 859 4109 illum
885 4059 1170 4108 imbuerat
1187 4057 1226 4108 ’³.
1249 4058 1406 4108 Intra
1426 4056 1535 4108 hoc
1553 4061 1701 4108 tem-

106 4161 201 4212 pus
223 4164 352 4202 cum
378 4152 436 4205 S.
459 4149 832 4213 Hieronymo,
851 4148 950 4212 qui
965 4153 1021 4200 et
1033 4152 1169 4200 ante
1184 4148 1290 4200 iter
1304 4147 1365 4198 in
1382 4147 1592 4199 Gallias
1607 4145 1701 4198 ali-

107 4242 421 4306 quantisper
453 4241 522 4293 in
553 4239 756 4292 eodem
788 4239 1136 4306 monasterio
1161 4243 1550 4310 commoratus
1572 4250 1701 4290 esse

106 4328 328 4393 videtur,
373 4336 435 4384 et
491 4333 630 4396 post
659 4329 909 4382 reditum
936 4328 1150 4380 ibidem
1183 4328 1460 4393 substitit,
1485 4332 1702 4380 arctam

420 4419 715 4476 contraxit
736 4423 958 4473 mutuas
973 4418 1201 4472 virtutis
1226 4416 1702 4483 contemplatione

165 4643 181 4663 '
199 4637 342 4688 Just.
372 4634 754 4696 Fontanlnus,
778 4635 1025 4702 archiep.
1052 4639 1414 4702 Ancyranus,
1458 4635 1704 4687 Historia

113 4705 358 4758 titteraria
383 4708 744 4774 Aquiteiensi,
772 4720 906 4771 qua;
929 4709 1184 4772 quinque
1199 4709 1357 4760 libris
1374 4713 1620 4772 constat,
1646 4713 1704 4760 et

113 4784 226 4841 post
255 4786 502 4834 mortem
535 4780 788 4832 auctoris
826 4781 1024 4832 Roma:
1062 4780 1286 4844 1742-4,
1320 4781 1530 4846 publici
1557 4781 1703 4841 juris

113 4849 246 4902 facta
278 4858 385 4916 est,
425 4852 645 4917 optime
687 4856 746 4903 et
782 4852 1173 4916 copiosissime
1211 4853 1282 4904 de
1315 4853 1506 4904 Ruﬁni
1529 4853 1704 4904 rebus

114 4923 294 4985 gestis,
328 4925 561 4988 scriptis
593 4935 910 4987 eorumque
943 4924 1238 4976 codicibus
1270 4925 1408 4976 Mss.
1444 4929 1502 4976 et
1535 4924 1706 4975 editis

115 4991 384 5046 disseruit.
415 4997 546 5047 Non
579 5007 762 5058 pauca
791 5000 986 5047 tamen
1006 4996 1338 5060 diligentius
1363 4996 1623 5047 excussit
1649 5000 1707 5046 et

117 5065 391 5128 explorata
431 5065 633 5118 retulit
675 5068 837 5118 Joan.
882 5069 1083 5119 Franc.
1122 5069 1392 5120 Bernard.
1429 5068 1603 5118 Maria
1635 5068 1706 5118 de

117 5134 309 5188 itubeis
330 5137 702 5190 accuratioris
718 5138 996 5192 doctrinae
1021 5138 1190 5191 laude
1214 5139 1457 5204 insignis
1482 5140 1541 5190 in
1563 5139 1707 5190 libro

116 5205 366 5274 inscripto
392 5226 404 5261 :
433 5210 843 5260 Dissertationcs
868 5212 1008 5272 duce,
1032 5227 1272 5276 quarum
1287 5213 1470 5277 prima
1487 5213 1547 5260 de
1569 5211 1704 5259 Tur-

117 5293 260 5329 ranio
290 5298 378 5331 seu
413 5282 698 5346 Tyrannio
733 5283 930 5345 Ruﬁno
963 5284 1230 5333 monacho
1252 5289 1297 5332 et
1320 5284 1512 5348 presb.,
1535 5284 1704 5332 altera

119 5350 171 5419 tle
193 5355 395 5402 vetustis
434 5354 706 5416 titurgicis
732 5353 962 5419 aliisque
991 5357 1161 5404 sacris
1187 5355 1409 5415 ritibus;
1440 5355 1710 5418 Venetiis,

121 5418 316 5499 ᾔδει-4.
343 5427 669 5490 Utrumque
684 5418 932 5479 invicem
957 5441 1075 5479 non
1097 5427 1224 5480 sine
1240 5427 1506 5479 molestia
1522 5432 1716 5478 contu-

79 5490 286 5585 almus,
304 5510 557 5585 quaeque
575 5499 806 5585 Rube'us
824 5501 1041 5582 certius
1063 5499 1150 5552 vel
1167 5500 1531 5585 verisimilius
1545 5499 1717 5565 expli-

87 5570 445 5703 ieaeislettaut
478 5570 883 5634 adoptavimus
913 5573 1130 5639 statim,
1169 5577 1271 5625 aut
1293 5571 1571 5625 adnotare
1594 5586 1712 5624 non

247 5654 496 5695 eximus.
602 5668 614 5676 -

247 5654 496 5695 exunus.
602 5668 614 5676 '

89 5712 199 5859 ³-
227 5783 475 5838 Nonnulla
497 5787 556 5836 in
583 5789 675 5838 hac
692 5787 876 5838 Notitia
905 5789 1173 5840 emendare
1197 5787 1276 5840 vel
1305 5793 1453 5842 etiam
1477 5804 1700 5843 resecare
1724 5804 1926 5844 necesse
1948 5790 2240 5859 habuimus,
2264 5807 2380 5856 qua
2403 5795 2908 5844 Schmnemannueex
2931 5806 3025 5846 suo
3051 5795 3106 5845 in
3133 5797 3426 5847 catholicam

1467 5986 2000 6098 123270
3182 5986 3212 6048 ¹

168 5858 265 5909 dem
286 5865 401 5914 odio
421 5866 732 5926 expressisse
757 5866 978 5916 videtur.
1001 5869 1144 5918 Enn.

405 5981 701 6042 PATROL.
741 5982 912 6048 XXI,

1705 2598 1766 2669 Α
1791 2596 1850 2644 et
1878 2603 2072 2644 amore
2103 2591 2442 2644 innutritam
2475 2596 2535 2644 et
2563 2590 2772 2644 animis
2793 2587 3228 2642 otﬁciosissimis
3252 2600 3397 2642 con-

1790 2681 2265 2746 glutinatam.Sed
2277 2687 2590 2746 antequam
2602 2680 2955 2745 baptismum
2965 2680 3209 2732 Rufinus
3223 2679 3398 2730 susci-

1787 2776 1966 2837 peret,
1991 2771 2084 2823 hic
2105 2772 2165 2823 in
2191 2772 2483 2824 Orientem
2508 2771 2800 2837 profectus
2831 2775 2936 2834 est,
2972 2771 3141 2835 cujus
3166 2769 3396 2821 visendi

1788 2860 2070 2914 desiderio
2094 2862 2266 2913 etiam
2283 2863 2528 2913 Ruﬁnus
2552 2861 2851 2926 ﬂagrabat.
2875 2862 3208 2925 Opportune
3221 2859 3397 2924 igitur

1789 2951 1994 3002 accidit
2008 2956 2074 3002 ut
2089 2952 2143 3002 S.
2165 2951 2420 3016 Melania,
2433 2949 2641 3002 nobilis
2652 2953 2927 3013 Romana,
2940 2948 3396 3013 Hierosolymam

1788 3041 2187 3106 proﬁciscendi
2223 3041 2529 3092 consilium
2575 3041 2840 3105 cepisset,
2888 3041 2979 3091 cui
3021 3040 3287 3090 comitem
3333 3051 3395 3090 se

1791 3131 1993 3182 eodem
2024 3143 2138 3194 quo
2172 3131 2493 3195 baptizatus
2525 3135 2647 3182 erat
2678 3143 2832 3181 anno
2865 3129 3108 3180 Ruﬁnus
3128 3127 3397 3192 adjunxit

1791 3221 1972 3271 Roma
2015 3233 2169 3271 anno
2220 3219 2318 3275 371
2360 3219 2574 3284 relicta,
2617 3218 3024 3272 Alexandriam
3074 3231 3228 3270 anno
3271 3214 3396 3282 372,

1792 3311 2026 3362 vivente
2046 3309 2236 3362 adhuc
2250 3309 2588 3372 Athanasio,
2604 3309 3018 3374 applicuerunt.
3038 3309 3186 3359 Hinc
3200 3320 3400 3360 mona-

1794 3399 1934 3451 chos
1966 3399 2192 3464 zEgypti
2213 3400 2412 3452 invisit
2436 3401 2698 3464 Ruﬁnus,
2724 3401 2894 3464 cujus
2922 3398 3196 3451 nuntium
3219 3397 3400 3450 semel

1792 3489 2118 3553 iterumque
2133 3489 2206 3541 ad
2224 3504 2286 3541 se
2301 3490 2360 3540 in
2376 3502 2634 3542 eremum
2645 3488 2929 3554 perlatum
2941 3489 3327 3554 Hieronymus
3341 3488 3402 3539 in

1794 3581 2040 3644 Egypto
2076 3579 2324 3632 moranti
2355 3579 2642 3645 signiﬁcat
2669 3592 2704 3629 ο.
2732 3581 2802 3632 Et
2825 3592 2957 3632 cum
2982 3580 3197 3644 Ariani,
3221 3579 3401 3631 Atha-

1795 3669 1958 3722 nasio
1979 3675 2225 3734 mortuo,
2251 3669 2397 3722 duce
2424 3670 2593 3722 Lucio
2626 3669 3030 3723 Alexandrinas
3053 3670 3209 3722 sedis
3237 3669 3403 3721 inva-

1798 3772 1943 3822 sore,
1968 3759 2218 3812 nefanda
2240 3760 2598 3813 immanitate
2615 3765 2673 3812 et
2687 3760 2844 3812 omni
2859 3760 3175 3812 facinorum
3191 3771 3402 3824 genere

1803 3849 1863 3901 in
1878 3849 2230 3902 orthodoxos
2261 3849 2625 3902 Alexandriae.
2648 3853 2706 3902 et
2724 3863 2825 3915 per
2835 3863 3093 3902 eremum
3108 3850 3400 3912 saevirent,

1802 3939 1994 4004 ipsum
2011 3951 2240 4004 quoque
2258 3939 2498 3992 furentis
2516 3941 2874 4005 tempestatis
2891 3940 3186 3992 calamitas
3203 3938 3405 3990 feriit‘.

1797 4028 2182 4093 Tandem,sex
2194 4029 2562 4080 mensibusin
2573 4032 2816 4095 Egypto
2827 4043 2960 4081 cum
2976 4029 3216 4081 Melania
3228 4033 3408 4080 trans¢

1800 4118 1972 4182 actis,
2027 4131 2161 4170 cum
2210 4117 2417 4170 eadem
2463 4120 2777 4171 monachos
2821 4120 3181 4172 confessores
3204 4119 3406 4171 exsilio

1800 4206 2108 4260 mulctatos
2126 4209 2184 4259 in
2202 4208 2568 4261 Palaastinam
2585 4210 2892 4262 comitatus
2917 4215 3024 4275 est,
3049 4210 3149 4261 ubi
3169 4208 3272 4261 ulli
3290 4209 3408 4274 qui-

1802 4298 1934 4350 dem
1955 4298 2104 4350 circa
2131 4298 2546 4351 Dioczesaream
2563 4300 2968 4352 consederunt.
2988 4299 3231 4353 Melania
3249 4299 3410 4352 brevi

1801 4393 1934 4455 post
1972 4401 2126 4442 anno
2163 4388 2286 4455 373,
2331 4395 2464 4455 post
2505 4403 2543 4442 v
2575 4389 2688 4442 Cal.
2721 4390 2962 4456 Apriles,
3001 4395 3067 4443 ut
3089 4391 3411 4442 Fontanino

1865 4646 1888 4676 ι·
1916 4641 2002 4693 ita
2025 4641 2280 4704 Rubeus,
2305 4652 2428 4706 cap.
2465 4639 2519 4705 2,
2548 4653 2604 4707 p.
2641 4637 2676 4694 8
2711 4651 2858 4704 sqq.,
2893 4640 3068 4692 verba
3096 4639 3287 4692 Ruﬁni
3324 4639 3412 4691 in-

1805 4717 1951 4765 vect.
1981 4713 2032 4776 1,
2056 4726 2112 4764 n.
2139 4713 2192 4777 4,
2215 4718 2346 4778 apte
2361 4717 2419 4765 et
2433 4714 2640 4765 ritibus
2658 4711 3040 4764 Ecclesiarum
3055 4712 3410 4764 convenien-

1806 4788 1890 4836 ter
1917 4783 2325 4848 interpretatus
2359 4789 2448 4837 est
2470 4785 3035 4848 additque,incertum
3066 4799 3186 4848 esse,
3214 4799 3324 4848 qua
3348 4784 3411 4833 de

1805 4870 1970 4905 causa
2003 4857 2325 4906 Valerianus
2349 4857 2622 4922 episcopus
2646 4856 2894 4919 abfuerit,
2915 4855 3004 4904 sed
3020 4871 3130 4904 non
3157 4855 3415 4904 dubitan-

1806 4927 1939 4976 dum
1959 4929 2097 4991 quin
2118 4934 2232 4990 post
2256 4929 2584 4992 baptismum
2610 4930 2841 4990 Ruﬁnus
2869 4928 2942 4976 ad
2962 4927 3120 4976 illum
3149 4929 3415 4976 adductus

1805 4999 1988 5061 fuerit,
2011 5015 2163 5049 sacro
2186 5001 2476 5049 chrismate
2500 5001 2798 5064 ungendus.
2827 5003 3004 5051 Secus
3031 4999 3410 5062 Fontauinus,

1807 5071 2160 5134 baptizatum
2183 5084 2218 5123 a
2256 5071 2546 5123 Valeriano
2563 5084 2670 5136 ep.,
2691 5071 3120 5135 susceptoribus
3147 5071 3418 5136 baptismi

1809 5141 2154 5207 Chromatio,
2177 5144 2385 5194 Jovino
2413 5148 2470 5196 et
2492 5143 2758 5207 Eusebio,
2787 5143 3000 5197 scribit.

1869 5244 1888 5268 ο
1914 5233 2010 5297 Ep.
2047 5232 2095 5297 1,
2121 5232 2192 5285 al.
2220 5232 2322 5297 41;
2349 5231 2402 5297 ‘2,
2428 5233 2500 5284 al.
2527 5232 2578 5287 5.

1873 5321 1893 5350 ⁴
1933 5323 2059 5374 Ruf.
2106 5323 2266 5387 Apol.
2313 5325 2354 5374 Ι.
2384 5336 2444 5386 ιι,
2494 5339 2596 5389 cap
2632 5325 2684 5388 3,
2720 5325 2817 5378 ubi
2853 5322 3197 5377 horrendam
3233 5323 3409 5376 istam

1737 5369 1786 5446 C
1806 5393 2086 5446 orthodox
2095 5369 2260 5445 orum
2283 5369 2535 5459 stragem
2553 5369 2806 5448 cruenti-3
2821 5397 3104 5449 coloribus
3123 5396 3415 5460 describit,

1814 5471 1873 5590 1et
1926 5479 1988 5518 se
2023 5479 2269 5591 (imoque
2306 5479 2710 5532 Oppressorum
2756 5470 2817 5520 in
2842 5467 3184 5535 passionibus
3206 5469 3412 5518 socium

1839 5538 1996 5591 uisse
2061 5539 2180 5591 icit.

1839 5538 1996 5591 uisse
2023 5539 2180 5591 dicit.
