3902 6400
509 262 571 320 11

1498 262 1803 316 RUFINUS
1841 263 2333 327 AQUILEIENSIS
2367 262 2803 317 PRESBYTER.

3731 252 3795 309 12

510 364 698 432 placet
731 372 770 429 ',
805 362 1261 428 Hierosolymam
1295 363 1608 428 contendit,
1639 362 1884 416 Ruﬁnus
1915 370 2110 417 autem
2137 364 2593 445 AHieronymus
2636 377 2754 416 non
2801 364 2988 416 solum
3037 366 3104 415 ut
3154 372 3424 427 respuere
3462 372 3525 411 se
3552 356 3809 422 Origenis

512 454 923 508 Alexandriam
947 453 1185 518 repetiit.
1200 453 1392 517 ibique
1417 466 1517 504 sex
1540 466 1723 504 annos
1744 454 1805 504 in
1829 456 2113 506 consortio

519 550 577 597 et
610 544 971 595 institutione
997 543 1224 607 Didymi
1247 548 1305 594 et
1326 542 1566 594 aliorum
1591 548 1728 594 tunc
1750 542 2115 609 Alexandria

516 634 842 685 ﬂorentium
875 632 1171 683 doctorum
1205 635 1469 683 versatus
1492 637 1599 695 est,
1630 632 2007 697 Origenisque
2031 633 2117 684 in-

518 724 754 788 genium
785 722 1051 774 adamare
1089 721 1286 785 capit,
1322 721 1551 773 tametsi
1582 735 1701 772 non
1733 734 1964 773 omnem
1990 722 2115 787 ejus

520 812 837 864 doctrinam
849 810 1210 875 amplexatus
1222 810 1401 862 videri
1412 810 1791 863 debet.Rediit
1802 811 2117 877 Hierosoly-

516 914 692 967 mam,
710 902 758 953 si
781 913 913 953 cum
932 900 1249 952 Fontanino
1264 899 1545 952 calculum
1561 914 1772 965 ponere
1780 902 2116 967 institueris,

519 1003 672 1044 anno
696 990 827 1055 377;
856 990 950 1043 hic
973 990 1128 1042 enim
1154 994 1356 1041 sextus
1373 992 1635 1043 currebat
1657 1003 1690 1042 a
1712 991 1893 1055 primo
1913 993 2037 1057 ejus
2057 992 2118 1044 in

517 1082 826 1146 Egyptum
850 1080 1107 1132 adventu
1128 1078 1168 1144 ’³,
1196 1080 1477 1144 rediitque
1506 1094 1573 1132 eo
1595 1081 1813 1145 animo,
1842 1086 1911 1134 ut
1933 1086 2118 1134 totum

520 1183 584 1223 se
600 1170 868 1235 deinceps
884 1169 1022 1221 vita
1038 1168 1372 1221 monastica
1389 1169 1655 1230 traderet,
1674 1169 2024 1235 cellulasque
2037 1170 2118 1222 in-

517 1259 803 1313 habitavit
820 1260 881 1310 in
894 1263 1091 1311 monte
1107 1258 1330 1323 Oliveti,
1350 1272 1481 1323 qua
1497 1260 1568 1311 ab
1584 1259 1707 1311 aliis
1724 1261 1895 1312 etiam
1915 1273 2118 1325 quam-

515 1349 775 1416 plurimis
785 1349 1081 1402 monachis
1092 1348 1619 1411 frequentabantur.
1636 1350 2046 1414 Hierosolymis
2056 1351 2117 1402 in

520 1439 709 1493 varias
725 1439 1051 1503 adjacentcs
1068 1438 1329 1503 regiones
1340 1438 1411 1490 ad
1424 1439 1695 1490 visendos
1707 1440 1949 1492 eximios
1963 1440 2117 1492 viros

521 1527 790 1589 excurrit,
829 1528 1070 1579 fortasse
1107 1528 1280 1578 etiam
1308 1526 1713 1580 Alexandriam
1746 1528 1956 1580 iterum
1980 1542 2113 1581 cum

523 1618 782 1682 Melania,
804 1630 976 1681 quam
1001 1617 1147 1668 circa
1168 1617 1319 1667 idem
1343 1621 1571 1681 tempus
1600 1620 1907 1683 Egyptum
1932 1623 2115 1671 teten-

2213 453 2469 506 hareses
2513 454 2786 506 omnibus
2827 458 3101 505 testatum
3148 451 3377 513 faceret,
3417 450 3469 502 S.
3502 446 3811 513 Epiphanio

2220 544 2481 608 (O-rigenis
2520 548 2564 592 ct
2602 544 2835 593 Joannis
2883 543 3215 606 adversario)
3265 540 3531 602 adhaesit,
3577 536 3681 589 sed
3719 548 3813 600 per

2214 632 2528 685 monachos
2596 633 2768 684 etiam
2827 632 3313 692 Bcthleemiticos,
3365 628 3518 693 quod
3583 638 3814 678 monas-

2214 722 2339 774 terii
2384 722 2555 773 unius
2608 722 2871 773 conditor
2915 726 3070 773 esset
3112 719 3481 785 Epiphanius,
3529 717 3588 768 in
3622 719 3811 780 partes

2214 816 2337 873 ejus
2371 811 2822 877 pertrahebatur.
2860 812 3067 863 Ruﬁno
3101 815 3312 871 autem,
3345 807 3436 860 cui
3464 820 3565 873 per
3594 808 3813 870 septem

2212 902 2330 955 fere
2352 913 2538 954 annos
2562 914 2696 954 cum
2709 904 2930 954 Joanne
2952 900 3241 953 familiaris
3261 895 3617 951 consuetudo
3641 895 3813 947 inter-

2216 994 2483 1053 cesserat,
2532 992 2745 1056 quique
2784 993 2858 1045 ab
2892 991 3089 1042 eodem
3124 989 3281 1042 haud
3314 988 3486 1040 dubie
3518 986 3813 1052 presbyter
3878 1034 3879 1039 η

2216 1081 2512 1135 ordinatus
2538 1086 2676 1146 erat,
2700 1094 2819 1134 non
2844 1086 3055 1134 temere
3077 1081 3284 1133 licebat
3305 1080 3376 1131 ab
3402 1092 3469 1130 eo
3491 1074 3709 1129 revelli.
3736 1073 3816 1126 Li-

2216 1171 2457 1236 tigatum
2474 1176 2563 1223 est
2578 1171 2847 1236 utrinque
2863 1170 3069 1223 animis
3084 1169 3328 1233 infestis,
3344 1168 3468 1220 aliis
3485 1165 3593 1219 alia
3606 1176 3812 1229 suppe-

2218 1262 2373 1313 tente
2387 1260 2667 1313 irascendi
2684 1274 2873 1313 causa.
2892 1262 3031 1313 Nam
3044 1259 3393 1325 Epiphanius
3408 1259 3683 1320 tanquam
3695 1252 3816 1306 Ori-

2216 1350 2502 1416 genistam
2542 1352 2828 1404 Joannem
2868 1348 3445 1413 insectari;Joannes
3462 1342 3817 1398 ordinatione

2217 1438 2531 1492 Pauliniani
2582 1440 2771 1493 fratris
2816 1438 3147 1504 Hieronymi
3193 1438 3254 1489 in
3294 1438 3697 1503 presbyterum
3747 1432 3818 1483 ab

2217 1529 2532 1594 Epiphanio
2554 1528 2614 1580 in
2648 1528 2895 1594 paracia
2920 1539 3026 1579 sua
3054 1526 3204 1578 facta
3221 1526 3335 1591 juri
3360 1536 3465 1576 suo
3497 1523 3697 1587 inique
3719 1520 3820 1572 de-

2218 1623 2464 1671 tractum
2493 1631 2642 1681 esse,
2664 1630 2895 1682 urgere;
2916 1618 3302 1680 Hieronymus
3321 1628 3437 1666 non
3460 1624 3672 1666 vanam
3694 1623 3819 1662 om-

524 1707 680 1759 disse
715 1710 956 1758 constat.
1006 1706 1151 1757 Dein
1186 1705 1378 1770 plures
1410 1718 1595 1757 annos
1628 1720 1759 1757 cum
1792 1707 2032 1759 Melania
2057 1708 2117 1759 in
2144 1753 2196 1773 π
2219 1707 2356 1759 nino
2377 1707 2555 1759 fuisse
2568 1706 2907 1773 suspicionis
2925 1701 3555 1769 deOz-igenisharesiin
3567 1713 3630 1753 se
3646 1713 3723 1751 ex
3735 1699 3819 1750 fa-

528 1753 678 1759 --τη
721 1753 952 1758 ---ψη
1006 1753 1039 1757 _
1065 1753 1151 1757 -_
1186 1753 1372 1770 ,___--
1413 1753 1591 1757 w__--
1634 1753 1759 1757 -__
1794 1753 2032 1759 __-_W_w
2057 1753 2117 1759 __
2221 1753 2352 1759 __-
2378 1753 2904 1773 ---ηηηττωηη
2932 1753 2992 1757 __
3020 1753 3295 1769 --Ἰν-η,
3327 1753 3360 1755 _,
3415 1753 3423 1754 ,

524 1797 713 1849 omnis
742 1796 969 1861 generis
984 1795 1312 1847 hominibus
1328 1794 1460 1846 illuc
1474 1796 1696 1860 pietatis
1714 1809 1888 1848 causa
1902 1797 2119 1850 adven—
2144 1753 2199 1828 Β
2223 1796 2544 1848 miliaritate
2569 1809 2701 1847 cum
2730 1796 2935 1847 Ruﬁno
2969 1794 3275 1858 aliquando
3298 1794 3561 1844 subnata
3580 1802 3818 1841 causam

526 1885 783 1938 tantibus
826 1884 1131 1936 liberaliter
1174 1884 1523 1950 excipiendis
1564 1886 1859 1950 impendit.
1894 1889 2117 1940 Interea.

525 1976 941 2040 Hieronymum
983 1975 1175 2039 ipsum
1213 1980 1269 2026 et
1301 1975 1515 2026 amicos
1548 1977 1725 2027 veteri
1758 1988 1825 2027 ac
1847 1977 2119 2029 diuturna

524 2064 949 2119 necessitudine
972 2062 1265 2128 copulatos
1288 2068 1605 2128 mutuoque
1622 2063 1858 2117 alterius
1885 2066 2118 2119 videndi

526 2154 827 2218 desiderio,
846 2153 985 2205 dum
1000 2153 1231 2218 propius
1246 2152 1489 2205 invicem
1506 2154 1967 2220 admoverentur,
1989 2169 2119 2207 sus-

524 2258 756 2311 pensos,
800 2243 944 2295 mira
974 2244 1240 2307 quadam
1278 2256 1516 2295 casuum
1550 2248 1606 2295 et
1633 2250 1948 2297 eventuum
1978 2258 2119 2297 con-

522 2333 695 2387 nexio
726 2332 1040 2385 identidem
1071 2332 1352 2396 distraxit,
1390 2346 1509 2384 non
1536 2333 1697 2386 aliter
1727 2347 1795 2387 ac
1824 2336 1874 2386 si
1897 2334 2120 2387 occulta

525 2424 717 2488 aliqua
774 2423 862 2476 vis
925 2423 1033 2474 hac
1095 2423 1221 2487 ipsa
1270 2423 1551 2475 divisione
1601 2424 1924 2475 animorum
1978 2438 2119 2476 con-

521 2513 807 2580 junctioni
841 2512 1249 2578 prospexisset,
1300 2525 1474 2576 quam
1512 2519 1739 2578 ruptam
1767 2514 1834 2565 iri
1866 2514 2121 2579 ipsorum

447 2674 452 2679 ~
527 2602 936 2667 congressibus
959 2602 1337 2667 prasentiret.
1360 2604 1502 2653 Nam
1521 2614 1653 2654 cum
1676 2603 1924 2667 primum
1945 2605 2005 2654 in
2027 2606 2122 2655 Pa-

434 5672 477 5686 δι’

527 2693 814 2747 lastinam
843 2691 1085 2742 Ruﬁnus
1105 2691 1492 2755 adventasset,
1517 2691 1705 2743 adhuc
1726 2692 1787 2744 in
1809 2706 1999 2745 eremo
2024 2692 2125 2745 de-

530 2784 704 2849 gebat
749 2782 1153 2846 Hieronymus,
1206 2781 1307 2833 sed
1340 2781 1558 2833 litteras
1596 2782 1859 2834 amicitia
1896 2783 2126 2847 veteris,

536 2884 712 2938 quam
747 2870 1021 2935 Aquileia
1055 2869 1188 2922 olim
1223 2871 1588 2933 strinxerant,
1622 2876 1800 2923 testes
1840 2883 1992 2924 anno
2025 2870 2129 2927 373

533 2966 737 3015 astate
759 2960 948 3013 media
964 2961 1037 3011 ab
1052 2960 1399 3024 Hieronymo
1417 2961 1656 3025 scriptis
1671 2960 1883 3012 ibidem
1898 2962 2126 3027 recepit.

2220 1886 2585 1946 stomachari,
2614 1885 2787 1951 idque
2819 1885 3076 1951 impense
3098 1884 3304 1945 dolere,
3336 1881 3490 1947 quod
3521 1879 3821 1932 hominem

2216 1976 2462 2029 amicitia
2492 1975 2567 2027 sit
2594 1979 2953 2040 prosecutus,
2979 1974 3076 2038 qui
3104 1972 3324 2025 occulte
3343 1970 3663 2023 haresibus
3686 1969 3821 2020 des-

2219 2078 2469 2132 ponsum
2490 2064 2789 2121 habuisset
2808 2065 3082 2117 animum.
3104 2063 3316 2115 Addita
3334 2063 3425 2114 est
3442 2057 3825 2124 indignationi

2220 2155 2354 2207 huic
2374 2154 2556 2207 fomes
2576 2153 2812 2219 epistola
2833 2154 2905 2205 ab
2918 2152 3230 2218 Epiphanio
3244 2152 3313 2203 de
3323 2150 3676 2203 ordinatione
3687 2148 3826 2200 alie-

2224 2228 2447 2297 no'loco
2470 2258 2505 2297 a
2525 2257 2586 2297 se
2604 2246 2752 2296 facta
2765 2243 2838 2296 ad
2853 2246 3135 2295 Joannem
3155 2242 3372 2293 Hieros.
3395 2241 3620 2305 scripta,
3644 2250 3827 2303 quam

2224 2334 2607 2399 Hieronymus
2621 2335 2681 2385 in
2692 2334 2921 2387 Eusebii
2933 2332 3330 2385 Cremonensis
3343 2331 3523 2383 Graci
3536 2328 3827 2382 sermonis

2223 2424 2405 2489 ignari
2429 2425 2670 2489 gratiam
2692 2424 2867 2487 inque
2886 2423 3139 2488 privatos
3155 2434 3299 2474 usus
3314 2426 3380 2472 ut
3394 2419 3613 2472 homini
3627 2419 3691 2471 in
3708 2431 3832 2471 mo-

2224 2514 2475 2567 nasterio
2510 2526 2615 2566 suo
2648 2514 2903 2566 versanti
2934 2512 3171 2565 latinam
3193 2510 3534 2565 reddiderat.
3562 2508 3662 2560 sed
3691 2521 3829 2573 qua

2226 2604 2377 2656 furto
2410 2604 2599 2655 ablata
2631 2603 2702 2654 ad
2727 2603 3001 2654 Rulinum
3024 2606 3361 2667 pervenerat
3382 2601 3547 2664 eique
3571 2598 3831 2650 occasio-

2225 2705 2361 2744 nem
2402 2692 2638 2744 dederat
2667 2692 2728 2743 in
2757 2692 3063 2757 interprete
3095 2692 3142 2742 si
3164 2704 3283 2743 non
3301 2689 3717 2754 malignitatem
3742 2701 3833 2739 re-

2225 2781 2596 2846 prehendere,
2609 2784 2760 2833 certe
2771 2781 3093 2833 desiderare
3106 2779 3830 2841 veritatem.Hieronymus

2225 2874 2419 2923 autem
2461 2871 2673 2935 agrius
2701 2870 2812 2922 hoc
2838 2871 2982 2937 pati,
3017 2871 3170 2935 quod
3199 2869 3444 2923 Ruﬁnus
3476 2870 3738 2917 Ιιωνρεεοε
3771 2882 3834 2916 ac

2225 2962 2539 3025 dogmatum
2571 2962 2930 3026 perversionis
2962 2960 3311 3010 insimulatus
3347 2957 3491 3008 nihil
3513 2958 3837 3021 respondere

534 3053 684 3105 Dum
699 3050 758 3102 in
774 3038 1017 3115 Egypto
1032 3049 1233 3101 litteris
1250 3062 1480 3115 operam
1494 3055 1733 3102 navaret
1748 3050 2010 3114 Rufinus,
2026 3050 2130 3103 ali-
2158 3044 2207 3119 ί]
2231 3065 2397 3099 ausus
2409 3050 2475 3099 sit
2500 3065 2516 3099 :
2545 3051 2884 3116 interpretem
2909 3051 3177 3114 laceraret,
3203 3050 3264 3100 de
3286 3046 3503 3114 syllabis
3525 3046 3837 3096 calumnia-

538 3140 794 3206 quandiu
829 3139 1147 3191 Antiochia
1182 3139 1567 3205 Hieronymus
1593 3140 1945 3204 substiterat,
1980 3140 2134 3193 unde

537 3228 1084 3293 Constantinopolim
1099 3228 1386 3293 profectus
1402 3234 1523 3280 erat
1538 3241 1605 3281 eo
1618 3229 1742 3294 ipso
1755 3234 2008 3294 tempore
2022 3243 2134 3295 quo

538 3319 781 3372 fortasse
802 3320 1049 3372 Ruﬁnus
1074 3317 1147 3369 ad
1170 3318 1345 3371 breve
1370 3322 1615 3383 tempus,
1646 3318 1695 3369 si
1716 3319 1912 3371 Rubeo
1935 3332 2136 3371 assen-

542 3409 704 3476 seris,
732 3408 1095 3461 Palastinam
1117 3407 1431 3473 repetierat.
1452 3410 1704 3460 Reverso
1720 3407 1967 3473 denique
1982 3422 2134 3462 anno

543 3498 665 3562 385,
691 3503 823 3564 post
837 3503 953 3550 tres
976 3509 1158 3550 annos
1171 3497 1423 3562 integros
1444 3498 1641 3549 Roma
1668 3498 1977 3562 traductos,
2002 3500 2137 3553 Hie-

543 3601 803 3655 ronymo,
854 3587 1079 3640 nullum
1128 3591 1218 3639 est
1267 3587 1506 3638 dubium
1548 3587 1688 3651 quin
1730 3587 2139 3654 Hierosolymis

546 3680 776 3733 obviam
802 3677 909 3730 sibi
922 3677 1056 3730 facti
1074 3676 1331 3743 pristina
1352 3676 1579 3741 pietatis
1600 3690 1666 3728 ac
1690 3677 2003 3730 ofﬁciorum
2024 3692 2141 3732 me-

546 3770 787 3825 moriam
802 3767 1270 3831 instauraverint,
1287 3779 1445 3820 nunc
1458 3766 1532 3819 ad
1546 3768 1720 3821 breve
1737 3773 1962 3821 tantum
1979 3769 2141 3823 dura-

550 3866 756 3915 turam.

615 3950 802 4003 Prima
829 3946 1127 4000 discordia
1153 3944 1373 3999 semina
1402 3944 1547 3997 inter
1567 3946 1724 4011 ipsos
1750 3949 1956 4013 sparsit
1978 3950 2144 4002 Ater-

548 4040 682 4094 hius
716 4038 967 4103 quidam,
1004 4036 1102 4101 qui
1124 4021 1573 4100 Hierosolymam
1602 4036 1852 4103 perlatus
1872 4040 2146 4093 Ruﬁnum

553 4136 830 4195 tanquam
850 4126 1110 4191 Origenis
1125 4130 1451 4178 commenta
1474 4130 1789 4180 sectantem
1806 4130 2033 4194 carpsit,
2051 4144 2147 4182 ea-

554 4220 801 4283 demque
830 4216 1219 4270 criminatione
1235 4216 1645 4279 Hieronymum
1662 4222 1938 4282 tanquam
1957 4220 2149 4272 Ruﬁni

554 4308 803 4363 amicum
833 4311 889 4359 et
910 4305 1170 4371 Origenis
1192 4304 1543 4358 laudatorem
1560 4307 1829 4360 traduxit.
1856 4309 2016 4361 Tunc
2034 4308 2150 4375 pri-

554 4412 718 4465 mum
732 4397 1024 4451 alienatior
1036 4409 1070 4448 a
1083 4395 1290 4447 Ruﬁno
1306 4395 1488 4448 factus
1502 4402 1590 4449 est
1602 4398 1999 4463 Hieronymus.
2014 4401 2148 4452 Mox

561 4489 630 4555 (a.
676 4486 796 4554 394)
844 4490 1087 4550 uterque
1126 4486 1188 4536 in
1227 4498 1461 4537 causam
1506 4487 1805 4552 Epiphanii
1847 4488 2148 4543 Salaminis

560 4577 810 4644 episcopi
826 4580 883 4630 et
895 4575 1133 4629 Joannis
1149 4574 1646 4642 Hierosolymitani
1659 4577 1989 4632 involvitur.
2002 4581 2149 4633 Nam

628 4901 646 4923 ·
681 4892 851 4945 Anno
892 4891 998 4949 373
1041 4892 1265 4946 cadenti
1305 4893 1399 4946 vel
1441 4894 1730 4960 appetenti
1761 4899 1864 4948 aut
1905 4895 2153 4948 currenti

562 4964 737 5018 etiam
767 4977 861 5017 an.
894 4964 999 5020 374
1027 4966 1098 5018 de
1121 4965 1333 5017 Rubeis
1361 4978 1482 5030 cap.
1516 4968 1568 5030 7,
1593 4967 1869 5032 assignat.
1902 4967 2156 5019 Pendent

561 5035 832 5088 nimirum
855 5035 981 5089 hac
1006 5050 1079 5090 ex
1099 5036 1326 5088 diversa
1347 5037 1483 5088 anni
1499 5038 1832 5089 emortualis
1856 5037 2156 5089 Athanasii

560 5107 870 5159 notatione.
898 5108 1175 5159 Nimirum
1196 5109 1551 5160 Fontaninus
1575 5108 1726 5159 dicto
1747 5108 1872 5159 loco
1901 5113 1959 5160 et
1980 5121 2156 5173 pecu-

556 5178 684 5232 liari
726 5179 898 5230 etiam
936 5179 1334 5231 dissertatione
1370 5179 1636 5231 historia
1663 5180 2011 5242 Aquileiensi
2047 5179 2154 5231 litt.

561 5251 824 5302 subnexa
845 5256 1089 5302 mortem
1110 5250 1409 5301 Athanasii
1438 5263 1531 5301 an.
1566 5247 1691 5313 372,
1716 5249 1777 5303 11
1808 5250 1936 5301 Maii
1958 5250 2157 5315 aﬁ‘igit,

559 5322 783 5373 Baronii
812 5323 1155 5374 sententiam
1182 5322 1380 5385 tuitus,
1406 5322 1640 5373 Rubeus
1677 5326 1877 5373 contra
1908 5322 2158 5375 laudata

560 5394 785 5445 dissert.
809 5406 930 5459 cap.
957 5394 1009 5456 4,
1033 5394 1066 5447 5
1090 5398 1148 5444 et
1170 5393 1222 5457 6,
1248 5406 1399 5445 nova
1422 5392 1781 5444 discussione
1806 5393 1972 5460 facta,
2004 5407 2157 5447 anno

564 5465 668 5521 373
689 5466 1086 5518 ascribendam
1111 5464 1294 5515 docet.

627 5538 1018 5597 IMetennium,
1031 5536 1367 5599 interposito
1399 5536 1589 5599 aliquo
1606 5536 1922 5601 intervallo,
1941 5538 2164 5603 inEgy-

564 5615 664 5675 pto
701 5623 836 5663 eum
868 5608 1117 5672 degisse,
1162 5608 1398 5658 Rubeus
1427 5621 1500 5659 ex
1534 5608 1736 5661 Codice
1776 5610 2162 5663 Guarneriano

568 5682 879 5743 contendit,
896 5682 1137 5743 ejusque
1173 5679 1423 5732 rationes
1457 5680 1537 5731 ita
1570 5680 1856 5745 subducit,
1887 5687 1952 5734 ut
1982 5684 2165 5749 prima

568 5755 694 5810 vice
727 5751 1137 5808 Alexandriam
1166 5762 1261 5804 an.
1299 5750 1403 5809 375
1434 5753 1727 5820 repetiisse
1748 5754 1941 5821 ibique
1976 5766 2165 5822 usque

2231 3145 2381 3189 retur
2413 3145 2458 3189 et
2483 3146 2646 3189 lotam
2676 3141 3035 3205 defensionem
3059 3139 3148 3190 sui
3177 3143 3406 3205 putaret,
3436 3138 3482 3187 si
3512 3136 3708 3185 tacenti
3745 3136 3838 3186 de-

2234 3232 2482 3281 traheret.
2515 3231 2867 3283 Interclusus
2896 3236 3019 3284 erat
3039 3231 3111 3283 ad
3134 3230 3357 3282 animos
3379 3226 3837 3281 reconciliandos

2233 3322 2443 3387 aditus,
2468 3334 2601 3373 cum
2622 3334 2723 3386 pro
2747 3334 2808 3373 se
2834 3322 3079 3386 quisque
3100 3332 3334 3386 pariam
3348 3319 3421 3371 ab
3437 3317 3612 3370 altero
3629 3328 3836 3382 posce-

2231 3417 2337 3476 ret,
2381 3416 2439 3463 et
2478 3411 2674 3464 dolum
2717 3412 2823 3462 sibi
2860 3424 2895 3463 a
2934 3409 3315 3463 conciliaturis
3354 3412 3656 3460 metueret.
3682 3408 3841 3459 Hinc

2234 3502 2448 3554 frustra
2489 3514 2524 3554 a
2566 3500 2875 3567 Theophila
2916 3500 3076 3553 Alex.
3120 3502 3178 3553 et
3212 3498 3486 3552 Archelao
3508 3498 3842 3551 Palastina

2239 3592 2445 3644 comite
2467 3604 2582 3656 pax
2609 3592 2758 3643 inter
2781 3604 2880 3643 eos
2904 3593 3140 3649 tentata,
3163 3588 3489 3652 inseditque
3523 3599 3623 3651 per
3653 3587 3843 3640 trien—

2239 3681 2367 3733 nale
2424 3682 2673 3747 spatium
2715 3681 2807 3732 hic
2849 3692 3052 3732 rancor
3094 3678 3303 3730 animis
3343 3689 3380 3728 ο.
3433 3678 3555 3739 Quo
3600 3680 3844 3731 auctore

2242 3772 2473 3824 tandem
2510 3772 2829 3824 extinctum
2863 3770 2937 3822 sit
2967 3769 3303 3820 diuturnum
3333 3766 3473 3819 illud
3507 3766 3843 3831 dissidium,

2239 3861 2396 3914 haud
2431 3861 2627 3926 liquet.
2666 3861 2729 3913 1d
2763 3864 3007 3924 constat,
3032 3859 3446 3923 Hieronymum
3470 3868 3538 3909 ac
3560 3857 3847 3909 Ruﬁnum

2240 3964 2399 4004 more
2423 3951 2661 4004 solemni
2674 3952 2735 4002 in
2757 3949 3044 4013 Anastasi,
3060 3947 3272 4013 templo
3294 3946 3846 4013 Hierosolymitano,

2242 4047 2374 4108 post
2391 4041 2730 4095 sacriﬁcium
2744 4040 2939 4092 missa
2952 4039 3015 4090 in
3027 4038 3269 4104 gratiam
3285 4038 3539 4099 rediisse,
3556 4036 3848 4103 illumque

2243 4132 2517 4186 Ruﬁnum
2543 4130 2757 4183 nullius
2780 4129 2985 4183 erroris
3008 4133 3362 4194 compertum
3384 4127 3715 4193 agnovisse.

2306 4280 2449 4331 Pace
2461 4280 2748 4339 revocata,
2769 4273 3169 4327 revertendiin
3187 4273 3554 4327 Occidentem
3569 4284 3709 4326 cina
3726 4272 3853 4328 nu-

2245 4370 2428 4421 ﬁnum
2446 4366 2677 4420 invasit.
2698 4364 2990 4418 Profectus
3019 4369 3110 4418 est
3128 4377 3180 4417 a.
3205 4362 3328 4426 597,
3350 4376 3555 4416 mense
3570 4365 3855 4429 Augusto

2177 4429 2235 4503 D
2249 4457 2337 4512 vel
2360 4455 2689 4522 Septembri.
2718 4454 3119 4507 Discedentem
3143 4455 3527 4520 Hieronymus
3542 4466 3682 4519 pace
3697 4454 3857 4510 invi-

2248 4559 2373 4601 cem
2396 4546 2531 4601 data
2559 4550 2618 4599 et
2637 4550 2871 4611 accepta
2897 4549 3237 4612 prosecutus
3261 4549 3353 4598 est
3374 4543 3413 4597 ⁴.
3448 4546 3695 4598 Romam
3726 4557 3858 4600 non

2250 4886 2342 4942 ad.
2365 4900 2459 4940 an.
2477 4886 2601 4952 380,
2619 4886 2713 4940 vel
2728 4886 3128 4952 insequentem
3146 4885 3441 4951 inceptum
3461 4887 3563 4936 aut
3577 4882 3863 4938 adultum

2251 4961 2536 5012 mansisse
2553 4963 2786 5011 statuat.
2805 4960 2953 5010 Hinc
2973 4957 3188 5022 negotii
3202 4959 3294 5010 vel
3312 4955 3569 5008 Melania
3588 4954 3865 5011 visenda

2253 5044 2429 5084 causa
2439 5032 2498 5082 in
2509 5030 2871 5083 Palastinam
2883 5030 3201 5096 profectum
3212 5029 3565 5093 ponit,atque
3576 5026 3714 5079 inde
3732 5028 3856 5081 alte

2252 5116 2318 5155 ra
2344 5103 2468 5155 vice
2491 5103 2550 5154 in
2562 5105 2870 5167 Egyptum
2881 5102 3122 5154 rediisse
3132 5112 3198 5152 ac
3208 5099 3441 5152 tandem
3453 5098 3576 5150 aliis
3591 5099 3868 5165 insump-

2252 5176 2329 5227 tis
2352 5175 2520 5226 annis
2539 5181 2674 5227 ante
2695 5187 2915 5226 annum
2938 5172 3042 5227 385
3066 5185 3355 5224 remeasse
3371 5170 3862 5234 Hierosolymam.

2315 5259 2336 5281 ο
2370 5249 2451 5298 De
2481 5247 2711 5312 Rubeis,
2742 5260 2863 5311 cap.
2900 5245 2953 5308 9,
2986 5257 3043 5296 n.
3069 5244 3122 5309 6,
3150 5256 3206 5309 p.
3232 5242 3319 5298 65.

2319 5318 2340 5348 ‘
2386 5320 2802 5371 Permultorum
2838 5330 2906 5370 ea
2934 5317 3218 5368 sententia
3249 5320 3337 5367 est
3364 5326 3483 5366 non
3513 5312 3722 5374 solum,
3756 5314 3870 5367 sed

2256 5403 2390 5442 cum
2417 5391 2657 5443 Melania
2671 5392 2727 5442 in
2744 5390 2963 5442 Italiam
2984 5389 3093 5439 hoc
3107 5400 3258 5440 anno
3280 5388 3554 5439 Ruﬁnum
3581 5385 3867 5439 rediisse:

2256 5464 2336 5515 ita
2350 5465 2722 5527 Fontaninus,
2735 5462 2973 5515 Baronio
2984 5466 3043 5513 et
3059 5462 3226 5525 Pagio
3244 5460 3629 5511 consentiens.
3644 5460 3723 5509 At
3742 5457 3873 5523 plul

2258 5538 2407 5587 rium
2429 5537 2782 5599 auctoritate,
2806 5535 2953 5587 inter
2976 5546 3122 5598 quos
3138 5534 3438 5584 Lebrunus
3455 5532 3626 5583 etiam
3650 5529 3712 5581 in
3729 5532 3880 5593 Vitae

2262 5608 2499 5672 Paulini,
2546 5609 2793 5660 reditum
2826 5606 3086 5658 Melania
3128 5618 3222 5658 an.
3260 5602 3364 5659 ΜΗ
3401 5604 3643 5667 illigant,
3681 5604 3873 5672 quam

2260 5680 2431 5753 plane
2443 5670 2785 5733 sententiam
2795 5677 3151 5746 argumentis
3162 5678 3331 5731 novis
3342 5676 3547 5729 astruit
3559 5675 3630 5728 de
3644 5670 3879 5753 Rubeis

2266 5765 2321 5806 ο.
2340 5752 2429 5817 10,
2450 5765 2506 5820 p-
2530 5753 2619 5810 70.
