3902 6432
165 346 223 405 13
1620 339 1739 396 NO'.

1843 345 1940 396 IA.

3351 345 3422 401 14

148 450 388 503 continuo
401 447 630 514 appulit,
651 448 752 500 sed
771 447 842 500 ad
856 442 1269 501 monasterium
1285 446 1448 500 Ursei
1477 446 1713 498 Abbatis
1739 456 1795 529 Α
1815 446 2013 499 amicis
2056 447 2536 513 speculatoribus,
2576 459 2708 514 qua
2758 449 3004 503 Ruﬁnus
3056 447 3423 517 procuderat,

142 541 195 594 in
217 541 323 593 loco
350 539 541 601 Pineti,
570 539 632 591 in
659 551 795 604 agro
841 540 1096 591 Romano
1139 538 1408 590 devertit.
1452 537 1536 589 Ibi
1594 541 1718 588 tum

144 630 538 697 plurimirerum
549 628 917 681 Orientalium
929 629 1133 682 curiosi
1145 634 1203 681 et
1216 629 1557 694 scriptorum
1567 627 1721 680 avidi

146 722 626 780 circumsteterunt,
646 724 1074 785 percontantur,
1097 719 1350 771 narranti
1370 719 1718 781 auscultant,

143 817 418 876 postremo,
434 815 499 862 ut
513 810 712 863 Graca
729 811 926 862 Latine
946 811 1054 862 sibi
1071 809 1314 875 legenda
1328 809 1547 872 reddat,
1564 808 1720 872 ﬂagi—

146 901 565 953 tant.Eratinter
581 900 686 952 hos
706 900 828 966 ipse
855 900 1035 954 abbas
1064 899 1318 961 Urseius,
1353 898 1444 950 cui
1480 912 1721 964 percon-

143 990 267 1043 tanti
295 1002 559 1055 quanam
588 989 649 1041 in
675 990 902 1043 Oriente
920 989 1336 1042 monachorum
1352 993 1509 1040 esset
1525 989 1722 1040 obser-

145 1079 293 1142 vatio,
311 1091 438 1143 qua
465 1079 732 1132 instituta
748 1084 1134 1142 servarentur,
1175 1092 1308 1131 cum
1332 1077 1723 1144 respondisset

145 1169 320 1231 Basilii,
338 1169 633 1235 efﬁagitari
654 1183 716 1222 se
743 1171 816 1222 ab
846 1182 914 1222 eo
938 1182 1214 1235 magnam
1245 1170 1318 1221 ab
1349 1168 1724 1221 Occidentali-

106 1262 113 1268 ”
147 1259 238 1310 bus
253 1258 483 1324 gratiam
515 1259 566 1310 ei
582 1259 844 1312 habitum
860 1259 928 1311 iri
945 1260 1247 1325 pollicente
1268 1259 1419 1321 sivit,
1437 1263 1503 1310 ut
1516 1257 1724 1311 Latini-

147 1354 244 1401 tate
253 1361 372 1401 eam
382 1347 634 1401 donaret.
645 1349 907 1402 Similiter
920 1350 1422 1414 Macarius,monas
1428 1349 1549 1402 terii
1557 1349 1724 1401 istius

147 1438 866 1503 monachus,uthntanino
886 1440 1095 1497 visum,
1119 1452 1223 1492 seu
1251 1441 1449 1492 Roma
1486 1439 1723 1504 degens,

146 1534 201 1581 ut
212 1529 431 1581 Rubeus
443 1529 742 1582 contendit
759 1539 776 1558 ·
794 1568 809 1594 ,
828 1529 1107 1595 Pamphili
1121 1532 1161 1582 A
1171 1529 1457 1594 pologiam
1469 1529 1727 1594 Origenis

149 1618 209 1670 ab
236 1630 298 1670 eo
320 1618 605 1684 impetrat,
640 1631 813 1683 quam
841 1620 1178 1684 Roma,quo
1221 1632 1280 1671 a.
1333 1618 1435 1674 397
1477 1623 1724 1671 exeunte

150 1707 226 1760 vel
249 1707 475 1760 ineunte
506 1706 612 1763 398
648 1722 709 1761 se
741 1709 1076 1773 contulerat,
1096 1707 1406 1773 transtulit,
1431 1709 1624 1761 addito
1655 1709 1726 1761 de

1821 537 2164 589 transmissa
2201 543 2379 603 erant,
2422 543 2479 590 et
2503 537 2747 590 vixdum
2769 540 3036 593 absoluta
3064 553 3131 593 ea
3161 543 3218 593 et
3244 541 3428 607 Apro-

1821 627 1993 680 niano
2020 628 2294 694 inscripta
2310 641 2443 680 cum
2469 629 2666 681 amicis
2697 630 2794 694 qui
2823 631 3155 697 Hieronymi
3176 631 3428 684 maxime

1822 719 2013 770 verbis
2051 718 2176 770 Iasi
2203 725 2385 783 erant,
2429 719 3246 775 Ruﬁnuscommunicaverat:
3295 731 3429 774 cum

1819 808 1925 856 duo
1945 809 2067 872 jam
2084 808 2234 860 illius
2247 809 2522 873 Apologia:
2549 809 2676 860 libri
2706 815 2907 863 contra
2935 812 3043 860 (ria
3069 811 3236 864 istius
3266 810 3432 865 volud

1816 897 1975 950 mina
1988 898 2250 950 nondum
2269 899 2455 964 plena,
2474 899 2575 951 sed
2593 901 2926 952 summatim
2944 905 3170 954 tantum
3197 905 3434 967 accepta

1821 988 2128 1053 prodeunt.
2157 990 2378 1040 Horum
2395 989 2686 1054 exemplar
2715 989 3036 1054 Aquileiam
3063 1004 3162 1056 per
3174 991 3434 1055 negotia-

1822 1082 2004 1131 torem
2021 1083 2418 1131 transeuntem
2436 1079 2716 1144 perlatum
2744 1079 3032 1144 biduoque
3051 1085 3280 1134 tantum
3297 1093 3432 1134 con-

1824 1181 2054 1220 cessum
2067 1169 2300 1222 brevem
2327 1169 2534 1221 Ruﬁno
2565 1170 3001 1234 responsionem
3031 1171 3326 1223 extorsit°.
3354 1171 3438 1224 Si-

1822 1258 1944 1310 mul
1959 1258 2213 1323 integros
2243 1258 2538 1324 Apologia
2565 1258 2743 1311 libros
2773 1260 3122 1325 Hieronymo
3149 1258 3431 1326 legendos

1824 1349 2026 1401 mittit.
2048 1349 2287 1401 Reddita
2304 1349 2481 1402 fuisse
2498 1349 2768 1402 videntur
2781 1363 2856 1402 an
2871 1388 2884 1402 .
2903 1349 3008 1406 402
3023 1389 3037 1402 .
3051 1351 3264 1404 Eodem
3281 1354 3437 1405 certe

1826 1451 1979 1492 anno
2027 1452 2228 1491 mense
2259 1439 2458 1492 Martio
2477 1440 2567 1492 vel
2583 1439 2776 1505 Aprili,
2799 1441 3032 1493 tertium
3049 1440 3343 1506 Apologia
3372 1440 3439 1494 lia

1828 1531 1998 1582 brum
2014 1530 2404 1594 Hieronymus
2419 1529 2636 1591 effudit,
2657 1530 2787 1582 licet
2802 1530 3023 1595 pridem
3054 1543 3089 1583 a
3114 1530 3439 1584 Chromatio

1823 1625 1977 1672 esset
2002 1620 2494 1672 commonefactus
2519 1625 2586 1672 ut
2612 1621 2968 1673 contentioni
2983 1621 3438 1674 Christianorum

1826 1711 2050 1763 animos
2093 1710 2405 1762 oﬁ‘endenti
2435 1710 2662 1763 silentio
2705 1710 2881 1763 ﬁnem
2910 1711 3252 1776 imponeret.
3295 1711 3440 1774 Quid

148 1810 236 1849 suo
247 1811 339 1862 pro
350 1797 461 1850 ﬁde
473 1811 583 1851 sua
597 1799 944 1852 vindicanda
956 1798 1146 1850 libello
1162 1800 1232 1850 de
1243 1798 1647 1848 Adullc-rationc
1660 1799 1729 1848 li-
1767 1856 1812 1866 _
1829 1800 1982 1864 quod
2011 1799 2084 1852 ad
2113 1800 2508 1865 Augustinum
2536 1799 2680 1854 adeo
2713 1805 2992 1866 tanquam
3032 1800 3444 1854 moderationis

150 1856 610 1952 WumOrigenis
625 1889 970 1953 .Cumquein
992 1888 1270 1954 Pamphili
1301 1888 1576 1954 Apologia
1613 1889 1740 1941 Ori-
1765 1856 1947 1942 Bsua
1966 1895 2172 1942 testem
2189 1856 2539 1955 postremam
2559 1890 2707 1943 hanc
2723 1856 3060 1956 Apologiam
3077 1891 3253 1954 misit,
3285 1891 3443 1943 Ruﬁ-

150 1977 292 2042 genis
315 1978 487 2030 libros
512 1979 576 2028 de
610 1979 905 2044 Principiis
929 1979 1238 2031 identidem
1274 1979 1494 2031 laudari
1542 1979 1739 2032 obser-

150 2071 322 2118 vasset
347 2067 646 2132 Macarius,
677 2068 884 2119 iterum
901 2068 1173 2119 Ruﬁnum
1191 2068 1416 2133 rogavit
1432 2072 1500 2120 ut
1529 2069 1738 2120 Roma-

149 2155 224 2206 nis
255 2157 482 2208 auribus
512 2157 993 2210 accommodaret.
1041 2160 1155 2209 Nec
1213 2158 1274 2209 in
1333 2158 1441 2210 hoc
1503 2158 1736 2224 quidem

150 2258 454 2310 quanquam
472 2247 815 2312 pravideret
833 2253 1114 2312 quantum
1138 2247 1245 2299 sibi
1261 2248 1496 2300 invidia
1523 2249 1734 2301 conﬁa-

151 2339 293 2387 turus
307 2341 455 2388 esset
471 2337 586 2389 hac
617 2337 972 2402 obsequendi
1005 2337 1291 2403 facilitate,
1324 2351 1542 2391 morem
1559 2339 1608 2390 ei
1637 2351 1737 2403 ge-

150 2436 253 2477 rere
267 2426 570 2489 recusavit,
594 2427 693 2478 sed
713 2427 942 2491 primun
971 2427 1084 2480 duo
1115 2427 1330 2493 priores
1359 2427 1537 2480 edidit
1560 2433 1734 2493 atque

148 2513 198 2566 in
221 2516 543 2579 praefatione
585 2516 740 2570 haud
782 2517 1027 2570 dixerim
1052 2519 1205 2570 bona
1233 2518 1345 2570 ﬁde
1395 2531 1471 2570 an
1501 2518 1733 2571 invidia

156 2603 483 2660 declinanda
516 2619 723 2659 causa.
760 2607 946 2659 Ruﬁni
973 2608 1370 2660 auctoritatem
1399 2608 1730 2673 praetendit,

154 2695 287 2758 quod
324 2696 380 2748 iu
429 2697 767 2762 praefatione
811 2697 883 2748 ad
913 2697 1176 2750 homilias
1204 2697 1348 2748 duas
1377 2698 1638 2762 Origenis
1673 2697 1734 2748 in

156 2784 424 2837 Canticum
440 2787 798 2839 canticorum
816 2791 932 2839 tam
951 2787 1251 2852 magniﬁce
1262 2786 1334 2839 de
1344 2792 1574 2839 auctore
1584 2788 1735 2839 locu-

154 2878 234 2926 tus
259 2882 424 2942 esset,
457 2882 530 2930 ut
559 2877 742 2929 cuivis
768 2877 994 2942 legendi
1024 2880 1148 2942 ejus
1187 2877 1536 2930 desiderium
1577 2891 1736 2929 com-

146 2971 382 3018 moveret
398 2972 456 3019 et
470 2967 722 3032 plurima
737 2979 800 3020 se
825 2967 1017 3032 ipsum
1046 2967 1288 3032 posthac
1323 2968 1736 3020 translaturum

144 3055 505 3117 promisisset.
531 3058 757 3110 Interea
770 3057 961 3109 evenit
996 3056 1150 3122 quod
1177 3062 1490 3110 metuerat.
1521 3059 1735 3123 Ingen-

147 3147 218 3194 tes
228 3159 308 3206 per
320 3150 498 3199 totam
510 3147 719 3198 urbem
735 3159 994 3200 rumores
1011 3147 1550 3211 suborti,astusque
1565 3147 1731 3212 plane

175 3192 246 3206 η,
269 3192 298 3193 η
323 3192 369 3198 ,,
384 3192 498 3199 ω--
520 3192 618 3198 ,ω
634 3192 719 3198 -_
735 3192 750 3198 _
769 3192 920 3199 ...ω
935 3192 993 3200 ,-
1011 3192 1177 3199 η---
1193 3192 1547 3211 -_,..--_-.,_-
1568 3192 1729 3212 τη..-

143 3231 474 3289 inturbinem
487 3235 662 3289 editis
673 3236 899 3289 duobus
925 3236 1331 3302 posterioribus
1353 3237 1508 3288 libris
1541 3238 1730 3290 cessit.
1757 3192 1806 3268 Ε

145 3321 233 3374 Sed
256 3326 404 3388 quod
422 3326 601 3391 longe
621 3327 786 3390 pejus
798 3326 1004 3379 Ruﬁno
1017 3326 1239 3388 accidit,
1264 3326 1666 3379 Pammachius
1679 3331 1738 3380 et

143 3411 654 3482 Oeeanus,schedas
667 3417 1225 3482 Ruﬁniimperfectas
1236 3417 1563 3471 etnondum
1573 3431 1744 3482 expo-

143 3501 270 3569 litae,
281 3512 342 3558 ut
355 3507 499 3560 forte
512 3507 591 3559 de
605 3519 781 3560 manu
795 3507 1221 3573 exciderant,ad
1234 3509 1652 3573 Hieronymum
1666 3513 1742 3562 ta-

145 3593 238 3646 cito
257 3598 508 3650 auctoris
541 3599 795 3660 nomine,
832 3603 898 3650 ut
923 3598 1291 3663 postmodum
1307 3598 1399 3650 ille
1423 3598 1738 3665 contendit,

143 3687 590 3740 transmiserant.
619 3688 795 3740 Simul
818 3701 1036 3741 novam
1065 3688 1336 3740 librorum
1355 3689 1416 3738 de
1430 3689 1740 3753 Principiis

147 3775 448 3830 versionem
459 3779 541 3830 ab
560 3790 628 3830 eo
646 3783 925 3842 expetunt
949 3813 961 3827 .
976 3777 1189 3831 Eodem
1208 3782 1460 3843 tempore
1473 3778 1741 3844 Ruﬁnus,

147 3866 327 3918 nuntio
353 3867 424 3920 de
439 3868 608 3920 obitu
625 3868 824 3920 matris
853 3872 1106 3933 accepto,
1123 3868 1442 3932 Aquileiam
1461 3868 1744 3932 proﬁcisci

145 3950 395 4008 instituit:
441 3957 518 4009 ad
535 3957 954 4021 Hieronymum
985 3957 1042 4009 id
1072 3958 1398 4022 perscripsit
1421 3956 1742 4022 litterisque

145 4041 372 4103 formatis
391 4059 429 4100 a
452 4059 608 4113 papa
624 4047 816 4100 Siricio
827 4048 1076 4113 acceptis
1105 4048 1199 4100 via
1214 4047 1629 4100 mediterranea
1644 4061 1744 4112 per

147 4131 516 4190 Mediolanum
541 4149 612 4190 eo
629 4137 926 4190 contendit
943 4133 981 4190 ".
1000 4136 1278 4202 Aquileia
1299 4137 1581 4203 imprimis
1607 4150 1746 4190 con-

149 4225 432 4280 suetudine
450 4231 512 4279 et
525 4227 930 4281 benevolentia
943 4227 1250 4280 Chromatii
1265 4227 1515 4292 episcopi
1528 4240 1746 4280 recrea-

153 4314 233 4365 tus
254 4319 369 4368 est.
406 4317 567 4369 Num
594 4329 732 4370 vero
768 4318 840 4369 ab
865 4316 1066 4370 eodem
1100 4316 1453 4381 Aquileiensi
1479 4317 1745 4371 Ecclesia

148 4411 481 4471 Aggregatus
510 4406 608 4471 sit,
633 4420 768 4458 cum
795 4419 829 4459 a
853 4409 1075 4459 Joanne
1088 4407 1602 4471 Hierosolymitano
1615 4420 1744 4472 pre-

150 4491 326 4558 sbyter
334 4497 678 4549 monastica
691 4497 1060 4562 professionis
1072 4502 1228 4550 esset
1247 4497 1744 4560 ordinatus,nemo

1834 1979 2007 2032 niana
2020 1978 2339 2045 maledicta,
2358 1993 2472 2044 quo
2489 1980 2723 2033 nomine
2747 1981 2877 2045 ejus
2890 1980 3225 2046 Apologiam
3249 1985 3441 2042 vocat,

1833 2069 1894 2121 in
1912 2069 2098 2122 Africa
2123 2070 2312 2122 studio
2338 2070 2520 2135 ipsius
2548 2070 2770 2122 dudum
2787 2071 3003 2136 perlata
3019 2050 3148 2124 e’sse
3165 2075 3323 2124 ratus
3339 2070 3446 2123 .~Ad

1838 2173 1969 2225 qua
1998 2159 2108 2225 ille,
2139 2161 2401 2213 «nescire
2433 2174 2495 2212 se
2527 2174 2659 2226 qua
2697 2162 2910 2226 scripta
2953 2161 3235 2214 maledica
3275 2175 3448 2227 super

1837 2249 2070 2302 nomine
2082 2250 2206 2315 ejus
2218 2250 2467 2302 Africam
2477 2251 2856 2314 pervenerint.
2871 2251 3238 2304 contabuisse
3251 2255 3447 2304 autem

1838 2338 2048 2402 dolore,
2069 2313 2128 2392 et
2145 2340 2344 2392 timore
2364 2313 2682 2404 obriguisse
2699 2341 2987 2404 legentem
3005 2352 3137 2404 qua
3153 2340 3263 2393 illis
3278 2339 3454 2393 male-
3531 2313 3583 2394 .7

1838 2429 2004 2482 dictis
2021 2429 2415 2494 respondisset
2431 2444 2442 2479 :
2461 2430 2853 2481 exanimatum
2866 2429 2933 2480 iri
2945 2429 3063 2481 siin
3074 2443 3284 2482 manus
3309 2407 3519 2494 suas/

1835 2517 1978 2571 forte
1995 2519 2270 2580 venirent,
2291 2532 2421 2583 qua
2437 2531 2470 2570 a
2487 2519 2685 2570 Raﬁno
2705 2524 2822 2570 tam
2838 2519 3358 2572 eﬁ‘ronatalibidine
3389 2520 3451 2573 in

1835 2609 2055 2672 sejacta
2064 2610 2440 2660 nuntiasset.»
2454 2610 2596 2660 Cum
2608 2622 2701 2660 an.
2717 2609 2820 2663 400
2833 2609 3184 2674 Theophilus
3199 2611 3438 2661 Alexan-

1840 2697 2041 2750 drinus
2053 2699 2348 2764 episcopos
2362 2699 2433 2751 ad
2447 2699 2877 2764 exstirpandam
2890 2699 3145 2751 haresim
3158 2711 3459 2764 provocas-

1838 2793 1945 2852 set;
1958 2788 2301 2840 Anastasius
2314 2789 2487 2840 etiam
2498 2789 2828 2854 et,impulsu
2840 2790 2888 2854 ej
2897 2789 3449 2863 us,Mediolanenses

1836 2878 2288 2943 etAquileienses
2300 2878 2550 2944 episcopi
2562 2878 2821 2943 Origenis
2833 2879 3102 2943 dogmata
3111 2878 3455 2932 damnarant

1835 2969 1912 3020 At
1937 2968 2300 3032 Anastasius,
2325 2968 2434 3032 cui,
2462 2981 2595 3020 cum
2619 2969 2742 3034 ipse
2767 2970 3008 3021 Romam
3031 2968 3314 3033 proﬁcisci
3332 2982 3448 3022 non

1835 3058 2138 3123 potuisset,
2152 3058 2385 3111 brevem
2397 3057 2526 3110 ﬁdei
2537 3071 2660 3110 sua
2674 3057 3014 3124 Apologiam
3025 3058 3274 3110 Ruﬁnus
3287 3059 3455 3111 mise-

1834 3152 1938 3210 rat,
1972 3148 2098 3211 ejus
2124 3160 2360 3199 causam
2385 3159 2420 3199 a
2459 3159 2636 3199 causa
2655 3147 2914 3212 Origenis
2955 3147 3123 3213 plane
3164 3147 3456 3200 diversam

1835 3237 2225 3303 deprehendit,
2243 3238 2574 3290 tcstatusid
2597 3237 2655 3290 in
2679 3237 2883 3290 litteris
2911 3238 2984 3290 ad
3008 3240 3291 3291 Joannem
3319 3239 3452 3292 Hie-

1840 3327 2318 3392 rosolymitanum
2358 3327 2536 3392 datis;
2556 3327 2617 3380 in
2629 3327 2860 3392 quibus,
2882 3340 3015 3380 cum
3039 3332 3231 3394 aperte
3258 3328 3455 3394 Orige-

1842 3430 1976 3470 nem
1987 3417 2232 3469 damnas
2247 3422 2353 3482 set,
2370 3417 2642 3469 Ruﬁnum
2669 3423 2808 3470 tunc
2833 3417 3067 3470 demum
3097 3431 3158 3470 se
3182 3417 3456 3472 damnare

1844 3507 2057 3572 scribit,
2083 3508 2128 3559 si
2158 3520 2465 3559 assensum
2487 3507 2613 3560 istis
2641 3508 3194 3573 quainterpretatus
3208 3509 3285 3561 sit
3297 3521 3450 3574 pra-

1843 3597 2046 3660 buerit,
2074 3596 2308 3661 quodad
2334 3597 2581 3658 Dei,non
2605 3597 2904 3649 hominum
2942 3596 3225 3662 judicium
3258 3601 3456 3652 censet

1841 3687 2266 3740 remittendum.
2283 3687 2663 3739 Nihilominus
2682 3687 2744 3740 in
2767 3692 3028 3740 extrema
3053 3687 3294 3754 epistola
3320 3701 3455 3754 pro-

1842 3777 1935 3830 cul
1957 3790 2018 3830 se
2041 3790 2076 3829 a
2098 3777 2500 3830 communione
2537 3790 2643 3831 sua
2682 3778 2891 3830 habere
2928 3779 3203 3830 Ruﬁnum
3255 3779 3442 3844 signi-

1843 3867 1992 3932 ﬁcat,
2035 3872 2093 3919 et
2133 3867 2282 3920 hanc
2323 3867 2512 3934 ipsam
2551 3866 2853 3933 epistolam
2892 3880 3026 3919 cum
3065 3867 3262 3932 altera,
3309 3879 3443 3932 qua

1841 3957 2021 4023 periit,
2067 3957 2129 4008 in
2196 3970 2316 4009 rem
2376 3970 2542 4009 suam
2601 3957 3008 4023 interpretatus
3065 3962 3190 4010 erat
3251 3957 3458 4010 Hiero;

1842 4060 2082 4112 nymus,
2116 4047 2272 4099 unde
2301 4051 2568 4099 neutram
2591 4059 2691 4111 pro
2725 4060 2860 4099 vera
2895 4059 3210 4112 agnoscere
3261 4046 3450 4100 voluit

1842 4137 2115 4189 Ruﬁnus.
2157 4137 2440 4198 Tandem,
2481 4137 2715 4190 reducla
2743 4136 2867 4189 cali
2905 4135 3239 4200 serenitate,
3292 4141 3453 4190 totus

1843 4227 2164 4279 scribendis
2186 4232 2287 4279 aut
2322 4227 2394 4280 de
2417 4229 2614 4279 Graco
2639 4226 3009 4280 traducendis
3029 4227 3188 4279 libris
3206 4227 3453 4292 vacavit,

1840 4316 2496 4382 plurimamquepartem
2527 4317 2842 4382 sciptorum
2873 4317 3022 4369 intra
3052 4317 3452 4382 septennium,

1843 4330 2259 4382 plurimamque
2315 4330 2496 4369 artem
2527 4330 2842 4382 soiptorum
2873 4330 3022 4369 intra
3052 4330 3452 4382 septennium,

1843 4405 1996 4470 quod
2025 4406 2215 4458 adhuc
2247 4330 2524 4470 fquileia
2553 4407 2831 4470 transegit
2858 4442 2870 4463 ,
2900 4405 3158 4458 confecit.
3191 4405 3454 4471 Aquileia

1851 4509 1953 4548 an.
1974 4494 2078 4551 408
2097 4495 2318 4561 relicta,
2346 4496 2407 4548 in
2433 4497 2847 4549 monasterium
2878 4495 3058 4548 Pineti
3087 4497 3294 4548 iterum
3321 4509 3460 4549 con-

151 4594 238 4646 pro
272 4591 424 4640 certo
468 4587 870 4640 afﬁrmaverit.
900 4590 1124 4640 Interea
1159 4588 1362 4640 littera
1399 4587 1750 4653 Hieronymi,
1778 4572 1836 4647 D
1855 4586 2041 4649 cessit,
2067 4585 2260 4650 ibique
2282 4585 2525 4638 alterum
2542 4585 2604 4636 dc
2628 4585 3092 4635 Bcnedictionibus
3113 4585 3458 4649 patriarcha-

156 4673 348 4736 quibus
397 4676 724 4730 Ruﬁnianis
763 4677 1173 4743 respondebat,
1201 4690 1236 4730 a
1279 4678 1652 4730 Pammachio
1697 4682 1756 4730 et

153 4761 356 4818 Oceano
367 4767 708 4833 intercepta
731 4773 920 4832 erant;
946 4768 1106 4833 alias,
1135 4781 1282 4832 quas
1312 4767 1384 4820 ad
1401 4767 1561 4832 ipsos
1581 4767 1756 4820 dede-

154 4857 247 4920 rat,
269 4855 326 4909 in
353 4858 576 4922 quibus
604 4855 797 4912 Ruﬁni
827 4859 1222 4925 praefationem
1256 4859 1614 4912 refutabatet
1626 4859 1760 4911 alie-

154 4953 279 4997 num
290 4959 350 5000 se
358 4948 700 5014 abOrigenis
712 4948 980 5014 dogmate
993 4951 1449 5009 testabatur,una
1461 4962 1594 5002 cum
1607 4961 1760 5002 nova

153 5028 476 5090 librorumde
487 5038 1277 5104 Principiisversioneﬁoma
1288 5039 1501 5093 circum
1507 5039 1759 5092 ferebant

156 5123 232 5175 Ab
243 5129 570 5192 Aproniano
590 5129 908 5195 Aquileiam
931 5130 1294 5183 transmissa
1319 5130 1392 5182 ad
1409 5129 1764 5196 responden-

157 5209 281 5266 dum
321 5219 600 5271 Ruﬁnum
635 5224 990 5285 permovent,
1033 5220 1124 5272 cui
1159 5219 1520 5286 responsioni
1559 5221 1632 5273 ab
1663 5232 1761 5272 an.

157 5299 246 5360 399
285 5321 473 5375 usque
516 5309 591 5362 ad
629 5322 728 5364 an.
772 5309 870 5368 401
920 5310 1239 5364 insudavit.
1298 5310 1552 5377 Carptim
1595 5309 1646 5364 ei
1686 5311 1760 5365 ab

218 5652 230 5675 .
641 5654 656 5680 ι

218 5641 578 5774 δὲέέιῖἶιῐῖά
595 5645 785 5775 ῗίάῠθί
814 5723 982 5788 paulo
1007 5727 1142 5777 ante
1168 5718 1346 5777 Siricii
1370 5718 1612 5782 obitum,
1665 5723 1763 5789 qui

171 5791 470 5844 secundum
496 5794 724 5846 Baronii
745 5795 1092 5848 sententiam
1113 5808 1208 5848 an.
1230 5795 1354 5860 398,
1381 5797 1543 5849 Febr.
1562 5794 1650 5857 ‘22,
1669 5810 1763 5849 se-

171 5861 404 5918 cundum
445 5865 688 5930 Pagium
731 5865 823 5921 die
852 5866 922 5924 26
953 5868 1240 5923 Novemb.
1271 5869 1494 5934 accidit,
1521 5870 1764 5923 Romam

1855 4691 1984 4724 rum
2022 4675 2250 4736 librum,
2285 4688 2457 4739 quem
2485 4675 2719 4728 Paulino
2749 4676 2881 4740 post
2906 4675 3155 4740 primum
3197 4675 3462 4740 Aquileia

1853 4765 1962 4831 ipsi
1991 4765 2395 4818 transmissum
2424 4763 2707 4831 pollicitus
2738 4769 2888 4831 erat,
2919 4765 3168 4818 absolvit
3195 4767 3462 4828 ,Romam

1857 4853 2062 4908 deinde
2077 4860 2463 4921 perrecturus.
2491 4855 2899 4920 Ingruentibus
2919 4860 3113 4908 autem
3130 4857 3330 4909 Roma
3342 4856 3463 4909 bar-

1858 4945 2038 5010 baris,
2055 4945 2296 5011 profugo
2320 4946 2539 4999 Piniani
2556 4946 2727 4999 catui
2742 4945 3056 5012 adjunctus
3073 4945 3276 4999 eodem
3303 4958 3458 4999 anno

1858 5037 1918 5110 in
1945 5035 2190 5089 Siciliam
2223 5035 2645 5090 transfretavit.
2685 5036 2764 5088 lbi
2791 5034 2851 5087 in
2889 5041 3202 5103 conspectu
3218 5038 3463 5090 vastata

1860 5139 1993 5178 cum
2010 5126 2234 5178 cateris
2264 5126 2593 5192 regionibus
2609 5127 2681 5178 ab
2707 5125 2928 5179 Alarico
2947 5125 3220 5179 Calabria
3242 5126 3462 5191 aliquot
3563 5147 3566 5154 -

1859 5214 2120 5281 Origenis
2155 5215 2338 5280 libris,
2373 5215 2619 5267 homiliis
2651 5215 2866 5268 scilicet
2894 5212 2957 5266 in
2996 5216 3290 5280 Numeros,
3317 5226 3462 5280 quas

1860 5305 2082 5359 Donato
2115 5304 2281 5358 alicui
2307 5305 2620 5371 inscripsit,
2654 5309 2712 5359 et
2739 5305 2959 5357 Cantica
3010 5304 3374 5370 canticorum,
3401 5303 3464 5358 in

1862 5648 2146 5719 perVenit,
2163 5663 2227 5703 ac
2259 5644 2553 5716 integrum
2568 5659 2710 5714 pene
2724 5657 2942 5719 annum
2956 5643 3035 5699 ibi
3049 5649 3438 5719 commoratus
3449 5682 3466 5712 ,

1863 5718 2180 5789 Aquileiam
2196 5735 2395 5779 mense
2412 5723 2677 5786 Augusto
2694 5718 2783 5771 vel
2800 5719 3117 5785 Septembri
3132 5718 3287 5771 adiit.

1940 5798 2113 5848 °Hac
2150 5793 2390 5860 epistola
2419 5805 2575 5846 nunc
2604 5789 2835 5855 quidem
2860 5791 3169 5844 intercidit.
3201 5792 3332 5845 Non
3371 5804 3471 5857 per

1864 5866 2107 5921 biduum
2118 5870 2411 5920 exaratam
2430 5874 2561 5918 esse
2575 5861 2832 5928 potuisse
2844 5861 3228 5930 Hieronymus
3244 5863 3472 5929 objecit.
