3902 6406
497 293 564 350 15
1492 302 1798 354 RUFINUS
1832 306 2324 366 AQUILEIENSIS
2360 308 2790 359 PRESBYTER.
3720 315 3747 370 1
3759 317 3790 369 6

494 394 985 460 Pinianigratiam,
999 403 1288 452 extremas
1305 400 1452 453 vires
1485 401 1821 465 insumpsit,
1843 404 2090 455 tandem-
2115 412 2168 484 Α
2191 407 2385 458 Versio
2408 407 2641 470 Josephi
2666 421 2922 472 Operum,
2951 423 3068 461 non
3103 411 3318 476 Ruﬁni,
3349 413 3450 464 sed
3478 415 3789 468 Ambrosii.

497 497 608 549 que
645 485 896 538 animam
925 487 986 538 in
1024 489 1337 544 amicorum
1372 491 1762 555 complexibus
1795 505 1946 545 anno
1989 494 2089 547 410
2192 497 2593 548 Commentarii
2609 497 2666 548 in
2685 510 2843 548 Lxxv
2863 500 3072 563 priores
3094 502 3324 552 Davidis
3343 502 3614 566 psalmos.

494 576 741 629 reddidit
754 617 768 629 .

1097 750 1130 814 §
1165 749 1214 804 2.
1247 751 1461 816 Scripta
1475 790 1488 802 .

555 898 749 963 Longe
782 899 1035 951 maxima
1069 914 1201 966 pars
1229 915 1467 968 cperum
1501 902 1690 955 Ruﬁni
1733 903 2089 956 versionibus

491 985 763 1040 librorum
782 990 1107 1042 Gracorum
1124 992 1338 1044 Latinis
1354 994 1676 1045 coniicitur.
1709 997 1848 1056 Qua
1882 994 1951 1046 de
1983 1008 2087 1047 suo

491 1077 717 1142 scripsit
739 1078 948 1143 exiguo
964 1094 1204 1134 numero
1235 1088 1528 1135 constant.
1556 1085 1863 1150 Utriusque
1893 1090 2087 1137 autem

2336 614 2395 623 —
2592 587 2653 637 in
2669 587 2897 651 Oscam,
2913 590 3149 652 Joelem,
3168 595 3364 643 Amos.

2189 673 2320 725 Vita
2337 679 2552 726 sancta
2569 675 2861 738 Eugenia.

2189 762 2429 815 Libellus
2445 763 2514 815 de
2534 765 2668 816 Fide
2689 765 2942 820 brevior.

2186 851 2437 905 Libellus
2460 853 2528 906 de
2547 854 2683 907 Fide
2700 855 2908 910 fusior.

2809 1030 2909 1082 IIl.
2937 1031 3158 1098 Dunu.

488 1168 716 1231 generis
733 1168 1035 1221 elenchum
1055 1211 1069 1234 ,
1088 1173 1572 1236 quemadmodum
1589 1187 1623 1226 a
1636 1175 1970 1236 Fontanino,
1987 1175 2084 1239 qui
2184 1165 2704 1231 OriginiSHomili'c’B
2729 1185 2814 1224 Ἧι
2839 1173 2896 1224 in
2933 1174 3268 1228 Malthwum
3281 1213 3293 1226 ο

487 1255 560 1310 de
579 1257 648 1309 iis
664 1259 988 1312 accuratius
1014 1261 1147 1326 egit,
1167 1264 1542 1316 concinnatus
1560 1270 1666 1330 est,
1683 1265 1965 1317 dabimus.

694 1438 743 1488 Ι.
760 1437 962 1492 OPBRA
977 1449 1230 1493 SINCERA
1245 1469 1322 1492 .—
1336 1441 1359 1496 1
1381 1477 1393 1490 .
1415 1441 1628 1507 Scripta
1634 1444 1866 1508 propria
1881 1482 1892 1494 .

547 1591 883 1645 Dissertatio
901 1593 971 1646 de
988 1594 1417 1648 Adulteratione
1431 1597 1704 1649 librorum
1728 1598 2008 1662 Origenis.

546 1681 1014 1734 Benedictionum
1033 1696 1116 1735 ιιι
1133 1685 1577 1748 patriarcharum
1602 1687 1948 1751 explanatio.

548 1769 852 1835 Apologia,
893 1785 994 1824 seu
1023 1775 1450 1826 Invectivarum
1481 1775 1606 1827 libri
1643 1778 1756 1828 duo
1797 1778 2078 1853 adversus

481 1859 892 1924 Hieronymum
904 1895 920 1911 .

545 1950 817 2014 Apologia
832 1964 932 2015 pro
946 1952 1058 2003 ﬂde
1075 1966 1180 2004 sua
1198 1953 1268 2004 ad
1289 1954 1660 2006 Anastasium
1676 1956 2018 2019 pontificem.

544 2040 810 2092 Historia
850 2041 1247 2094 ecclesiastica
1292 2042 1415 2095 libri
1444 2044 1586 2109 duo,
1630 2045 1840 2097 scilicet
1863 2058 1901 2096 x
1931 2051 1988 2097 et
2018 2058 2078 2098 ιι

477 2134 610 2193 post
626 2130 935 2182 Historiam
962 2133 1370 2184 Eusebianam.

2307 1286 2367 1296 —
2495 1260 2774 1313 Homilial
2799 1263 2856 1314 in
2869 1264 3163 1316 Joannem.

2182 1347 2454 1412 Ejusdem
2478 1349 2550 1402 de
2579 1351 2753 1403 Maria
2781 1353 3132 1416 Magdalena.

2285 1466 2360 1498 .—
2519 1439 2590 1492 de
2611 1440 2923 1506 Epiphania
2945 1443 3194 1507 Domini;
3226 1443 3287 1496 in
3329 1444 3597 1496 Latinum
3639 1457 3784 1499 con-

2178 1540 2382 1581 νει-εω.

2715 1702 2818 1752 IV.
2844 1703 3190 1754 Dnrnnmn
3212 1740 3224 1754 .

2111 1841 2164 1915 B
2248 1843 2500 1907 Epistola
2514 1843 2586 1894 ad
2601 1844 3034 1910 Hieronymum,
3052 1847 3110 1897 in
3127 1859 3241 1910 qua
3251 1846 3348 1911 huj
3359 1860 3427 1898 us
3444 1848 3626 1913 prima
3638 1853 3790 1914 Apo-

2183 1932 2334 1996 logia
2345 1934 2691 1986 confutatur.

2244 2023 2511 2086 Epistola
2535 2025 2606 2075 ad
2634 2025 2886 2076 Aniciam
2907 2027 3230 2077 Falconiam
3256 2029 3512 2079 Probam.

2243 2113 2540 2165 Librorum
2563 2114 2778 2180 aliquot
2803 2130 2833 2168 e
2854 2117 3054 2168 Latino
3074 2117 3133 2168 in
3157 2119 3419 2170 Gracum
3455 2131 3787 2172 sermonem

539 2219 789 2272 Historia
820 2221 1128 2286 eremitica,
1161 2223 1282 2275 sive
1311 2223 1457 2276 Vita
1487 2225 1719 2277 Patrum
1758 2224 1933 2290 vulgo
1968 2226 2062 2278 sui

2180 2203 2498 2257 conversio.

475 2308 808 2374 Hieronymi
822 2311 1054 2362 nomine
1079 2312 1265 2364 edita.

537 2398 846 2464 Explicatio
873 2402 1144 2465 Symboli.

670 2540 730 2596 2.
762 2541 1165 2594 VcrbaeGrceca
1199 2545 1258 2595 in
1289 2546 1544 2597 Latinam
1573 2548 1870 2612 Linguam.

533 2692 725 2746 Basilii
741 2695 929 2759 Magni
955 2696 1192 2760 Regula.

538 2785 811 2849 Ejusdem
827 2785 1089 2838 Homilia
1108 2790 1251 2839 octo.

537 2875 698 2926 Liber
715 2889 868 2927 unus
882 2875 1172 2940 Apologia
1192 2877 1464 2941 Pamphili
1482 2891 1579 2943 pro
1608 2878 1863 2944 Origine;
1881 2879 1940 2931 in
1953 2892 2068 2944 quo

478 2963 788 3016 Sententia
805 2965 875 3016 ad
884 2979 1084 3017 versus
1103 2967 1548 3019 Mathematicos.

537 3053 793 3118 Origenis
808 3055 934 3106 libri
949 3060 1192 3119 quatuor
1220 3057 1337 3122 Περὶ
1367 3062 1537 3124 Αρχῶν

535 3145 808 3210 Ejusdem
822 3146 1082 3198 Homilia
1103 3158 1228 3199 xvu
1245 3147 1303 3198 in
1318 3147 1586 3200 Genesin.

1062 3247 1168 3288 xm
1196 3236 1255 3288 in
1305 3238 1585 3291 Exodum.

1057 3338 1162 3378 xvx
1175 3326 1237 3378 in
1253 3327 1584 3381 Leviticum.

1052 3428 1247 3468 xxvm
1276 3417 1334 3468 in
1353 3419 1649 3471 Numeros.

1057 3517 1204 3559 xxvx
1230 3507 1286 3558 in
1303 3509 1497 3560 Josue.

1058 3608 1118 3648 Ix
1133 3597 1194 3648 in
1224 3597 1472 3649 Judices.

1056 3697 1075 3737 ι
1092 3687 1151 3738 in
1168 3689 1189 3738 Ι
1204 3687 1412 3738 librum
1427 3689 1667 3753 Regum.

1059 3788 1120 3828 IV
1136 3776 1196 3827 in
1213 3777 1442 3829 Cantica
1455 3777 1806 3830 canticorum
1821 3816 1834 3828 .

1058 3867 1220 3918 Tomi
1257 3867 1361 3918 XV
1410 3867 1471 3918 in
1513 3868 1686 3919 libros
1732 3868 1929 3919 decem
1979 3867 2066 3919 di-

469 3953 658 4006 stincti
674 3955 733 4006 in
750 3955 1058 4020 Epistolam
1076 3957 1140 4006 D.
1164 3957 1322 4007 Pauli
1349 3956 1420 4008 ad
1446 3959 1755 4010 Ramanos.

529 4045 779 4110 Gregorii
797 4045 1136 4098 Nazianzeni
1151 4046 1429 4110 opuscula
1447 4048 1645 4099 decem
1663 4087 1673 4110 ,
1694 4060 1926 4112 nempe:

526 4135 875 4199 Apologetici
901 4136 1041 4187 liber
1069 4149 1242 4188 unus.
1281 4138 1361 4189 De
1392 4138 1738 4202 Epiphaniis.
1769 4140 1850 4188 De
1883 4136 2066 4188 Lumi-

465 4225 665 4276 nibus.
713 4227 795 4277 De
822 4224 956 4277 Fide
986 4225 1126 4278 liber
1150 4240 1332 4277 unus.
1367 4229 1446 4278 De
1491 4227 1718 4277 Nicana
1748 4227 1897 4288 Fide,
1934 4227 2071 4277 Pen-

468 4319 682 4367 tecoste
716 4320 774 4367 et
802 4316 1010 4380 Spiritu
1033 4321 1250 4368 sancto.
1291 4319 1370 4368 De
1387 4316 1700 4382 Semctipso
1725 4329 1797 4367 ex
1815 4319 1968 4379 Agro
1985 4329 2070 4368 re-

467 4419 660 4458 verso.
700 4406 782 4458 De
823 4406 996 4458 Dictis
1043 4407 1372 4459 Hieremia.
1417 4407 1494 4458 De
1523 4405 1995 4458 Reconciliatione
2012 4411 2069 4459 et

467 4495 695 4548 Unitate
728 4496 1152 4549 Monachorum.
1180 4498 1261 4549 De
1285 4496 1586 4549 Grandinis
1616 4497 1954 4550 vastatione.
1985 4499 2069 4550 De

466 4586 693 4638 Arianis
707 4625 720 4638 .

530 4677 670 4728 Sixti
685 4676 1018 4742 Pyhagorai
1034 4677 1340 4730 Sententia
1357 4715 1371 4729 .

527 4767 753 4831 Evagrii
767 4766 807 4818 C
820 4806 833 4819 .
854 4768 1162 4820 Sententia
1179 4767 1249 4820 ad
1266 4767 1598 4821 monachos.

530 4858 806 4922 Ejusdem
823 4859 1130 4910 Sententia
1147 4858 1216 4910 de
1231 4857 1495 4922 Apathia.

592 4975 656 4985 —
821 4949 964 5001 liber
987 4949 1059 5000 ad
1087 4949 1365 5014 Virgines.

531 5037 835 5090 Clementis
852 5039 1090 5090 Romani
1108 5039 1562 5104 Recognitiones.

529 5129 757 5180 Eusebii
785 5129 1051 5181 Historia
1068 5129 1467 5181 ecclesiastica
1485 5130 1610 5181 libri
1632 5129 1846 5183 decem.

529 5220 775 5272 Anatolii
791 5220 1160 5272 Alexandrini
1177 5223 1367 5272 Canon
1380 5221 1682 5285 paschalis.

840 5401 889 5450 II
908 5439 920 5452 .
941 5401 1353 5452 SUPPOSITITIA
1379 5405 1424 5449 et
1446 5413 1684 5453 ALIENA.

529 5553 728 5605 Versio
743 5554 998 5618 Origenis
1015 5555 1388 5606 IIomiliarum
1403 5555 1462 5607 in
1479 5557 1692 5608 Lucam
1706 5567 1823 5608 non
1842 5554 2056 5617 Rufini,

466 5642 557 5695 cui
581 5642 899 5708 ascribitur,
919 5644 1020 5696 sed
1037 5645 1386 5709 Hieronymi.

2727 2348 2760 2412 §
2794 2346 2844 2403 3.
2901 2349 3194 2400 Editiones.

2238 2489 2439 2553 Iniqua
2467 2488 2631 2555 plane
2659 2493 2907 2544 auctoris
2941 2493 3137 2557 Optimi
3173 2495 3575 2560 etscriptorum
3622 2497 3790 2562 ejus,

2174 2579 2424 2630 maxime
2476 2593 2549 2631 ex
2585 2593 2699 2644 quo
2733 2587 2855 2634 arte
2898 2584 3305 2647 typographica
3342 2584 3469 2635 libri
3501 2586 3793 2652 multipli-

2173 2668 2287 2720 cari
2311 2670 2565 2721 etornari
2588 2677 3044 2735 consueverunt,
3091 2673 3320 2724 fortuna
3353 2673 3486 2726 fuit.
3526 2676 3673 2726 Nam
3731 2677 3792 2727 in

2173 2759 2464 2809 communi
2501 2759 2593 2810 illa
2616 2798 2630 2822 ,
2675 2774 2807 2823 qua
2842 2774 3044 2812 versus
3071 2762 3242 2812 tinem
3266 2764 3464 2814 saculi
3507 2776 3588 2814 xv
3635 2765 3794 2816 obti-

2170 2847 2360 2908 nebat,
2378 2847 2651 2899 librorum
2675 2850 3040 2901 ecclesiastici
3061 2852 3426 2915 potissimum
3451 2855 3791 2916 argumenti

2168 2935 2675 3000 imprimendorum
2687 2937 3131 2999 amulatione,in
3143 2953 3255 3004 qua
3266 2941 3362 2992 vix
3376 2942 3539 3005 pauci
3551 2942 3792 2995 fuerunt

2169 3026 2544 3100 insigniorum
2554 3031 2854 3079 auctorum
2874 3067 2884 3090 ,
2902 3030 3114 3093 quibus
3128 3043 3244 3081 non
3271 3031 3454 3082 honos
3469 3044 3614 3082 suus
3628 3032 3788 3084 habi-

2173 3121 2268 3166 tus
2279 3121 2448 3177 esset,
2464 3116 2621 3169 solus
2637 3120 2880 3170 Rufinus
2894 3123 3091 3170 tamen
3109 3133 3311 3172 exsors
3331 3125 3386 3172 et
3405 3123 3629 3185 absque
3642 3135 3776 3175 mu-

2169 3217 2302 3257 nere
2318 3207 2530 3258 mansit
2553 3245 2562 3255 .
2588 3209 2777 3271 Atque
2800 3209 3232 3260 utcollectiones
3251 3215 3489 3274 taceam,
3510 3223 3770 3274 quarum

2093 3268 2142 3345 (ἶ
2169 3308 2285 3347 una
2301 3296 2534 3348 demum
2554 3268 2734 3360 eaque
2751 3301 2807 3347 et
2827 3309 3029 3348 manca
3047 3303 3104 3350 et
3127 3268 3502 3362 supposititiis
3519 3268 3686 3352 libris
3706 3302 3790 3354 in-

2166 3385 2438 3452 terpolata
2457 3389 2699 3438 exeunte
2716 3387 2927 3438 saculo
2952 3399 3052 3438 xvx
3078 3387 3226 3439 facta
3249 3389 3527 3452 noscitur,
3552 3402 3632 3441 ne
3648 3391 3785 3442 sin-

2160 3476 2310 3542 gulis
2332 3475 2538 3529 libellis
2551 3475 2781 3539 quidem
2798 3476 2887 3528 vel
2900 3476 3007 3528 hoc
3030 3476 3118 3529 vel
3139 3478 3516 3542 sequentibus
3541 3481 3780 3532 saculis

2163 3578 2334 3630 opera
2365 3564 2554 3630 aliqua
2582 3565 2841 3629 impensa
2871 3571 2977 3619 est.
3025 3569 3109 3618 Ex
3144 3579 3259 3630 quo
3303 3573 3498 3620 autem
3541 3580 3594 3620 a.
3641 3568 3786 3625 1580

2165 3656 2503 3708 Laurentius
2523 3654 2593 3705 de
2620 3655 2673 3706 la
2685 3656 2851 3707 Barre
2863 3656 3140 3720 opuscula
3152 3656 3422 3720 quadam
3444 3657 3638 3709 Ruﬁni
3667 3673 3792 3724 pro-

2164 3745 2324 3808 tulit,
2350 3757 2464 3797 uno
2486 3743 2734 3808 amplius
2758 3749 2813 3796 et
2836 3745 3070 3796 dimidio
3093 3745 3312 3798 saculo
3337 3751 3631 3800 cessatum
3655 3748 3785 3809 fuit,

2164 3835 2347 3887 donec
2359 3835 2577 3886 celeber
2587 3835 2918 3898 Hieronymi
2931 3835 3786 3891 editorDominicusVallarsius

2164 3939 2335 3978 nova
2360 3930 2417 3978 et
2435 3925 2673 3989 integra
2695 3925 2925 3978 editioni
2945 3937 3184 3976 manum
3216 3925 3578 3984 admoveret.
3609 3931 3787 3993 cujus

2164 4020 2360 4068 tomus
2399 4017 2421 4065 Ι
2465 4016 2708 4066 Verona
2757 4013 2888 4068 1745
2930 4015 3172 4079 prodiit,
3220 4016 3366 4067 alter
3424 4029 3557 4068 vero
3603 4019 3783 4070 etiam

2165 4118 2345 4166 nunc,
2399 4109 2679 4168 quantum
2720 4104 2947 4168 quidem
2984 4105 3150 4156 nobis
3181 4111 3539 4170 compertum
3572 4144 3587 4171 ,
3621 4107 3784 4160 desi-

2167 4195 2397 4247 deratur
2421 4197 2476 4242 ⁴ι.
2505 4195 2688 4245 Minus
2722 4195 2952 4246 invidia
2987 4195 3359 4248 versionibus'
3393 4197 3522 4261 ejus
3558 4198 3785 4250 Latinis

2169 4285 2508 4349 scriptorum
2546 4285 2871 4336 Gracorum
2914 4285 3190 4350 adhasit,
3240 4299 3372 4350 qua
3404 4291 3462 4338 et
3496 4287 3569 4338 ab
3613 4287 3782 4341 initio

2167 4387 2309 4442 pene
2349 4375 2500 4440 apud
2545 4374 2937 4428 Occidentales
2981 4376 3163 4428 Graci
3211 4376 3494 4428 sermonis
3535 4377 3783 4442 ignaros

2169 4465 2364 4530 magni
2383 4465 2685 4518 astimata
2711 4470 2864 4528 sunt,
2897 4469 2954 4518 et
2986 4466 3286 4518 recentiori
3319 4468 3785 4536 atategbenevo—

2169 4557 2434 4609 lentiores
2469 4560 2719 4622 experta
2764 4560 2902 4608 sunt
2935 4557 3278 4609 Christiana
3317 4557 3615 4622 sapientia
3657 4563 3787 4610 stu-

2092 4658 2150 4731 D
2167 4647 2360 4700 diosos
2374 4685 2387 4700 .
2413 4648 2556 4709 Quid
2583 4649 2737 4712 quod
2763 4651 2922 4700 tanta
2941 4647 3001 4698 in
3019 4659 3154 4699 eum
3165 4646 3470 4699 insolentia
3483 4659 3589 4699 usa
3599 4645 3778 4700 fuerit

2169 4739 2427 4803 fortuna,
2451 4741 2516 4790 ut
2544 4739 2788 4788 Historia
2815 4739 2938 4803 ejus
2951 4738 3300 4787 cremitarum
3324 4739 3431 4789 sub
3447 4735 3785 4802 Hieronymi

2169 4828 2350 4894 ipsius
2361 4829 2588 4880 nomine
2600 4829 2848 4894 vigesies
2859 4827 3332 4892 etampliusintra
3356 4826 3640 4880 saculum
3666 4827 3780 4879 im-

2167 4930 2368 4984 pressa
2391 4924 2446 4971 et
2467 4919 2527 4970 in
2548 4899 2840 4983 complura
2864 4917 3102 4970 aliarum
3136 4918 3467 4982 linguarum
3498 4917 3779 4971 idiomata

2169 5009 2444 5061 translata
2475 5009 2565 5060 sit.
2593 5012 2730 5071 Qua
2747 5022 2880 5060 cum
2918 5009 2997 5060 ita
3029 5008 3160 5070 sint,
3174 5008 3233 5059 in
3253 5007 3620 5060 recensendis
3633 5021 3778 5072 ope-

2165 5112 2293 5151 rum
2307 5099 2495 5150 Ruﬁni
2508 5100 2851 5151 editionibus
2865 5099 2942 5150 ita
2953 5111 3277 5162 pergemus,
3293 5102 3356 5149 ut
3367 5099 3616 5162 primum
3630 5107 3773 5162 qua

2163 5189 2588 5240 collectionibus
2608 5189 3016 5254 comprehensa
3049 5188 3256 5240 fuerint
3291 5188 3377 5241 vel
3407 5200 3480 5239 ex
3521 5187 3772 5252 propriis

2161 5281 2288 5346 ejus
2303 5280 2528 5344 scriptis
2539 5285 2640 5331 aut
2660 5291 2955 5345 perperam
2968 5279 3018 5330 ei
3036 5278 3266 5331 tributis
3279 5291 3413 5329 cum
3426 5277 3776 5341 singulatim

2161 5383 2395 5433 excusa,
2422 5374 2545 5420 tum
2557 5370 2796 5421 aliorum
2817 5369 3086 5432 operibus
3109 5367 3379 5433 permista
3402 5367 3734 5418 habeantur
3761 5405 3776 5430 ,

2165 5459 2366 5512 deinde
2391 5460 2657 5511 Historia
2699 5458 3102 5511 ecclesiastica
3145 5459 3400 5522 itemque
3445 5455 3766 5508 eremitica

2159 5563 2471 5614 eorumque
2497 5587 2510 5613 ,
2536 5563 2668 5616 qua
2707 5549 2777 5602 de
2811 5549 3010 5601 Graco
3050 5547 3264 5612 vertit,
3303 5546 3584 5600 editiones
3618 5546 3775 5600 refe-

2159 5653 2379 5694 ramus.

524 5791 555 5824 ³
588 5789 766 5844 Hodie
790 5790 964 5844 etiam
989 5794 1145 5843 tomo
1165 5788 1342 5843 altero
1372 5791 1528 5841 caret
1551 5787 1725 5841 editio
1749 5785 2127 5855 Vallarsiana,
2151 5783 2316 5842 EDIT.
