3902 6474
134 460 183 517 17
1576 444 1894 499 NOTITIA.
3306 447 3370 504 18

716 555 867 610 SEO.
900 566 1004 608 vx.

176 702 305 762 1468.
323 700 527 764 Oronti,
543 700 679 755 in-4°
701 697 900 765 (in-8°).
926 701 987 754 B.
1012 701 1348 768 Hieronymi
1371 704 1662 769 exposicio

126 799 172 850 in
183 792 415 860 Symbolo
427 790 812 857 apostolorum
826 791 898 844 ad
915 804 1123 857 papam
1140 793 1530 846 Laurentium.
1550 797 1664 846 Im-

128 896 286 953 pressa
294 881 517 935 Oxonite
531 883 591 933 et
604 880 766 933 ﬁnita
779 893 932 933 anno
947 882 1173 934 Domini
1186 894 1580 937 MCCGCvam
1595 884 1661 939 17

126 975 196 1027 die
227 971 541 1025 Decembris.
576 970 742 1024 Liber
774 971 1118 1024 decantatus
1144 962 1380 1038 propter
1412 974 1663 1038 origines

127 1064 189 1117 rei
207 1059 596 1129 typOgrapbicaa
624 1060 684 1112 in
707 1060 932 1126 Anglia,
957 1061 1029 1114 de
1054 1074 1168 1126 quo
1198 1062 1457 1127 pluribus
1482 1065 1661 1117 Maitt.

123 1156 241 1206 Ann.
268 1154 373 1217 typ.
405 1154 442 1203 t.
472 1151 514 1215 Ι,
537 1163 666 1217 pag.
693 1148 816 1205 279.
843 1151 1144 1216 Spectmen
1166 1151 1485 1205 litterarum
1515 1154 1666 1206 sistit

124 1246 161 1296 Α
177 1257 265 1292 mea
287 1245 492 1307 typogr.
514 1240 881 1305 Antiquities,
904 1253 960 1306 p.
986 1240 1109 1296 437.
1137 1242 1522 1295 Middletonus
1540 1244 1666 1308 qui-

123 1333 224 1385 dem
238 1330 419 1384 vitium
434 1330 908 1396 typographicum
923 1332 1164 1384 subesse
1179 1336 1238 1385 et
1255 1332 1471 1386 omisso
1486 1332 1666 1386 altero

119 1435 164 1483 x,
203 1418 320 1476 1-168
359 1432 455 1485 pro
494 1418 651 1482 1478,
687 1433 971 1473 excusum
1007 1421 1149 1473 nihil
1184 1422 1425 1474 Caxtoni
1448 1421 1663 1489 gloriae,

123 1511 199 1575 qui
218 1509 414 1575 primus
444 1513 628 1562 artem
668 1510 1140 1575 typographicam
1172 1510 1234 1563 in
1266 1511 1479 1577 Anglia
1500 1524 1669 1565 exer-

122 1600 275 1653 cuisse
304 1599 491 1664 fertur,
533 1599 833 1654 detrahere
868 1600 1078 1655 debere
1122 1602 1365 1655 censuit.
1398 1602 1524 1655 Vid.
1560 1603 1667 1653 The

121 1689 365 1741 Substance
410 1691 473 1756 of
501 1690 589 1742 his
625 1692 762 1742 Dies.
795 1706 867 1742 on
900 1693 986 1742 the
1018 1692 1211 1758 On'gin
1239 1692 1304 1756 of
1325 1694 1584 1759 Printz'ng
1605 1695 1666 1744 in

120 1778 332 1843 England
363 1780 423 1830 in
467 1781 591 1831 Two
628 1780 828 1848 Essays
854 1796 926 1833 on
958 1782 1045 1832 the
1079 1782 1167 1834 0r.
1194 1782 1258 1845 of
1274 1782 1476 1848 Print.,
1496 1783 1586 1837 ed.
1611 1782 1663 1847 2,

121 1867 264 1920 Lond.
276 1868 420 1930 1776,
432 1868 589 1925 in-8'.
605 1870 713 1924 Sed
724 1868 1248 1925 licetassentientes
1258 1871 1417 1925 haud
1429 1885 1662 1938 paucos,

1630 568 1635 581 ι
1686 548 1744 624 Α
1765 550 1924 603 xisse
1939 551 2260 604 videantur.
2279 568 2307 603 ιο
2324 552 2613 606 Recusum
2629 553 2719 606 est
2733 553 2940 607 deinde
2955 567 3086 607 cum
3100 555 3372 607 omnibus

1763 642 2113 695 Erasmianis
2137 655 2255 695 non
2275 643 2467 702 modo,
2492 644 2594 697 sed
2618 648 2677 697 et
2699 644 2823 697 aliis
2840 645 2954 696 fere
2972 645 3243 697 omnibus
3264 645 3374 711 Cy-

1762 733 1943 799 priani
1954 734 2298 787 editionibus
2311 735 2488 787 veluti
2502 738 2761 788 Romana
2771 749 2860 802 ap.
2877 736 3032 789 Paul.
3048 738 3240 788 Manut
3251 736 3372 788 ium

1763 822 1920 885 1563,
1958 836 2015 889 p.
2052 822 2175 888 381,
2206 825 2268 877 in
2302 837 2416 890 quo
2448 825 2659 890 optime
2690 825 2949 893 singulos
2980 826 3251 879 articulos
3275 839 3371 879 se-

1762 914 2006 979 paratim
2022 918 2157 967 ante
2171 915 2593 981 expositionem
2604 914 2914 982 dispositos
2926 919 2983 969 et
2994 917 3225 970 diverso
3237 916 3375 969 cha-

1762 1009 1978 1056 ractere
2001 1017 2304 1070 eXpressos
2324 1006 2682 1058 Fontaninus
2698 1007 2919 1069 laudat;
2936 1007 3075 1061 item
3092 1008 3153 1060 in
3169 1009 3372 1060 Pame—

1761 1094 1948 1157 lianis,
1974 1095 2289 1149 Oxoniensi
2313 1098 2372 1148 et
2394 1096 2701 1149 Baluziana
2724 1097 2991 1163 denique.

1827 1236 1984 1294 1555.
2007 1239 2249 1302 Basilew,
2274 1241 2426 1306 apud
2449 1242 2616 1291 Henr.
2645 1240 2805 1304 Petri,
2839 1241 2897 1292 f°.
2920 1240 3112 1292 Ruﬁni
3129 1239 3373 1305 Aquilei.

1764 1328 1836 1382 de
1858 1329 2360 1383 Benedictionibus
2382 1330 2549 1383 Judaa
2574 1333 2632 1383 et
2650 1331 3000 1396 reliquorum
3022 1330 3376 1395 patriarcha-

1740 1431 1912 1499 lrum.
1943 1419 2005 1471 in
2036 1419 2605 1486 Orthodoxographis
2626 1421 2753 1471 Joh.
2781 1420 3020 1481 Hcroldi,
3055 1424 3193 1473 tom.
3224 1422 3291 1484 II,
3315 1434 3371 1485 p.

1766 1506 1925 1564 1423.
1966 1509 2272 1574 Heroldus,
2308 1510 2571 1576 ignorata
2604 1510 2898 1563 Hierothei
2934 1509 3204 1574 editione,
3237 1522 3376 1563 vero

1764 1599 1982 1651 auctori
2010 1599 2219 1651 librum
2258 1613 2430 1652 suum
2455 1600 2706 1652 restituit
2728 1613 2802 1652 ex
2826 1599 3021 1652 codice
3042 1611 3173 1662 ms.,
3202 1611 3377 1664 quem

1761 1687 2040 1753 pluribus,
2060 1702 2192 1754 quae
2207 1689 2361 1743 lectu
2377 1703 2495 1743 non
2506 1690 2744 1756 indigna
2757 1689 3109 1743 videbuntur
3121 1693 3179 1742 et
3190 1702 3225 1742 a
3236 1690 3379 1741 Fon-

1764 1778 1961 1831 tanino
1988 1780 2163 1832 etiam
2199 1780 2370 1833 allata
2404 1785 2561 1842 sunt,
2584 1781 2666 1833 ita
2696 1779 2968 1832 describit
3002 1796 3013 1828 :
3046 1793 3074 1826 α
3098 1779 3377 1844 Georgius

1768 1868 2058 1931 Pistorius,
2084 1871 2173 1922 vir
2194 1869 2550 1923 clarissimus
2570 1869 2724 1935 apud
2749 1868 3095 1935 Ensishcym
3117 1868 3380 1921 medicus

120 1960 331 2011 attamen
358 1929 415 2012 et
434 1960 798 2014 adversarios
820 1961 1045 2027 reperit,
1069 1961 1245 2026 inque
1274 1961 1366 2014 his
1394 1929 1661 2028 gravissi;
1689 1929 1747 2004 B
1770 1929 2076 2022 excellens,
2096 1962 2273 2025 atque
2289 1960 2359 2012 de
2374 1929 2694 2013 litteratura
2708 1929 3021 2013 universali
3036 1958 3252 2024 optime
3267 1970 3383 2011 me-

120 2060 246 2099 mum
264 2049 683 2103 Meermanuum
701 2051 763 2102 in
776 2052 875 2115 Ep.
901 2050 974 2103 ad
998 2051 1177 2104 Andr.
1205 2050 1395 2105 Coltée
1412 2053 1672 2118 Ducarel,

119 2138 292 2192 inserta
317 2140 503 2207 Origg.
530 2146 775 2207 typogr.,
799 2142 1049 2206 indeque
1070 2142 1132 2195 in
1157 2141 1343 2208 Suppl.
1374 2148 1424 2194 lo
1449 2144 1536 2194 the
1561 2144 1675 2195 0n“-

119 2228 190 2289 giu
203 2229 257 2293 of
269 2230 533 2297 Printing,
566 2230 726 2296 1781,
747 2229 917 2296 ill-8°,
945 2244 999 2297 P-
1027 2230 1133 2288 236
1165 2246 1293 2298 8(Ιίῐο

167 2345 295 2402 1470.
315 2349 509 2412 Romae,
525 2365 619 2415 ap.
639 2348 895 2415 Sweynh.
919 2353 966 2399 et
980 2350 1278 2417 Pannartz,
1295 2349 1355 2401 f°.
1376 2350 1678 2416 Exposicio

122 2432 168 2484 in
175 2434 475 2498 Symbolum
487 2451 625 2490 cum
634 2438 820 2503 priore
833 2437 1127 2492 volumine
1139 2439 1539 2505 Espistolarum
1550 2441 1680 2490 Hie-

118 2527 312 2588 ronymi.
335 2529 687 2593 Assignatur
705 2528 877 2581 etiam
908 2528 1043 2581 huic
1056 2542 1211 2582 anno
1225 2543 1261 2583 a
1275 2530 1570 2583 nonnullis
1586 2531 1678 2583 vel

120 2613 185 2663 uti
201 2614 383 2680 Caveo,
406 2619 623 2684 Ittigio,
653 2619 711 2671 et
735 2617 864 2671 aliis
883 2618 1055 2672 editio
1079 2619 1331 2685 Operum
1356 2620 1551 2673 Ruﬁni
1572 2622 1679 2673 Ro-

121 2714 207 2756 mae
226 2704 377 2770 facta,
402 2708 504 2761 sed
526 2708 866 2773 hujusmodi
890 2709 1063 2763 editio
1085 2723 1312 2763 merum
1335 2710 1679 2776 ﬁgmentum

123 2795 205 2857 est,
229 2807 261 2846 a
285 2808 391 2860 quo
423 2797 672 2851 lectores
709 2799 818 2851 sibi
846 2812 1047 2853 cavere
1069 2799 1299 2853 debent.
1323 2802 1539 2853 Auctor
1572 2801 1682 2853 fuit

122 2881 342 2938 Labbeus
370 2886 431 2939 in
452 2887 626 2940 Nova:
641 2887 774 2939 Bibl.
801 2904 900 2942 ms.
921 2888 1134 2955 Suppl.,
1166 2902 1219 2955 p.
1244 2888 1369 2955 340,
1389 2891 1543 2943 hanc
1565 2890 1682 2943 edi-

123 2971 297 3027 tionem
315 2977 594 3042 tanquam
614 2978 963 3032 existentem
977 2979 1039 3031 in
1056 2978 1199 3031 Bibl.
1215 2981 1352 3045 Reg.
1375 2980 1550 3033 Paris.
1566 2979 1683 3032 lau-

119 3059 250 3116 dans.
273 3065 427 3120 Unde
447 3068 631 3121 Maitt.
656 3069 807 3121 Ann.
833 3072 875 3121 t.
901 3070 942 3127 Ι.
970 3082 1023 3134 p.
1050 3067 1176 3134 298,
1202 3082 1277 3122 ex
1291 3082 1474 3135 eoque
1489 3070 1681 3136 plures

120 3149 344 3220 deinceps
374 3157 529 3211 bona
553 3157 669 3212 ﬁde
697 3157 1144 3224 descripserunt.
1172 3161 1247 3213 At
1270 3171 1407 3213 vero
1431 3160 1492 3211 in
1515 3161 1682 3213 Cata-

114 3236 218 3307 logo
246 3244 404 3301 dicta
440 3248 589 3301 Bibl.
628 3249 855 3302 nullum
885 3249 957 3303 de
989 3263 1058 3303 ea
1092 3250 1407 3316 vestigium
1428 3251 1681 3317 reperias

1772 2047 1937 2109 ritus,
1962 2062 2095 2101 cum
2120 2050 2317 2114 procul
2340 2050 2515 2102 dubio
2538 2050 2771 2102 nonnisi
2792 2049 2883 2102 vel
2902 2048 3121 2114 ingenii
3138 2047 3386 2099 summis

1770 2137 2064 2190 laboribus
2079 2140 2338 2193 autaeris
2350 2140 2610 2205 impensa
2621 2139 2828 2203 insani,
2845 2138 3103 2191 libellum
3117 2137 3277 2189 hunc
3287 2138 3393 2190 Ru-

1772 2226 1873 2279 ﬁni
1897 2227 2264 2282 Bibliothecee
2287 2242 2429 2293 suae,
2452 2231 2731 2294 tanquam
2751 2228 3090 2281 thesaurum
3103 2232 3385 2293 parasset,

1778 2329 1893 2382 qua
1913 2322 2004 2370 est
2026 2318 2085 2370 in
2100 2317 2318 2371 litteras
2337 2320 2520 2371 bonas
2537 2322 2712 2384 atque
2730 2331 2865 2384 erga
2884 2318 3100 2371 amicos
3116 2316 3384 2369 humani-

1779 2410 1912 2467 tate,
1936 2408 2167 2460 domino
2182 2409 2427 2463 Henrico
2442 2409 2608 2473 Petri,
2623 2410 2745 2474 jam
2769 2420 3061 2461 sacrorum
3077 2411 3380 2459 auctorum

1775 2497 2183 2550 Bibliothecam
2211 2498 2419 2562 edenti,
2438 2499 2609 2551 etiam
2624 2498 2781 2551 hunc
2796 2497 3050 2550 libellum
3068 2500 3272 2561 sponte
3288 2497 3382 2549 ob-

1778 2587 1934 2653 tulit;
1951 2588 2049 2653 qui
2065 2588 2298 2654 quidem
2313 2590 2704 2641 Romanorum
2715 2587 3054 2653 majusculis
3065 2586 3289 2650 litteris,
3307 2586 3377 2638 iis

1779 2678 2011 2743 quidem
2048 2677 2292 2743 (quibus)
2318 2677 2634 2731 Pandectas
2660 2677 3117 2731 Florentinorum
3142 2674 3383 2741 scriptas

1779 2768 2049 2832 vidimus,
2086 2768 2210 2821 sine
2241 2768 2609 2821 distinctione
2640 2767 2774 2831 ulla,
2799 2769 2933 2820 ante
2967 2764 3123 2818 mille
3156 2777 3223 2817 ac
3249 2763 3382 2830 plus

1779 2871 1983 2921 annos,
1998 2859 2243 2924 scriptus
2259 2863 2400 2922 erat,
2415 2858 2761 2911 venerandae
2776 2854 3137 2921 antiquitatis
3154 2867 3386 2920 gemma

1778 2950 2063 3004 mehercle
2086 2950 2348 3015 pretiosa.
2382 2951 2551 3001 Hunc
2575 2961 2731 3012 vero,
2748 2953 2814 3000 ut
2832 2947 2995 3008 solet,
3013 2946 3286 3010 temporis
3303 2946 3385 2998 in-

1776 3040 1947 3106 juria,
1998 3040 2333 3105 incuriaque
2389 3040 2764 3091 barbarorum
2823 3039 3037 3090 misere
3088 3036 3383 3101 laceravit,

1782 3132 1991 3198 quippe
2011 3144 2143 3184 cum
2160 3130 2230 3183 de
2241 3127 2816 3183 benedictioneJudaa
2831 3126 3078 3192 mystica
3102 3129 3384 3179 tractatur

1784 3222 2086 3284 sententia,
2110 3226 2224 3274 tres
2244 3218 2505 3286 plagellaa
2528 3218 2791 3270 rescissaa
2815 3229 2881 3269 ac
2898 3216 3138 3283 perdita:
3158 3215 3383 3268 deside-

116 3294 405 3390 m;
628 3294 1680 3407 2:21:30;
1705 3313 1755 3387 ρ
1784 3314 2007 3377 rantur;
2023 3311 2345 3377 quartaetsi
2363 3309 2827 3374 supersitlacera,
2842 3294 2957 3372 quo
2967 3305 3093 3360 loco
3106 3318 3385 3371 reponen-

113 3432 160 3473 re
176 3437 397 3490 usquam
423 3429 552 3482 visa
576 3429 928 3496 intelligitur.
956 3430 1137 3484 Facile
1152 3435 1351 3484 autem
1366 3432 1492 3497 conj
1501 3432 1679 3484 eceris

113 3509 359 3569 Labbeum
375 3518 632 3573 editione
648 3520 1007 3585 praecedente
1024 3519 1267 3586 Symboli
1279 3534 1412 3573 cum
1423 3521 1680 3587 epistolis

112 3599 387 3661 Ruﬁnianis
402 3609 716 3663 inductum
731 3623 880 3671 esse,
898 3615 964 3664 ut
978 3610 1288 3663 editionem
1305 3610 1556 3676 Operum
1570 3613 1687 3663 Ru-

110 3689 187 3743 tini
201 3700 487 3761 statueret,
509 3713 650 3765 quas
674 3705 894 3766 partem
917 3700 1147 3754 illorum
1160 3701 1295 3754 licet
1307 3701 1611 3755 minimam
1626 3702 1688 3754 in

110 3777 259 3837 fronte
270 3792 507 3852 gereret;
523 3792 699 3855 cujus
712 3790 946 3855 quidem
959 3790 1244 3855 opinionis
1254 3790 1687 3855 astipulatorem

108 3867 250 3927 habes
264 3878 673 3933 Fontaninum.
692 3882 956 3935 Fortasse
973 3880 1270 3946 catalogus
1281 3879 1541 3946 imperite
1560 3895 1690 3935 con-

108 3956 257 4017 fectus
274 3980 405 4021 eum
427 3970 679 4037 decepit.

153 4076 288 4136 1198.
336 4085 564 4151 Oxonii,
612 4085 776 4142 in-8°.
818 4089 879 4141 B.
919 4089 1254 4157 Hieronymi
1290 4094 1593 4161 Exposicio
1626 4095 1685 4148 in

106 4164 338 4231 εωωιο
358 4175 783 4243 apostolorum.

731 4349 884 4404 Sac.
910 4362 1033 4403 xvr.

118 4458 127 4471 l
154 4482 287 4542 1516.
309 4489 591 4554 iVenetiis,
620 4493 773 4559 apud
802 4494 1074 4547 Lazarum
1109 4497 1402 4562 Soardum,
1434 4500 1496 4552 f°.
1523 4499 1685 4552 Ruﬁ-

101 4584 189 4626 nus
202 4576 267 4632 de
281 4582 764 4638 Beneditionibus
778 4586 1250 4651 patriarcharum,
1266 4588 1361 4639 sub
1375 4589 1512 4654 falso
1531 4591 1687 4643 titulo

101 4661 326 4725 Homilies
340 4686 475 4727 xvu
491 4676 556 4727 in
581 4675 850 4728 Genesim
874 4690 1006 4729 cum
1032 4676 1280 4743 Origenis
1305 4679 1437 4745 Opp.
1459 4681 1519 4729 in
1542 4681 1681 4732 Nov.

1779 3403 1855 3456 da
1871 3404 1964 3467 sit,
1982 3404 2080 3455 vix
2102 3416 2174 3467 po
2186 3404 2296 3453 tcst
2308 3399 2572 3453 divinari.
2589 3400 2720 3451 Erat
2731 3397 2969 3464 proinde
2982 3396 3387 3450 membranula

1780 3501 1897 3548 tam
1916 3499 2123 3555 tenera,
2150 3498 2217 3545 ut
2240 3492 2579 3545 teneriorem
2602 3503 2694 3542 me
2715 3488 2930 3543 vidisse
2958 3487 3251 3541 amrmare
3264 3498 3384 3539 non

1784 3586 1968 3638 ausim
1990 3606 1999 3634 :
2017 3584 2166 3648 quod
2181 3583 2412 3648 quidem
2426 3586 2585 3635 tanto
2598 3580 2725 3647 plus
2737 3578 3139 3632 damniattulit
3152 3577 3382 3643 scripto.

1788 3676 2067 3741 Equidem
2083 3674 2275 3739 ipsum
2289 3672 2651 3738 scriptorium
2662 3673 3053 3723 atramentum
3074 3667 3387 3720 acerbitate

1789 3778 1896 3818 sua
1915 3764 2105 3832 plures
2122 3777 2328 3817 versus
2350 3775 2547 3816 erosos
2573 3774 2640 3813 ac
2666 3763 3098 3826 transparentes
3127 3757 3388 3811 reddide-

1785 3861 1892 3920 rat,
1910 3861 1976 3908 ut
1996 3868 2069 3908 ex
2090 3854 2460 3919 stigmatibus
2484 3855 2711 3904 tantum
2731 3849 2843 3915 legi
2869 3852 3127 3915 possent,
3150 3847 3264 3900 nisi
3285 3846 3335 3900 si
3353 3859 3387 3900 e

1787 3946 2020 4011 regione
2045 3946 2104 3997 in
2119 3944 2261 3997 facie
2281 3942 2517 3996 alterius
2544 3941 2772 4006 pagina:
2803 3953 3006 3992 versus
3042 3938 3238 3991 versui
3275 3950 3389 3990 res-

1786 4035 2079 4102 penderet,
2099 4039 2239 4087 tunc
2263 4033 2532 4097 utrinque
2551 4031 2737 4095 major
2773 4030 3026 4082 instabat
3063 4026 3241 4079 labor.
3286 4028 3386 4079 Ac-

1787 4126 2028 4179 cedebat
2047 4124 2232 4177 ethoc
2252 4121 2406 4188 quod
2433 4120 2526 4175 vel
2557 4120 2754 4187 pluvia
2781 4118 3078 4183 irrorante,
3101 4128 3215 4182 qua
3247 4116 3386 4169 olim

1786 4217 2211 4277 asservabatur,
2230 4211 2655 4272 bibliothecam,
2674 4209 2767 4263 vel
2779 4209 2920 4262 dum
2935 4208 3051 4261 huc
3069 4212 3244 4272 atque
3254 4204 3389 4259 illuc

1786 4306 1858 4360 ad
1879 4305 2324 4360 ostentationem
2347 4301 2562 4356 veteris
2592 4299 2955 4352 monumenti
2990 4297 3293 4365 perfertur,
3324 4295 3388 4349 in

1788 4397 2143 4463 marginibus
2188 4400 2347 4448 totus
2388 4390 2749 4445 madefactus
2789 4389 2962 4442 fuerit
3006 4389 3169 4452 liber,
3215 4392 3390 4451 atque

1786 4486 2185 4540 membranula
2231 4484 2555 4549 tenerrima,
2616 4481 2784 4547 quasi
2835 4476 3058 4545 glutino
3101 4479 3387 4532 concreta.

1786 4578 1941 4642 quod
1963 4578 2135 4630 ferme
2160 4574 2389 4640 singula
2414 4573 2558 4630 folia,
2580 4569 2813 4625 nonnisi
2833 4568 3237 4631 lacerarentur,
3265 4563 3386 4617 dis-

1778 4668 1947 4734 jungi
1969 4672 2070 4721 aut
2089 4666 2291 4732 aperiri
2313 4668 2570 4731 possent.
2585 4661 2695 4714 Sed
2717 4665 2776 4713 et
2789 4658 2901 4711 hoc
2925 4656 3083 4711 teedii
3103 4656 3388 4709 devorare

107 4751 226 4821 Ται,
259 4761 348 4815 fol,
378 4765 555 4817 c1111,
582 4765 778 4818 Εάίιοιι
799 4767 1172 4821 constantius
1194 4744 1542 4823 meminens
1560 4772 1683 4836 jam
1709 4744 1765 4820 D
1785 4758 1959 4822 volui,
1986 4761 2052 4811 ut
2068 4756 2254 4822 qualis
2275 4755 2464 4820 qualis
2490 4752 2718 4806 oblatus
2736 4754 2960 4811 esset,a
2979 4761 3074 4800 me
3102 4745 3387 4799 describe-

100 4843 311 4940 Pt'iIIlum
324 4852 436 4906 hoc
454 4854 655 4908 Ruﬁni
674 4855 1034 4921 opusculum,
1061 4858 1163 4910 sed
1186 4862 1464 4924 tanquam
1481 4860 1575 4913 Ori
1587 4875 1689 4927 ge-

99 4936 168 4984 nis
191 4936 359 4994 t'etum
384 4949 445 4997 et
470 4944 733 5010 pessime
760 4950 1068 5000 tractatum
1095 4947 1385 5014 produxit.

147 5050 1242 5128 1519.Basilecz,ap.Frob.,1°.Symbolum
1251 5064 1531 5127 ﬁdei,cum
1543 5065 1686 5132 Ope-

97 5137 227 5195 ribus
241 5146 509 5215 Cypriani
526 5151 603 5204 ab
620 5152 858 5205 Erasmo
881 5153 1069 5211 editis,
1088 5154 1188 5219 qui
1204 5154 1275 5208 de
1290 5155 1450 5208 eoita
1463 5155 1524 5207 in
1535 5156 1689 5220 epis-

99 5226 728 5293 lOlaadLaurPuccium
739 5241 887 5295 card.
907 5242 1102 5296 scribit
1118 5261 1131 5294 :
1152 5258 1184 5294 α
1201 5244 1539 5309 Symbolum
1555 5244 1691 5297 ﬁdei

97 5322 223 5381 quod
242 5324 301 5379 in
323 5329 621 5396 evulgatis
647 5331 855 5396 pariter
877 5344 944 5386 ac
969 5332 1273 5399 descriptis
1294 5333 1690 5391 voluminibus

98 5408 326 5474 Cipriani
348 5419 593 5472 titulum
614 5420 808 5487 habet,
832 5422 988 5475 inter
1013 5423 1198 5489 Opera
1216 5423 1335 5478 divi
1350 5424 1691 5490 Hieronymi

100 5495 246 5557 fertur
266 5507 456 5562 Ruﬁni
470 5511 731 5564 nomine.
747 5528 774 5559 υ
792 5514 858 5564 In
871 5513 1025 5565 notis
1043 5526 1179 5567 vero
1198 5518 1329 5579 post
1344 5514 1684 5580 epistolam:

102 5606 124 5630 α
150 5590 321 5656 Stylus
341 5598 487 5652 satis
511 5600 704 5666 arguit
724 5599 834 5653 hoc
853 5615 997 5667 opus
1022 5615 1142 5656 non
1165 5616 1297 5657 esse
1317 5603 1611 5669 Cypriani,
1630 5607 1690 5656 et

104 5671 220 5733 inter
232 5683 407 5751 Opera
423 5689 764 5755 Hieronymi
777 5690 957 5743 fertur
967 5692 1313 5757 inscriptum
1325 5692 1554 5745 Ruﬁno.
1572 5693 1689 5744 Nec

108 5768 332 5829 abhorret
347 5779 583 5843 phrasis
598 5793 631 5833 a
642 5780 835 5845 phrasi
849 5783 1040 5834 Ruﬁni
1053 5797 1066 5847 ;
1080 5783 1297 5837 etinter
1309 5784 1489 5850 hujus
1505 5783 1693 5849 Opera

113 5865 454 5927 magniﬁcede
466 5870 740 5935 Symbolo
750 5872 1012 5925 meminit
1022 5874 1354 5927 Gennadius
1375 5873 1531 5940 quod
1543 5873 1692 5927 adeo

1784 4853 1941 4902 retur
1979 4849 2165 4910 liber;
2202 4846 2301 4911 qui
2341 4844 2575 4911 quidem
2626 4842 2801 4894 ﬁnem
2838 4851 3013 4893 suum
3046 4846 3159 4890 non
3195 4835 3388 4898 habet,

1787 4951 1969 5005 pauca
1989 4943 2183 4991 tamen
2198 4937 2405 4989 deesse
2425 4933 2705 4999 suspicor.
2728 4930 3019 4984 Adhortor
3044 4928 3240 4991 itaque
3262 4930 3389 4978 stu-

1786 5028 1980 5080 diosos
1992 5039 2213 5087 omnes,
2228 5029 2293 5077 ut
2308 5024 2464 5089 quod
2475 5023 2610 5076 huic
2621 5022 2785 5074 deest
2798 5019 3027 5084 scripto,
3043 5026 3392 5082 quacunque

1786 5117 2084 5171 occasione
2103 5117 2165 5167 in
2181 5112 2544 5169 bibliothecis
2558 5111 2754 5165 venari
2776 5108 2974 5168 velint,
2991 5112 3056 5159 ut
3078 5105 3313 5158 tandem
3334 5104 3393 5155 et

1787 5209 2009 5275 integer
2028 5205 2425 5271 theologisque
2449 5202 2645 5255 minus
2665 5211 2909 5253 mancus
2926 5195 3115 5249 oﬁerri
3140 5193 3341 5260 possit.
3362 5206 3393 5240 »

1850 5350 2007 5408 1569.
2043 5352 2167 5401 Bas.
2199 5364 2289 5414 ap.
2334 5346 2502 5397 Henr.
2537 5343 2701 5408 Petri,
2730 5342 2793 5393 1".
2835 5340 3027 5393 Ruﬁni
3072 5334 3391 5402 Explicatio

1787 5439 2199 5497 benedictionis
2217 5437 2386 5490 Judaa
2400 5438 2456 5489 et
2465 5434 2562 5486 rel.
2585 5430 2893 5485 Patriarch.
2910 5430 2971 5480 in
2991 5428 3247 5481 Monum.
3274 5424 3381 5477 0r-

1791 5533 2025 5586 thodox.
2051 5532 2138 5583 Jo.
2159 5531 2279 5580 Jac.
2302 5525 2549 5591 Gryneei,
2574 5524 2598 5575 t
2647 5524 2716 5585 II,
2741 5534 2796 5586 p.
2820 5517 2979 5583 1065,
2997 5514 3232 5571 Heroldi
3253 5525 3393 5579 ope-

1788 5636 1869 5688 ra,
1883 5622 2008 5688 ipso
2028 5622 2224 5674 tamen
2236 5631 2354 5671 non
2370 5614 2700 5694 nominato.

1852 5768 2004 5824 1570.
2039 5765 2299 5829 Lugduni
2328 5777 2418 5827 ap.
2458 5756 2725 5809 Guilielm.
2770 5753 3064 5805 Rovillium
3113 5749 3210 5800 sub
3249 5752 3395 5799 scuto

1799 5862 2004 5920 Veneto,
2037 5858 2096 5910 f°.
2127 5854 2317 5909 Ruﬁni
2344 5848 2723 5917 Aquileiensis
2764 5843 3085 5912 presbyteri
3107 5842 3171 5894 in
3207 5850 3389 5892 Lxxv.

118 5953 341 6009 mactare
363 5928 657 6015 dicit'esse
676 5960 1011 6028 dissertum,
1037 5967 1103 6016 ut,
1134 5928 1418 6017 caeteriafl
1434 5963 1590 6018 hunc
1605 5962 1696 6016 di-
1792 5949 2024 6004 Davidis
2076 5946 2336 6000 Psalmos
2374 5936 2838 5994 Commentarius
2884 5947 2957 5989 ex
2995 5928 3395 5988 vetustissimo
