3902 6396
496 364 564 422 19
1502 365 1814 418 RUFINUS
1848 362 2339 426 AQUILEIENSIS
2372 364 2806 419 PRESBYTER.

3721 363 3797 421 20

490 479 601 520 exe
615 466 830 534 mplari
854 467 1219 521 bibliotheca
1252 466 1582 520 monasterii
1600 466 1808 520 insula)
1834 467 2095 521 Barbatus
2113 465 2170 540 Α
2198 478 2325 517 mos
2345 472 2636 519 auctorem
2654 466 2879 519 huncce
2895 465 3352 521 Commentarios
3370 464 3780 531 prescripsisse

481 558 658 624 juxta
674 560 762 611 Lu
773 558 1041 625 gdunum
1053 571 1209 611 nunc
1221 557 1467 623 primum
1478 557 1539 610 in
1550 556 1736 610 lucem
1749 556 1956 623 editus;
1968 572 2102 614 cum

499 645 694 702 indice
708 648 1120 714 cepiosissimo.

560 790 759 845 Editor
800 795 892 845 est
933 790 1223 844 Antonius
1266 791 1564 844 Alboneus
1602 790 1693 854 (de
1732 789 1991 855 Albone).
2021 804 2103 844 ar-

498 881 903 947 chiepiscopus
936 880 1203 946 Lugdun.
1226 886 1283 933 et
1317 881 1529 946 primas
1553 880 1879 943 Galliarum,
1904 882 2003 945 qui
2037 881 2099 935 in

492 970 735 1036 prolixa,
757 982 872 1034 qua
890 970 988 1021 Pio
1009 970 1061 1022 V
1082 970 1340 1035 pontifici
1359 969 1570 1022 librum
1585 970 1963 1035 nuncupavit,
1982 971 2096 1036 epi-

490 1058 637 1112 stola
662 1059 798 1123 (dat.
827 1058 1010 1125 Lugd.
1033 1058 1117 1111 Id.
1150 1059 1334 1111 Martii
1358 1059 1533 1123 1570),
1561 1060 1920 1113 occasionem
1940 1072 2099 1112 com-

493 1149 793 1203 mentariis
814 1149 976 1202 hisce
996 1149 1256 1215 potiundi
1288 1149 1398 1202 hoc
1424 1149 1596 1202 modo
1626 1155 1888 1203 enarrat:
1913 1154 2017 1203 Est
2038 1150 2101 1203 in

488 1251 628 1304 agro
652 1238 1033 1304 Lugdunensi
1057 1238 1249 1291 insula
1272 1238 1540 1303 quaedam
1564 1251 1739 1304 quam
1763 1240 1965 1293 Barbaa
1997 1253 2099 1305 ap-

489 1328 705 1395 pellant
715 1327 935 1391 incola,
950 1328 1101 1382 docti
1117 1342 1251 1382 vero
1264 1329 1587 1393 Barbatam,
1600 1330 1851 1382 medium
1862 1330 2097 1383 alveum

488 1420 683 1471 Araris
704 1419 952 1482 ﬁndens,
978 1420 1039 1471 in
1059 1432 1172 1484 qua
1189 1422 1459 1485 pervetus
1482 1433 1549 1472 ac
1573 1426 1837 1472 sanctum
1852 1433 2087 1472 monas-

491 1508 706 1562 terium
724 1510 1087 1561 exstructum
1106 1508 1234 1572 fuit,
1254 1512 1312 1561 et
1335 1521 1549 1573 magna
1576 1509 1753 1562 totius
1779 1509 2096 1572 provincias

492 1599 865 1653 veneratione
889 1598 1276 1662 celebratum;
1300 1598 1401 1651 sed
1416 1599 1495 1651 ita
1517 1599 1823 1663 superiore
1854 1599 2001 1651 bello
2024 1600 2098 1651 ab

491 1686 781 1741 haereticis
811 1686 1199 1739 disturbatum
1219 1692 1392 1751 atque
1412 1687 1693 1753 dirutum,
1716 1692 1783 1740 ut
1801 1688 2013 1740 nihilin
2031 1700 2100 1741 eo

491 1776 606 1829 nisi
623 1775 733 1829 loci
756 1776 1062 1841 cujusdam
1082 1775 1385 1828 divinioris
1407 1777 1651 1840 vestigia
1676 1790 1986 1842 superesse
2010 1777 2100 1830 vi-

492 1863 753 1917 deantur.
778 1865 841 1916 Id
859 1877 991 1917 cum
1016 1877 1123 1930 ego
1142 1864 1341 1916 multis
1356 1866 1479 1930 jam
1513 1866 1904 1931 superioribus
1930 1865 2099 1918 annis
2117 1846 2173 1922 Β

490 1954 833 2008 auctoritate
868 1954 1024 2006 sedis
1047 1953 1376 2020 apostolica
1409 1955 1511 2018 (uti
1542 1956 1621 2019 iit)
1653 1956 2103 2021 gubernandum

492 2043 903 2109 suscepissem,
923 2056 1058 2096 cum
1086 2043 1269 2095 multa
1300 2044 1361 2097 in
1390 2057 1456 2097 eo
1490 2044 1701 2097 oﬁ‘endi
1716 2045 1947 2110 pietatis
1963 2045 2103 2097 anti-

492 2145 627 2198 qum
656 2133 1036 2198 monimenta,
1061 2138 1187 2187 tum
1219 2146 1356 2186 vero
1382 2134 1670 2199 praecipue
1699 2135 2103 2187 bibliothecam

490 2222 841 2289 opulentam,
860 2235 1038 2288 quam
1064 2236 1197 2275 cum
1216 2222 1475 2276 studiose
1497 2226 1870 2289 Instrassem,
1893 2225 2104 2277 oﬁ‘endi

491 2312 943 2365 Commentarios
955 2313 1149 2365 Ruﬁni
1167 2313 1486 2378 presbyteri
1498 2313 1882 2378 Aquileiensis
1892 2314 1954 2366 in
1970 2328 2093 2380 sep-

488 2401 753 2467 tuaginta
764 2402 1021 2467 quinque
1031 2401 1251 2455 davidis
1267 2402 1521 2467 psalmos
1531 2403 1682 2455 notis
1701 2408 1760 2456 et
1779 2403 1985 2456 charac
2018 2408 2104 2456 te-

486 2491 647 2545 ribus
667 2491 767 2556 qui
794 2504 1083 2544 summam
1104 2491 1501 2557 antiquitatem
1520 2504 1634 2557 prae
1660 2506 1722 2546 se
1749 2493 1837 2545 fer
1850 2499 1982 2547 rent
2004 2493 2106 2546 de-

489 2583 757 2649 scriptos,
778 2586 836 2634 et
850 2580 1205 2634 membranis
1218 2583 1635 2647 propemodum
1655 2584 1863 2646 exesis,
1882 2597 1949 2636 ac
1981 2583 2110 2649 ipsa

490 2676 791 2727 vetustate
818 2677 877 2725 et
897 2672 1012 2724 situ
1043 2672 1285 2725 attristis
1309 2673 1775 2736 commendatos;
1799 2686 1947 2738 quos
1972 2686 2108 2726 cum

497 2759 668 2814 avide
691 2761 1083 2828 perlegissem,
1111 2760 1353 2827 aliisque
1386 2761 1522 2813 viris
1556 2761 1795 2814 eruditis
1823 2762 2096 2826 legendos

498 2852 886 2911 tradidissem.
901 2852 1104 2905 censui
1121 2864 1238 2904 non
1253 2864 1383 2905 esse
1397 2852 1553 2904 hunc
1564 2852 1901 2905 thesaurum
1914 2852 2106 2904 denuo

504 2941 938 3005 defodiendum,
954 2941 1057 2994 sed
1068 2941 1279 3005 luci,ac
1293 2953 1450 2995 aurae
1473 2942 1889 2995 exhibendum.
1906 2943 2111 3006 Neque

505 3045 645 3087 vero
660 3032 881 3099 (pergit)
892 3032 966 3084 ab
985 3030 1207 3084 edendo
1225 3031 1335 3083 hoc
1356 3044 1522 3096 opere
1544 3045 1604 3083 se
1621 3031 1949 3085 deterritum
1964 3044 2111 3099 esse,

503 3136 571 3177 eo
587 3121 743 3188 quod
766 3135 839 3175 ex
853 3121 1051 3174 amicis
1068 3120 1302 3186 quidam
1319 3122 1735 3175 observassent
1757 3122 2024 3187 plerisque
2038 3138 2101 3172 ac

503 3212 741 3276 infinitis
749 3226 917 3277 prope
933 3210 1060 3261 locis
1080 3211 1157 3261 ita
1170 3226 1292 3261 cum
1306 3210 1613 3275 Augustino
1631 3211 1692 3260 in
1717 3211 1831 3261 suis
1854 3211 2100 3261 tractati-

506 3299 603 3351 bus
614 3299 675 3349 in
686 3299 934 3351 Psalmos
944 3299 1257 3362 consentire,
1273 3304 1332 3349 ut
1341 3300 1533 3350 eadem
1545 3315 1682 3365 scepe
1695 3300 1804 3349 sint
1813 3300 2101 3363 sententia,

508 3390 691 3441 eadem
703 3388 860 3440 verba
882 3394 1041 3454 atque
1063 3389 1194 3439 adeo
1210 3389 1409 3439 similes
1419 3392 1559 3440 inter
1568 3406 1619 3439 se
1634 3390 1861 3455 periodi.
1873 3389 1937 3442 Id
1952 3391 2105 3442 enim

509 3479 571 3533 in
591 3478 702 3532 hoc
724 3492 896 3545 opere
919 3478 1186 3532 evenisse
1203 3484 1419 3543 censet,
1445 3479 1600 3544 quod
1627 3480 1693 3531 D.
1717 3480 2018 3532 Ambrosio
2043 3480 2106 3533 in

512 3568 638 3622 suis
657 3568 816 3622 libris
844 3571 1167 3622 Exameron
1185 3582 1252 3621 ac
1272 3569 1345 3622 de
1378 3569 1590 3635 Spiritu
1625 3571 1820 3623 sancto
1846 3570 2102 3634 contigit,

510 3663 579 3712 ut
598 3658 1091 3724 quemadmodum
1135 3657 1231 3711 hic
1250 3658 1503 3724 integras
1534 3659 1595 3711 in
1638 3672 1812 3712 suum
1850 3672 1997 3725 opus
2034 3672 2109 3713 ex

510 3748 644 3801 divo
676 3748 885 3801 Basilio
910 3747 1175 3813 periodos
1199 3748 1510 3809 transtulit,
1536 3749 1618 3801 sic
1649 3762 1721 3802 ex
1744 3749 1971 3809 Ruﬁno,
2001 3761 2107 3802 ve-

512 3838 620 3892 luti
651 3837 785 3890 alibi
838 3850 912 3889 ex
947 3838 1298 3904 Hieronymo
1332 3842 1391 3891 et
1423 3838 1720 3903 Cypriano,
1745 3839 1806 3891 in
1843 3852 1981 3891 suos
2012 3838 2105 3894 ille

511 3927 970 3981 Commentarios
987 3925 1412 3993 quamplurima
1445 3927 1735 3981 derivarit.
1772 3928 1860 3981 Ad
1882 3928 2009 3983 haec
2039 3944 2107 3980 ea:

510 4017 634 4084 ipsa
662 4002 793 4083 styli
820 4016 1081 4082 facilitate
1104 4032 1168 4067 ac
1203 4016 1457 4081 aequabili
1486 4017 1711 4070 dicendi
1747 4031 1955 4084 genere
1984 4018 2108 4071 elu-

513 4119 737 4160 cescere
749 4108 914 4172 putat
928 4106 1203 4160 Ruﬁnum
1213 4112 1507 4160 auctorem
1518 4120 1665 4169 esse,
1683 4108 1968 4172 simulque
1982 4121 2108 4161 cau-

514 4207 581 4250 sa
594 4195 701 4262 ipsi
716 4200 942 4262 reperta
956 4199 1060 4252 est.
1092 4209 1194 4248 cur
1207 4196 1499 4248 studiosius
1527 4214 1562 4247 a
1581 4198 1777 4262 primis
1800 4215 1835 4249 α
1867 4198 2108 4249 Barbata

516 4284 718 4337 insulis
732 4284 1019 4337 monachis
1038 4285 1095 4335 hi
1107 4286 1481 4336 commentarii
1496 4287 1752 4337 asservati
1765 4287 1992 4351 fuerint,
2009 4287 2109 4339 sci-

514 4374 668 4438 licet,
693 4375 840 4441 quod
870 4374 931 4425 in
953 4390 1037 4425 eos
1050 4374 1159 4438 fere
1175 4374 1447 4427 duntaxat
1461 4376 1704 4428 Psalmos
1721 4377 1809 4427 ille
1822 4377 2106 4442 scripserit,

513 4479 649 4531 quos
680 4464 798 4515 sine
831 4465 1189 4515 controversia
1218 4464 1444 4516 Davidis
1479 4481 1585 4516 esse
1621 4466 1758 4517 docti
1788 4466 1898 4531 fere
1928 4481 2109 4516 omnes

513 4554 885 4607 asseverarint.
908 4555 1203 4608 Postremo
1246 4554 1452 4609 Gelasii
1473 4556 1868 4609 testimonium
1883 4555 2094 4621 profert

2197 558 2494 610 Alboneus
2511 569 2857 621 persuasum
2882 556 2992 608 sibi
3012 555 3289 608 habuisse
3302 554 3547 617 videtur,
3568 554 3710 606 dum
3725 555 3804 607 ad

2200 646 2445 711 reliqua,
2476 646 2658 698 sicubi
2678 650 2927 707 exstent,
2970 645 3222 698 eruenda
3244 649 3302 697 et
3324 643 3661 709 proferenda
3688 644 3807 697 lec-

2198 740 2355 790 tores
2417 741 2557 789 nota
2605 736 2668 787 in
2701 735 2853 788 calce
2884 735 3011 789 libri
3042 735 3304 801 apposita
3336 734 3564 787 excitat.
3611 734 3803 797 Ruﬁni

2195 826 2378 893 Aquit.
2394 828 2451 876 in
2465 826 2706 877 Psalmos
2718 837 2901 877 LXXVI
2917 825 3340 876 Commentarios
3353 839 3459 873 non
3470 824 3614 873 nihil
3628 824 3804 873 diver-

2195 931 2278 966 sos
2298 916 2365 965 ab
2380 916 2533 965 editis
2550 928 2621 967 ex
2636 914 2822 966 indice
2846 913 2986 966 Bibl.
3008 913 3194 965 sancti
3210 912 3477 965 Germani
3491 912 3669 964 Paris.
3685 910 3805 963 lau-

2197 1007 2295 1059 dat
2310 1006 2575 1057 Labbeus
2596 1006 2759 1057 Nova
2780 1004 2920 1055 Bibl.
2944 1004 3082 1055 Mss.
3099 1003 3247 1066 libr.,
3271 1007 3414 1067 part.
3432 1013 3473 1066 ι,
3504 1014 3559 1065 p.
3588 998 3679 1055 ‘23.

2261 1093 2420 1150 1576.
2446 1095 2646 1155 Romae,
2666 1093 2725 1142 in
2751 1093 2849 1143 ced.
2867 1093 3001 1158 Pop.
3019 1094 3191 1155 Rom.,
3212 1091 3265 1147 1ο
3288 1091 3480 1144 Ruﬁni
3500 1089 3803 1156 Expositio

2196 1185 2254 1237 in
2288 1182 2622 1250 Symbolum
2651 1198 2774 1233 cum
2803 1182 3058 1247 Operibus
3077 1182 3251 1231 sancti
3272 1180 3597 1245 Hieronymi
3628 1192 3663 1232 a
3688 1180 3805 1232 Ma-

2196 1275 2358 1328 riano
2379 1274 2626 1326 Victorio
2648 1272 2815 1325 editis
2838 1277 2994 1325 tomo
3014 1272 3116 1337 IX,
3140 1274 3286 1337 part.
3312 1270 3433 1327 108.

2260 1363 2418 1419 1580.
2436 1363 2683 1438 Parisiis,
2702 1379 2792 1428 ap.
2821 1361 2986 1414 Mich.
3014 1362 3309 1424 Sonnium,
3328 1360 3399 1415 1⁸.
3420 1358 3594 1411 Rufin
3621 1357 3807 1423 Aqui-

2197 1454 2429 1507 leiensis
2453 1454 2641 1518 presb.
2664 1452 2955 1518 Opuscula
2992 1451 3283 1517 quaedam.
3309 1450 3519 1516 partim
3552 1449 3806 1501 antehac

2195 1555 2495 1607 nunquam
2514 1544 2573 1595 in
2593 1543 2789 1595 lucem
2807 1542 2977 1606 edita,
2994 1542 3198 1607 partim
3220 1553 3403 1605 nuper
3418 1552 3523 1605 ope
3542 1537 3808 1590 doctissi-

2197 1646 2427 1685 morum
2453 1633 2710 1685 virorum
2741 1632 3048 1685 emendata
3076 1637 3135 1683 et
3160 1631 3437 1695 castigata
3463 1641 3628 1692 ;cum
3648 1627 3805 1679 indi-

2201 1724 2383 1787 cibus,
2401 1728 2524 1775 tum
2553 1722 2811 1774 locorum
2834 1734 3012 1774 sacrae
3039 1721 3343 1785 Scriptura:
3361 1718 3801 1784 explicatorum,

2203 1820 2328 1868 tum
2343 1825 2533 1865 rerum
2548 1825 2616 1865 ac
2638 1813 2965 1876 verborum,
2983 1810 3370 1877 amplissimis.

2264 1916 2482 1973 Insunt,
2527 1910 2581 1966 1·
2614 1911 2677 1961 de
2703 1911 3039 1962 Benediction
3052 1910 3167 1959 ibus
3202 1910 3360 1959 Judce
3394 1908 3468 1957 ad
3498 1906 3806 1958 Paulinum

2198 2005 2356 2070 episc.
2390 2002 2691 2064 Nolanum,
2709 2001 2806 2053 lib.
2849 2012 2897 2064 1;
2928 1998 2983 2054 2ο
3007 2000 3232 2050 Paulini
3264 1999 3337 2049 ad
3377 1998 3642 2061 Rufinum
3688 1995 3804 2061 epi-

2199 2093 2367 2153 stola;
2393 2097 2443 2144 3°
2467 2092 2656 2156 Rufini
2690 2091 2763 2141 ad
2798 2091 3101 2141 Paulinum
3143 2091 3231 2141 Fr.
3266 2088 3521 2155 epistola;
3562 2090 3614 2137 4·
3657 2086 3809 2151 ejus-

2202 2185 2324 2234 dem
2340 2184 2401 2232 in
2425 2181 2821 2233 Benedictiones
2835 2180 2932 2230 reti
2937 2196 3169 2244 quorum
3190 2178 3433 2227 undecim
3452 2176 3801 2243 patriarcha-

2202 2288 2349 2336 rum,
2375 2272 2482 2322 sive
2511 2270 3038 2322 Commentariorum
3079 2270 3140 2318 in
3180 2269 3428 2319 Geneseos
3467 2281 3585 2331 cap.
3620 2268 3680 2317 49
3706 2264 3809 2316 lib.

2202 2376 2248 2417 II
2270 2376 2284 2427 ;
2303 2369 2357 2415 5'
2386 2361 2917 2414 Commentariorum
2940 2360 3000 2409 in
3025 2360 3209 2410 Oscam
3224 2358 3543 2422 prophetam
3553 2354 3681 2407 libri
3702 2366 3773 2407 III
3792 2370 3811 2415 ,'

2203 2457 2255 2507 6°
2275 2470 2295 2515 ;
2315 2453 2549 2518 ejusdem
2578 2451 2870 2502 Comment.
2897 2452 2958 2499 in
2972 2449 3085 2500 Joel
3106 2448 3427 2513 prophetam
3446 2460 3465 2508 ;
3488 2446 3544 2500 7°
3568 2444 3811 2511 ejusdem

2203 2543 2266 2591 in
2301 2541 2505 2601 Amos;
2553 2542 2605 2591 8°
2642 2538 2936 2589 Comment.
2976 2538 3037 2587 in
3068 2536 3378 2601 Symbolum
3418 2550 3437 2595 ;
3482 2538 3535 2584 9°
3564 2533 3812 2598 ejusdem

2204 2631 2462 2682 Historia
2486 2628 2841 2680 ecclesiasticae
2864 2628 2964 2681 lib.
2988 2639 3034 2679 II
3058 2629 3143 2679 Ex
3164 2625 3375 2690 quibus
3402 2637 3461 2676 n.
3483 2621 3537 2686 2,
3566 2620 3617 2685 3,
3662 2620 3717 2684 5,
3753 2621 3806 2683 6,

2206 2720 2259 2785 7,
2289 2733 2446 2772 nunc
2465 2719 2715 2784 primum
2739 2731 2812 2771 ex
2849 2718 3044 2769 codice
3082 2729 3193 2768 ms.
3224 2714 3561 2767 monasterii
3591 2712 3809 2765 Montis

2209 2810 2312 2863 Dei
2344 2810 2725 2875 proferuntur.
2768 2808 2963 2861 Editor
2992 2808 3245 2858 Renatus
3268 2803 3611 2857 Laurentius
3639 2801 3712 2855 de
3751 2801 3809 2854 la

2209 2902 2379 2953 Barre
2390 2900 2511 2963 jam
2532 2898 2879 2952 Tertulliano
2896 2902 2953 2950 et
2972 2896 3222 2948 Arnobio
3246 2895 3394 2947 circa
3406 2893 3559 2945 idem
3573 2897 3807 2956 tempus

2211 2990 2365 3042 edito
2401 2990 2569 3042 nobis
2604 2988 2869 3054 cognitus
2906 2988 2968 3039 in
3003 2985 3245 3050 epistola
3275 2981 3690 3048 nuncupatoria
3732 2979 3808 3032 ad

2210 3082 2376 3133 Joan.
2411 3092 2445 3131 a
2486 3081 2690 3131 Sancto
2729 3078 2958 3130 Andrea
2998 3076 3172 3129 Paris.
3210 3073 3423 3126 Eccles.
3461 3070 3808 3125 canonicum

2204 3170 2278 3232 (d.
2301 3168 2383 3221 Id.
2407 3171 2541 3222 Jun.
2564 3167 2719 3233 1580)
2738 3168 2808 3221 de
2827 3167 3035 3219 Ruﬁno
3053 3168 3292 3230 ejusque
3318 3163 3545 3229 scriptis
3564 3166 3811 3214 exstan-

2206 3260 2361 3312 tibus
2376 3264 2434 3312 et
2449 3258 2760 3324 deperditis
2777 3256 3047 3322 quaedam
3067 3256 3344 3321 disputat,
3371 3253 3697 3305 criticorum
3712 3251 3810 3302 sui

2202 3349 2475 3415 temporis
2502 3348 2711 3410 studia,
2729 3347 2828 3412 qui
2846 3346 3110 3411 neglecta
3125 3345 3238 3396 fere
3261 3342 3524 3395 codicum
3543 3352 3687 3392 mss.
3717 3339 3812 3392 in-

2203 3439 2589 3505 vestigatione
2613 3438 2685 3491 ad
2710 3437 3069 3502 conjecturas
3092 3434 3285 3487 omnia
3306 3432 3597 3495 referrent,
3614 3427 3814 3481 obiter

2202 3528 2618 3595 perstringens.
2656 3526 2905 3591 Scripsit
2937 3524 3300 3580 Fontaninus
3331 3521 3428 3574 lib.
3465 3534 3522 3582 v,
3553 3530 3677 3583 cap.
3719 3518 3813 3583 17,

2203 3618 2673 3672 Commentarios
2693 3620 2754 3669 in
2778 3628 2937 3669 uxv
2971 3614 3250 3678 Psalmos,
3279 3610 3558 3664 decennio
3576 3614 3709 3661 ante
3740 3610 3817 3661 ab

2202 3710 2458 3761 Alboneo
2480 3708 2674 3760 editos
2696 3706 2807 3758 hoc
2828 3716 2982 3758 anno
3010 3703 3162 3769 apud
3184 3700 3451 3755 eumdem
3474 3697 3815 3751 Michaelem

2203 3799 2485 3852 Sonnium
2502 3796 2674 3850 titulo
2698 3796 3010 3848 immutata
3030 3805 3163 3845 esse
3187 3802 3427 3843 recusos
3444 3791 3501 3841 et
3521 3791 3744 3841 tomum
3763 3790 3816 3840 Il

2203 3888 2453 3953 Operum
2513 3885 2705 3938 Ruﬁni
2744 3885 3132 3945 constituere;
3170 3880 3244 3933 de
3275 3890 3393 3943 quo
3436 3878 3606 3929 nobis
3650 3877 3813 3930 haud

2200 3978 2398 4041 liquet.
2432 3978 2594 4028 Certe
2636 3975 2694 4027 in
2738 3972 2911 4040 priori
2938 3970 3233 4024 volumine
3262 3968 3419 4020 nulla
3447 3967 3814 4031 adjectorum

2203 4065 2744 4119 commentariorum
2754 4068 2844 4116 est
2860 4059 3217 4128 signiﬁcatio.
3231 4058 3338 4111 Sed
3353 4056 3645 4122 exemplar
3655 4056 3817 4120 quod

2204 4155 2471 4208 manibus
2499 4159 2765 4206 tenemus
2799 4165 2933 4204 cum
2956 4151 3081 4215 ipsa
3098 4148 3338 4200 Albonei
3363 4147 3613 4200 editione
3647 4147 3820 4198 Com-

2204 4249 2441 4297 mentar.
2460 4242 2597 4295 anni
2617 4241 2758 4297 1570
2787 4241 3152 4304 compactum
3171 4242 3281 4291 est.

2269 4340 2429 4398 1745.
2494 4341 2794 4401 Verona...,
2830 4339 2892 4390 1".
2936 4336 3133 4389 Ruﬁni
3167 4334 3401 4388 Tortani
3425 4332 3816 4398 Aquileiensis

2207 4430 2524 4498 presbyteri
2544 4429 2727 4493 Opera
2756 4439 2888 4493 quae
2913 4430 3243 4491 supersunt.
3272 4423 3361 4476 Ad
3390 4423 3616 4475 codices
3653 4434 3804 4475 mss.

2211 4521 2400 4573 denuo
2429 4517 2758 4571 emendavit
2789 4515 3118 4569 Dominicus
3163 4512 3481 4567 Vallarsius
3514 4512 3823 4577 presbyter

515 4593 700 4606 “““’“’“’“’“¹’
718 4593 767 4604 ’⁵⁸
790 4593 885 4607 ""'
910 4593 933 4606 “
955 4593 1202 4608 V""V‘“V
1248 4593 1452 4609 ννιυιιυιι
1476 4593 1868 4609 υνυυιωυμιυιμ
1883 4593 1938 4621 ιι.
1951 4593 2058 4607 νιν,
2073 4593 2112 4620 ν,
2517 4608 2528 4619 .

515 4643 616 4710 qui
633 4642 932 4695 nonnullas
955 4642 1022 4695 ab
1052 4660 1108 4695 eo
1144 4644 1460 4711 Scripturas
1486 4645 1779 4711 explicatas
1812 4644 2110 4707 tradiderit,
2128 4604 2186 4679 D
2217 4613 2583 4663 vemnens‘s'
2606 4612 2647 4660 θ’·
2670 4608 2714 4659 Ῑο

516 4734 735 4800 quibus
747 4734 922 4787 hosce
939 4734 1304 4801 septuaginta
1317 4736 1570 4800 quinque
1590 4734 1849 4787 Psalmos
1864 4733 2114 4787 declara-

517 4828 609 4878 tos
620 4828 801 4889 putat.
819 4825 901 4876 Ac
912 4823 1247 4889 aliquandiu
1257 4837 1357 4890 pro
1374 4823 1627 4890 genuino
1646 4837 1783 4877 sane
1796 4823 1986 4875 Ruﬁni
1998 4824 2114 4876 fetu

513 4912 695 4966 habiti
715 4918 853 4966 sunt
866 4913 963 4966 isti
977 4913 1381 4967 Commentarii
1400 4926 1546 4977 ;non
1566 4926 1769 4966 omnes
1798 4915 1990 4965 tamen
2011 4911 2115 4964 fal-

518 5001 635 5056 lere
656 5008 980 5069 potuerunt.
995 5004 1267 5067 Primum,
1289 5002 1388 5067 qui
1426 5001 1537 5055 illis
1558 5001 1778 5055 larvam
1810 5001 2117 5054 detraxerit

518 5092 698 5146 fuisse
711 5094 876 5146 Joan.
896 5094 1169 5146 Lorinum
1188 5091 1548 5145 Fontaninus
1573 5097 1754 5156 notat,
1775 5092 2016 5157 ejusque
2038 5090 2117 5144 lo-

517 5195 652 5236 cum
681 5195 755 5236 ex
783 5181 1219 5235 Commentariis
1251 5181 1312 5233 in
1360 5180 1616 5234 Psalmos
1661 5180 1927 5245 Lugduni
1964 5180 2117 5245 apud

517 5273 683 5326 Joan.
724 5272 949 5325 Cardon
988 5269 1128 5326 1623
1157 5270 1325 5323 editis
1364 5269 1576 5335 profert
1613 5280 1651 5321 ³.
1695 5270 2119 5323 Animadvertit

516 5361 670 5415 idem
684 5373 720 5414 a
731 5359 1027 5414 nonnullis
1043 5358 1181 5413 viris
1193 5359 1401 5412 eximie
1411 5359 1596 5412 doctis
1612 5359 1858 5412 subinde
1869 5371 1969 5424 pro
1980 5371 2116 5412 vero

520 5450 683 5505 citari
702 5450 976 5503 Ruﬁnum
1000 5449 1061 5502 in
1086 5448 1365 5513 Psalmos,
1392 5449 1569 5502 veluti
1595 5463 1629 5502 a
1655 5452 1775 5504 Jac.
1807 5452 2035 5503 Usserio
2058 5450 2120 5502 in

522 5539 777 5592 Historia
797 5538 868 5590 de
886 5538 1191 5603 Scripturis
1208 5543 1267 5591 et
1290 5539 1467 5592 sacris
1490 5540 1835 5604 vernaculis,
1866 5554 1920 5605 p.
1944 5539 2031 5604 67,
2063 5544 2121 5592 et.

521 5628 751 5681 Baluzio
767 5629 826 5680 in
841 5627 1207 5693 Cyprianum.
1223 5629 1509 5682 Caeterum
1528 5630 1590 5682 in
1602 5629 1793 5695 plures
1808 5629 1952 5683 adeo
1964 5629 2122 5682 Psal-

590 5833 608 5854 ·
637 5824 787 5878 Hist.
812 5823 919 5879 litt.
937 5824 1148 5892 Aquil.,
1172 5839 1227 5894 p.
1247 5825 1368 5883 404.

2272 4715 2626 4770 Exhibentur
2641 4713 2695 4769 1·
2710 4712 2863 4764 Liber
2888 4712 2952 4762 de
2967 4710 3433 4762 Benedictionibus
3457 4708 3819 4775 patriarcha-

2208 4823 2338 4859 rum
2360 4818 2491 4858 cum
2510 4805 2663 4856 notis
2692 4802 2927 4856 editoris
2953 4801 3025 4853 ad
3050 4800 3306 4853 codicem
3320 4813 3431 4852 ms.
3454 4798 3593 4851 Bibl.
3617 4800 3815 4851 Bono-

2210 4898 2430 4951 niensis
2452 4894 2799 4955 recensitus;
2838 4890 2895 4946 2'
2932 4890 3369 4942 Commentarius
3410 4890 3473 4939 in
3507 4888 3818 4952 symbolum

2209 4987 2574 5053 apostolorum
2615 4982 2689 5036 ad
2738 4980 3106 5033 Baluzianam
3153 4978 3462 5031 editionem
3521 4981 3764 5030 exactus
3799 4994 3816 5042 ;

2210 5080 2265 5137 3·
2292 5076 2533 5129 Historia
2555 5073 2959 5123 monachorum
2991 5074 3038 5118 et
3076 5069 3276 5117 itinera
3295 5083 3392 5132 per
3413 5067 3715 5132 {Egi/ptum
3742 5080 3818 5119 ex

2212 5170 2300 5224 ed.
2329 5162 2747 5229 Rosweydiana
2769 5160 3208 5224 repraesentata;
3234 5156 3288 5211 4ο
3317 5157 3436 5207 Duo
3466 5156 3707 5206 historiae
3732 5171 3816 5207 ec-

2211 5255 2512 5309 ctesiastica:
2566 5250 2694 5302 libri
2739 5259 2873 5301 cum
2912 5258 3055 5297 mss.
3094 5245 3389 5297 codicibus
3440 5245 3755 5310 comparati
3788 5260 3804 5307 ;

2214 5346 2269 5402 5°
2283 5344 2433 5396 Libri
2453 5339 2765 5408 apologatici
2800 5337 2908 5385 duo
2940 5334 3194 5384 adversus
3235 5335 3652 5399 Hieronymum,
3675 5335 3818 5385 sub-

2207 5430 2682 5503 junctaApotogia
2704 5428 2777 5477 ad
2798 5423 3175 5476 Anastasium.
3189 5425 3453 5477 Succedit
3472 5423 3564 5475 his
3586 5436 3810 5488 appen-

2214 5526 2315 5578 dix
2329 5524 2505 5576 dubia
2517 5525 2575 5575 et
2589 5517 2781 5584 spuria
2791 5514 3115 5574 continens,
3135 5514 3196 5567 in
3212 5514 3427 5579 quibus
3444 5513 3499 5569 1ο
3519 5514 3811 5565 Commen-

2216 5615 2389 5666 tarius
2405 5614 2468 5662 in
2487 5620 2646 5663 Lxxv
2665 5607 2873 5673 priores
2887 5603 3147 5666 Psalmos,
3174 5605 3343 5668 cujus
3360 5609 3655 5656 auctorem
3678 5601 3815 5655 Gal-
