3902 6426
1638 403 1960 459 NOTITIA.
3361 424 3433 482 22

132 410 193 468 21
1638 410 1960 459 NOTITIA.
3361 424 3433 482 22

129 511 252 564 lum
297 522 407 563 nec
442 509 609 563 facile
645 508 823 563 alium
857 521 985 562 esse
1027 521 1063 561 a
1098 506 1359 560 Vicentio
1400 506 1729 572 presbytero
1742 509 1804 582 Α
1834 506 2441 575 Philippus,archiater
2459 518 2806 586 pontiﬁcius,
2831 523 3016 588 Xysto
3032 526 3435 593 1V.P.M.,cu-

126 598 285 653 Gallo
324 599 418 663 (de
461 612 578 665 quo
621 598 875 652 Gennad.
926 600 1020 651 SS.
1069 595 1241 663 Eccl.,
1290 609 1412 662 cap.
1462 596 1548 663 80)
1596 594 1731 649 Val-

127 690 336 743 larsius
390 689 705 742 contendit.
759 688 815 744 2ο
863 690 924 739 In
971 693 1074 737 tres
1118 688 1357 737 minores
1415 687 1733 752 prophetas,

132 781 338 845 Oscam,
361 779 585 845 Joelem,
609 780 775 830 Amos
804 778 1242 831 Commentarius
1266 777 1508 843 Hispani
1543 780 1736 843 cujus-

129 871 263 924 dam
290 869 608 936 scriptoris,
640 869 887 922 fortasse
911 868 1071 922 Pauli
1096 867 1299 933 Orosii,
1323 872 1390 920 ut
1416 866 1736 920 Vallarsius

126 960 477 1026 suspicatur.
492 957 548 1015 3°
572 960 694 1011 Vita
708 965 908 1010 sancta:
923 957 1189 1023 Eugeniae
1204 957 1437 1022 virginis
1455 974 1517 1007 ac
1531 962 1734 1023 marty-

130 1050 206 1100 ris
228 1062 307 1103 ex
342 1049 673 1116 Rosweydo
694 1055 753 1102 et
777 1063 911 1102 cum
941 1049 1069 1115 ejus
1104 1049 1276 1100 notis.
1318 1047 1373 1102 4ο
1408 1048 1635 1098 Libellus
1674 1048 1736 1097 de

128 1141 253 1192 Fide
267 1153 304 1193 a
319 1140 478 1193 card.
508 1140 811 1194 Sirmondo
828 1140 963 1193 olim
984 1152 1016 1193 e
1035 1139 1315 1193 Vaticano
1332 1144 1391 1191 et
1403 1152 1438 1191 a
1462 1138 1735 1191 Garnerio

130 1246 161 1285 e
187 1230 586 1285 Bellovacensi
609 1231 804 1284 codice
826 1230 935 1283 sub
958 1229 1154 1284 Ruﬁni
1186 1229 1421 1283 nomine
1453 1228 1730 1295 prolatus.

131 1321 185 1377 5°
198 1321 394 1385 Ruﬁni
414 1320 707 1387 presbyteri
721 1321 1013 1387 provincia:
1030 1320 1343 1372 Palestina:
1367 1319 1498 1370 liber
1522 1320 1583 1370 de
1606 1319 1735 1369 Fide

128 1426 163 1466 a
180 1411 488 1466 Sirmondo
518 1410 655 1463 olim
677 1414 953 1476 vulgatus
978 1415 1036 1464 et
1059 1424 1216 1463 nunc
1240 1410 1451 1463 iterum
1470 1422 1733 1467 recusus.

132 1502 342 1555 additis
358 1514 434 1555 ex
448 1515 591 1554 mss.
611 1501 903 1555 codicibus
920 1501 1296 1555 variantibus.
1326 1500 1546 1564 Quibus
1559 1500 1736 1553 omni-

131 1593 238 1644 bus
250 1591 713 1657 praatermittitur
731 1592 863 1645 Vita
882 1592 1073 1645 Ruﬁni
1088 1604 1122 1645 a
1137 1589 1460 1644 Fontanino
1482 1590 1729 1654 condita,

130 1681 545 1746 nonnullisque
571 1681 634 1733 in
661 1680 803 1734 locis
825 1695 861 1735 a
891 1680 1171 1735 Vallarsio
1188 1685 1442 1734 correcta
1458 1685 1517 1733 et
1536 1693 1736 1733 emen-

128 1772 277 1825 data.
310 1772 454 1824 Haec
482 1770 554 1824 de
589 1772 765 1837 hujus
790 1771 879 1824 ed.
907 1777 1062 1824 temo
1090 1773 1113 1823 I
1142 1775 1201 1824 et
1227 1771 1398 1823 unico
1427 1771 1592 1823 Joan.
1627 1771 1734 1823 Do-

1834 597 2007 683 jusin
2019 600 2236 683 litteras
2247 608 2304 656 et
2314 604 2595 660 litteratos
2616 609 2888 665 homines
2902 615 3160 668 studium
3173 630 3243 670 ac
3255 624 3437 683 patro-

1839 680 2056 734 cinium
2088 682 2148 734 in
2169 685 2408 749 epistola
2434 690 2672 752 praeﬁxa
2704 692 2941 747 miriﬁce
2976 697 3222 763 extollit,
3255 680 3440 766 atque

1837 775 1970 833 post
2002 771 2260 837 plurima,
2279 775 2452 839 jussu
2479 778 2631 832 illius
2654 782 2804 847 typis
2836 783 3122 850 impressa
3157 794 3215 841 et
3246 789 3438 843 eidem

1837 860 2022 924 Xysto
2055 862 2242 916 dicata
2266 866 2339 918 ad
2362 867 2671 922 Historiam
2693 885 2756 924 se
2776 876 3135 929 convertisse
3151 883 3210 930 et
3232 879 3305 931 ab
3328 880 3439 935 hac

1834 950 2142 1004 Ruﬁniana
2182 956 2545 1021 auspicatum
2592 972 2724 1013 esse
2770 962 2922 1015 dicit.
2975 966 3044 1017 In
3086 967 3438 1031 quibusdam

1837 1040 2261 1106 exemplaribus
2276 1044 2450 1110 hujus
2468 1047 2731 1112 epistolae
2750 1051 2874 1105 loco
2895 1054 3005 1106 alia
3013 1055 3183 1120 plane
3194 1058 3264 1110 ad
3281 1059 3433 1112 card.

1836 1128 2002 1181 Guill.
2026 1131 2099 1184 de
2119 1135 2499 1189 Estoutavilla
2517 1137 2744 1205 legitur,
2766 1142 2922 1195 unde
2943 1144 3091 1197 hanc
3122 1146 3437 1202 editionem

1835 1218 2124 1274 distractis
2165 1225 2360 1276 statim
2401 1228 2826 1294 exemplaribus
2882 1246 3147 1287 recusam
3189 1240 3433 1298 censuit,

1835 1308 2097 1375 duasque
2116 1313 2259 1366 adeo
2279 1316 2543 1379 ejusdem
2561 1321 2899 1386 typographi
2916 1326 3212 1389 proposuit
3228 1328 3430 1381 Fonta-

1835 1400 2028 1452 ninus.
2047 1402 2416 1458 Audiﬁredus
2429 1414 2629 1461 contra
2643 1423 2761 1461 non
2772 1417 2949 1476 negat
2969 1415 3277 1467 consilium
3296 1417 3442 1471 forte

1835 1491 2183 1546 recudendaa
2216 1495 2483 1549 editionis
2519 1499 2894 1563 Lignamineo
2929 1502 3125 1566 fuisse,
3160 1506 3261 1557 sed
3286 1507 3438 1561 ultra

1836 1581 2085 1644 primum
2127 1583 2439 1637 voluminis
2489 1588 2960 1652 quinternionem
3010 1597 3434 1660 typographum

1836 1685 1952 1723 non
1968 1675 2338 1738 processisse,
2361 1676 2534 1741 idque
2549 1679 2883 1733 institutum
2905 1696 3107 1736 rursus
3136 1685 3434 1749 abjectum

1836 1774 1966 1814 esse
1997 1764 2312 1818 contendit.
2343 1768 2630 1820 Caeterum
2661 1771 2918 1824 secunda
2948 1773 3140 1836 editio,
3164 1775 3285 1827 sive
3306 1780 3427 1829 tota

131 1863 265 1914 min.
299 1860 563 1913 Mansius
587 1860 661 1913 ad
698 1861 1061 1913 Fabricium'.
1100 1862 1340 1913 Frustra
1374 1836 1805 1913 mentionemB
1836 1864 2069 1916 excusa,
2087 1854 2207 1907 Sive
2222 1856 2450 1921 111601)ῐᾶ
2467 1862 2693 1911 tantum
2710 1860 2896 1923 fuerit,
2914 1862 3223 1916 admodum
3238 1870 3434 1919 raraet

131 1952 199 2005 de
219 1965 288 2005 eo
310 1951 404 2005 vel
430 1952 665 2004 titulum
690 1951 897 2004 saltem
919 1951 982 2004 in
997 1951 1187 2003 diariis
1206 1950 1446 2003 eruditis
1468 1956 1527 2004 et
1546 1949 1738 2002 biblio-

135 2043 435 2096 thecarum
463 2041 775 2094 illustrium
799 2042 1078 2108 catalogis
1094 2042 1563 2107 perquisivimus.
1581 2042 1737 2094 Man-

133 2135 252 2185 sius
270 2133 426 2185 dicto
441 2131 566 2185 loco
578 2132 793 2185 excitat
809 2132 1066 2185 codicem
1080 2146 1189 2185 ms.
1212 2133 1449 2183 duorum
1466 2131 1735 2181 librorum

133 2223 266 2275 Hist.
292 2223 465 2273 eccles.
506 2223 825 2285 Βυβηίαηω
860 2222 1329 2275 vetustissimum
1353 2226 1410 2275 et
1440 2235 1475 2274 a
1503 2220 1734 2274 nemine

132 2313 416 2365 hactenus
432 2311 731 2375 collatum,
744 2311 844 2376 qui
861 2312 922 2365 in
935 2312 1078 2364 Bibl.
1097 2311 1447 2365 cathedralis
1462 2311 1734 2364 Ecclesiae

133 2403 411 2456 Lucensis
433 2407 630 2455 exstat
650 2407 708 2455 et
727 2401 907 2455 Caroli
946 2403 1135 2468 Magni
1180 2407 1444 2468 tempore
1482 2402 1733 2466 scriptus

132 2497 422 2558 censetur,
446 2492 518 2545 de
539 2505 658 2557 quo
676 2492 830 2545 idem
851 2492 1201 2557 peculiarem
1223 2492 1360 2546 alibi
1376 2491 1735 2545 dissertatio-

130 2595 267 2635 nem
299 2580 682 2648 perscripsit“.

187 2700 477 2753 Caeterum
502 2698 701 2752 Ruﬁni
719 2698 847 2752 libri
872 2698 1217 2765 apologetici
1232 2703 1434 2751 contra
1453 2699 1735 2762 Hierony-

136 2804 299 2843 mum
316 2790 568 2844 invariis
585 2790 762 2856 hujus
779 2789 1128 2842 editionibus
1140 2789 1333 2843 recusi
1353 2793 1510 2854 sunt,
1528 2789 1738 2854 quibus

136 2881 471 2947 singulatim
504 2880 880 2933 ostendendis
929 2881 1111 2933 otium
1154 2880 1392 2946 perdere
1434 2879 1731 2933 nolumus.

137 2971 346 3025 Gallice
366 2970 636 3024 conversi
653 2975 889 3023 exstant
910 2970 973 3022 in
999 2969 1210 3021 Recueil
1238 2971 1300 3019 de
1322 2970 1487 3034 piéces
1515 2985 1733 3021 concer-

140 3065 278 3110 nanl
301 3060 357 3111 la
393 3061 481 3112 Vie
510 3061 574 3110 de
595 3061 760 3124 Ruﬁn
781 3060 994 3123 (Paris,
1022 3058 1182 3122 17‘27,
1216 3057 1413 3123 in-12),
1455 3059 1555 3125 qui
1592 3059 1735 3113 liber

132 3152 254 3216 jam
281 3163 461 3217 supra
482 3150 541 3203 in
559 3150 907 3216 Hieronymo
927 3151 1096 3204 nobis
1116 3150 1387 3204 laudatus
1407 3156 1516 3204 est.

135 3322 173 3373 Ι.
196 3321 425 3373 Eusebii
443 3322 690 3374 Historia
715 3321 833 3373 eccl.
863 3337 901 3372 a
929 3322 1127 3386 Ruﬁno
1156 3336 1409 3373 conversa
1445 3328 1491 3373 et
1524 3320 1729 3373 duobus

753 3410 904 3463 libris
937 3417 1116 3464 aucta.

183 3583 385 3648 Hujus
400 3582 587 3647 operis
605 3581 921 3635 editionum
934 3581 1186 3634 indicem
1205 3586 1365 3636 tanto
1382 3583 1617 3649 majoris
1628 3584 1733 3637 uti-

128 3672 308 3726 litatis
319 3672 442 3725 fore
456 3671 822 3735 conﬁdimus,
834 3677 1054 3736 quanto
1068 3672 1265 3725 minus
1276 3674 1519 3739 jamjam
1534 3688 1605 3727 ex
1618 3689 1731 3727 usu

133 3762 247 3815 illae
274 3767 336 3814 et
370 3761 661 3826 frequenti
692 3759 936 3815 lectione
963 3763 1235 3827 cognosci
1263 3763 1466 3816 solent.
1498 3766 1584 3816 Ex
1619 3776 1733 3828 quo

131 3850 380 3906 Musculi
406 3852 561 3904 enim
592 3856 652 3905 et
686 3852 1195 3918 Christophorsoni
1238 3855 1534 3907 versiones
1567 3855 1734 3908 inva-

128 3940 386 4005 luerunt,
408 3941 731 3996 Ruﬁnianaa
751 3943 1029 3996 versionis
1060 3943 1319 3995 studium
1359 3943 1734 4009 languescere

129 4034 331 4086 visum
364 4038 426 4086 et
462 4032 784 4087 Valesianse
820 4034 1025 4086 deinde
1050 4034 1380 4088 calebritate
1401 4036 1589 4087 omnis
1606 4037 1733 4100 ejus

129 4138 277 4177 usus
311 4136 459 4189 pene
487 4123 756 4176 cessavit.
793 4125 1051 4177 Tametsi
1096 4138 1233 4177 vero
1273 4126 1581 4178 Ruﬁniana
1616 4139 1736 4178 non

134 4215 275 4267 satis
294 4213 414 4266 ﬁda
444 4213 659 4277 ubique
698 4218 755 4266 et
773 4213 998 4278 integra
1027 4214 1163 4267 dicit
1200 4216 1398 4279 possit,
1424 4215 1737 4279 singularia

135 4299 333 4348 tamen
356 4294 430 4346 ab
454 4294 661 4345 Ruﬁno
682 4294 901 4346 inserta
935 4293 1110 4346 habet
1143 4299 1201 4347 et
1237 4297 1309 4347 ad
1341 4296 1518 4348 crisin
1548 4296 1735 4349 Graeci

133 4390 334 4438 textus
363 4382 596 4437 Eusebii
613 4383 769 4436 haud
788 4378 983 4449 exigui
1003 4384 1281 4436 momenti
1310 4390 1417 4437 est.

191 4502 352 4554 SEC.
377 4512 476 4553 xv.
500 4498 655 4555 1474.
684 4498 812 4550 Sine
841 4499 939 4550 loci
971 4504 1016 4549 ει
1046 4500 1374 4565 typographi
1403 4500 1626 4563 indicio,
1658 4501 1726 4553 f".

131 4590 366 4644 Eusebii
387 4589 627 4642 historia
650 4589 1054 4652 ecclesiastica,
1070 4602 1170 4655 per
1195 4590 1469 4643 Ruﬁnum
1485 4603 1516 4643 e
1534 4592 1733 4645 Graeco

1835 1943 2068 2007 elegans
2096 1950 2201 2007 est,
2223 1944 2425 1999 litteris
2449 1953 2620 2002 tatem
2645 1950 2814 2014 paulo
2829 1952 3208 2005 crassioribus
3229 1958 3288 2006 et
3326 1955 3435 2020 syl-

1833 2030 1980 2084 labis
2004 2047 2104 2098 pro
2128 2036 2327 2088 saeculi
2345 2050 2503 2091 more
2513 2052 2668 2104 saepe
2684 2041 3013 2107 contractis,
3032 2042 3103 2096 de
3124 2056 3308 2109 eaque
3324 2059 3430 2098 nec

1833 2135 1951 2174 non
1970 2123 2095 2176 aliis
2124 2138 2158 2177 a
2176 2127 2341 2179 Joan.
2364 2128 2505 2181 Phil.
2545 2131 2778 2183 excusis
2812 2131 2974 2185 libris
3003 2133 3267 2198 pluribus
3292 2138 3434 2189 Fon-

1836 2212 2069 2266 taninus
2086 2214 2121 2266 1.
2145 2215 2201 2277 1.,
2226 2222 2283 2269 et
2299 2231 2483 2283 nuper
2506 2221 2562 2270 P.
2581 2224 2781 2274 Franc.
2800 2223 3009 2275 Xaver.
3028 2225 3209 2290 Laire,
3223 2225 3286 2279 in
3306 2228 3436 2293 Spe-

1834 2303 1962 2355 cim.
1998 2316 2052 2369 p.
2075 2304 2196 2369 232,
2215 2304 2339 2372 233,
2358 2312 2415 2360 et
2435 2309 2763 2373 Audiﬁ‘nedi,
2785 2325 2840 2377 p.
2863 2311 2968 2367 212
3004 2327 3090 2379 sq.

1898 2420 2055 2477 1479.
2086 2423 2345 2485 Mantum,
2372 2426 2524 2489 apud
2545 2426 2705 2477 Joan.
2746 2427 3026 2478 Schallum
3064 2430 3436 2495 Herosfcldcn-

1833 2524 1963 2575 sem,
1985 2512 2048 2562 1°.
2096 2513 2329 2565 Eusebii
2370 2515 2622 2568 Historia
2656 2516 2811 2582 eccl.,
2836 2523 2941 2571 etc.
2964 2520 3131 2572 Joan.
3173 2521 3434 2575 Schallus

1837 2600 2177 2665 Germanus,
2208 2608 2330 2656 arte
2358 2605 2569 2670 pariter
2608 2619 2675 2659 ac
2708 2607 3121 2673 Lignamineus
3150 2611 3433 2675 medicus,

1835 2694 2149 2756 utrumque
2170 2698 2227 2746 et
2247 2707 2446 2747 curam
2466 2701 2523 2748 et
2545 2701 2712 2762 typos
2744 2711 2915 2751 novae
2950 2699 3185 2752 editioni
3216 2713 3437 2754 accom-

1835 2780 2109 2846 modavit,
2150 2784 2405 2836 Romana
2459 2785 2708 2839 editione
2739 2788 3018 2853 ignorata.
3072 2790 3435 2844 Fontaninus

1837 2883 2003 2935 aeque
2023 2873 2343 2938 elegantem
2364 2888 2494 2928 esse
2515 2877 2652 2929 dicit
2680 2890 2746 2931 ac
2782 2880 3118 2932 Romanam.
3144 2881 3427 2946 Inscripta

1836 2964 1925 3012 est
1940 2962 2222 3015 Friderico
2234 2965 2516 3030 Gonzaga,
2534 2967 2587 3017 Μ
2592 2972 2788 3020 εωωω
2798 2968 3129 3021 marchioni.
3144 2970 3433 3035 Epigram-

1836 3063 1932 3102 ma
1979 3051 2039 3103 in
2106 3053 2220 3105 ﬁne
2267 3055 2457 3119 operis
2512 3055 2805 3121 adjectum
2858 3058 3114 3123 quinque
3165 3059 3433 3119 distichis

1837 3146 2114 3194 constans
2137 3142 2265 3195 vide
2283 3145 2431 3209 apud
2457 3147 2861 3199 Fontaninum.

1768 3225 1815 3297 C
1892 3230 2049 3286 1497.
2084 3233 2333 3296 Parisiis,
2378 3236 2531 3301 apud
2562 3237 2783 3287 Petrum
2817 3238 2986 3302 Lovel,
3015 3239 3180 3292 iri-4'.
3204 3239 3437 3294 Eusebii

1796 3332 1803 3389 ξ
1838 3323 1983 3375 Hist.
2009 3324 2165 3386 eccl.,
2183 3329 2291 3378 etc.

1894 3440 2049 3494 SEC.
2079 3453 2201 3493 XVI.
2232 3440 2388 3497 1514.
2411 3443 2809 3508 Amantium...
2831 3445 3023 3499 in-fol.
3047 3446 3187 3500 min.
3224 3448 3434 3501 Eadem

1831 3543 1965 3581 cum
1996 3530 2167 3585 Bedaa
2191 3532 2442 3586 Historia
2472 3534 2607 3586 eccl.
2644 3535 2836 3600 gentis
2867 3536 3207 3603 Anglorum.
3236 3538 3433 3591 Raris-

1832 3619 1978 3671 sima
1997 3626 2248 3686 putatur.
2272 3624 2581 3676 emendata
2597 3638 2715 3676 non
2730 3626 2894 3691 item;
2914 3627 3125 3693 quippe
3143 3640 3319 3693 quam
3335 3628 3429 3682 de-

1833 3710 2299 3774 pravatissimam
2345 3717 2403 3764 et
2452 3713 2961 3769 mendosissimam
2992 3718 3156 3770 Joan.
3194 3718 3438 3773 Gravius

1832 3799 1983 3864 apud
2007 3801 2394 3854 Fontaninum
2418 3803 2705 3855 excitatus
2727 3804 2905 3858 dicit“.

1896 3888 2050 3942 Intra
2085 3903 2178 3942 an.
2232 3890 2369 3946 1514
2402 3898 2461 3945 et
2495 3899 2856 3957 sequentem,
2888 3895 2976 3948 ed.
3019 3896 3271 3959 Parisiis,
3316 3899 3434 3948 sine

1833 3978 1974 4027 anni
2001 3984 2047 4028 et
2079 3986 2288 4044 typogr.
2318 3986 2465 4044 nota,
2488 3982 2658 4037 in-8°.
2694 3985 2925 4036 Eusebii
2953 3986 3100 4039 Hist.
3128 3986 3286 4051 eccl.,
3326 3990 3433 4041 Ru-

1833 4067 1951 4120 ﬁno
1969 4068 2300 4135 interprete.
2322 4072 2631 4124 Accuravit
2651 4078 2707 4125 et
2734 4075 2808 4125 ad
2825 4075 3049 4127 codices
3075 4089 3215 4127 mss.
3240 4081 3298 4130 et
3320 4090 3433 4130 va—

1833 4157 1946 4209 rias
1972 4157 2098 4210 edd.
2119 4159 2308 4212 denuo
2332 4163 2669 4225 recognovit
2700 4162 3010 4216 Gaul'ridus
3049 4166 3430 4228 Boussardus,

1836 4248 2007 4301 theol.
2026 4249 2197 4302 Paris.
2225 4252 2593 4317 Nuncupavit
2614 4253 2902 4318 Stephano
2925 4256 3237 4309 Poncherio
3274 4270 3432 4311 sena-

1819 4344 1930 4403 .tus
1959 4324 2271 4393 Galliarum
2286 4342 2517 4407 praesidi
2537 4348 2595 4395 et
2612 4344 2911 4397 Parisiens.
2937 4350 3141 4411 postea
3168 4347 3428 4400 antistiti.

1897 4455 2055 4512 159.3.
2109 4458 2382 4522 Lugduni,
2417 4460 2569 4525 apud
2609 4462 2955 4513 Benedictum
2998 4464 3256 4530 Bonnyn,
3288 4465 3433 4518 iri-8°

1832 4546 2047 4599 Eadem
2062 4560 2135 4599 ex
2155 4547 2401 4600 editione
2424 4550 2758 4603 Boussardi.

131 4681 483 4734 manuum
514 4679 793 4733 tmmmam“
822 4653 1113 4743 Mat-“air;
1138 4684 1176 4743 δ’
1203 4682 1246 4733 Ι.
1273 4694 1328 4746 ρ.
1351 4678 1473 4744 332’
1499 4686 1557 4734 et
1579 4695 1652 4735 ex
1668 4693 1735 4735 eo
1761 4653 1816 4727 D
1893 4664 2118 4714 Basileoe
2150 4665 2302 4729 apud
2335 4666 2498 4718 Joan.
2522 4666 2742 4730 Froben,
2768 4668 2824 4720 το.
2861 4668 3140 4723 Historiae
3161 4671 3438 4725 ecclesia-

129 4770 480 4835 llambcrgcr,
504 4774 542 4822 t.
564 4771 661 4833 III,
682 4782 733 4835 p.
774 4768 861 4825 43.
897 4770 1222 4823 Fontanino
1259 4770 1415 4824 haud
1450 4770 1728 4838 innotuit,

133 4861 227 4925 qui
255 4864 606 4926 sequentem
627 4859 941 4926 principem
962 4864 1165 4925 putata

189 4975 353 5033 1476.
376 4977 576 5039 Rom,
607 4975 759 5041 apud
778 4976 1049 5027 Joannem
1074 4962 1402 5041 Philippum
1433 4978 1496 5027 de
1529 4978 1733 5043 Ligna-

138 5067 302 5131 mine,
326 5064 386 5116 1ο.
409 5065 576 5117 Liber
589 5064 857 5117 Historia:
869 5064 1274 5119 ecclesiasticae
1294 5066 1523 5118 Eusebii
1544 5068 1735 5119 Caesa-

135 5156 363 5216 riensis,
379 5167 556 5220 quam
575 5155 781 5208 beatus
798 5156 924 5207 Ruﬁ
932 5169 1043 5208 nus
1059 5156 1359 5221 presbyter
1373 5156 1446 5209 de
1462 5158 1661 5209 Graeco
1673 5157 1736 5209 in

136 5247 408 5298 Latinum
456 5245 766 5298 transtulit.
796 5246 936 5299 Haec
966 5245 1260 5311 inscriptio
1298 5260 1418 5299 non
1450 5247 1511 5298 in
1548 5246 1732 5312 prima

139 5337 364 5402 pagina,
391 5334 491 5387 sed
509 5339 642 5401 post
660 5334 1017 5401 Lignaminei
1037 5335 1109 5387 ad
1122 5336 1376 5400 Xystum
1397 5335 1733 5401 pontiﬁcem

140 5424 619 5491 nuncupatoriam
639 5423 940 5490 epistolam
955 5424 1180 5490 legitur.
1198 5428 1263 5478 In
1282 5426 1421 5479 ﬁne:
1451 5426 1736 5478 Millesimo

143 5525 497 5575 CCCCLXXVI,
515 5513 601 5564 die
630 5512 699 5569 15
728 5515 864 5564 maii
884 5515 945 5565 P.
960 5514 1034 5567 Μ.
1058 5515 1203 5566 Sixti
1223 5516 1427 5580 quarti,
1449 5531 1599 5567 anno
1624 5517 1738 5582 ejus

145 5606 326 5669 quinto
353 5604 675 5669 completum
700 5607 769 5654 est
794 5604 891 5655 hoc
913 5620 1065 5670 opus.
1090 5606 1458 5672 Nuncupavit
1483 5608 1739 5662 Joannes

207 5842 223 5863 ⁸
239 5833 380 5887 Bibl.
403 5833 478 5887 M.
500 5837 560 5887 et
578 5829 682 5884 Inf.
707 5831 830 5883 Lat.
858 5834 898 5884 t.
920 5831 1014 5896 VI,
1036 5844 1089 5896 p.
1115 5828 1216 5886 132
1239 5844 1324 5896 sq.

208 5905 228 5935 ¹’
246 5908 309 5959 In
328 5904 631 5973 Opusculis
648 5905 706 5956 P.
733 5902 1038 5971 Calogiera,
1062 5907 1200 5957 tom.
1223 5906 1347 5967 XV,
1365 5906 1398 5970 ἕ
1424 5903 1510 5960 15.

1834 4755 1995 4807 8ιὶοω
2024 4755 2253 4807 Eusebii
2279 4756 2554 4821 Pamphili
2574 4759 2945 4812 Caesariensis
2966 4760 3095 4813 libri
3110 4772 3193 4819 Ix.
3215 4762 3426 4816 Ruﬁno

1832 4844 2157 4909 interprete.
2180 4846 2374 4898 Ruﬁni
2389 4849 2709 4913 presbyteri
2747 4850 3136 4914 Aquileiensis
3164 4852 3293 4904 libri
3307 4852 3423 4906 duo

1833 4934 2112 5000 recogniti
2128 4936 2202 4988 ad
2216 4936 2456 5002 antiqua
2473 4939 2832 5004 exemplaria
2846 4941 3048 4993 Latina
3067 4954 3167 5006 per
3187 4942 3427 4995 beatum

1832 5024 2267 5090 Rhenanum,in
2277 5028 2621 5082 Auctoribus
2638 5029 2909 5085 Historiae
2929 5031 3065 5083 eccl.
3085 5032 3339 5098 primum
3353 5033 3428 5086 lo-

1837 5128 1969 5167 cum
1992 5122 2291 5182 occupant.

1900 5212 2054 5269 1525.
2075 5216 2326 5275 Parisiis,
2341 5217 2493 5281 apud
2514 5219 2707 5269 Franc.
2723 5219 3005 5283 chnaull.
3026 5219 3192 5274 in-8°.
3209 5220 3431 5274 Eadem

1839 5317 1909 5355 ex
1932 5305 2237 5357 Boussardi
2257 5305 2525 5360 editione.

1900 5422 2057 5477 1528.
2097 5424 2338 5485 Βαείίεα»,
2375 5439 2466 5489 ap.
2493 5424 2656 5476 Joan.
2682 5425 2904 5488 Froben,
2938 5425 2992 5481 1°
3028 5426 3256 5478 Eusebii
3278 5427 3429 5481 Hist.

1838 5511 1974 5564 eccl.
2040 5513 2164 5565 libri
2215 5526 2302 5579 1x,
2346 5515 2550 5566 Ruﬁno
2592 5515 2930 5580 interprete,
2975 5519 3117 5578 etc.;
3162 5518 3427 5581 repetitio

1840 5603 2250 5668 Rhenanianae,
2265 5605 2429 5670 cujus
2450 5609 2640 5657 tamen
2657 5606 3017 5669 praefationes
3032 5610 3170 5658 sunt
3187 5607 3436 5671 rejectae.

1907 5838 1925 5858 ο
1946 5830 2089 5882 Hist.
2113 5831 2306 5895 Aqui,
2324 5830 2430 5883 litt.
2452 5829 2550 5882 lih.
2576 5843 2627 5895 v,
2647 5843 2770 5897 cap.
2792 5843 2855 5896 11,
2877 5845 2932 5899 p.
2959 5831 3062 5889 356
3080 5845 3213 5899 sqq.

1909 5901 2146 5957 ‘Lib.v.
2171 5915 2291 5968 cap.
2316 5902 2477 5960 11.11.
2498 5902 2550 5957 9.
2821 5925 2848 5951 δ
