3902 6442
459 313 529 370 23
1460 319 1765 372 RUFINUS
1798 321 2290 383 AQUILEIENSIS
2325 327 2758 381 PRESLYTER.
3691 337 3759 392 24

531 413 688 471 1533.
715 417 989 482 Lugduni,
1003 419 1153 483 apud
1175 419 1639 488 chd.Bonnyn,
1664 422 1822 478 in-8°.
1841 423 2054 476 Eadem
2071 426 2127 501 Α
2159 434 2277 481 tem
2312 429 2538 484 codices
2570 433 3036 499 suil‘ragarentur,
3057 435 3283 489 etiamsi
3301 436 3360 488 in
3398 436 3524 490 loca
3550 436 3762 492 incide-

461 508 535 550 ex
554 497 803 550 editione
830 499 1154 552 Boussardi.

524 595 680 652 1539.
718 599 942 648 Basiteaz
981 615 1072 663 ap.
1111 600 1271 651 Joan.
1313 601 1531 664 Froben,
1573 604 1632 656 θ’.
1676 605 1889 660 Eadem
1922 620 2055 662 cum

460 686 668 739 iisdem
689 687 976 740 historicis
1007 689 1185 741 Rhen.
1215 689 1433 754 aliquot
1451 691 1656 746 libellis
1685 697 2052 751 auctioribus.

523 785 676 841 1541.
701 787 932 836 Parisiis
976 802 1070 851 per
1121 789 1396 839 Galeotum
1429 809 1464 840 a
1515 793 1697 855 Prato,
1737 796 1796 847 f°.
1841 799 2053 852 Eadem

459 887 591 927 cum
613 875 819 928 iisdem
841 887 911 928 ex
932 879 1318 942 recognitione
1338 882 1599 937 Rhenani
1625 885 1940 951 impressis.

519 972 678 1027 1542.
726 975 966 1038 Basilece,
1010 979 1163 1042 apud
1205 980 1401 1031 Henrie
1439 983 1602 1044 Petri,
1646 986 1699 1040 1°
1735 987 1948 1041 Eadem
1993 990 2055 1043 in

455 1066 610 1114 tomo
633 1065 707 1113 Ill
731 1063 982 1128 Operum
1005 1067 1235 1120 Eusebii
1255 1070 1456 1123 Latine
1485 1072 1784 1128 editorum.

517 1157 674 1214 1544.
696 1161 862 1215 Basil.
889 1161 972 1212 ab.
998 1164 1217 1226 Froben,
1242 1166 1302 1218 1".
1331 1169 1555 1229 andem
1591 1185 1663 1224 ex
1687 1173 1775 1226 ed.
1812 1175 1872 1228 B.
1903 1176 2054 1230 Rhe-

452 1248 590 1300 nani
609 1249 760 1302 inter
775 1257 1038 1306 auctores
1058 1254 1204 1307 Hist.
1227 1257 1360 1308 eccl.

518 1344 676 1401 1548.
713 1349 1044 1418 Antaei-pice,
1069 1370 1165 1420 tap.
1206 1356 1367 1408 Joan.
1407 1357 1701 1423 Slcelsium,
1735 1361 1903 1417 ιιι-8ο.
1946 1367 2054 1418 Ea-

454 1434 590 1488 dem
609 1450 742 1490 cum
765 1439 971 1495 iisdem
994 1445 1328 1500 auctoribus
1349 1448 1494 1501 Hist.
1521 1450 1656 1504 eccl.
1686 1453 1858 1505 tomis
1885 1457 1932 1507 II
1964 1469 2052 1508 re-

455 1537 630 1579 οιιειε.

517 1640 674 1698 1549.
698 1645 864 1699 Basil.
890 1665 982 1714 ap.
1016 1651 1236 1716 Froben,
1274 1655 1330 1708 θ’.
1357 1657 1564 1711 Ruﬁni.
1598 1661 1868 1716 Historiae
1901 1668 2037 1720 eccl.

449 1729 579 1783 libri
616 1743 678 1784 ιι.
713 1747 847 1788 cum
879 1742 1210 1795 auctoribus
1256 1745 1466 1799 Histor.
1500 1750 1722 1812 eccies.,
1759 1765 1832 1805 ex
1865 1753 2045 1808 inter-

451 1824 594 1883 pret.
618 1823 826 1890 Wolfg.
852 1829 1094 1882 Musculi
1112 1869 1125 1882 .

451 1913 510 1961 et
543 1909 692 1973 1557,
715 1927 821 1968 nec
837 1929 955 1970 non
971 1919 1058 1972 ed.
1076 1921 1526 1991 Henricpetrina,
1548 1930 1675 1982 Bas.
1699 1931 1857 1986 1611.

514 2023 672 2082 1570.
719 2029 962 2092 Βαειίιεαι,
1014 2049 1103 2099 ap.
1142 2037 1357 2089 Henric.
1389 2040 1550 2103 Petri,
1573 2043 1632 2096 f“.
1669 2045 1883 2099 Eadem
1915 2061 2047 2101 cum

459 2114 732 2169 brevibus
754 2119 984 2174 scholiis
1007 2125 1171 2177 Joan.
1204 2128 1323 2179 Jac.
1354 2130 1580 2193 Grinaai,
1615 2133 1676 2184 in
1703 2139 1860 2188 tomo
1890 2139 1935 2186 il
1968 2151 2066 2190 eo-

455 2206 726 2259 rumdem
748 2211 984 2264 Eusebii
1008 2213 1126 2279 Ope
1137 2228 1282 2279 rum,
1310 2219 1408 2270 ubi
1435 2224 1626 2274 tamen
1646 2223 1789 2276 liber
1816 2239 1854 2278 x
1876 2233 1966 2280 est
1987 2242 2060 2282 ex

455 2296 728 2352 versione
762 2301 926 2354 Joan.
963 2303 1479 2371 Christophorsoni,
1525 2311 1665 2364 iiber
1701 2327 1838 2368 vero
1876 2330 1939 2369 χι
1983 2331 2057 2371 ex

457 2385 684 2439 Ruﬁno.

516 2483 675 2540 1571.
712 2487 960 2552 Parisiis,
996 2507 1086 2556 ap.
1133 2494 1253 2547 Nic.
1299 2496 1563 2562 Chesnau,
1601 2501 1659 2554 f'.
1698 2503 1887 2557 Ruﬁni
1925 2505 2052 2559 libri

459 2572 576 2627 duo
595 2575 871 2632 Historiae
893 2580 1046 2643 eccl.,
1070 2584 1280 2646 quibus
1300 2588 1612 2642 Eusebium
1632 2593 1880 2657 supplet,
1916 2609 2052 2648 cum

453 2664 686 2717 Eusebii
709 2667 855 2720 Hist.
881 2670 1017 2722 eccl.
1055 2685 1128 2724 ex
1165 2675 1429 2730 versione
1462 2679 1961 2747 Christophorsoni
1995 2691 2054 2739 et

467 2753 654 2807 Schol.
668 2757 832 2810 Joan.
857 2760 1114 2814 Curterii.

519 2867 676 2925 1580.
725 2871 974 2936 Parisiis,
1023 2891 1112 2941 ap.
1160 2877 1324 2931 Mich.
1366 2883 1535 2944 Sonn,
1579 2885 1636 2937 f‘.
1659 2886 1850 2940 Ruﬁni
1898 2889 2046 2941 Hist.

456 2960 592 3014 eccl.
613 2961 741 3015 libri
760 2975 802 3015 ιι
825 2977 957 3017 cum
979 2967 1104 3033 ejus
1126 2968 1430 3035 Opusculis
1463 2986 1497 3026 a
1516 2975 1654 3029 Ren.
1694 2979 1860 3031 Laur.
1893 2979 1963 3032 de
1994 2980 2049 3033 la

459 3051 628 3107 Barre
643 3053 828 3108 editis.

517 3169 651 3224 SJEC
688 3184 858 3225 xvm.
894 3173 1148 3232 1740-41.
1179 3179 1376 3242 Romae,
1417 3185 1557 3249 typis
1589 3187 1819 3237 Antonii
1852 3189 1914 3238 de
1943 3191 2054 3240 Ru-

2157 525 2263 583 ret,
2316 519 2387 572 de
2422 533 2670 584 quorum
2717 526 3076 590 corruptione
3108 526 3205 577 vix
3243 526 3492 579 dubitari
3527 533 3742 592 posset.

2157 610 2413 675 Aspersit
2431 613 2606 664 etiam
2631 619 2817 675 notas,
2845 615 2947 666 sed
2964 628 3108 680 quas
3123 616 3438 680 juvenibus
3467 617 3748 670 studiosis

2157 703 2396 762 tantum,
2434 713 2552 752 non
2583 702 2720 755 viris
2750 703 2934 756 doctis
2967 706 3268 771 scripsisse
3289 706 3468 758 videri
3497 707 3648 760 vult:
3690 708 3750 760 in

2153 788 2362 852 quibus
2395 791 2602 855 partim
2635 792 2908 846 historica
2939 795 3188 848 breviter
3225 802 3284 848 et
3323 809 3457 860 quae
3497 811 3744 862 geogra-

2153 878 2345 942 phiam
2360 880 2608 933 attinent
2624 883 2713 934 vel
2725 883 2849 935 loca
2871 891 3202 938 sanctorum
3219 891 3276 938 et
3298 888 3530 938 Patrum
3547 892 3755 939 notan-

2153 973 2262 1020 tur.
2289 969 2497 1021 Ultimo
2535 969 2658 1023 loco
2697 972 2942 1037 denique
2980 981 3037 1026 et
3075 975 3311 1038 quidem
3343 976 3404 1028 in
3432 975 3602 1028 dicta:
3629 976 3753 1028 dis-

2153 1058 2478 1110 sertationis
2501 1059 2571 1111 de
2589 1061 2776 1112 Ruﬁni
2804 1062 2919 1115 vita
2939 1069 2997 1115 et
3018 1064 3150 1127 ﬁde,
3181 1077 3314 1128 quae
3336 1078 3469 1117 cum
3489 1065 3648 1117 libris
3675 1067 3750 1119 ab

2150 1148 2274 1213 ipso
2303 1148 2508 1200 Ruﬁno
2531 1149 2604 1202 ad
2639 1152 3022 1216 supplendum
3056 1155 3371 1205 Eusebium
3397 1156 3625 1219 scriptis
3652 1170 3747 1207 se-

2151 1237 2408 1289 cundum
2439 1239 2712 1293 volumen
2738 1242 3055 1304 constituit,
3094 1249 3254 1309 parte
3294 1245 3478 1309 tertia,
3517 1245 3589 1297 de
3630 1259 3751 1297 ver-

2153 1327 2312 1379 sione
2334 1327 2654 1387 Ruﬁniana.
2687 1331 2954 1385 videlicet
2976 1332 3031 1387 1ο
3050 1333 3121 1386 de
3151 1334 3276 1398 ejus
3309 1334 3464 1398 apud
3492 1335 3747 1403 majores

2149 1417 2506 1482 auctoritate,
2525 1434 2638 1473 usu
2657 1427 2714 1473 et
2729 1423 2904 1487 pretio
2927 1436 2940 1484 ;
2962 1422 3018 1477 “2°
3043 1423 3113 1474 de
3135 1423 3473 1476 Musculana
3496 1430 3553 1477 et
3594 1425 3757 1476 Chri-

2151 1508 2629 1573 stophorsoniana
2669 1514 2900 1565 Eusebii
2924 1514 3311 1578 versionibus;
3353 1514 3407 1569 3°
3431 1516 3504 1567 de
3541 1515 3756 1568 Valesii

2150 1599 2552 1664 translatione;
2591 1601 2662 1654 de
2692 1603 3019 1657 Ruﬁnianze
3051 1605 3330 1657 versionis
3364 1605 3631 1657 laudibus
3677 1619 3753 1658 ex

2142 1700 2268 1752 ipso
2287 1689 2510 1742 Valesio
2533 1691 2784 1758 disserit,
2811 1707 2878 1745 ac
2898 1694 2952 1748 5°
2970 1695 3273 1760 utriusque
3297 1696 3488 1748 Ruﬁni
3509 1701 3568 1748 et
3587 1695 3759 1748 Vale-

2141 1776 2208 1827 sii
2229 1779 2525 1832 versiones
2556 1782 2628 1834 ad
2642 1785 2905 1836 Graecum
2924 1789 3149 1838 textum
3168 1786 3417 1837 invicem
3435 1785 3752 1846 examinat,

1158 1831 1500 1936 δίφὶιίῐξὶιςίη
1519 1841 1886 1936 Γξρθιίίςίξίξηο
1908 1843 2047 1900 1554
2063 1850 2119 1925 Β
2149 1863 2424 1931 illamque
2447 1831 2580 1925 huic
2608 1873 2958 1936 superiorem
2981 1880 3192 1926 censet.
3214 1876 3335 1936 Quo
3371 1888 3523 1926 novo
3549 1880 3749 1926 tamen

2156 1957 2370 2020 judicio
2388 1961 2666 2014 valesium
2677 1977 2794 2015 non
2817 1965 3076 2030 protinus
3089 1965 3407 2016 contemnit
3423 1969 3481 2016 et
3499 1965 3657 2015 ﬁocci
3674 1964 3754 2015 fa-

2163 2048 2274 2111 cit;
2304 2049 2404 2101 sed
2441 2051 2777 2106 deteriorem
2809 2056 2934 2118 ejus
2969 2055 3358 2106 conditionem
3392 2067 3426 2106 a
3457 2053 3755 2106 codicibus

2160 2141 2439 2205 imprimis
2456 2143 2667 2196 Graecis
2679 2145 2907 2196 Eusebii
2923 2145 3097 2206 ducit,
3113 2158 3257 2208 quos
3270 2145 3340 2197 ad
3354 2158 3538 2196 unum
3551 2158 3757 2198 omnes

2160 2243 2260 2295 pro
2280 2229 2633 2296 interpolatis
2657 2235 2712 2284 et
2727 2235 3005 2298 corruptis
3023 2234 3212 2297 habet,
3230 2235 3273 2286 R
3284 2234 3504 2286 uﬁnum
3523 2242 3751 2300 contra,

2158 2320 2388 2372 Eusebii
2403 2322 2754 2387 temporibus
2772 2328 2888 2375 tam
2905 2325 3304 2388 propinquum,
3327 2325 3636 2378 verisimile
3655 2341 3758 2391 pu-

2159 2415 2241 2462 tat
2260 2423 2332 2462 ex
2355 2411 2451 2462 lim
2459 2412 2769 2475 pidioribus
2792 2414 3044 2467 fontibus
3069 2416 3351 2469 hausisse.
3376 2417 3592 2470 Deinde
3611 2435 3750 2474 vero

2153 2499 2214 2552 in
2246 2500 2561 2565 potioribus
2584 2502 2766 2567 ipsius
2794 2505 2986 2556 Ruﬁni
3005 2507 3250 2571 vestigia
3269 2507 3550 2572 pressisse
3566 2510 3639 2562 ab
3660 2524 3754 2563 eo-

2155 2600 2268 2652 que
2293 2590 2551 2644 subsidia
2565 2592 2793 2656 petiisse
2803 2594 3059 2657 juniores
3078 2596 3437 2662 interpretes,
3468 2598 3628 2650 addit
3659 2605 3751 2652 at-

2155 2691 2268 2741 que
2291 2682 2574 2746 exempla,
2610 2689 2920 2748 utrumque
2950 2692 3359 2751 argumentum
3396 2689 3745 2750 roborantia,

2153 2769 2353 2833 quinto
2377 2772 2743 2836 potissimum
2766 2776 3118 2842 paragrapho
3144 2777 3558 2830 subministrat.

2219 2920 2430 2971 Codices
2480 2923 2762 2977 Caeciarii.
2810 2924 3025 2979 Omnes
3073 2927 3352 2980 Vaticani.
3392 2929 3640 2996 Primus,
3685 2942 3746 2981 n.

2152 3009 2312 3073 1978,
2335 3025 2741 3077 pergamenus,
2767 3016 2933 3081 in-i",
2949 3017 3113 3069 circae
3135 3018 3413 3070 smeulum
3432 3020 3561 3070 XIII
3581 3021 3758 3088 scrip-

2156 3105 2269 3161 tus,
2303 3105 2605 3156 constabat
2628 3106 2716 3157 fol.
2748 3105 2868 3167 174,
2899 3107 3193 3172 solamque
3208 3108 3398 3160 Ruﬁni
3423 3110 3757 3164 versionem

2155 3191 2483 3244 continebat
2509 3207 2640 3246 cum
2663 3195 2884 3248 decimo
2907 3203 2965 3249 et
2982 3197 3285 3250 undecimo
3304 3199 3448 3250 libro
3464 3201 3535 3251 ab
3549 3200 3756 3253 eodem

452 3257 578 3321 ὁσία,
603 3260 763 3317 in-b.
806 3264 969 3317 Tomi
999 3268 1481 3354 IIJecclesiasticaa
1523 3276 1793 3330 Historia
1827 3281 2054 3332 Eusebii
2078 3271 2132 3352 α
2159 3280 2386 3344 scripto.
2427 3284 2642 3336 Textus
2682 3287 2740 3338 in
2779 3288 3076 3340 columnas
3113 3288 3353 3341 divisus.
3398 3290 3462 3340 In
3495 3290 3759 3354 margine

462 3349 742 3415 Pamphili
756 3351 882 3406 libri
895 3349 1122 3419 novem,
1137 3358 1343 3413 Ruﬁno
1361 3364 1711 3428 Aquileiensi
1723 3366 2048 3434 interprete,

459 3451 527 3492 ac
548 3439 662 3492 duo
683 3441 866 3506 ipsius
894 3445 1085 3499 Ruﬁni
1121 3448 1249 3502 libri
1274 3465 1286 3502 :
1308 3465 1453 3518 opus
1484 3455 1545 3507 in
1569 3455 1717 3508 duas
1747 3463 1937 3522 partes
1963 3461 2052 3513 di-

460 3529 789 3593 stributum,
814 3545 1058 3598 quarum
1089 3539 1268 3593 altera
1302 3544 1552 3609 Eusebii,
1587 3546 1766 3600 altera
1783 3549 1973 3602 Ruﬁni
1991 3551 2055 3603 li-

461 3620 596 3673 bros
631 3623 900 3686 continet,
927 3626 998 3679 ad
1024 3629 1334 3684 Vaticanos
1369 3647 1512 3687 mss.
1549 3636 1782 3690 Codices
1817 3645 2053 3694 exastos

454 3711 723 3777 notisque
738 3715 1051 3770 illustratos
1073 3719 1264 3772 labore
1284 3735 1350 3774 ac
1367 3725 1556 3777 studio
1573 3727 1633 3778 F.
1650 3728 1798 3780 Petri
1815 3730 2054 3784 Thema:

459 3801 703 3854 Cacciari
723 3817 758 3855 a
773 3806 1026 3860 Bononia
1049 3809 1368 3865 Carmelitse
1384 3813 1478 3866 rel.
1499 3816 1735 3869 Accedit
1746 3824 2054 3883 postrema:

471 3891 619 3955 parti
642 3893 903 3958 ejusdem
924 3896 1195 3952 historica
1222 3899 1544 3956 dissertatio
1574 3905 1645 3958 de
1674 3907 1810 3972 vita,
1845 3909 1958 3962 ﬁde
1986 3923 2054 3963 ac

468 3981 794 4036 Eusebiana
827 3985 954 4049 ipsa
978 3987 1172 4041 Ruﬁni
1205 3991 1574 4047 translatione
1609 4000 1669 4049 et
1701 4010 1833 4050 cum
1866 3999 2054 4053 indice

461 4068 930 4138 locupletissimo.

519 4187 626 4239 Per
654 4194 889 4242 centum
913 4195 970 4244 et
985 4195 1290 4258 sexaginta
1308 4209 1410 4249 sex
1426 4211 1610 4251 annos
1626 4201 1929 4254 Ruﬁniana
1944 4205 2055 4255 Eu-

459 4275 601 4329 sebii
617 4279 916 4334 translatio
938 4282 1093 4347 prelo
1115 4295 1234 4336 non
1252 4286 1454 4339 tradita
1464 4294 1602 4340 erat.
1623 4291 1764 4342 Haec
1780 4305 1917 4344 vero
1933 4297 2053 4346 tam

457 4367 845 4420 commendati
868 4371 1159 4423 veteribus
1180 4375 1367 4438 operis
1398 4375 1629 4429 fortuna
1647 4378 1893 4442 iniquior
1915 4383 2052 4434 Cac-

457 4453 635 4508 ciario
658 4457 783 4510 visa
801 4464 893 4512 est
915 4473 1089 4525 quam
1114 4462 1338 4515 tolerari
1363 4465 1580 4518 diutius
1601 4468 1674 4519 ab
1696 4469 1925 4522 homine
1958 4484 2053 4523 ec-

456 4542 797 4600 clesiasticae
821 4548 1080 4604 historia
1101 4553 1359 4607 studioso
1385 4555 1468 4607 fas
1489 4563 1659 4609 esset.
1687 4560 1837 4611 Bene
1856 4565 2046 4613 autem

2160 3371 2332 3424 variat
2366 3385 2618 3436 aspersa:
2641 3381 2806 3429 erant
2826 3379 3248 3431 annotationes.

2217 3526 2536 3590 Secundus,
2554 3541 2611 3579 ιι.
2643 3526 2802 3591 5989,
2833 3530 3145 3592 quaternis,
3173 3530 3424 3595 scriptus
3444 3543 3494 3584 a.
3521 3531 3762 3593 1448,et

2153 3615 2434 3667 absolutis
2458 3616 2550 3667 die
2573 3615 2639 3671 13
2655 3616 2975 3669 decembris
2990 3619 3049 3670 in
3068 3620 3309 3681 Verona,
3327 3621 3503 3673 libros
3521 3627 3617 3674 tan
3626 3628 3759 3674 tum

2153 3717 2187 3756 a
2213 3704 2419 3756 Ruﬁno
2447 3717 2762 3758 conversos
2785 3707 3290 3771 complectebatur.
3324 3712 3583 3777 Singulis
3599 3713 3762 3778 capi-

2155 3793 2312 3844 tibus
2353 3793 2504 3845 tituli
2536 3796 2762 3860 prmﬁxi
2799 3801 2856 3847 et
2891 3799 3248 3862 marginibus
3295 3803 3450 3853 notaa
3501 3803 3757 3866 appictaa

2153 3887 2336 3945 erant,
2363 3882 2434 3934 iis
2473 3897 2617 3948 quas
2640 3885 3012 3938 Rhenaniana
3027 3888 3264 3941 exhibet
3279 3902 3396 3941 non
3416 3889 3752 3944 dissimiles.

2152 3973 2331 4036 Atqui
2354 3972 2511 4026 hunc
2534 3975 2904 4038 potissimum
2936 3990 2996 4029 se
3020 3983 3283 4031 secutum
3311 3983 3572 4040 testatur,
3594 3983 3755 4044 quod

2153 4063 2584 4116 accuratissime
2604 4066 2851 4130 scriptus
2867 4072 3040 4120 esset.

2218 4213 2464 4280 Tertius,
2489 4226 2552 4267 n°
2579 4213 2701 4279 564,
2728 4217 2929 4271 formae
2945 4219 3200 4284 majoris,
3224 4233 3604 4285 pergamenus
3620 4223 3760 4276 etin

2152 4302 2378 4354 duabus
2397 4305 2677 4356 columnis
2702 4307 2967 4371 scriptus,
2993 4310 3301 4361 constabat
3321 4309 3412 4362 fol.
3439 4309 3524 4364 77.
3540 4311 3754 4364 Steculi

2152 4392 2454 4446 videbatur
2477 4407 2557 4458 x1,
2591 4400 2649 4448 et
2677 4396 2924 4461 Optimas
2953 4398 3227 4452 lectiones
3257 4400 3429 4454 dedit.
3449 4400 3578 4453 Fuit
3601 4401 3749 4454 olim

2149 4482 2363 4548 reglnie
2380 4485 2617 4539 Sueciaa.

453 4631 738 4688 intellexit
763 4649 882 4689 non
907 4640 1049 4692 satis
1072 4654 1167 4693 ess
1192 4643 1342 4707 typis
1370 4645 1577 4696 iterum
1599 4633 2047 4701 describendum
2064 4599 2122 4674 D
2215 4651 2479 4712 Quartus,
2514 4665 2571 4705 ιι.
2599 4653 2722 4715 563,
2751 4668 3152 4720 pergamenus,
3194 4659 3497 4711 constabat
3528 4659 3623 4712 fol.
3659 4661 3751 4726 72,

456 4727 683 4776 textum
705 4725 1142 4780 Rhenanianum
1157 4731 1395 4794 tradere,
1411 4734 1513 4785 sed
1530 4737 1971 4790 emaculandum
1989 4747 2045 4792 et

456 4813 862 4877 expoliendum
897 4818 970 4868 ab
992 4818 1330 4883 innumeris,
1358 4835 1504 4886 quas
1524 4825 1684 4877 facile
1716 4827 1771 4877 in
1804 4828 2044 4892 pristina

454 4903 644 4967 specie
669 4904 983 4970 detegeres,
1000 4909 1266 4962 sordibus
1283 4911 1391 4963 sibi
1406 4915 1671 4979 sumpsit,
1692 4920 1863 4981 atque
1877 4919 1956 4971 ita
1967 4934 2046 4972 re-

454 4991 723 5044 stitutum
736 4993 970 5047 demum
982 4997 1302 5052 Valesianas
1312 5002 1558 5054 versioni
1571 5017 1853 5069 opponere
1864 5021 2042 5060 ausus

453 5084 560 5142 est,
585 5080 840 5145 sijunior
871 5085 998 5147 ejus
1035 5098 1101 5137 ac
1132 5087 1363 5141 nitidior
1402 5090 1584 5144 forma
1615 5093 1912 5148 detrahere
1937 5099 2040 5150 ali-

452 5169 590 5233 quid
605 5176 927 5225 amatorum
950 5174 1028 5227 illi
1056 5183 1266 5240 posset.
1294 5181 1418 5232 Non
1441 5193 1587 5246 opus
1610 5189 1702 5236 est
1739 5191 1805 5237 ut
1840 5187 2042 5240 multis

451 5257 808 5314 declaremus
825 5275 997 5327 quam
1019 5266 1220 5320 dextre
1235 5269 1342 5333 ipsi
1359 5269 1466 5322 hoc
1483 5275 1835 5337 propositum
1854 5290 2041 5328 cesse-

448 5349 540 5414 rit,
564 5365 694 5404 cum
727 5353 868 5406 satis
895 5369 1180 5421 superque
1200 5358 1306 5411 viri
1333 5359 1591 5414 doctrina
1627 5369 1684 5414 et
1717 5364 1944 5416 solertia
1967 5380 2038 5418 ex

449 5439 656 5491 Leonis
669 5442 916 5506 Operum
933 5444 1179 5498 editione
1195 5452 1434 5510 constet,
1456 5451 1547 5502 cui
1563 5451 1670 5502 hoc
1691 5452 1879 5504 labore
1900 5467 2037 5517 quo-

448 5529 753 5584 dammodo
776 5535 1106 5598 praelusisse
1139 5536 1319 5589 videri
1359 5544 1549 5603 queat.
1585 5541 1832 5593 'l‘extum
1867 5543 2038 5607 igitur

444 5619 517 5670 ad
539 5621 790 5684 quinque
817 5624 1071 5688 insignes
1102 5626 1324 5679 codices
1353 5640 1494 5678 mss.
1521 5630 1829 5681 Vaticanos
1863 5631 2036 5683 colla-

448 5712 567 5760 tum
586 5711 862 5773 exhibuit,
879 5713 966 5765 his
983 5715 1203 5777 legibus
1218 5716 1323 5766 sibi
1344 5716 1589 5780 scriptis,
1604 5721 1669 5770 ut
1681 5719 1825 5770 nihil
1843 5719 1914 5773 de
1939 5733 2039 5772 su-

446 5800 730 5862 periorum
747 5803 1030 5855 editorum
1051 5803 1292 5857 lectione
1306 5803 1656 5869 immutaret,
1675 5807 1787 5862 nisi
1803 5808 1917 5864 duo
1936 5810 2040 5865 sal-

2144 4739 2214 4791 ad
2241 4753 2374 4793 saec.
2394 4755 2498 4793 xu.
2525 4744 2843 4796 Caeciarius
2867 4745 3048 4797 refert.
3074 4747 3303 4800 Litterae
3327 4749 3570 4802 initiales
3589 4753 3752 4805 vario

2144 4836 2351 4882 ornatu
2371 4833 2716 4896 gaudebant.
2743 4835 3148 4898 Compleetitur
3170 4840 3443 4901 praeterea
3471 4840 3753 4905 Recogni-

2145 4919 2330 4972 tiones
2365 4922 2669 4976 Clementis
2696 4937 2729 4975 a
2759 4925 2964 4977 Ruﬁno
2996 4940 3195 4978 versas
3251 4929 3357 4978 hac
3398 4930 3739 4994 epigraphe:

2142 5011 2355 5074 Παπίνιί
2391 5013 2743 5076 Aquileiensis
2781 5016 3029 5081 episcopi
3058 5018 3165 5079 (sic)
3197 5019 3256 5067 in
3289 5019 3580 5069 historiam
3614 5020 3733 5070 Cle-

2141 5101 2334 5150 mentis
2358 5116 2478 5164 quce
2506 5103 2723 5153 dicitlu-r
2757 5105 3113 5155 ltinerari-um
3151 5107 3295 5157 Petri
3323 5122 3415 5158 seu
3448 5109 3658 5160 Ctemen
3676 5113 3747 5161 tis

2140 5190 2589 5253 recognitionum.

2209 5363 2472 5422 Quintus,
2488 5374 2542 5412 n.
2562 5359 2686 5422 385,
2702 5363 2912 5414 recenti
2927 5363 3024 5414 sed
3044 5365 3382 5429 perpulchro
3402 5367 3734 5420 charactere

2136 5455 2399 5518 scriptus,
2416 5459 2473 5504 et
2487 5453 2736 5504 miniatis
2755 5454 2951 5518 figuris
2962 5467 3196 5518 operose
3228 5456 3554 5520 distinctus,
3571 5459 3731 5510 unde

2137 5557 2208 5594 ex
2225 5543 2575 5606 peranviquo
2589 5543 2880 5607 insigniori
2897 5545 3165 5609 quopiam
3177 5547 3486 5610 exemplari
3509 5561 3640 5599 sum
3648 5563 3712 5612 p—

2137 5635 2258 5684 tum
2287 5633 2611 5697 suspicatur
2631 5633 2830 5697 editor,
2860 5637 3161 5689 constabat
3183 5637 3274 5688 fol.
3300 5633 3422 5697 201,
3448 5650 3726 5691 asserva-

2135 5728 2345 5786 turque
2365 5723 2425 5804 in
2445 5736 2512 5777 ea
2535 5723 2827 5780 Vaticana:
2845 5726 2980 5781 Bibi.
3007 5731 3166 5792 parte
3195 5740 3368 5792 quam
3386 5729 3558 5781 Urbin
3575 5735 3733 5783 atem

2138 5811 2354 5867 dicunt.
2649 5813 2655 5834 '
