3902 6408
144 335 206 392 25

1620 340 1936 396 NOTITIA.

143 463 200 514 ll.
226 462 414 526 Ruﬁni
446 465 688 518 Historia
720 469 1019 532 eremitica,
1073 486 1166 522 seu
1224 473 1286 522 de
1331 471 1463 523 Vilis
1499 473 1732 524 Patrum
1763 442 2034 519 Aitinera
2062 449 2120 497 et
2147 459 2236 498 res
2263 458 2297 498 a
2321 459 2384 499 se
2409 447 2566 501 visas
2593 449 2704 515 ipsi
2737 455 2803 504 ut
2839 452 2990 518 stylo
3014 466 3251 508 romano
3267 457 3431 513 deco-

860 559 1008 612 liber.

194 721 383 774 Patres
401 723 493 775 vel
518 731 748 787 sanctos
782 741 1031 792 quorum
1057 731 1195 785 vitae
1213 733 1405 786 Ruﬁni
1419 733 1726 788 hoclibello

138 818 482 877 enarrantur,
505 815 566 866 in
589 816 784 870 Nitriae
799 831 992 872 eremo
1022 822 1333 887 aliquando
1361 825 1626 878 floruisse
1647 827 1726 878 di-

141 900 554 967 scimus,atque
585 911 651 958 ut
677 909 910 974 certius,
944 912 1171 975 qualem
1202 913 1472 967 volumus
1495 915 1723 979 librum,

139 993 364 1055 constet,
385 994 624 1046 nomina
645 996 1007 1061 singulorum
1024 1006 1082 1053 et
1098 1002 1359 1054 ordinem
1377 1003 1436 1056 in
1449 1006 1724 1058 recentis—

140 1079 289 1133 simis
302 1081 654 1137 editionibus
677 1087 914 1141 obvium
939 1092 1280 1156 apposuisse
1297 1094 1610 1158 plurimum
1626 1097 1724 1162 ju-

141 1169 302 1222 venit.

189 1296 556 1352 Prmmittitur
571 1302 837 1368 prologus
858 1303 1137 1370 incipiens
1155 1320 1190 1360 a
1202 1309 1394 1361 verbis
1409 1310 1722 1361 Benedictus

134 1385 278 1444 Deus,
318 1386 591 1443 desinens
625 1406 635 1438 :
667 1393 733 1442 Et
760 1395 1004 1458 perfectae
1033 1398 1313 1462 sapientia:
1353 1399 1606 1464 palmam
1645 1402 1722 1451 vel

134 1475 388 1538 patientia
404 1481 706 1544 requirant.
726 1484 980 1549 Capitula
1003 1486 1133 1538 libri
1171 1493 1312 1540 sunt
1335 1488 1424 1544 33.
1457 1489 1506 1544 1-
1549 1491 1624 1540 De
1661 1491 1715 1542 S.

132 1564 355 1632 Joanne;
385 1571 432 1617 2.
459 1569 533 1622 de
556 1572 711 1635 Hor.;
738 1573 786 1628 3.
816 1574 885 1625 de
915 1577 1226 1641 Ammone;
1258 1577 1306 1632 4.
1357 1578 1428 1631 (16
1462 1580 1716 1644 Β6116;5.

137 1653 199 1706 (16
216 1654 558 1722 Oxyryncho
580 1661 807 1715 civitate
827 1677 840 1728 ;
866 1663 916 1719 6.
943 1665 1014 1718 de
1031 1667 1257 1720 Theone
1279 1682 1293 1732 ;
1315 1668 1365 1722 7.
1399 1669 1470 1722 de
1487 1672 1718 1737 Apollo-

133 1743 316 1808 nio;8.
357 1747 427 1799 de
458 1750 774 1817 Ammone;
813 1753 862 1808 9.
902 1755 972 1808 de
1011 1757 1247 1821 Coprete
1294 1761 1486 1823 presb.
1531 1766 1589 1813 et
1613 1763 1717 1814 Pa-

136 1833 356 1886 ternatio
379 1850 393 1899 ;
432 1836 517 1893 10.
539 1839 609 1891 (16
627 1841 764 1906 Syro
778 1845 1007 1909 abbate,
1027 1846 1174 1898 Isaia
1188 1848 1364 1901 Paulo
1383 1855 1439 1901 et
1459 1851 1710 1915 Anuph.;
1732 1823 1784 1897 B

135 1921 516 1979 il.deHeleno
543 1942 557 1992 ;
587 1929 670 1984 12.
707 1932 776 1984 (16
810 1933 964 1999 Elia;
998 1934 1082 1990 13.
1115 1936 1186 1990 (16
1219 1939 1580 2004 Pithyrione;
1622 1941 1708 1996 14.

134 2010 194 2063 (16
218 2013 370 2066 Patre
400 2017 673 2084 Eulogio;
711 2021 794 2077 15.
813 2023 885 2076 de
905 2025 1138 2092 Apellen
1161 2031 1347 2093 presb.
1375 2032 1430 2082 et
1450 2033 1704 2093 Joanne;

136 2099 207 2155 16.
223 2103 288 2155 (16
315 2106 663 2174 Paphnutio;
689 2111 768 2166 17.
796 2113 868 2166 (16
886 2116 1229 2170 Monasterio
1245 2121 1713 2187 abbatislsidori;

137 2190 209 2246 18.
228 2193 295 2247 (16
312 2197 622 2294 Serapione
651 2205 861 2268 presb.;
883 2205 967 2262 19.
1001 2208 1072 2260 (16
1094 2211 1395 2275 Apollonio
1432 2216 1714 2294 monacho

146 2287 194 2334 et
217 2291 396 2348 presb.
431 2301 444 2350 ;
477 2285 568 2344 20.
596 2290 666 2344 (16
694 2293 968 2348 Dioscoro
990 2301 1201 2365 presb.;
1231 2299 1402 2355 21.‹16
1421 2285 1712 2357 Monachis

133 2371 185 2423 in
202 2375 370 2428 Nitria
386 2385 884 2437 commorantibus
902 2400 916 2449 ;
935 2385 1020 2442 22.
1037 2389 1246 2443 deloco
1263 2395 1360 2457 qui
1373 2394 1581 2447 dicitur
1595 2396 1711 2448 Cel-

134 2461 205 2560 l‘aA;
230 2462 310 2560 23.
328 2466 396 2519 de
407 2469 749 2537 Ammonio;
784 2473 870 2530 24.
890 2477 961 2530 (16
985 2478 1365 2546 1)1(1,γ1116;25.
1387 2484 1456 2537 (16
1473 2486 1732 2560 (116111ολ

135 2549 212 2605 26.
231 2553 295 2606 (16
324 2556 572 2622 Origene
599 2575 614 2626 ;
640 2561 725 2616 27.
753 2564 824 2618 (16
858 2567 1133 2633 Evagrio;
1161 2569 1248 2636 28,
1267 2572 1353 2627 29.
1373 2574 1443 2627 (16
1477 2549 1726 2627 duobus!

141 2644 392 2711 Macariis,
432 2650 702 2716 Egyptio
728 2660 785 2707 et
800 2657 964 2710 Alex.
986 2672 1000 2722 ;
1032 2658 1119 2715 30.
1139 2661 1210 2714 de
1226 2665 1512 2718 Ammone
1528 2667 1709 2731 primo

136 2733 308 2788 Nitriae
331 2741 620 2794 monacho
640 2756 654 2806 ;
673 2741 756 2798 31.
777 2744 847 2799 (16
864 2747 1036 2802 Paulo
1049 2751 1327 2818 Simplice;
1346 2753 1432 2809 32.
1450 2755 1522 2809 (16
1534 2756 1709 2809 Piam-

139 2834 288 2876 mone
309 2829 524 2893 presb.;
566 2830 654 2888 33.
691 2833 761 2887 de
796 2837 1032 2892 Joanne.
1075 2841 1348 2908 Epilogus
1371 2846 1603 2899 tandem
1631 2849 1705 2898 De

132 2913 358 2973 periculis
380 2918 603 2972 itineris
628 2923 703 2973 ad
719 2939 936 2978 eremos.

181 3040 289 3094 Hoc
311 3057 442 3110 ergo
468 3051 840 3116 opusculum,
861 3065 974 3118 quo
989 3055 1062 3108 ab
1078 3058 1237 3109 omni
1251 3059 1385 3112 inde
1405 3073 1535 3114 sevo
1557 3063 1701 3116 nihil

139 3141 264 3193 pene
290 3133 648 3200 frequentius
678 3140 997 3196 lectitatum
1026 3157 1094 3198 ac
1123 3147 1503 3215 descriptum,
1526 3157 1584 3205 et
1615 3166 1702 3207 re-

132 3222 257 3273 centi
278 3227 552 3278 memoria
575 3228 920 3294 impressum
945 3240 1055 3300 est,
1073 3239 1426 3303 temporibus
1441 3243 1698 3305 proxime

131 3309 374 3366 Rufinum
395 3319 821 3382 attingentibus
854 3323 1094 3378 lectores
1116 3326 1326 3381 dubios
1365 3331 1435 3383 de
1467 3338 1699 3387 auctore

133 3411 220 3452 suo
247 3402 455 3469 habuit,
478 3421 878 3476 successuque
896 3417 1166 3480 temporis
1185 3422 1350 3471 tanta
1365 3421 1698 3485 opinionum

129 3486 218 3542 hac
245 3493 311 3546 de
330 3507 389 3548 re
405 3509 574 3564 seges
607 3503 911 3564 succrevit,
930 3509 996 3557 ut
1011 3507 1372 3573 Rosweydus
1389 3511 1588 3564 decem
1606 3515 1697 3566 vel

129 3581 364 3636 undecim
377 3599 717 3642 enumerare
728 3599 944 3658 posset,
959 3597 1169 3658 quibus
1182 3601 1398 3662 passim
1410 3615 1437 3651 ει
1446 3603 1695 3668 scriptus

127 3668 288 3736 fuerit,
304 3678 558 3738 nomina.
574 3692 640 3732 ac
658 3695 828 3734 verus
848 3683 1000 3738 illius
1023 3689 1223 3740 auctor
1237 3702 1357 3741 non
1376 3691 1487 3742 nisi
1508 3705 1698 3745 recen-

132 3760 311 3816 tiorum
338 3768 533 3820 studio
557 3771 790 3835 agnitus
822 3774 896 3825 sit
920 3780 977 3828 et
994 3777 1350 3841 postliminio
1366 3783 1690 3834 restitutus.

129 3849 267 3909 Quod
299 3856 548 3919 primum
594 3872 629 3911 a
667 3863 787 3914 Jac.
843 3864 1024 3917 Fabro
1070 3868 1399 3932 Stapulensi
1425 3880 1442 3899 ·
1479 3872 1694 3924 factum

128 3938 450 4010 Rosweydus
465 3949 864 4014 deprehendit.
883 3955 1093 4008 Nititur
1107 3957 1217 4010 hoc
1235 3960 1488 4014 maxime
1506 3962 1694 4015 Hiero-

127 4032 261 4092 nymi
275 4037 601 4092 testimonio
628 4040 686 4092 in
711 4043 875 4106 epist.
903 4043 972 4099 43
1002 4046 1074 4098 ad
1099 4048 1555 4113 Ctesiphontem.
1578 4065 1695 4116 quo

126 4115 229 4180 ipso
250 4123 344 4177 diu
365 4127 542 4198 nimis
583 4129 655 4181 ad
679 4131 1051 4198 eripiendum,
1082 4139 1240 4200 quod
1285 4140 1495 4192 Ruﬁno
1525 4115 1697 4196 debe-

127 4206 281 4296 batur,
310 4217 398 4268 usi
427 4218 674 4295 fuerant,
700 4225 766 4274 ut
811 4223 1024 4277 scilicet
1059 4228 1304 4292 Evagrio
1336 4231 1689 4296 tribuerent;

128 4294 300 4355 deinde
317 4304 497 4370 ipsius
515 4294 688 4361 etiam
712 4311 905 4364 Ruﬁni
923 4314 982 4366 in
1011 4316 1264 4369 Historia
1301 4319 1459 4383 eccl.,
1490 4321 1586 4372 lib.
1606 4294 1690 4387 x1,

131 4391 295 4475 φιλ-4
327 4397 621 4450 innuentis
644 4412 704 4451 se
729 4402 1013 4465 ejusmodi
1046 4404 1191 4458 libro
1232 4407 1534 4461 scribendo
1560 4415 1694 4475 post

125 4466 411 4528 absolutam
427 4477 682 4533 historiae
700 4483 906 4535 seriem
919 4497 1147 4549 operam
1161 4487 1448 4541 daturum.
1468 4466 1688 4553 Quibus

1830 538 1998 593 raret,
2023 537 2363 602 narraverit,
2390 550 2561 602 quem
2594 539 2774 593 fuisse
2800 542 2929 595 vult
2955 544 3288 600 Petronium
3320 549 3431 602 Bo-

1828 624 2107 685 niensem,
2127 626 2218 678 cui
2239 627 2570 680 Gennadius
2588 630 2786 684 scribit
2802 631 2822 660 ⁶¹
2851 645 2957 685 sua
2970 638 3141 687 estate
3162 636 3311 690 vitas
3328 640 3431 692 Pa-

1830 718 1980 766 trum
1998 716 2342 780 assignatas.
2381 719 2631 770 Tantum
2651 726 2848 774 autem
2868 723 3040 776 abest
3055 727 3120 777 ut
3135 738 3206 778 ex
3223 728 3422 782 Graeco

1827 803 2262 868 interpretatum
2295 806 2446 859 vitas
2491 809 2632 861 istas
2670 811 2944 864 Rufinum
2982 816 3160 879 putet,
3193 821 3258 868 ut
3295 818 3426 883 ejus

1825 894 2016 958 potius
2033 907 2265 960 operam
2283 896 2478 950 Graice
2498 902 2694 963 postea
2711 914 2938 953 versam
2954 905 3012 955 et
3041 904 3274 959 Palladii
3290 909 3423 960 His-

1825 984 1986 1036 toriae
2013 985 2084 1036 ob
2110 998 2301 1037 rerum
2317 989 2718 1052 cognationem
2742 990 3068 1046 immixtam
3093 1008 3242 1058 esse,
3259 997 3338 1050 ita
3353 1004 3420 1051 ut

1823 1086 1895 1125 ex
1922 1079 2164 1139 utroque
2187 1077 2417 1130 auctore
2437 1091 2616 1130 unum
2634 1092 2842 1145 corpus
2861 1082 3036 1145 ﬂeret,
3066 1097 3184 1137 non
3213 1086 3422 1152 impro-

1822 1153 2085 1216 babiliter
2109 1166 2319 1218 credat.
2347 1168 2591 1219 Causam
2617 1183 2785 1235 porro
2804 1172 2878 1223 ob
2894 1185 3066 1236 quam
3083 1176 3414 1242 Hieronymi

1820 1265 2034 1306 nomen
2049 1255 2190 1307 libro
2206 1257 2425 1323 prmﬂgi
2442 1261 3104 1325 consuevuerit,minime
3119 1278 3154 1316 a
3166 1279 3298 1318 vero
3310 1281 3430 1332 pro-

1821 1343 1969 1396 fecto
2001 1345 2370 1398 abludentem
2396 1349 2754 1401 Fontaninus
2779 1350 2967 1413 docet,
2993 1354 3154 1406 Vitas
3190 1357 3424 1409 Patrum

1819 1431 2038 1496 aliquas
2062 1435 2134 1486 ab
2155 1435 2504 1501 Hieronymo
2525 1439 2898 1505 conscriptas,
2926 1455 3060 1494 cum
3086 1443 3243 1497 hisce
3261 1447 3422 1499 Run-

1817 1523 2024 1588 nirmis,
2047 1524 2273 1577 nullum
2297 1539 2511 1580 nomen
2523 1529 2978 1595 Praefcrentibus,
2995 1533 3068 1584 ob
3085 1536 3412 1598 argumenti

1820 1612 2193 1666 similitudem
2209 1628 2334 1668 com
2342 1622 2538 1682 pactas
2555 1618 2814 1672 efl‘ecisse
2832 1620 3048 1686 dicens,
3063 1627 3126 1674 ut
3141 1624 3331 1676 omnia
3345 1625 3418 1678 ad

1816 1703 2229 1767 Hyeronimum
2268 1707 2548 1770 tanquam
2564 1709 2800 1761 unicum
2837 1715 3129 1764 auctorem
3145 1714 3421 1767 referren-

1815 1796 1927 1844 tur.
1951 1797 2134 1858 Atque
2146 1796 2265 1860 jam
2285 1803 2672 1862 opportunum
2691 1799 2800 1852 erit
2816 1804 2882 1852 ut
2895 1801 3168 1854 lectorem
3198 1815 3421 1880 monea-

1818 1895 1965 1934 mus.
1989 1885 2147 1935 Vitas
2167 1887 2396 1938 Patrum
2419 1901 2452 1938 a
2467 1889 2672 1940 Ruﬁno
2687 1890 2926 1955 scriptas
2943 1905 3242 1956 nunquam
3262 1906 3419 1946 seor-

1819 1973 1927 2024 sim
1950 1987 2079 2026 esse
2101 1975 2384 2040 vulgatae,
2417 1978 2521 2029 sed
2546 1977 2606 2030 in
2630 1978 2926 2032 codicibus
2958 1994 3099 2033 mss.
3138 1983 3414 2036 omnibus

1817 2075 1983 2127 atque
2007 2077 2074 2116 ac
2107 2065 2405 2130 impressis
2449 2067 2609 2118 libris
2647 2081 2682 2120 a
2716 2070 2897 2132 prima
2932 2070 3004 2123 ad
3038 2072 3415 2126 novissimam

1817 2166 2005 2219 usque
2037 2155 2344 2208 editionem
2377 2170 2510 2209 cum
2545 2158 2672 2212 aliis
2711 2161 3070 2215 diversorum
3113 2165 3414 2216 auctorum

1815 2259 1945 2298 esse
1969 2247 2324 2311 conjunctas,
2350 2248 2419 2302 iis
2451 2249 2666 2303 scilicet
2685 2263 2819 2315 quas
2843 2250 2993 2318 apud
3023 2254 3412 2318 Rosweydum

1815 2341 2034 2400 septem
2059 2337 2340 2402 prioribus
2373 2339 2532 2391 libris
2567 2342 3147 2407 comprehenduntur,
3186 2344 3248 2395 in
3285 2343 3410 2395 edi-

1815 2426 2065 2479 tionibus
2086 2428 2564 2482 antecedentibus
2587 2436 2784 2484 autem
2812 2433 2966 2486 varie
2989 2445 3094 2498 pro
3125 2433 3407 2499 cujusque

1813 2517 2232 2569 concinnatoris
2271 2525 2442 2584 captu
2475 2521 2755 2587 dispersa)
2789 2528 2927 2575 sunt
2960 2528 3062 2576 aut
3094 2536 3408 2589 coagmen-

1811 2609 1964 2671 tatae,
2000 2609 2360 2673 Rosweydus
2378 2611 2580 2676 viginti
2597 2618 2896 2666 enumerat
2919 2614 3182 2666 Vitarum
3198 2614 3408 2666 harum

1809 2697 2108 2763 editiones,
2137 2712 2281 2763 quas
2306 2705 2498 2753 tamen
2527 2703 2598 2754 ad
2620 2703 2725 2756 tria
2752 2703 3053 2757 commode
3077 2717 3288 2770 genera
3316 2717 3406 2756 re-

1809 2788 2001 2840 vocari
2026 2802 2194 2853 posse
2217 2793 2378 2855 putat
2403 2791 2512 2844 hoc
2535 2793 2724 2852 modo,
2752 2799 2818 2846 ut
2849 2794 3090 2858 primam
3130 2793 3407 2847 familiam

1809 2877 1982 2929 ducat
2015 2878 2185 2931 editio
2216 2881 2340 2932 sinc
2364 2880 2508 2944 loco,
2545 2895 2696 2934 anno
2722 2888 2778 2934 et
2807 2883 3149 2948 typographi
3172 2883 3405 2935 nomine

1806 2979 2040 3030 excusa.
2060 2981 2231 3032 quam
2249 2969 2370 3035 ipse
2387 2971 2619 3047 reliquis
2648 2973 2917 3025 omnibus
2942 2975 3227 3026 vetustate
3241 2977 3406 3027 ante-
3447 2968 3456 2977 “

1805 3059 1984 3122 ponit,
2008 3071 2230 3123 nosque
2251 3073 2357 3112 suo
2381 3060 2588 3112 deinde
2610 3061 2751 3121 loco,
2777 3062 2850 3114 ad
2886 3063 3127 3115 ductum
3153 3065 3280 3127 ejus
3304 3077 3404 3116 co-

1801 3148 2195 3212 gnoscendum
2232 3149 2500 3202 dabimus
2531 3165 2544 3214 ;
2577 3152 2819 3203 alteram
2855 3153 3188 3205 exordiatur
3223 3153 3401 3206 editio

1800 3237 2301 3302 Norimbergensis
2336 3239 2474 3290 anni
2500 3239 2661 3304 1478,
2695 3242 2918 3293 tertiam
2948 3242 3198 3306 denique
3228 3244 3399 3296 Colo-

1796 3327 2014 3379 niensis
2031 3328 2167 3378 anni
2185 3327 2322 3383 1548
2348 3331 2678 3383 constituat.
2705 3334 2887 3395 Quam
2909 3333 3012 3384 viri
3029 3333 3402 3398 diligentissi-

1795 3417 1874 3467 mi
1897 3416 2338 3482 descriptionem
2356 3420 2620 3482 equidem
2640 3421 2920 3474 hactenus
2942 3423 3133 3476 valere
3150 3429 3394 3487 putave-

1796 3506 1922 3564 rim,
1947 3507 1996 3558 si
2023 3520 2140 3558 non
2160 3509 2381 3560 cunctis
2418 3522 2550 3572 qua
2575 3523 2992 3575 usquequaque
3008 3515 3263 3575 exstent,
3294 3513 3397 3566 sed

1796 3597 2001 3662 viginti
2026 3602 2251 3650 tantum
2275 3600 2349 3650 ab
2378 3601 2490 3652 isto
2515 3603 2865 3654 enumeratis
2882 3603 3231 3656 editionibus
3244 3604 3398 3656 Lati-

1795 3687 1888 3738 nis
1914 3688 2175 3751 regulam
2198 3688 2416 3741 hancce
2433 3691 2706 3754 scriptam
2731 3693 2887 3744 velit.
2909 3695 3054 3745 Sunt
3067 3693 3220 3746 enim
3240 3694 3397 3758 apud

1793 3789 1900 3828 nos
1927 3777 2204 3829 editiones
2229 3779 2377 3841 duae,
2410 3779 2588 3832 altera
2611 3781 2778 3845 plane
2812 3782 3182 3842 innominata,
3214 3784 3395 3836 altera

1793 3868 1927 3917 anni
1953 3871 2088 3917 nota
2105 3880 2329 3927 carens,
2347 3881 2478 3932 qua}
2499 3874 2555 3921 et
2570 3870 2722 3922 inter
2738 3884 2798 3922 se
2810 3871 3056 3925 diversae
3073 3877 3127 3925 et
3146 3872 3388 3937 aprima,

1793 3968 1969 4019 quam
2001 3956 2132 4009 facit
2149 3959 2522 4022 Rosweydus,
2541 3961 2730 4013 ambae
2755 3961 3040 4015 differunt.
3062 3965 3176 4015 Nec
3191 3962 3393 4016 dubito

1792 4046 1932 4109 quin
1955 4046 2248 4110 aliquanto
2269 4047 2462 4112 plures
2489 4050 2718 4113 reperiri
2739 4051 2983 4115 possint,
3005 4063 3138 4115 quin
3155 4051 3304 4104 inter
3328 4065 3391 4105 se

1791 4142 2136 4208 comparatae
2160 4138 2395 4189 omnino
2412 4139 2634 4190 nullam
2649 4139 2796 4192 inter
2823 4141 3266 4205 antiquissimas
3281 4141 3392 4195 edi-

1792 4226 1979 4278 tiones
2002 4226 2354 4281 intercedere
2374 4229 2776 4294 cognationem
2793 4230 3076 4284 evincent.

1855 4398 2140 4450 Caeterum
2174 4398 2236 4449 in
2268 4396 2394 4463 ipso
2416 4397 2776 4464 singularum
2804 4400 3124 4454 editionum
3145 4414 3393 4454 recensu

1789 4500 2008 4538 morem
2032 4487 2314 4540 hactenus
2337 4501 2371 4540 a
2391 4490 2558 4541 nobis
2585 4503 2810 4555 semper
2847 4497 3277 4554 conservatum,
3316 4493 3384 4544 ut

127 4559 527 4627 positis,'multis
543 4575 601 4622 et.
617 4571 789 4623 variis
807 4580 1083 4638 praeterea
1102 4580 1460 4642 argumentis
1473 4595 1542 4632 ex
1560 4582 1682 4646 ipso
1702 4581 1764 4658 D
1791 4576 2182 4629 innominatas
2212 4578 2492 4631 editiones
2518 4584 2650 4644 Post
2672 4580 2922 4644 reliquas
2955 4581 3155 4634 εωουΠ
3182 4595 3264 4634 XV
3301 4585 3390 4634 άθ·

129 4645 378 4738 plerisque
409 4657 554 4711 libro
587 4662 780 4725 petitis
819 4664 972 4717 idem
1005 4671 1383 4721 astruxerunt
1411 4645 1684 4738 Roswey-

128 4733 318 4795 dusbet
332 4745 802 4804 Fontaninus°in
822 4753 934 4806 hoc
966 4758 1158 4809 tamen
1191 4757 1339 4811 inter
1385 4774 1446 4812 se
1471 4760 1686 4813 discre-

128 4832 312 4896 pantes,
327 4838 476 4899 quod
493 4839 585 4890 ille
613 4841 886 4894 Rufinum
902 4857 1001 4909 pro
1018 4846 1328 4912 interprete
1347 4851 1572 4902 tantum
1590 4865 1684 4905 co-

127 4925 226 5008 rum
238 4934 359 5008 quas
373 4928 698 4983 Heraclides
718 4933 855 4986 forte
872 4941 970 4988 sut
988 4935 1275 4990 Palladius
1287 4953 1474 5005 grwce
1498 4944 1682 5008 scrip-

129 5006 322 5064 SISsent,
347 5006 568 5070 habeat,
601 5012 776 5077 idque
811 5029 883 5068 ex
915 5023 1073 5081 parte
1112 5032 1347 5072 causam
1387 5029 1550 5087 putet
1582 5006 1684 5076 cur

127 5088 220 5139 tam
251 5092 394 5148 facile
416 5098 662 5163 ignorari
691 5105 881 5158 Ruﬁni
919 5119 1091 5172 opera
1131 5111 1400 5174 potuerit,
1441 5113 1681 5166 alteram

126 5186 228 5230 eam
248 5189 394 5238 ratus
427 5192 581 5253 quod
605 5200 833 5259 propter
857 5197 1212 5262 Origenistas
1234 5201 1544 5255 nonnullos
1574 5204 1682 5255 im-

126 5267 305 5323 mixtos
326 5289 439 5329 non
465 5293 647 5334 ausus
673 5284 747 5336 sit
772 5287 993 5352 proprio
1018 5289 1251 5342 nomine
1282 5291 1459 5343 fetum
1509 5307 1682 5345 suum

129 5360 411 5416 protrudere
427 5371 482 5419 et
496 5371 804 5436 venditare;
827 5376 1182 5430 Fontaninus
1204 5384 1400 5431 contra
1415 5382 1682 5446 expedita

131 5454 577 5536 etgumentatione
591 5465 832 5525 tueatur,
852 5465 939 5517 Ru
951 5466 1130 5519 linum
1143 5468 1335 5533 ipsum
1349 5471 1680 5536 scriptorem

128 5530 283 5601 fuisse,
308 5545 400 5596 sed
418 5550 646 5602 nomine
679 5553 915 5607 alterius
944 5557 1042 5620 qui
1062 5557 1124 5610 in
1142 5560 1386 5624 Egypto
1412 5564 1679 5614 versatus

183 5733 696 5830 linhpriefationead
721 5749 1052 5830 l’aradisum
1083 5755 1419 5809 Heraclidis.

220 5803 407 5877 Proleg.
430 5813 480 5879 4,
504 5816 535 5881 §
566 5817 652 5884 10,
679 5832 732 5885 p.
758 5819 845 5876 25.

1786 4680 1947 4718 mum
1971 4679 2576 4730 commemoraremus,
2619 4670 2798 4722 semel
2838 4670 2949 4723 hoc
2972 4671 3096 4724 loco
3119 4671 3388 4726 deserere

1785 4768 1852 4808 ac
1868 4757 2098 4820 reliquis
2115 4770 2214 4809 eas
2236 4759 2580 4822 praemittere
2599 4759 2827 4824 placuit,
2851 4765 2974 4812 tum
2992 4762 3267 4825 quoniam
3291 4762 3390 4814 vix

1785 4845 2025 4898 dubium
2046 4859 2174 4899 esse
2192 4849 2373 4911 possit
2388 4848 2525 4912 quin
2537 4848 2780 4914 singulae
2791 4850 2930 4902 anni
2946 4849 3084 4904 1478
3103 4855 3388 4905 vetustate

1785 4940 2081 5000 superent,
2101 4941 2224 4988 tum
2241 4949 2314 4989 ne
2331 4951 2364 4988 a
2383 4938 2654 5000 secunda,
2675 4952 2847 5003 quam
2865 4941 3224 5006 Rosweydus
3236 4941 3385 5006 facit,

1785 5025 2098 5076 editionum
2113 5026 2297 5078 classe
2313 5027 2539 5079 initium
2556 5027 2892 5082 faceremus.
2913 5031 3128 5084 Deinde
3142 5030 3386 5084 Rufinus

1787 5115 1946 5166 solus
1963 5115 2132 5167 nobis
2157 5129 2312 5169 curua
2329 5122 2435 5177 est,
2464 5118 2634 5181 cujus
2658 5119 2892 5182 quidem
2911 5118 3055 5172 liber
3071 5120 3132 5172 in
3152 5121 3365 5172 Collec-

1785 5205 1936 5256 tione
1962 5205 2210 5258 vitarum
2248 5220 2467 5268 semper
2501 5208 2744 5260 eminuit
2767 5213 2825 5262 et
2862 5210 3182 5274 antiquitus
3213 5210 3380 5262 unice

1779 5292 2214 5359 intelligebatur,
2239 5295 2379 5348 dum
2401 5297 2563 5349 Vitis
2595 5299 2826 5350 Patrum
2863 5304 3082 5352 veteres
3108 5299 3365 5359 citarent,

1786 5389 2134 5448 quaprOptcr
2150 5384 2350 5447 multa,
2376 5399 2509 5449 quae
2526 5387 2586 5438 in
2621 5387 2977 5450 universum,
3004 5387 3369 5449 editionibus,

1779 5474 2059 5538 imprimis
2073 5475 2421 5540 principibus
2435 5489 2579 5540 quas
2601 5483 2704 5542 put
2723 5483 2780 5536 it,
2795 5478 3115 5530 accuratius
3134 5490 3372 5530 noscen-

1778 5564 1888 5627 dis,
1903 5564 2222 5616 admirabili
2238 5564 2530 5631 diligentia
2543 5566 2916 5620 describendo
2934 5572 2990 5619 et
3005 5567 3154 5621 inter
3169 5581 3230 5620 se
3246 5581 3380 5621 con-

1840 5771 1856 5789 τ
1877 5761 2006 5824 Cap.
2035 5759 2121 5825 12,
2142 5775 2197 5825 p,
2229 5760 2332 5815 360
2355 5774 2481 5825 εαρ-

1840 5832 1861 5861 δ
1882 5835 1964 5885 De
1985 5833 2096 5884 Vir.
2115 5832 2210 5895 ill.,
2238 5844 2359 5896 cap.
2390 5833 2476 5887 41.
