3902 6458
377 370 441 430 31
1370 374 1678 437 RUFINUS
1711 373 2205 437 AQUILEIENSIS
2237 372 2671 426 PRESBYTER.
3602 361 3678 418 32

442 469 600 529 1512.
639 471 916 537 Lugduni,
958 486 1058 538 per
1095 472 1353 523 Jacobum
1391 472 1606 523 Sachon
1624 510 1639 535 ,
1676 475 1862 525 In-4°.
1893 459 1930 526 Β
1952 511 1964 523 .
1992 477 2046 549 Α
2069 473 2368 539 epistolam
2391 472 2796 525 dedicatoriam
2824 469 2898 533 (d.
2931 468 3216 534 Augusta
3243 474 3329 517 Ill
3348 462 3469 516 Kal.
3499 462 3678 515 Febr.

379 560 712 627 Hieronymi
731 561 792 614 in
813 562 977 615 Vitas
1000 564 1235 615 Patrum
1250 563 1468 614 celebre
1483 575 1646 627 opus,
1675 564 1867 616 Rosw.

448 651 692 715 Venetiis,
733 652 884 717 apud
916 652 1207 703 Nicolaum
1242 653 1304 702 de
1343 652 1689 717 Francofurd
1725 669 1780 717 a,
1814 652 1969 705 in-t'.

379 741 539 794 Idem
553 754 717 807 opus.
734 743 925 795 Rosw.

444 856 601 912 1515.
630 858 886 923 Ludgini,
918 872 1016 923 per
1037 858 1154 911 Jac.
1186 858 1319 924 Myt,
1354 858 1520 914 ιιι-4⁸.
1562 860 1615 911 8.
1644 856 1975 923 Hieronymi

378 946 440 1000 in
468 947 628 998 Vitas
645 950 874 999 Patrum
895 948 1217 1012 percelebre
1239 960 1405 1013 opus,
1419 949 1619 1001 oculos
1635 948 1977 1001 mortalibus

378 1035 698 1100 calumque
720 1036 1006 1101 aperiens.

563 1154 809 1202 Scandere
831 1155 963 1203 celsa
992 1155 1170 1203 volens
1191 1155 1414 1215 supremi
1444 1155 1609 1203 sidera
1631 1155 1745 1204 cali

625 1218 697 1264 Me
720 1217 928 1276 planum
954 1218 1078 1265 lecte
1100 1218 1336 1278 quisquis
1357 1218 1559 1266 habebit
1590 1218 1700 1279 iter,

556 1279 648 1327 Hic
680 1284 845 1327 cernet
869 1294 1052 1340 magno
1075 1281 1261 1328 calum
1290 1282 1507 1328 subiisse
1534 1282 1702 1329 labore

632 1342 901 1405 Antiquos;
931 1343 1091 1391 levior
1113 1344 1175 1390 ad
1203 1343 1350 1391 datur
1371 1348 1504 1391 astra
1531 1344 1628 1393 via.

380 1453 803 1508 Venundantur
814 1455 1086 1521 Lugduni
1102 1458 1209 1508 abs
1224 1458 1437 1509 Jacobo
1456 1459 1765 1522 Huguetan
1778 1456 1837 1508 in
1855 1456 1983 1508 vico

381 1543 696 1596 Mercuriali
726 1544 799 1597 ad
834 1546 1202 1611 angiportum
1232 1547 1329 1611 qui
1359 1547 1422 1599 in
1452 1547 1656 1599 Ararin
1695 1546 1875 1599 ducit.
1921 1548 1985 1597 In

381 1632 497 1686 fine
516 1649 528 1679 :
545 1634 851 1685 Beatissimi
867 1636 1191 1702 Hieronymi
1206 1637 1509 1687 cardinalis
1530 1636 1843 1702 presbyteri,
1858 1648 1987 1688 san-

382 1728 473 1776 cte
496 1726 749 1779 Romane
771 1724 1007 1779 ecclesie
1021 1727 1305 1780 Catholica
1331 1727 1580 1781 doctoris
1597 1725 1870 1793 pracipui
1905 1725 1989 1778 Li-

381 1815 522 1879 bris,
539 1815 638 1879 qui
656 1815 1052 1882 Vitaspatrum
1075 1818 1490 1882 inscribuntur,
1517 1818 1815 1885 diligenter
1840 1829 1980 1869 exa-

381 1913 617 1966 minatis
658 1914 1031 1981 vigilantique
1082 1917 1275 1970 studio
1321 1919 1641 1971 emendatis
1675 1923 1848 1982 atque
1881 1928 1980 1982 per

384 2006 597 2066 puncta
607 2008 664 2055 et
678 2009 962 2057 commata
976 2000 1298 2059 distributis
1310 2020 1492 2073 nuper
1503 2007 1636 2060 linis
1650 2006 1985 2072 imponitur.

386 2092 683 2156 Impressis
695 2094 939 2159 Lugdini
952 2108 1052 2160 per
1060 2095 1373 2150 honestum
1383 2099 1662 2150 Jacobum
1673 2098 1810 2162 Myt.
1824 2093 1981 2151 1515.

386 2180 478 2232 die
508 2194 645 2234 vero
668 2195 819 2249 xvn,
852 2197 1049 2237 mense
1085 2187 1357 2252 Augusti.
1396 2189 1538 2253 Pray
1569 2187 1687 2240 ind.
1718 2186 1842 2239 libr.
1872 2197 1983 2237 rar.

385 2269 527 2323 Bibl.
545 2271 684 2324 Bud.
703 2274 743 2323 t.
756 2274 798 2336 Ι,
818 2286 873 2339 p.
892 2272 1018 2329 507.

447 2384 604 2442 1520.
622 2388 898 2455 Lugduni,
910 2406 1011 2456 per
1028 2391 1299 2443 Jacobum
1311 2392 1634 2459 Mareschal,
1659 2392 1810 2448 in-4’.
1830 2389 1987 2443 Idem

387 2486 537 2539 opus
556 2477 748 2531 Rosw.

448 2563 604 2620 1536.
642 2567 902 2631 Lugduni
947 2605 962 2621 .
1011 2607 1024 2621 .
1072 2606 1086 2621 .
1133 2607 1149 2623 .

398 2652 649 2706 Patrum.
677 2657 794 2709 Cat.
823 2656 963 2709 Bibl.
989 2651 1219 2711 Barber.

450 2740 609 2797 1537.
652 2745 911 2810 Lugduni
934 2762 1030 2814 per
1047 2749 1250 2800 Anton.
1287 2749 1605 2815 Vicentium,
1623 2750 1783 2807 ἰπὶ-4ο.
1817 2751 1992 2803 Idem.

390 2831 582 2883 Rosw.

1223 2573 1276 2624 S.
1324 2572 1713 2638 Hieronymus
1746 2571 1817 2624 de
1845 2572 1992 2625 Vitis

453 2944 613 3002 1547.
642 2948 895 3018 Colonias,
916 2969 1017 3019 per
1055 2955 1349 3021 Gasparcm
1374 2957 1752 3024 Gennepaum,
1780 2957 1838 3009 f".
1869 2959 1997 3010 Pro.

392 3037 637 3102 totypon
674 3042 884 3095 veteris
928 3045 1214 3106 Ecclesia,
1264 3047 1564 3099 continens
1606 3048 1781 3111 vitas,
1812 3049 1993 3113 gesta,

391 3123 655 3192 dictaque
671 3138 997 3186 sanctorum
1013 3135 1438 3188 Deiamicorum
1456 3137 1759 3202 utriusque
1797 3150 1995 3199 sexus,

403 3224 635 3273 auctore
668 3234 774 3275 seu
810 3223 1097 3289 rhapsedo
1127 3229 1327 3278 sancto
1360 3227 1707 3291 Hieronymo
1762 3228 1995 3292 partim,

400 3309 612 3374 partim
624 3310 749 3363 aliis
764 3317 940 3376 atque
965 3313 1113 3366 aliis.

458 3399 778 3454 Adernavit
817 3402 967 3456 hanc
1024 3403 1331 3457 editionem
1370 3405 1544 3459 frater
1598 3404 1992 3459 Theodericus

395 3489 580 3541 Leher
606 3503 641 3541 a
672 3491 875 3545 Stratis
919 3492 1240 3548 Carthusia
1274 3494 1426 3549 aula
1457 3494 1649 3548 Maria
1686 3495 1744 3547 in
1782 3496 1992 3548 Bruxia

395 3578 551 3644 prior
585 3591 653 3631 ac
690 3581 1054 3643 provincialis
1102 3584 1386 3648 visitator,
1422 3597 1664 3649 eamque
1706 3584 1995 3638 dedicavit

403 3669 640 3735 principi
667 3670 878 3724 Othoni
903 3674 957 3724 S.
991 3675 1051 3727 Β.
1079 3675 1139 3726 Ε.
1169 3675 1320 3726 card.
1340 3675 1609 3740 episcopo
1624 3676 1989 3740 Augustane,

395 3770 573 3821 quem
588 3760 649 3813 in
666 3761 906 3827 epistola
920 3775 1026 3816 sua
1039 3762 1385 3816 dedicatoria
1416 3763 1499 3827 (d.
1531 3764 1865 3829 Ratispona
1892 3776 1991 3816 an.

399 3846 572 3914 1546)
599 3849 671 3903 de
703 3864 873 3916 opera
897 3852 959 3904 in
985 3852 1142 3905 hunc
1169 3852 1381 3905 librum
1410 3853 1672 3917 impensa
1709 3853 1911 3906 edocet
1942 3868 1994 3903 se

396 3939 640 4003 antiquis
662 3940 835 4005 iisque
861 3941 965 4005 ﬁde
988 3941 1170 4007 dignis
1191 3957 1299 3992 mss
1333 3942 1729 4007 exemplaribus
1751 3949 1863 3993 octo
1895 3947 1993 3992 aut

399 4029 573 4079 decem
599 4029 765 4081 simul
786 4030 989 4081 collatis
1002 4037 1205 4082 textum
1238 4032 1601 4096 recognovisse
1618 4037 1665 4082 et
1685 4032 1991 4094 restituisse,

399 4118 589 4169 deinde
604 4119 664 4169 in
692 4120 939 4170 ordinem
971 4125 1193 4184 certum,
1209 4121 1378 4186 juxta
1413 4122 1607 4172 seriem
1644 4128 1689 4171 et
1720 4122 1995 4171 rationem

397 4212 713 4272 temporum,
739 4224 844 4273 quo
856 4211 1080 4274 quisque
1105 4211 1336 4260 Patrum
1352 4212 1479 4261 huic
1494 4210 1741 4261 illuxerit
1759 4210 1988 4272 mundo,

398 4296 684 4361 digessisse.
696 4298 931 4351 Constat
946 4299 1070 4352 hac
1085 4298 1257 4353 editio
1269 4300 1526 4363 quinque
1541 4298 1701 4351 libris
1718 4304 1784 4351 ut
1797 4298 1993 4362 prima,

403 4386 505 4440 sed
520 4387 718 4440 ordine
737 4388 985 4441 multum
1014 4389 1317 4442 immutate
1340 4392 1399 4441 et
1423 4388 1775 4452 quibusdam
1804 4400 1878 4441 ex
1908 4400 1998 4439 se-

400 4478 588 4531 cunda
600 4478 851 4532 editione
868 4486 921 4532 et
937 4480 1169 4533 aliunde
1184 4480 1459 4544 (Ulmensi
1472 4485 1628 4544 puta,
1649 4490 1828 4543 quam
1844 4477 2001 4543 igne-

402 4570 551 4623 ravit
570 4570 943 4634 Rosweydus)
958 4570 1187 4623 additis.
1211 4570 1403 4621 Rufini
1419 4569 1563 4622 liber
1576 4581 1698 4621 non
1717 4568 1990 4621 continuo

399 4663 603 4718 tractu,
619 4658 720 4712 sed
747 4658 1090 4712 dilaceratus
1105 4659 1429 4721 exhibetur,
1448 4670 1653 4723 nempe
1682 4670 1756 4710 ex
1784 4657 1989 4717 tribus,

400 4748 612 4813 quibus
624 4747 767 4801 liber
787 4748 1003 4814 primus
1013 4752 1257 4810 constat,
1277 4748 1554 4813 partibus,
1569 4748 1754 4812 prima
1768 4746 1839 4799 de
1855 4758 1991 4798 san-

400 4836 508 4890 ctis
548 4837 689 4888 viris
729 4842 788 4890 et
826 4836 1083 4889 secunda
1122 4836 1195 4889 de
1226 4838 1442 4889 sanctis
1495 4836 1832 4888 mulieribus
1863 4847 1993 4901 per-
2015 4830 2073 4905 Ι)

399 4924 575 4978 mista
594 4930 651 4978 et
688 4926 934 4979 conﬂata
968 4929 1060 4978 est
1084 4937 1117 4978 e
1146 4926 1373 4978 Ruﬁno.
1407 4924 1647 4990 Reliqua
1673 4924 1805 4977 vide
1834 4924 1988 4988 apud

401 5014 786 5080 Rosweydum
798 5056 801 5059 .

463 5130 621 5187 1548.
655 5130 869 5196 Ibidem,
892 5132 1044 5197 apud
1058 5132 1304 5181 eumdem
1328 5136 1559 5196 typogr.,
1591 5129 1650 5182 f°.
1680 5130 1830 5182 Vita
1855 5141 1990 5182 san-

401 5224 622 5275 ctorum
650 5223 879 5275 Patrum
897 5221 1104 5274 veteris
1128 5221 1424 5274 catholica
1448 5233 1625 5284 arque
1661 5219 1991 5285 apostolica

400 5314 669 5368 Ecclesia
684 5313 835 5366 dicta
848 5316 1126 5378 gestaque
1147 5310 1393 5376 insignia
1405 5313 1461 5362 et
1471 5309 1804 5362 admiranda
1816 5308 1995 5360 excel-

402 5404 643 5458 lentium
659 5402 876 5467 aliquot
889 5401 990 5453 Dei
1004 5401 1317 5452 amicorum
1332 5400 1633 5464 utriusque
1651 5412 1826 5451 sexus
1843 5409 1991 5449 com-

402 5493 522 5560 plec
530 5498 734 5557 tentes,
745 5497 976 5545 auctore
992 5493 1055 5543 D.
1075 5491 1420 5555 Hieronymo
1433 5489 1660 5555 partim,
1674 5487 1994 5553 partimque

405 5583 532 5637 aliis
561 5588 734 5647 atque
763 5583 907 5646 aliis,
936 5594 1085 5646 quos
1115 5593 1278 5632 versa
1314 5580 1536 5646 pagella
1558 5591 1730 5630 nosse
1764 5577 1991 5641 poteris.

406 5675 656 5737 Accepta
668 5676 726 5725 et
739 5673 1052 5737 approbata
1066 5673 1138 5723 ab
1164 5670 1414 5723 Ecclesia
1429 5667 1707 5721 catholica
1729 5668 1864 5718 ante
1887 5678 1993 5716 an-

409 5775 516 5816 nos
532 5761 661 5828 plus
684 5760 835 5813 mille
849 5761 1280 5827 quinquaginta.
1342 5802 1349 5809 ς

470 5852 557 5907 Ab
583 5850 783 5906 eodem
810 5850 1024 5906 editore
1036 5848 1428 5917 proficiscitur,
1445 5847 1546 5914 qui
1569 5858 1781 5901 novam
1807 5851 1997 5901 tamen

2072 562 2232 626 1548)
2256 563 2329 616 ad
2352 563 2665 615 Henricum
2678 556 3209 614 abbatem'canebii
3226 553 3347 607 ord.
3365 554 3429 605 D.
3456 551 3674 605 Bened.

2074 653 2134 707 in
2151 646 2521 718 Wiblinghen
2536 649 2994 705 Constantiensis
3011 645 3276 699 diacesis
3293 642 3574 708 pramisit
3591 642 3685 705 ,in

2074 755 2191 807 qua
2233 758 2269 792 a
2303 742 2426 807 plus
2462 742 2607 791 mille
2646 740 2919 791 erroribus
2961 738 3035 788 ad
3078 735 3431 786 vetustissima
3468 732 3685 798 pariter

2074 847 2137 882 ac
2176 832 2386 881 diversa
2428 831 2765 896 exemplaria
2810 830 2956 879 Vitas
2996 828 3224 877 Patrum
3259 837 3577 888 repurgasse
3621 836 3679 871 se

2076 920 2343 973 afﬁrmat.
2367 920 2530 982 Quod
2562 925 2751 972 utrum
2767 918 2839 970 de
2855 919 3058 969 iterata
3092 915 3202 966 hac
3226 924 3400 978 opera
3413 912 3563 975 ejus,
3592 922 3675 961 an

2075 1009 2146 1063 de
2161 1022 2299 1062 cura
2321 1010 2594 1062 universa
2618 1007 3073 1072 intelligendum,
3105 1014 3335 1056 novane
3364 1001 3540 1053 editio
3579 999 3678 1060 sit,

2079 1112 2154 1152 au
2182 1099 2384 1152 titulus
2411 1104 2641 1151 tantum
2669 1097 2872 1163 prioris
2900 1098 3180 1156 mutatus,
3206 1091 3426 1143 nescire
3450 1102 3511 1141 se
3531 1090 3685 1140 Ros-

2078 1188 2319 1254 weydus
2348 1189 2569 1240 fatetur.
2606 1187 2757 1241 Ordo
2786 1186 2940 1238 idem
2968 1190 3059 1237 est
3084 1196 3151 1235 ac
3180 1182 3239 1234 in
3264 1179 3573 1245 superiore,
3615 1182 3682 1230 et

2080 1277 2366 1330 Ruﬁniani
2383 1277 2569 1342 operis
2581 1277 2782 1329 eadem
2796 1276 2966 1341 plane
2980 1274 3143 1337 ratio,
3161 1270 3511 1333 omninoque
3538 1266 3689 1319 nihil

2082 1367 2306 1420 diil'erre
2329 1366 2686 1419 Fontaninus
2706 1365 2918 1417 scribit.

2150 1456 2300 1511 1596.
2331 1454 2617 1521 Compluti,
2649 1455 2800 1519 apud
2827 1454 2989 1504 Joan.
3017 1451 3370 1513 Gratianum,
3396 1446 3563 1502 in-4°-
3592 1444 3690 1497 Vi-

2084 1552 2164 1600 ta
2179 1549 2508 1599 sanctorum
2519 1547 2769 1598 Patrum.
2788 1540 3171 1607 Resweydus.

2737 1742 2890 1794 Sac.
2909 1751 3056 1792 xvn.

2005 1858 2057 1932 B
2146 1885 2306 1942 1615.
2332 1886 2661 1951 Antuerpiae,
2692 1899 2759 1935 ea:
2793 1882 2884 1949 off.
2924 1884 3126 1945 Plant.,
3159 1881 3219 1933 f°.
3254 1879 3405 1932 Vita
3436 1878 3675 1929 Patrum

2083 1976 2153 2028 de
2169 1976 2282 2029 vita
2301 1982 2359 2028 et
2392 1976 2589 2029 verbis
2608 1975 2920 2038 seniorum,
2938 1974 3061 2025 sive
3076 1970 3343 2023 Historia
3358 1965 3676 2020 eremitica

2081 2065 2206 2118 libri
2231 2080 2270 2117 x
2294 2066 2628 2118 auctoribus
2659 2065 2781 2116 suis
2807 2069 2864 2117 et
2893 2064 3064 2116 ultori
3094 2063 3334 2129 pristino
3350 2056 3597 2111 restituti
3613 2078 3690 2119 ac

2085 2156 2480 2208 netationibus
2497 2155 2761 2208 illustrati
2781 2166 2951 2219 opera
2964 2157 3021 2205 et
3038 2153 3229 2205 studio
3244 2154 3521 2207 Heriberti
3548 2157 3687 2207 Ros-

2082 2245 2270 2310 weydi
2288 2244 2645 2309 Ultrajectini
2662 2258 2693 2297 e
2710 2257 2825 2295 sec.
2851 2246 2881 2295 J
2889 2256 2994 2296 esu
3013 2242 3278 2308 theologi.

2150 2335 2352 2387 Totius
2381 2335 2562 2400 hujus
2591 2334 2778 2399 operis
2816 2333 2960 2385 ratio
2989 2332 3061 2383 ad
3096 2345 3204 2385 nos
3236 2331 3391 2385 haud
3422 2332 3692 2397 pertinet.

2089 2424 2305 2476 Suillcit
2335 2424 2624 2476 indicasse
2654 2436 2924 2489 quanam
2954 2422 3143 2474 Ruﬁni
3168 2426 3359 2488 partes
3376 2423 3515 2475 ineo
3546 2426 3699 2476 sint.

2087 2515 2239 2570 Vita
2276 2517 2489 2568 scilicet
2510 2517 2742 2567 Patrum
2765 2513 3121 2565 eremitarum
3136 2512 3342 2564 librum
3360 2514 3690 2567 secundum

2088 2607 2263 2672 hujus
2301 2605 2650 2658 collectionis
2691 2603 3068 2657 constituunt.
3110 2603 3304 2656 Editor
3343 2605 3540 2657 autem
3567 2616 3696 2657 non

2092 2697 2309 2750 veritus
2320 2701 2410 2749 est
2426 2700 2609 2748 totum
2631 2695 2800 2746 etiam
2819 2693 3053 2746 tertium
3073 2692 3284 2747 librum
3314 2693 3482 2744 Verba
3510 2693 3609 2743 Sen
3618 2694 3697 2743 io-

2092 2801 2220 2835 rum
2244 2786 2583 2850 inscriptum
2608 2789 2666 2837 et
2694 2785 2752 2837 in
2775 2785 3057 2836 sectiones
3080 2782 3185 2839 220
3208 2783 3459 2835 divisum
3476 2821 3490 2846 ,
3520 2783 3696 2847 cujus

2092 2875 2365 2940 prolegus
2380 2876 2489 2939 fere
2512 2874 2783 2924 mundum
2808 2875 2928 2939 quis
2946 2873 3142 2923 dubitet
3164 2874 3370 2923 meritis
3394 2878 3533 2922 stare
3556 2887 3697 2923 san-

2096 2968 2320 3027 ctorum,
2338 2964 2539 3016 Rufino
2557 2965 2784 3017 deferre.
2804 2962 3194 3029 Cujusjudicii
3210 2961 3300 3014 sui
3318 2974 3552 3015 causam
3571 2966 3695 3014 tam

2098 3053 2427 3106 universam
2470 3055 2601 3119 styli
2630 3054 3087 3118 similitudinem,
3124 3064 3298 3117 quam
3328 3050 3696 3117 singulorum

2100 3144 2159 3194 in
2188 3144 2493 3210 utriusque
2522 3145 2649 3197 libri
2678 3146 2909 3209 prologo
2937 3143 3193 3195 locorum
3230 3141 3693 3195 convenientiam

2025 3271 2075 3346 Ο
2104 3236 2423 3299 pratendit,
2450 3249 2581 3300 qua
2596 3234 2871 3300 posterior
2884 3240 3080 3287 tamen
3099 3233 3194 3284 vix
3211 3231 3565 3284 admittenda
3577 3232 3692 3285 erit

2103 3325 2196 3346 --.Ι
2245 3324 2531 3346 ιιι--....,.--....
2566 3325 2753 3346 _..u.--
2793 3329 3080 3346 -.--s.......~.
3123 3322 3313 3346 n..n..:
3346 3322 3690 3346 ἒ-νιζιηιΑ-Ασνι

2102 3325 2201 3378 sed
2242 3324 2537 3377 diversum
2566 3325 2755 3390 potius
2791 3329 3086 3377 auctorem
3123 3322 3317 3374 Rufini
3346 3322 3695 3374 imitatorem

2093 3415 2330 3480 prodere
2353 3415 2596 3467 videtur.
2625 3416 2690 3466 In
2716 3413 3148 3479 prolegomenis,
3166 3417 3231 3465 ut
3263 3424 3436 3477 supra
3454 3412 3572 3476 jam
3597 3412 3695 3463 in-

2092 3506 2435 3569 dicavimus,
2463 3504 2652 3557 fusius
2677 3504 2749 3555 de
2776 3503 2909 3555 fatis
2931 3502 3192 3556 omnium
3224 3502 3431 3554 horum
3450 3502 3698 3566 scripto-

2091 3610 2220 3650 rum
2238 3597 2307 3649 de
2325 3597 2472 3648 Vitis
2489 3596 2721 3648 Patrum
2737 3599 2794 3646 et
2809 3594 2998 3646 Ruﬁni
3024 3593 3188 3646 libris
3204 3593 3474 3656 disputat.
3492 3591 3701 3656 Singu-

2091 3686 2161 3738 lis
2188 3686 2348 3738 libris
2362 3690 2531 3737 notas
2547 3684 2698 3736 haud
2728 3683 2980 3749 vulgaris
3008 3682 3344 3735 eruditionis
3361 3679 3697 3745 plurimum-

2092 3788 2205 3840 que
2220 3775 2447 3827 criticas
2463 3773 2691 3838 adjecit.

2156 3863 2313 3919 1617.
2339 3862 2596 3928 Lugduni
2628 3901 2643 3915 .
2688 3899 2702 3914 .
2746 3901 2760 3914 .
2802 3899 2815 3914 .
2845 3862 2992 3914 in-tb.
3030 3861 3181 3914 Vita
3208 3862 3467 3922 Patrum;
3495 3859 3690 3914 studio

2092 3954 2372 4007 Heriberti
2397 3952 2716 4017 Rosweydi.
2743 3952 3024 4018 Repetitio
3056 3951 3480 4016 Antuerpiana.

2154 4042 2311 4099 1628.
2339 4043 2669 4107 Antuerpia,
2709 4058 2776 4092 ea:
2806 4040 2897 4106 off.
2925 4041 3127 4105 Plant,
3170 4040 3211 4093 το
3242 4042 3394 4094 Vita
3425 4042 3688 4105 Patrum;

2095 4134 2287 4186 studio
2302 4132 2495 4183 Herib.
2524 4131 2845 4196 Rosweydi,
2871 4130 3043 4184 editio
3066 4129 3321 4185 secunda
3337 4130 3492 4184 varie
3520 4134 3691 4183 aucta

2094 4228 2151 4275 et
2165 4222 2466 4275 illustrata.

2158 4312 2351 4365 Rufini
2378 4312 2523 4365 liber
2554 4311 2775 4377 primus
2798 4323 2833 4363 a
2857 4323 2915 4377 p.
2942 4310 3174 4367 445-491
3209 4311 3567 4378 extenditur;
3599 4324 3695 4365 se-

2094 4403 2343 4467 cundus,
2366 4402 2463 4467 qui
2488 4402 2567 4455 ibi
2586 4402 2787 4455 tertius
2816 4403 2921 4464 est,
2952 4414 3056 4467 ap.
3085 4400 3344 4457 492-535.

2168 4494 2456 4545 Versiones.
2477 4495 2694 4545 Mature
2709 4493 2770 4544 in
2794 4493 3054 4545 Gracam
3077 4492 3337 4557 linguam
3366 4490 3691 4544 traductam

2093 4596 2219 4636 esse
2235 4585 2543 4637 Historiam
2562 4584 2929 4645 eremiticam,
2941 4583 3096 4636 haud
3111 4584 3321 4635 temere
3335 4580 3692 4634 Fontaninus

2092 4675 2360 4728 asseruit.
2379 4677 2582 4727 Exstat
2599 4674 2754 4726 enim
2782 4673 3114 4726 etiamnunc
3128 4673 3188 4724 in
3204 4670 3529 4736 mss.'_codd.
3549 4683 3694 4735 pura

2092 4770 2232 4832 puta
2246 4766 2373 4818 hac
2393 4764 2598 4827 versio,
2614 4777 2649 4815 a
2664 4763 2896 4816 Palladii
2923 4763 3176 4815 Historia
3204 4762 3481 4814 Lausiaca
3516 4759 3693 4826 plane

2100 4856 2328 4908 diversa
2354 4855 2461 4907 sub
2478 4854 2810 4919 Hieronymi
2834 4853 3090 4905 nomine.
3112 4851 3306 4904 Talem
3332 4851 3393 4903 in
3422 4849 3688 4903 Biblioth.

2089 4944 2432 4997 Coisliniana
2468 4956 2528 4995 se
2569 4942 3016 5007 deprehendisse
3058 4940 3285 4994 notavit
3319 4938 3690 4992 Montefalco-

2089 5034 2239 5096 nius,
2253 5047 2308 5100 p.
2328 5031 2450 5096 198,
2466 5033 2575 5085 sub
2591 5031 2757 5085 titulo
2768 5033 3019 5082 Historia
3030 5030 3427 5080 monachorum
3444 5028 3689 5094 .Egypti,

2092 5125 2260 5189 cujus
2303 5136 2504 5176 verum
2543 5128 2834 5176 auctorem
2868 5122 2961 5175 ille
3002 5120 3237 5186 quidem
3270 5120 3590 5185 ignorabat,
3623 5124 3690 5171 ut

2089 5218 2223 5267 ante
2271 5226 2405 5266 eum
2446 5215 2611 5267 Joan.
2660 5211 2958 5274 Meursius,
3003 5209 3193 5275 quiin
3239 5209 3567 5274 praratione
3598 5207 3690 5263 ad.

2092 5303 2322 5355 Palladii
2336 5303 2647 5355 Historiam
2660 5301 3015 5363 Lausiacam,
3029 5312 3200 5364 quam
3214 5311 3398 5364 grace
3408 5297 3686 5362 vulgavit,

2088 5406 2267 5458 penes
2282 5407 2344 5447 se
2371 5393 2579 5445 librum
2604 5404 2732 5445 esse
2760 5391 2947 5455 inquit
2977 5390 3044 5440 de
3060 5390 3180 5439 vitis
3213 5391 3447 5440 Parrum
3464 5387 3690 5451 Egypti

2093 5498 2128 5538 a
2166 5488 2365 5537 nostro
2393 5482 2545 5535 haud
2575 5482 2755 5534 dubte
2785 5491 3154 5544 nequaquam
3191 5478 3504 5530 diversum.
3543 5475 3688 5538 Quid

2093 5574 2248 5639 quod
2264 5573 2575 5626 Cotelerius
2597 5572 2737 5623 adeo
2752 5571 2810 5621 in
2826 5570 3073 5621 Monum.
3106 5580 3299 5633 grac,
3320 5570 3358 5617 t.
3380 5568 3450 5616 lit
3462 5606 3472 5619 ,
3492 5579 3544 5630 ρ.
3571 5565 3686 5627 171,

2091 5663 2479 5731 praefationem
2496 5667 2553 5715 et
2576 5664 2795 5726 partem
2811 5660 2987 5725 hujus
3005 5658 3286 5712 versionis
3298 5670 3370 5708 ex
3389 5655 3683 5707 codicibus

2095 5753 2501 5807 Colbertiniset
2538 5752 2726 5817 regiis,
2762 5763 2909 5815 quos
2943 5748 3142 5802 laudat
3172 5760 3223 5812 p.
3259 5745 3384 5809 564,
3417 5744 3677 5807 ediderit,

2096 5845 2194 5897 ubi
2218 5844 2277 5897 in
2292 5843 2416 5896 cod.
2446 5841 2766 5895 Colbertino
2791 5838 2929 5896 1233
2948 5837 3135 5892 Ruﬁni
3167 5836 3481 5889 Historiam
3497 5835 3689 5887 Crace
