3902 6398
465 307 535 369 35

1463 301 1769 357 RUFINUS
1803 300 2294 367 AQUILEI'ENSIS
2327 298 2759 354 PRESBYTER.

3689 300 3762 359 36

469 409 622 478 quod
645 404 932 462 Cameraci
962 406 1054 457 est
1073 401 1194 455 ord.
1225 402 1281 455 S.
1302 402 1530 466 Bened.,
1558 402 1602 455 f°
1628 403 1959 455 chartaceus
1976 414 2064 455 re-
2078 404 2137 479 Α
2162 406 2365 454 auctor
2380 400 2583 453 saltem
2604 400 2857 452 Jacobus
2877 400 3061 452 Faber
3082 399 3457 466 Stapulensis.
3479 401 3767 453 Caeterum

471 501 725 555 centiore
740 508 937 550 manu.
966 492 1157 547 Ruﬁni
1180 490 1320 544 liber
1342 491 1587 546 Palladio
1612 493 1882 546 tribuitur
1910 495 1967 546 et
1988 494 2062 546 ab
2110 486 2113 489 ’

472 590 825 652 Hieronymo
841 585 1035 637 Graece
1049 594 1255 635 versus
1278 580 1500 633 dicitur.

537 714 612 767 M.
654 712 709 765 S.
746 708 992 777 Sepulcri
1018 706 1220 771 Major,
1248 705 1399 761 in-i'
1425 705 1484 757 in
1516 706 1870 771 membrana,
1887 718 2067 759 manu

475 802 707 857 recenti.
733 801 966 853 Librum
988 797 1182 851 Ruﬁni
1200 797 1547 861 Hieronymo
1562 796 1777 849 tribuit.

536 920 643 972 Ms.
704 915 1207 969 Carlhusianorum
1266 912 1461 964 Mariae
1519 911 1592 965 de
1642 912 1836 965 Gratia
1892 924 2067 979 prope

477 1007 791 1069 Bruxellas,
809 1005 851 1058 τ’
873 1005 933 1058 in
946 1004 1305 1067 membrana,
1331 1001 1578 1067 scriptus
1599 1014 1691 1056 an.
1722 1001 1883 1058 1460.

535 1126 636 1178 Ms.
678 1120 1161 1175 Rurmmundanus
1189 1132 1261 1172 ex
1284 1117 1521 1183 collegio
1552 1131 1668 1172 soc.
1700 1120 1733 1172 J
1739 1133 1842 1172 esu
1864 1121 2062 1172 Rura:-

476 1214 732 1279 mundm,
752 1212 794 1265 f°
827 1212 887 1265 in
914 1210 1247 1265 membrana
1274 1221 1347 1262 ex
1374 1208 1460 1261 ed.
1499 1208 1683 1275 prima
1705 1209 1935 1264 videtur
1967 1221 2070 1263 ex-

480 1304 749 1371 scriptus.

542 1419 626 1471 Ms
651 1417 874 1469 Sionius
900 1415 1234 1469 monasterii
1262 1414 1657 1480 religiosorum
1687 1414 1758 1467 de
1786 1415 1919 1468 Sion
1949 1414 2070 1469 ord.

482 1511 538 1564 S.
563 1507 875 1574 Augustini
914 1505 1183 1571 Cortraci,
1212 1504 1254 1557 τ’
1292 1505 1629 1557 chartaceus
1680 1505 1928 1571 scriptus
1975 1518 2070 1559 an.

483 1597 637 1659 H69,
654 1595 810 1650 haud
822 1595 994 1648 dubie
1006 1595 1081 1647 ad
1103 1594 1193 1647 ed.
1217 1594 1479 1661 primam.

482 1717 578 1769 III.
596 1713 788 1766 Basilii
810 1712 1002 1778 Magni
1030 1711 1233 1777 Regula
1261 1724 1363 1764 seu
1378 1711 1632 1762 Instilula
1654 1713 2070 1765 monachorum.

2161 491 2257 545 hic
2277 505 2506 557 quoque
2541 491 2803 542 Ursarius
2840 503 2941 557 pro
2985 491 3239 541 Ursacius
3264 491 3624 558 exscriptum
3652 496 3766 546 est.

2162 582 2423 648 Repetita
2446 584 2556 646 est,
2575 582 2623 633 si
2644 580 2782 645 quid
2806 580 3024 645 judico,
3041 580 3169 633 haec
3192 580 3385 647 editio,
3402 593 3557 634 anno

2228 698 2386 755 1531.
2415 698 2663 759 Coloniae,
2682 699 2839 763 apud
2860 698 3232 764 Eucharium,
3266 698 3327 762 f',
3346 711 3525 765 quam
3556 700 3774 752 Fonta-

2165 789 2344 844 ninus
2358 789 2579 842 laudat.

2229 905 2387 963 1575.
2418 906 2669 968 Colonia,
2712 905 2865 971 apud
2897 906 3201 957 Geminum
3231 906 3533 970 Calenium,
3566 906 3628 959 f'.
3663 909 3775 960 Ea-

2168 997 2297 1050 dem
2312 996 2548 1061 Regula,
2575 996 2819 1047 accessit
2835 995 3055 1061 Regula
3073 996 3261 1049 sancti
3277 997 3592 1061 Benedicti,
3606 998 3775 1050 Com-

2167 1084 2445 1141 mentario
2468 1085 2768 1137 illustratus
2783 1098 2883 1149 per
2904 1086 3188 1137 Joannem
3205 1085 3556 1139 cardinalem
3577 1098 3612 1138 a
3629 1087 3777 1138 Tur.

2170 1180 2499 1238 recremata,
2516 1186 2571 1239 p.
2589 1170 2713 1227 537.

2170 1296 2318 1347 Vera
2338 1306 2403 1345 ac
2425 1303 2700 1358 germana
2716 1301 2835 1355 prie
2874 1289 3100 1342 castoris
3130 1289 3325 1341 Rufini
3361 1288 3771 1354 interpretatio

2169 1385 2433 1442 creditur,
2445 1395 2576 1447 quas
2591 1380 2858 1434 laudatur
2878 1380 2940 1432 in
2955 1380 3266 1432 Concordia
3282 1381 3571 1433 Benedicti
3586 1380 3769 1432 Ania-

2172 1471 2572 1536 nensis,cujus
2601 1470 2782 1521 codici
2804 1468 3153 1534 Regularum
3184 1481 3444 1520 seorsum
3476 1468 3775 1521 inseritur.

2172 1565 2317 1617 Hinc
2326 1562 2397 1614 ad
2409 1562 2771 1612 membranas
2784 1558 3167 1622 Colonienses,
3181 1558 3317 1610 olim
3328 1571 3402 1610 ex
3412 1558 3775 1624 autographo

2170 1655 2350 1708 sancti
2368 1652 2603 1704 Μαι·ίωὶ
2621 1649 2974 1701 Trevirensis
2991 1648 3326 1712 descriptas,
3343 1650 3438 1700 ubi
3458 1648 3774 1700 Ruﬁniana

2170 1744 2387 1810 Regula
2401 1742 2581 1807 primo
2595 1740 2719 1791 loco
2735 1739 3044 1802 legebatur,
3056 1737 3130 1789 ad
3146 1737 3423 1789 amussim
3435 1749 3778 1803 expressam

546 1832 687 1885 Haec
697 1828 891 1883 Ruﬁni
913 1828 1117 1890 versio,
1135 1832 1201 1881 ut
1222 1828 1294 1880 ab
1305 1828 1427 1892 ipso
1443 1828 1578 1880 olim
1595 1827 1654 1879 in
1669 1827 1830 1880 Italia
1840 1828 2076 1894 vulgata
2097 1875 2150 1898 η
2178 1832 2472 1898 evulgavit
2487 1832 2672 1882 Lucas
2688 1827 3021 1879 Holstenius
3037 1839 3191 1879 anno

486 1875 2152 1983 erat,sanctiBenedictizevovulgoRegulasanctiBasiliiB
2179 1875 2407 2006 “16:51.
2451 1947 2650 2009 Romae,
2685 1959 2777 2009 ap.
2844 1942 3069 1993 νειαιεηι
3119 1942 3490 2007 Muscardum,
3527 1942 3691 2008 mw,
3721 1944 3784 1996 in

487 2009 777 2074 audiebat,
815 2012 988 2072 atque
1018 2010 1162 2061 tunc
1200 2008 1470 2072 temporis
1503 2011 1562 2060 et
1603 2008 1666 2059 in
1703 2007 2084 2071 sequentibus

491 2098 726 2152 saeculis
766 2097 1052 2162 frequenti
1093 2096 1331 2149 lectione
1365 2109 1464 2161 per
1501 2097 1848 2148 monasteria
1885 2109 2085 2149 versa-

487 2189 671 2241 batur.
695 2188 772 2240 At
786 2186 1198 2240 recentioribus
1215 2198 1251 2238 a
1281 2185 1656 2251 typographia
1683 2186 1921 2239 inventa
1936 2188 2086 2238 tem-

486 2277 722 2344 poribus
737 2289 854 2329 non
876 2275 1187 2329 admodum
1206 2275 1354 2341 typis
1368 2275 1723 2340 frequentata
1735 2280 1840 2328 est.
1860 2275 2085 2327 Primus

487 2380 614 2420 eam
633 2366 899 2431 vulgavit
913 2368 1166 2419 Joannes
1182 2365 1524 2418 Franciscus
1548 2366 1865 2429 Brixianus,
1884 2378 2087 2419 mona-

487 2449 633 2501 chus
656 2446 1112 2513 congregationis
1128 2450 1345 2499 sanctse
1366 2448 1397 2498 J
1407 2446 1632 2511 ustinaa,
1647 2458 1801 2501 anno

555 2562 717 2620 1500.
755 2563 998 2625 Veneliis,
1016 2563 1165 2627 apud
1179 2563 1382 2612 Lucam
1396 2561 1700 2612 Antonium
1719 2562 1968 2625 Junlam,
1994 2562 2087 2615 in-

494 2652 568 2716 4ο,
592 2654 653 2705 in
683 2653 828 2706 libro
851 2652 945 2704 cui
972 2650 1198 2704 titulus:
1232 2651 1476 2710 Quatuor
1498 2652 1749 2717 primum
1778 2651 2086 2717 approbata:

496 2742 762 2809 religiosis
818 2741 1116 2808 quibusque
1156 2740 1371 2792 vivendi
1413 2741 1679 2807 formulis.
1727 2744 1868 2795 Hmc
1911 2741 2087 2795 editio

497 2836 703 2900 postea
725 2836 999 2886 renovata
1020 2836 1109 2885 BSt
1120 2844 1274 2885 anno

559 2946 717 3005 1519.
764 2946 1016 3009 Parisiis,
1058 2947 1209 3012 apud
1250 2947 1410 2998 Joan.
1459 2947 1614 3011 Petit,
1659 2947 1826 3011 in-Ao,
1858 2948 1956 3001 ubi
2006 2953 2092 3001 ta.

497 3050 651 3101 men,
669 3040 737 3090 ut
755 3037 1110 3090 Fontaninus
1124 3037 1410 3097 observat,
1429 3037 1527 3102 qui
1550 3037 1612 3089 in
1633 3037 1927 3090 codicibus
1942 3051 2086 3090 mss.

497 3132 589 3182 est
627 3127 863 3190 Urseius,
887 3126 1165 3179 mendose
1192 3126 1509 3192 appellatur
1543 3127 1817 3191 Ursarius,
1848 3127 2090 3183 fortasse

506 3210 758 3261 Ursacius
796 3208 1093 3261 dicendus.
1119 3208 1437 3260 Monachus
1466 3209 1770 3261 Brixianus
1796 3209 2094 3264 adnotavit
2110 3236 2159 3312 C

506 3290 556 3312 ι...
584 3289 860 3312 ηειηιαησιιι
885 3288 1135 3312 una-“lam
1169 3287 1224 3312 ὃ..
1255 3301 1357 3312 κηιι
1385 3289 1536 3312 ειη-ιιι.
1562 3289 1709 3312 οισι-..³
1731 3291 1955 3312 nm---
1981 3303 2067 3312 Α...

501 3290 562 3343 in
584 3290 696 3341 ﬁne
710 3289 862 3341 hanc
885 3288 1140 3353 regulam
1168 3287 1229 3340 in
1255 3301 1359 3341 suo
1384 3289 1538 3341 fonte
1560 3289 1713 3354 apud
1730 3291 1958 3341 Graecos
1979 3303 2094 3343 am-

502 3379 735 3445 pliorem
758 3382 818 3431 et
844 3377 905 3430 in
934 3376 1132 3430 ordine
1161 3378 1575 3430 accuratiorem
1600 3377 1819 3443 haberi,
1852 3392 2102 3444 eamque

507 3481 569 3521 se
584 3483 707 3519 cum
723 3468 851 3519 aliis
871 3466 1106 3532 ejusdem
1128 3467 1326 3518 Basilii
1341 3468 1564 3518 diversis
1576 3468 1886 3518 tractatibus
1905 3470 2102 3533 Ruﬁno

504 3558 809 3624 interprete
836 3557 1164 3624 propediem
1189 3557 1410 3610 Latinis
1437 3557 1786 3610 donaturum
1806 3567 1843 3611 ⁸.
1869 3558 1959 3611 Ad
1981 3572 2104 3612 ma-e

504 3660 618 3701 nus
632 3652 861 3700 nostras
880 3649 966 3701 est
989 3647 1160 3700 editio
1180 3659 1417 3713 operum
1455 3647 1646 3699 Basilii
1675 3647 1867 3712 Magni
1902 3649 2106 3701 Latina

506 3751 577 3791 ex
591 3737 1152 3804 interpretationibus
1175 3738 1342 3789 Joan.
1361 3737 1726 3803 Argyropuli,
1757 3740 1889 3791 Geo.
1906 3739 2106 3804 Trape-

507 3826 688 3879 zuntii
712 3828 770 3879 et
804 3825 1111 3891 Raphaelis
1140 3824 1522 3891 Volaterrani,
1538 3837 1693 3879 anno

564 3914 726 3971 1523.
782 3916 1039 3981 Parisiis,
1088 3915 1242 3980 apud
1287 3915 1413 3967 Jod.
1451 3915 1589 3967 Bad.
1630 3914 2103 3981 Ascens.,in-fol.,

514 4009 725 4069 parata,
750 4005 810 4058 in
826 4018 940 4071 qua
958 4005 1178 4072 Regula
1200 4005 1271 4058 de
1302 4004 1663 4058 institutione
1689 4006 2105 4059 monachorum

512 4096 719 4150 Ruﬁno
735 4096 1042 4163 interprete
1064 4109 1100 4149 a
1121 4096 1256 4149 folio
1273 4094 1376 4151 156
1402 4108 1590 4161 usque
1604 4096 1666 4149 in
1686 4095 1861 4149 ﬁnem
1875 4096 2101 4162 legitur.

514 4185 632 4239 Fel.
666 4184 769 4240 155
798 4188 1060 4259 extremo
1085 4185 1343 4252 prafatio
1382 4185 1577 4240 Ruﬁni
1611 4185 1671 4237 in
1713 4198 1859 4252 opus
1891 4186 2104 4252 ipsum,

515 4275 668 4341 quod
691 4276 976 4342 capitibus
1001 4281 1234 4329 centum
1252 4277 1499 4341 constat,
1511 4275 1737 4341 legitur.
1751 4278 1815 4328 In
1830 4276 1943 4329 ﬁne
1955 4290 2106 4342 prte-

514 4366 768 4419 cedentis
811 4367 1075 4433 opusculi
1115 4366 1542 4431 subscriptum:
1572 4366 1726 4417 Finis
1774 4382 2021 4451 operum
2036 4368 2102 4419 D.

516 4456 716 4507 Basilii
752 4456 825 4509 M.
843 4470 944 4522 per
965 4458 1031 4509 R.
1049 4454 1487 4510 Volaterranum
1507 4456 1900 4509 iraduclorum.
1918 4457 2106 4522 Sequi-

519 4551 610 4596 tur
631 4546 841 4611 Regula
865 4548 922 4600 et
949 4547 1216 4611 quaedam
1238 4546 1348 4600 alia
1374 4558 1473 4612 per
1502 4545 1776 4599 Ruﬁnum
1805 4548 2098 4601 translata.
2120 4523 2179 4597 D

519 4635 761 4695 Quorum
782 4634 988 4686 similia
1014 4636 1122 4701 fere
1138 4637 1200 4686 in
1219 4637 1585 4703 superioribus
1604 4639 1871 4690 habentur
1887 4653 2119 4704 opuscu-

520 4723 604 4777 lis.
622 4724 685 4777 Id
702 4737 817 4790 quo
833 4725 908 4778 sit
921 4726 1278 4779 referendum
1301 4740 1420 4781 non
1435 4729 1618 4794 video,
1633 4742 1767 4782 cum
1789 4729 1851 4781 in
1865 4729 1988 4795 ipso
2006 4727 2117 4781 hoc

522 4813 800 4880 opusculo
813 4819 997 4868 totum
1011 4815 1284 4870 volumen
1298 4816 1534 4885 desinit;
1548 4820 1663 4872 nisi
1675 4819 1815 4872 forte
1829 4831 1901 4871 ex
1916 4818 2119 4871 ultima

484 4890 491 4899 ’
526 4904 950 4971 subscriptione
966 4905 1221 4960 divinare
1241 4908 1459 4972 aliquid
1488 4909 1724 4974 audeas,
1749 4921 1883 4975 quas
1922 4908 2006 4960 sic
2031 4920 2119 4961 so-

524 4999 657 5047 nat:
676 4994 956 5061 Explicitm
968 5001 1095 5047 sunt
1126 4997 1489 5050 Institutiones
1522 5000 1919 5051 monachorum
1946 4997 2120 5049 sancti

529 5082 727 5135 Basilii
751 5085 825 5135 Μ.
847 5085 1192 5138 Caesariensis
1216 5088 1466 5155 episcopi.
1486 5090 1602 5143 Sub
1620 5089 1786 5154 cujus
1802 5089 1997 5154 regula
2019 5088 2122 5140 mi-

524 5172 697 5229 litant
711 5186 911 5228 omnes
930 5177 1197 5230 monachi
1212 5178 1528 5232 Orientales
1552 5183 1608 5232 et
1630 5180 1690 5231 in
1705 5179 1844 5231 Asia
1866 5178 2041 5230 ferme
2065 5180 2124 5230 et

529 5257 748 5319 Gracia
777 5268 836 5318 et
865 5264 1001 5320 olim
1030 5267 1203 5320 etiam
1233 5267 1571 5332 Carmelitaa,
1611 5274 1678 5322 ut
1706 5272 1765 5321 et
1799 5280 1974 5331 nunc,
2005 5279 2122 5320 non

531 5361 670 5409 sane
695 5355 898 5410 multis
922 5358 1183 5411 mutatis.
1200 5358 1446 5424 Epistola
1461 5359 1534 5409 ad
1558 5360 1620 5410 Β.
1654 5358 1974 5420 Gregorium
2007 5356 2124 5408 Na-

532 5445 851 5497 ‘sianzenum
880 5448 1042 5513 prius
1084 5449 1228 5500 inter
1263 5448 1529 5499 translata
1560 5447 1626 5498 ab
1663 5449 1725 5501 R.
1779 5447 2126 5500 Volaterrana

534 5537 713 5602 perita
736 5544 825 5589 est.
855 5564 919 5579 ι-
932 5541 1019 5593 Ita
1033 5552 1169 5594 vero
1180 5543 1240 5593 et
1253 5539 1403 5592 hanc
1423 5538 1743 5593 Ruﬁnianus
1760 5540 2129 5594 translatione

530 5625 1161 5703 debedexﬁstimaverit
1184 5633 1404 5698 oportet
1437 5630 1625 5684 editor
1650 5631 1746 5687 vel
1767 5630 2125 5688 edendorum

584 5773 855 5829 'Fontan.
879 5774 979 5830 lib.
1005 5789 1059 5842 v,
1085 5788 1206 5842 cap.
1233 5773 1495 5843 1,1).207.

2186 2041 2433 2096 editione
2448 2037 2661 2090 codicis
2675 2035 3023 2099 Regularum
3043 2046 3191 2097 quas
3224 2036 3319 2086 SS.
3355 2036 3548 2087 Patres
3574 2048 3788 2088 mona-

2185 2132 2304 2185 chis
2337 2134 2394 2182 et
2437 2127 2755 2193 virginibus
2791 2123 3324 2176 sanctimonialibus
3352 2124 3783 2190 praascﬁpsere.

2185 2220 2428 2273 Collecta
2441 2218 2578 2271 olim
2599 2230 2635 2268 a
2658 2217 2859 2267 sancto
2892 2214 3200 2266 Benedicto
3225 2215 3546 2267 Anianensi
3570 2215 3785 2267 abbate

2185 2315 2344 2377 parte
2369 2309 2570 2374 prima.

2250 2429 2337 2479 Ex
2371 2422 2721 2477 membranis
2754 2419 3198 2484 Coloniensibus_
3220 2420 3600 2485 descripserat
3624 2425 3687 2473 et
3715 2422 3788 2473 ad

2187 2518 2401 2569 Lucam
2416 2512 2778 2566 Holstenium
2793 2509 3062 2563 editionis
3079 2522 3255 2561 causa
3277 2512 3511 2561 miserat
3523 2522 3601 2560 an
3622 2508 3787 2571 1643,

2188 2605 2399 2657 Fabius
2427 2603 2662 2666 Chigius
2688 2598 3076 2652 Neritinorum
3118 2603 3255 2649 tunc
3295 2599 3600 2663 episcopus
3628 2599 3792 2651 sedis

2188 2693 2517 2761 apostolicae
2544 2691 2698 2757 apud
2724 2691 2898 2742 Ubios
2928 2688 3366 2752 Apocrisiarius,
3395 2692 3597 2752 postea
3627 2700 3794 2740 sum-

2189 2796 2322 2837 mus
2344 2781 2604 2848 pontiiex
2632 2778 2940 2832 Alexandri
2972 2777 3073 2827 VII
3095 2779 3348 2828 nomine.
3371 2777 3508 2829 Mox

2252 2899 2499 2959 Parisiis,
2542 2912 2632 2961 ap.
2673 2895 3007 2946 Ludovicum
3059 2894 3313 2954 Billaine,
3363 2891 3528 2946 in-4'.
3576 2891 3795 2945 Eadem

2191 2990 2363 3043 editio
2377 2988 2614 3053 repetita
2629 2992 2717 3039 est
2732 2991 2789 3039 et
2818 2998 3003 3051 nuper
3021 2984 3335 3038 admodum
3349 2995 3504 3035 anno

2254 3105 2674 3169 1759.Augusl:e
2698 3104 3113 3167 Vindelicorum,
3143 3116 3321 3166 sump.
3347 3099 3548 3165 Ignalii
3580 3097 3799 3150 Adami

2191 3204 2236 3247 el
2252 3196 2582 3247 Franc.Ant.
2611 3193 2781 3259 Veith,
2809 3194 2873 3258 fo,
2889 3206 3021 3245 cum
3046 3192 3250 3244 eodem
3264 3190 3460 3243 codice
3481 3201 3517 3240 a.
3540 3189 3802 3243 Mariano

2204 3288 2437 3341 Brockie
2452 3285 2651 3339 multis
2674 3285 3111 3337 accessionibus
3142 3287 3332 3345 aucto,
3362 3279 3709 3347 ampliﬁcato
3746 3283 3806 3332 et

2198 3379 2257 3430 in
2274 3392 2376 3430 sex
2402 3384 2587 3429 tomos
2608 3376 2814 3427 diviso.
2835 3376 3012 3426 Tomo
3028 3376 3069 3437 Ι,
3090 3376 3253 3439 parte
3270 3372 3474 3438 prima,
3491 3383 3545 3436 p.
3566 3369 3802 3433 67-108,

2201 3471 2326 3522 hac
2342 3468 2530 3520 Basilii
2550 3465 2768 3532 Regula
2782 3477 2985 3517 recusa
3001 3467 3107 3516 est.

2264 3580 2542 3629 Praeterea
2568 3575 2639 3627 de
2661 3573 2915 3638 quodam
2944 3571 3181 3625 consilio
3211 3568 3455 3623 edenda
3484 3567 3659 3633 hujus
3696 3569 3805 3622 Re-

2200 3667 2354 3733 gulae
2386 3666 2711 3718 Ruﬁnianus
2744 3676 2855 3715 una
2881 3675 3015 3715 cum
3051 3660 3180 3713 aliis
3219 3660 3479 3726 ejusdem
3513 3658 3806 3723 operibus,

2200 3759 2361 3811 initio
2375 3756 2572 3809 saeculi
2585 3766 2714 3806 xvu
2728 3755 2923 3805 nescio
2940 3754 3153 3817 quibus
3163 3750 3499 3803 auctoribus
3512 3752 3808 3814 suscepto,

2203 3850 2304 3903 sed
2320 3849 2476 3913 quod
2492 3847 2713 3899 exitum
2730 3859 2849 3899 non
2863 3847 3080 3910 habuit,
3099 3844 3456 3897 Fontaninus
3471 3842 3532 3894 in
3545 3839 3812 3893 medium

2201 3940 2411 4006 profert
2441 3938 2620 3992 verba
2650 3937 2959 4000 sequentia
2973 3933 3328 4000 praefationis
3339 3934 3401 3984 in
3418 3932 3602 3997 Opera
3617 3931 3812 3983 sancti

2202 4030 2397 4084 Basilii
2434 4032 2527 4082 Gr.
2561 4031 2687 4081 Lat.
2731 4028 2969 4080 Parisiis
3005 4025 3159 4092 apud
3189 4025 3360 4078 Mich.
3398 4022 3674 4077 Sonnium
3710 4034 3810 4075 an.

2202 4122 2339 4178 1617
2356 4119 2577 4173 in-l‘olio
2595 4120 2882 4183 impressa
2913 4132 2971 4168 zu
3002 4118 3211 4168 Exstat
3234 4116 3406 4167 etiam
3428 4113 3814 4166 asceticorum

2202 4213 2481 4265 librorum
2506 4210 2599 4274 epi
2609 4214 2763 4261 tome
2784 4206 2878 4261 vel
2901 4212 3053 4259 certe
3076 4204 3405 4271 regularum
3435 4204 3624 4256 fusius
3643 4215 3819 4267 expo-

2205 4288 2470 4369 sitarum,‘
2510 4315 2687 4367 quam
2733 4303 3042 4355 Latinitate
3067 4300 3307 4352 donavit
3345 4297 3591 4349 Ruﬁnus
3624 4295 3815 4359 Aqui-

2203 4397 2451 4459 leiensis,
2467 4408 2535 4448 ac
2554 4395 2767 4446 librum
2783 4393 2853 4445 de
2879 4391 3167 4445 Institutis
3186 4388 3599 4443 monachorum
3614 4399 3767 4455 appe
3774 4391 3820 4444 1.

2211 4489 2368 4554 lavit,
2380 4499 2559 4551 eaque
2575 4484 2824 4537 Coloniae
2840 4497 2957 4537 una
2966 4496 3100 4536 cum
3117 4480 3341 4535 ceteris
3357 4480 3551 4531 Ruﬁni
3567 4482 3816 4535 seorsim

2214 4580 2431 4645 edetur,
2446 4579 2768 4644 prmsertim
2783 4589 2914 4629 cum
2930 4575 3190 4628 ordinem
3201 4572 3552 4636 Reguiarum
3562 4582 3684 4622 non
3695 4584 3819 4624 ser-

2217 4674 2312 4725 vet
2334 4682 2505 4734 quem
2520 4669 2713 4722 Basilii
2728 4669 2913 4734 Opera
2928 4678 3048 4733 prm
3066 4679 3128 4718 se
3142 4664 3351 4717 ferunt.
3384 4681 3411 4708 ιι
3426 4660 3587 4714 Idem
3614 4662 3819 4714 obser-

2218 4763 2666 4815 vatFrontonem
2678 4762 2956 4812 Ducaum
2968 4756 3197 4820 ibidem,
3216 4760 3371 4806 tomo
3385 4754 3454 4817 ll,
3472 4765 3525 4817 p.
3543 4749 3631 4814 28,
3657 4751 3768 4804 col.
3783 4751 3817 4806 2

2217 4853 2277 4904 in
2286 4851 2516 4903 notisad
2539 4850 2799 4915 Regulam
2820 4847 3000 4913 fusius
3021 4848 3356 4912 dispalatam
3383 4841 3814 4895 emendationes

2217 4943 2435 4994 Latinas
2458 4941 2738 4994 versionis
2756 4938 2944 4991 Ruﬁni
2972 4950 3047 4990 ex
3073 4937 3302 4989 duobus
3322 4945 3464 4985 mss.
3506 4931 3810 4984 codicibus

2220 5031 2482 5085 Puteanis
2522 5030 2848 5081 inseruisse.
2876 5031 3047 5081 Porro
3080 5026 3254 5079 aliam
3288 5023 3482 5077 Basilii
3530 5021 3821 5086 Regulam

2235 5136 2383 5187 esse,
2400 5134 2578 5187 quam
2607 5123 2848 5185 Prosper
2876 5119 3192 5172 Stellartius
3215 5117 3279 5168 in
3300 5116 3447 5169 libro
3479 5113 3575 5166 oui
3604 5113 3822 5166 titulus

2222 5213 2574 5265 Panda-mina
2598 5217 2646 5262 el
2684 5227 2774 5276 reg
2784 5212 2879 5262 ulla
2892 5211 3146 5261 omnium
3160 5209 3441 5270 ordinum,
3469 5205 3625 5259 edito
3642 5204 3823 5256 Duaci

2223 5306 2724 5373 perBalthassarem
2748 5304 3033 5366 Bcllerum,
3045 5314 3137 5355 an.
3152 5300 3310 5356 1626.
3323 5299 3534 5364 in-4°,p.
3552 5296 3824 5361 138,attu-

2224 5411 2305 5463 lit.
2332 5410 2590 5473 Denique
2619 5408 2726 5461 hos
2754 5407 2991 5471 insuper
3020 5409 3079 5457 et
3107 5403 3290 5456 obiter
3318 5401 3556 5466 quidem
3588 5403 3819 5461 codices

2225 5502 2582 5555 Fontaninus
2603 5498 2859 5553 laudavit
2888 5512 2901 5549 :
2939 5497 2994 5552 1ο
3024 5508 3204 5549 unum
3219 5496 3620 5560 pervetustum
3640 5509 3828 5551 mem-

2227 5599 2574 5650 branaceum
2595 5583 2955 5638 bibliotheca
2982 5584 3206 5635 Sanctae
3230 5579 3428 5632 Crucis
3452 5580 3513 5630 in
3547 5579 3823 5635 Hierusa-

2226 5687 2342 5742 lem
2367 5698 2383 5748 ;
2407 5681 2721 5739 2°alterum
2737 5677 3206 5734 vetustissimum
3232 5671 3590 5726 bibliothecas
3620 5672 3820 5727 Sancti

2230 5776 2495 5833 Germani
2508 5773 2751 5837 aPratis,
2763 5771 2825 5826 in
2839 5783 2954 5837 quo
2963 5770 3029 5826 in
3040 5770 3320 5826 dume
3334 5767 3814 5835 interrogationes
