3902 6412
484 313 562 371 39
1188 315 1194 320 ’
1492 307 1800 362 RUFINUS
1834 304 2329 372 AQUILEIENSIS
2362 304 2794 358 PRESBYTER.
3718 300 3796 360 40

501 414 659 464 tium.
695 410 865 463 Liber
892 409 953 462 in
986 410 1323 467 membrana
1361 418 1644 462 annorum
1685 405 1791 462 300
1826 408 1883 460 et
1916 406 2086 471 ultra,
2097 410 2153 485 Α
2190 405 2305 467 bus,
2335 420 2403 455 ea:
2430 404 2661 455 editione
2681 403 2920 455 Joannis
2944 402 3142 455 Straub
3173 407 3219 453 et
3242 403 3507 454 Desiderii
3546 404 3797 455 Erasmi.

498 502 680 557 forma
700 499 987 565 quadrati.

2256 494 2511 559 Denique
2527 493 2598 545 de
2613 493 2913 546 codicibus
2928 492 3121 546 Ruﬁni
3137 492 3501 558 Gregorianis
3515 506 3658 546 mss.
3679 494 3779 546 sin
3792 523 3804 532 -

549 590 827 642 Homilias
858 602 922 641 ιιι
950 589 1011 641 in
1026 588 1241 639 Judices
1254 601 1289 640 a
1317 586 1526 641 Ruﬁno
1548 584 1859 639 translatas
1881 588 1940 638 et
1961 598 2096 638 cum
2191 592 2433 658 gulatim
2455 591 2657 656 paucis
2673 592 2793 656 egit
2811 591 3191 655 Fontaninus,
3208 603 3342 655 qum
3356 596 3611 656 repetere
3630 591 3798 645 haud

483 680 717 748 prologo
739 679 815 732 ad
838 678 1235 744 Apronianum
1259 677 1507 730 directas
1543 676 1677 742 post
1716 673 1937 728 Merlini
1982 675 2093 740 pri-

442 802 449 807 -
487 783 641 824 mam
662 769 974 823 editionem
1004 768 1269 821 Latinam
1307 768 1560 833 Operum
1590 764 1852 830 Origenis
1877 765 2092 842 (Paris.

486 858 642 923 1512)
658 859 917 924 vulgavit
927 857 1292 911 Constantius
1304 856 1649 910 Hierotheus
1665 867 1799 907 cum
1808 852 1935 906 aliis
1950 853 2094 906 Ada-

484 949 685 1004 mantii
706 948 985 1013 Operibus
997 948 1059 1000 in
1078 949 1308 1001 Novum
1322 949 1776 1009 Testamentum,
1788 942 2092 1010 praemissa

481 1038 755 1104 Apologia
774 1037 973 1091 Jacobi
1000 1037 1223 1091 Merlini
1247 1048 1353 1103 pro
1371 1036 1638 1101 Origene,
1668 1032 1918 1098 Venetiis,
1933 1031 2088 1098 apud

483 1129 757 1179 Lazarum
771 1127 1066 1188 Soardum,
1102 1124 1259 1181 1516.
1287 1125 1328 1176 ἵ·
1361 1126 1676 1178 Occurrent
1699 1123 1781 1175 ibi
1822 1127 1955 1188 post
1977 1121 2087 1174 ho-

483 1217 677 1271 milias
703 1217 763 1269 in
784 1217 1004 1270 Lucam
1040 1216 1136 1269 fol.
1174 1214 1261 1280 87,
1297 1216 1643 1278 exstantque
1684 1212 1857 1266 etiam
1891 1212 1953 1264 in
1991 1223 2088 1263 co-

484 1307 609 1361 dice
631 1318 739 1359 ms.
758 1306 1056 1370 Vaticano,
1071 1305 1349 1359 Urbinate
1364 1303 1454 1369 65,
1473 1303 1567 1357 fol.
1586 1301 1675 1366 34,
1692 1314 1747 1369 p.
1766 1301 1818 1356 2.
1837 1303 2082 1354 Fontan.

547 1397 817 1448 Homilias
839 1397 902 1449 in
942 1396 1167 1448 Cantica
1194 1396 1532 1447 canticorum
1561 1394 1764 1444 incerto
1800 1390 2083 1469 interpreti

486 1488 760 1553 ascriptas
780 1489 1033 1539 Joannes
1056 1487 1425 1539 Martianmus
1447 1484 1573 1549 conj
1582 1483 1694 1537 ecit
1720 1483 2014 1535 intomum
2032 1481 2081 1532 V

487 1578 737 1642 Operum
751 1575 1101 1641 Hieronymi,
1112 1588 1168 1640 p.
1186 1574 1310 1630 603.
1330 1575 1397 1625 In
1409 1571 1760 1637 quibusdam
1775 1570 2077 1624 codicibus

486 1667 833 1731 Hieronymo
866 1668 926 1718 et
955 1665 1260 1717 Ambrosio
1286 1664 1636 1716 tribuuntur.
1662 1663 1775 1714 Nec
1798 1663 2077 1713 Erasmus

487 1767 687 1809 verum
734 1756 1028 1807 auctorem
1073 1753 1348 1819 agnovit;
1399 1752 1507 1804 sed
1534 1750 1910 1803 Cassiodorus
1947 1749 2151 1864 Div.B

488 1845 619 1864 1_-a
671 1857 764 1864 --..
815 1848 839 1864 np
897 1843 1162 1864 n--n...-...
1215 1842 1341 1864 0..-};
1384 1842 1748 1864 ι..ιιΑ-..-Λιη“
1800 1843 1851 1864 λι
1891 1839 2075 1864 η-ννιηι

487 1845 641 1898 Lect.
666 1857 788 1910 cap.
813 1848 861 1908 5,
897 1843 1169 1896 Ruﬁnum
1212 1842 1347 1895 facit
1384 1842 1771 1908 interpretem,
1797 1843 1857 1892 et
1890 1839 2082 1893 ﬁrmat

485 1934 667 1988 codex
690 1934 839 1987 Petri
859 1933 1086 1995 Pithmi,
1112 1932 1197 1984 sic
1223 1932 1572 1997 inscriptus:
1603 1930 1801 1994 Incipit
1826 1934 2083 1980 tractatus

489 2024 734 2090 Origenis
756 2024 818 2073 in
844 2023 1068 2075 Cantica
1080 2022 1419 2073 canticorum
1440 2036 1478 2071 a
1498 2022 1698 2085 Ruﬁno
1716 2018 2007 2070 translatus
2022 2018 2084 2067 in

486 2114 767 2167 Latinum.

550 2229 941 2282 Commentarii
979 2229 1040 2279 in
1076 2229 1250 2294 Epist.
1289 2230 1458 2280 Pauli
1503 2230 1577 2280 ad
1620 2230 1923 2284 Romanos.
1965 2234 2084 2285 llos

486 2320 837 2387 Theophilus
860 2318 1202 2372 Salodianus
1226 2320 1442 2372 ordinis
1465 2321 1730 2373 Fratrum
1755 2321 2084 2375 Observan-

485 2412 651 2475 tium,
674 2412 746 2465 de
774 2424 891 2476 quo
919 2412 980 2464 in
1007 2411 1392 2477 scriptoribus
1422 2409 1709 2463 Minorum
1734 2410 1864 2465 silet
1892 2414 2084 2465 Lucas

490 2500 880 2567 Waddingus,
896 2502 959 2553 in
976 2500 1220 2553 fesulani
1241 2500 1573 2553 monasterii
1596 2500 1941 2554 bibliotheca
1956 2502 2085 2554 Hie-

488 2591 713 2655 ronymi
731 2590 1058 2656 interpretis
1079 2589 1313 2642 nomine
1335 2602 1371 2641 a
1392 2602 1455 2642 se
1476 2593 1732 2655 repertos
1762 2590 1915 2643 foras
1939 2590 2080 2644 emi-

488 2679 568 2733 sit
596 2678 841 2741 Venetiis,
866 2678 1019 2744 apud
1042 2678 1321 2728 Simonem
1356 2678 1420 2727 de
1446 2678 1629 2739 Luere,
1664 2677 1822 2743 1506,
1860 2678 1903 2731 Ρ
1931 2693 2084 2733 nun-

489 2769 839 2835 cupavitque
862 2767 1188 2827 Alexandro
1214 2767 1476 2820 Portensi
1496 2767 1772 2832 Vicetino,
1798 2770 2083 2832 equestris

491 2859 613 2912 0rd.
635 2858 776 2913 viro.
814 2858 1061 2911 Recudit
1089 2860 1291 2923 postea
1323 2857 1478 2910 idem
1509 2868 1655 2922 opus
1700 2859 2083 2912 Bernardinus

487 2948 773 3013 Benalius,
799 2946 956 3009 1512,
983 2947 1045 3013 f',
1068 2948 1433 3013 Operumque
1470 2946 1944 3012 Origenianorum
1968 2950 2084 3003 col-

488 3039 715 3093 lectioni
731 3050 856 3092 sum
868 3037 1075 3090 deinde
1090 3037 1334 3090 inseruit
1348 3038 1640 3089 Erasmus.
1656 3039 1959 3103 Prologum
1971 3042 2081 3092 Ru-

486 3130 589 3183 ﬁni
606 3130 679 3182 ad
696 3126 1042 3193 Heracliam,
1067 3128 1488 3193 Hieronymum
1512 3131 1811 3180 auctorem
1834 3129 2076 3182 arbitra-

487 3224 583 3275 tus
592 3222 843 3273 Joannes
856 3219 1228 3272 Martianmus
1242 3218 1485 3272 inseruit
1497 3219 1753 3284 epistolis
1764 3220 1838 3271 ab
1855 3232 1918 3272 se
1928 3233 2080 3274 novo

489 3311 688 3366 ordine
708 3311 947 3377 digestis
970 3315 1128 3363 tomo
1145 3311 1239 3374 IV,
1256 3322 1312 3361 n.
1328 3308 1450 3371 107,
1468 3308 1663 3374 p.808.
1678 3309 1915 3362 Codices
1932 3324 2073 3363 mss.

487 3401 774 3467 quosdam
796 3402 976 3455 obiter
995 3403 1160 3454 notat
1181 3400 1562 3465 Fontaninus,
1586 3412 1642 3464 p.
1672 3397 1798 3454 297.

492 3599 611 3653 VII.
658 3600 902 3666 Gregorii
936 3598 1271 3652 Nazianzeni
1307 3598 1572 3666 opuscula
1604 3598 1778 3649 decem
1812 3613 1850 3648 a
1881 3598 2082 3663 Ruﬁno

1018 3690 1310 3741 Latinitate
1339 3691 1561 3741 donata.

553 3887 682 3955 Ipse
704 3888 950 3942 Ruﬁnus
971 3889 1033 3941 in
1055 3888 1309 3942 Historia
1339 3888 1728 3942 ecclesiastica
1761 3887 1925 3938 denas
1946 3888 2083 3941 Gre-

491 3979 635 4045 gorii
658 3979 1031 4031 oratiunculas
1058 3992 1095 4032 a
1128 3992 1190 4031 se
1213 3992 1521 4032 conversas
1553 3979 1798 4031 notavit.
1824 3980 1943 4030 Has
1971 3979 2084 4044 pri-

488 4083 621 4122 mus
642 4071 896 4123 Joannes
920 4070 1217 4135 Adelphus
1246 4069 1534 4135 Mulingus
1555 4068 1677 4121 luci
1693 4069 1854 4121 dedit
1868 4071 2081 4134 Argen-

488 4159 648 4219 time,
674 4157 833 4221 1008,
856 4159 969 4211 hoc
993 4160 1187 4212 titulo:
1207 4160 1280 4208 Hi
1309 4165 1440 4208 sunt
1454 4159 1517 4208 in
1534 4159 1632 4208 hoc
1658 4159 1832 4208 codice
1864 4158 2024 4207 libelli
2040 4171 2080 4209 Χ

494 4248 745 4312 Gregorii
776 4248 1136 4299 Nazianzeni.
1172 4275 1233 4285 —
1269 4247 1359 4300 Ad
1395 4247 1609 4300 calcem
1637 4261 1651 4298 :
1682 4247 1923 4312 Eccplicit
1952 4247 2083 4297 liber

488 4338 551 4388 Β.
579 4338 824 4402 Gregorii
847 4338 1204 4399 Navianzeni,
1235 4338 1529 4388 translatus
1544 4351 1580 4387 a
1603 4338 1840 4402 quodam
1861 4339 2080 4402 Ruﬁno,

487 4430 777 4494 impressus
792 4429 1110 4492 Argentina
1130 4443 1230 4493 per
1251 4428 1523 4479 Joannem
1558 4426 1896 4478 Knoblouch:
1928 4443 2079 4477 anno

494 4529 713 4572 nnvm.
741 4517 899 4573 ιιι-4ο.
932 4518 1126 4570 Editor
1145 4518 1356 4570 librum
1391 4516 1546 4570 dicat
1580 4518 1822 4581 Georgio
1848 4517 2082 4579 Bohem,

2191 681 2481 747 pceniteat.

2262 770 2508 822 Vaticani
2531 769 2775 833 codices,
2799 782 2857 821 n.
2886 767 3025 824 4259
3050 774 3107 822 et
3144 768 3303 834 5259,
3335 769 3615 824 exhibent
3640 783 3798 837 opu-

2192 859 2420 912 sculum
2445 858 2762 911 secundum
2786 858 2857 911 de
2880 857 3072 909 Natali
3086 859 3332 911 Domini.

2259 946 2489 997 Urbinas
2516 945 2583 1001 72
2609 947 3002 1011 Apotcgeticum
3026 959 3145 999 una
3168 960 3300 999 cum
3337 947 3572 1013 prologo
3611 950 3792 1001 caete-

2188 1034 2378 1100 risque
2404 1032 2694 1099 opusculis
2714 1036 3164 1101 comprehendit,
3188 1049 3308 1089 non
3336 1038 3532 1089 tamen
3568 1035 3641 1089 de
3677 1035 3785 1087 Ni-

2187 1140 2331 1176 cena
2355 1125 2481 1174 Fide
2509 1124 2674 1188 deque
2687 1124 2939 1174 Arianis.

2248 1211 2524 1261 Palatinus
2554 1210 2623 1265 66
2647 1211 3076 1277 Apologeticum
3100 1224 3329 1278 quoque
3366 1225 3500 1265 cum
3523 1212 3786 1279 prologo.

2184 1300 2289 1352 Hic
2311 1298 2535 1353 libellus
2556 1303 2817 1352 servatur
2838 1301 3013 1353 etiam
3034 1300 3096 1355 in
3111 1301 3245 1354 bibl.
3273 1303 3326 1353 S.
3346 1300 3541 1353 Crucis
3556 1301 3616 1353 in
3630 1305 3790 1367 Agro

2186 1390 2515 1442 Sessoriano
2525 1393 2658 1453 post
2672 1390 2924 1454 regulam
2940 1391 3287 1455 pastoralem
3313 1389 3497 1442 sancti
3526 1388 3791 1454 Gregorii

2183 1479 2307 1532 cod.
2335 1478 2458 1544 109,
2482 1484 2539 1531 et
2555 1483 2714 1531 extat
2735 1479 2793 1531 in
2816 1479 2950 1531 bibl.
2968 1478 3276 1533 Bodleiana
3289 1479 3438 1533 inter
3457 1491 3598 1531 mss.
3614 1480 3789 1531 Joan.

2182 1568 2423 1631 Seldeni,
2438 1581 2497 1620 ιι.
2522 1566 2682 1623 3423.

2247 1660 2424 1710 Codex
2450 1658 2808 1723 Norvicensis,
2836 1670 2893 1710 n.
2918 1658 3075 1721 9333,
3108 1663 3321 1712 cmtera
3347 1657 3633 1724 opuscula
3671 1657 3789 1711 sub

2179 1747 2406 1813 Prologo
2425 1748 2498 1800 ad
2519 1748 2909 1812 Apronianum
2937 1748 3358 1814 complectitur.

2246 1838 2424 1888 Codex
2466 1837 2800 1888 Balusianus
2852 1837 3156 1890 Ruﬁniana
3202 1835 3547 1891 Nazianzeni
3598 1835 3789 1901 Opera

2180 1925 2735 1991 complectens(Cat.
2763 1926 2901 1977 Bibl.
2933 1924 3127 1977 Baluz.
3155 1928 3196 1976 t.
3224 1926 3319 1989 III,
3350 1937 3405 1990 p.
3436 1921 3535 1984 24)
3572 1923 3638 1976 in
3666 1926 3788 1976 Re-

2178 2016 2334 2081 giam
2356 2014 2585 2067 transit.

2243 2105 2485 2158 Codicem
2511 2106 2756 2170 Regium,
2787 2117 2847 2158 n.
2872 2103 2997 2167 313,
3027 2104 3091 2155 in
3126 2115 3247 2167 quo
3282 2102 3507 2167 aliquot
3528 2102 3790 2168 Gregorii

2178 2196 2465 2249 orationes
2504 2209 2579 2248 ex
2609 2196 2876 2248 versione
2904 2193 3101 2247 Ruﬁni
3139 2196 3391 2256 exstent,
3428 2193 3699 2247 Labbeus
3722 2194 3788 2244 in

2178 2286 2321 2339 Bibl.
2346 2286 2485 2338 min.
2508 2286 2696 2350 suppl.
2722 2298 2776 2350 p.
2802 2282 2908 2339 274
2932 2285 3152 2337 laudat.

2668 2509 2807 2563 VIII.
2831 2509 2974 2561 Sixti
2993 2510 3295 2561 Sententia.

2238 2708 2631 2758 Enchiridium
2663 2708 2833 2759 etiam
2858 2707 2952 2759 vel
2974 2708 3232 2757 Annutus
3252 2707 3669 2763 inscribuntur.
3692 2711 3780 2763 De

2176 2803 2409 2851 auctore
2422 2796 2659 2849 Sixtinm
2669 2797 2845 2861 hujus
2859 2797 3282 2848 Sententiarum
3293 2796 3673 2863 collectionisj
3682 2812 3780 2851 am

2176 2889 2250 2940 ab
2274 2889 2397 2952 ipsa
2424 2887 2617 2939 Ruﬁni
2634 2890 2804 2939 aetate
2826 2886 3127 2939 contrariis
3150 2886 3518 2951 opinionibus
3540 2888 3775 2953 discep-

2177 2984 2363 3032 tatum
2386 2978 2510 3043 fuit,
2535 2978 2661 3029 aliis
2698 2977 2994 3029 ethnicum
3025 2980 3151 3029 aliis
3194 2978 3586 3031 Christianum
3628 2991 3774 3031 cen-

2182 3070 2461 3122 sentibus.
2504 3070 2762 3119 Fuerunt
2796 3071 2898 3133 qui
2938 3069 3011 3120 ad
3056 3069 3318 3120 Sextium
3361 3068 3780 3134 philosophum

2103 3114 2153 3191 C
2182 3160 2433 3211 Stoicum
2459 3171 2496 3209 a
2518 3162 2734 3208 Seneca
2762 3158 3099 3222 laudatum;
3123 3158 3220 3209 alii
3246 3171 3448 3210 rursus
3473 3159 3705 3212 Sixtum
3733 3162 3785 3212 li

2179 3249 2510 3315 pontiﬁcem
2530 3250 2696 3299 Rom.
2727 3250 2786 3300 et
2820 3251 3132 3311 martyrem
3153 3253 3448 3300 auctorem
3471 3248 3599 3313 ejus
3633 3250 3781 3304 iece-

2177 3345 2329 3391 runt.
2354 3339 2605 3391 Plurima
2637 3337 2924 3390 editorum
2953 3350 3109 3403 pars,
3151 3342 3218 3389 ut
3257 3338 3406 3390 alios
3434 3339 3780 3394 innumeros

2182 3432 2479 3495 scriptores
2502 3434 2738 3493 taceam,
2766 3430 2827 3479 in
2848 3428 2957 3479 hac
2982 3428 3307 3491 quaestione
3336 3435 3620 3494 occupata
3647 3429 3783 3494 fuit,

2179 3533 2287 3573 nec
2305 3526 2497 3571 tamen
2516 3518 2780 3583 multum,
2798 3519 2848 3570 si
2870 3518 3011 3582 quid
3023 3518 3211 3581 video,
3234 3519 3489 3584 profecit.
3505 3520 3642 3572 Erat
3657 3521 3789 3586 qui-

2180 3612 2314 3663 dem
2335 3611 2615 3663 steculum
2630 3608 2771 3661 illud
2784 3614 2918 3673 post
2928 3609 3211 3661 Christum
3225 3612 3426 3661 natum
3446 3609 3788 3664 secundum

2178 3699 2627 3768 gnomographis
2652 3699 2833 3763 hujus
2855 3698 3084 3764 generis
3121 3697 3320 3752 fertile.
3357 3700 3548 3752 Potuit
3579 3704 3782 3755 autem

2176 3792 2319 3843 liber
2341 3790 2491 3843 varie
2517 3788 2891 3854 postmodum
2923 3801 2959 3841 a
2995 3788 3305 3853 gentilibus
3343 3793 3401 3841 et
3434 3789 3784 3844 Christianis

2178 3880 2522 3947 interpolari.
2549 3882 2618 3933 Et
2633 3891 2773 3931 sane
2785 3891 2821 3931 a
2833 3879 3040 3931 Ruﬁno
3054 3879 3369 3932 admodum
3401 3879 3786 3945 interpolatus

2181 3975 2271 4025 est
2291 3976 2348 4023 et
2366 3973 2741 4023 immunatus.
2761 3968 2905 4032 Quid
2916 3971 3107 4020 obstat
3123 3968 3297 4032 igitur
3311 3970 3625 4033 quominus
3646 3972 3782 4024 Hie-

2178 4073 2475 4125 ronymus,
2492 4060 2586 4112 cui
2599 4058 3124 4123 alias,obinvidiam
3140 4070 3254 4122 qua
3267 4059 3329 4109 in
3340 4060 3613 4112 Ruﬁnum
3630 4073 3786 4113 com-

2183 4154 2538 4212 movebatur,
2559 4161 2759 4214 parum
2771 4148 3040 4213 equidem
3056 4150 3376 4215 tribuerim,
3391 4162 3527 4204 vera
3542 4151 3797 4216 dixerit,

2180 4241 2478 4294 ethnicum
2512 4239 2846 4304 primarium
2880 4238 3098 4292 scilicet
3133 4244 3426 4293 auctorem
3460 4245 3734 4294 statuens
3757 4245 3784 4295 ‘2

2183 4331 2332 4394 Quid
2362 4329 2516 4395 quod
2537 4328 2747 4381 Galeus
2769 4330 3161 4382 observaverit
3188 4330 3629 4383 Ruﬁnianarum
3653 4344 3791 4385 sen-

2182 4421 2491 4473 tentiarum
2505 4419 2730 4471 codices
2746 4419 2889 4472 adeo
2904 4420 3052 4472 inter
3066 4432 3129 4473 se
3145 4419 3470 4486 discrepare
3491 4458 3507 4485 ,
3519 4423 3587 4473 ut
3609 4421 3792 4476 ferme

2186 4514 2413 4565 constet
2437 4510 2585 4563 duas
2614 4511 2784 4575 Xysti
2807 4510 3091 4564 editiones
3111 4511 3437 4575 antiquitus
3457 4511 3790 4577 prodiisse?

494 4608 867 4673 Moguntina,
891 4610 949 4659 et
962 4608 1170 4662 Joanni
1185 4607 1504 4675 Flamingo,
1524 4606 1966 4672 Boppardiensis
1982 4607 2079 4658 Ec-
2093 4589 2153 4666 D
2188 4603 2347 4656 Alios
2365 4601 2518 4655 enim
2541 4601 2766 4655 codices
2781 4601 2992 4667 plures,
3008 4601 3151 4656 alios
3165 4602 3460 4668 pauciores
3471 4603 3791 4656 sententias

498 4698 803 4752 clesiarum
825 4698 1200 4764 presbyteris,
1210 4698 1423 4763 quibus
1435 4696 1627 4764 palam
1643 4696 1780 4749 facit
1803 4709 1866 4748 se
1880 4696 2091 4749 Joanni

497 4788 798 4841 Francisco
832 4787 982 4852 Pico,
1023 4788 1359 4841 Mirandum
1406 4787 1620 4851 comiti,
1664 4784 2093 4839 necessitudine

501 4878 787 4942 junctum,
810 4888 989 4941 seque
1020 4877 1234 4941 scripta
1267 4877 1461 4930 Ruﬁni
1494 4876 1558 4929 in
1592 4875 1782 4928 lucem
1819 4876 1981 4939 ferre,
2020 4887 2093 4927 ne

496 4968 728 5020 tandem
751 4971 999 5034 pereant.
1043 4966 1384 5020 Prodierunt
1416 4965 1625 5020 deinde
1662 4977 1798 5018 cum
1831 4964 1961 5018 aliis
1987 4966 2089 5017 Na-

499 5059 756 5110 ziuuzeni
768 5058 1035 5123 operibus
1049 5070 1125 5111 ex
1145 5056 1612 5122 interpretatione
1638 5056 1785 5108 Petri
1799 5055 2093 5107 Mosellani

495 5150 554 5201 et
574 5146 830 5201 Bilibaldi
852 5147 1278 5211 Pirckheimeri,
1298 5147 1530 5212 Lipsiae,
1561 5143 1721 5210 1522,
1744 5142 1910 5209 in-8°,
1937 5145 2093 5198 Fon-

497 5242 615 5291 tan.
639 5236 827 5290 Aliam
849 5237 1167 5290 editionem
1187 5248 1223 5289 a
1246 5237 1504 5289 Fabricio
1527 5234 1704 5287 etiam
1739 5236 2090 5300 praetermis-

496 5341 621 5381 sam
643 5331 963 5381 memorant
982 5328 1403 5381 recentissimae
1444 5325 1791 5378 Nazianzeni
1836 5326 2090 5391 Operum

498 5419 758 5472 editionis
781 5414 1137 5495 conditores,
1159 5417 1427 5470 monachi
1449 5416 1805 5469 Benedictini
1830 5418 2091 5483 (Parisiis

498 5507 655 5574 1778,
678 5513 719 5561 t.
753 5512 830 5574 Ι),
848 5511 929 5562 ita
948 5509 1312 5572 inscriptam:
1347 5507 1591 5572 Gregorii
1615 5506 1951 5558 Nazianzeni
1986 5521 2082 5561 co-

498 5603 811 5664 gnomento
845 5598 1089 5664 Theologi
1110 5598 1377 5671 orationes
1399 5608 1654 5660 XXXVIII,
1674 5602 1947 5661 tractatus,
1979 5614 2090 5650 ser-

499 5712 703 5765 mones,
736 5702 782 5748 et
792 5698 953 5750 libros
973 5697 1180 5762 aliquot
1201 5698 1409 5764 Latine,
1425 5699 1693 5753 Bilibaldo
1719 5703 2089 5756 Pirckheime-

500 5805 583 5863 ro,
619 5793 818 5861 Rufino
841 5792 1161 5859 presbytero,
1192 5798 1240 5846 et
1273 5796 1427 5851 Petro
1453 5794 1745 5851 Mosellam
1770 5798 2083 5866 interpreti-

2190 4690 2701 4757 comprehendere;
2724 4692 2861 4744 alibi
2879 4692 3062 4745 multa
3085 4691 3282 4757 repeti,
3306 4691 3603 4745 interdum
3624 4692 3788 4745 ordi-

2189 4796 2321 4836 nem
2356 4782 2679 4847 immutari;
2719 4782 2831 4835 alia
2865 4794 3092 4846 quoque
3128 4780 3476 4847 exemplaria
3504 4793 3623 4835 non
3667 4794 3789 4835 uno

2191 4879 2387 4926 tenore
2402 4872 2721 4936 procedere,
2740 4873 2840 4924 sed
2855 4873 3001 4925 duas
3026 4876 3218 4937 partes
3232 4872 3600 4935 constituere,
3622 4872 3780 4936 quod

2191 4964 2474 5030 posterius
2489 4963 2661 5015 etiam
2682 4963 2755 5014 ab
2772 4963 3118 5027 Hieronymo
3134 4965 3399 5014 notatum
3422 4962 3785 5015 Fontaninus

2191 5053 2617 5106 animadvertit.
2642 5054 2896 5118 Denique
2918 5051 3126 5104 Galeus
3162 5051 3388 5104 nullum
3420 5064 3485 5104 se
3528 5052 3791 5106 codicem

2191 5149 2426 5197 nactum
2435 5144 2702 5208 afﬁrmat,
2718 5144 2809 5196 cui
2823 5155 2898 5203 ex
2911 5148 3178 5194 accurata
3190 5142 3534 5206 prmdictoru
3543 5156 3601 5194 m
3617 5144 3786 5197 colla-

2191 5236 2346 5289 tione
2372 5248 2489 5288 non
2514 5234 2709 5299 aliqua
2731 5233 2985 5287 accessio
3007 5233 3132 5285 ﬁeri
3151 5235 3369 5297 posset.
3402 5233 3592 5286 Prima
3614 5234 3793 5288 editio

2190 5326 2299 5379 fuit
2323 5326 2721 5391 Symphoriani
2745 5325 3170 5388 Champerii,an
3198 5324 3356 5379 1507.
3388 5326 3454 5375 In
3488 5326 3790 5389 sequenti-

2190 5418 2323 5481 bus,
2353 5429 2600 5481 quarum
2623 5417 2719 5469 hic
2740 5416 2989 5469 indicem
3014 5415 3343 5477 statuimus,
3376 5415 3636 5468 eminent
3669 5418 3791 5471 edi-

2191 5510 2381 5562 tiones
2401 5508 2715 5567 Hillesemii,
2739 5507 2904 5569 Galei,
2922 5511 2979 5561 et
2996 5506 3168 5558 Siberi
3178 5519 3312 5572 qum
3334 5513 3422 5562 est
3436 5511 3783 5565 novissima.

2254 5608 2414 5664 1507.
2457 5608 2731 5674 Lugduni,
2774 5609 2926 5672 apud
2973 5609 3179 5659 Jannot
3210 5607 3276 5658 de
3317 5608 3553 5672 Campis,
3609 5606 3780 5662 in-i‘.

2191 5699 2337 5754 Sixti
2365 5699 2632 5753 Annulus
2666 5712 2799 5752 cum
2835 5699 3069 5767 prologo
3104 5698 3179 5752 ad
3209 5699 3615 5764 Apronianum
3650 5708 3785 5750 cum

2192 5791 2590 5861 Symphoriani
2623 5791 2946 5859 Champerii
2977 5793 3122 5846 libro
3159 5792 3222 5844 de
3253 5789 3618 5857 Quadruptici
3668 5789 3790 5844 Vita
