3902 6492
156 397 214 456 41
1624 387 1945 441 ΝΟΤΙΤΙΑ.
3380 388 3449 448 ‘2

161 490 578 549 Miratureditor
604 490 666 543 in
687 487 1020 557 praefatione
1071 484 1144 538 ad
1181 484 1557 538 Philibertum
1581 487 1758 538 Natu-

1878 511 2046 562 'idion
2082 515 2149 565 ut
2164 510 2546 566 Christianum
2572 526 2688 567 saec
2715 526 2804 568 n1.
2828 518 3266 569 monumentum
3286 516 3461 582 juxta

157 585 377 649 rellum,
409 583 628 634 librum
664 578 939 632 eximium
971 592 1007 627 a
1043 576 1259 626 nemine
1295 574 1575 627 Gallorum
1603 579 1755 641 ante,

163 674 331 742 quod,
362 672 551 733 sciret,
575 670 942 742 impressum.

220 763 378 820 1541.
413 759 798 824 Wittenbergae,
822 758 883 808 in
920 756 1143 822 ofﬁcina
1175 755 1562 822 Grunenbergi,
1590 753 1757 811 in-40,

161 856 336 918 Idem,
372 865 506 906 cum
535 849 877 917 Pythagorae
891 847 1079 901 aureis
1102 846 1469 899 carminibus.

220 952 377 1008 1516.
408 950 654 1011 Basilece,
685 948 837 1014 apud
862 947 1027 998 Joan.
1057 945 1399 1006 Frobenium,
1436 943 1599 1008 iii-4°,
1625 956 1759 997 cum

161 1043 397 1097 aliorum
414 1038 763 1105 quibusdam
792 1035 1012 1102 scriptis
1034 1035 1144 1088 hoc
1161 1034 1323 1087 titulo
1344 1035 1558 1086 :AE‘nece
1573 1034 1760 1085 Plato-

159 1135 271 1184 nici
297 1130 602 1184 Christiani
632 1130 696 1178 de
721 1126 1125 1178 immortalitate
1146 1126 1244 1175 ani
1254 1141 1355 1175 mae
1384 1127 1547 1190 deque
1571 1140 1761 1189 corpo-

157 1239 284 1275 rum
303 1221 687 1273 resurrectione
722 1217 999 1282 Dialogus,
1017 1217 1114 1281 qui
1144 1215 1543 1282 Theophrasius
1560 1214 1761 1266 inscri-

159 1314 320 1375 bitur,
345 1311 625 1362 Ambrosio
644 1306 1044 1360 Camaldulensi
1070 1306 1382 1371 interprete.

219 1402 602 1467 Athenagoras
631 1398 975 1450 Atheniensis
992 1397 1053 1448 de
1074 1396 1494 1459 Resurreclione,
1514 1394 1763 1446 Marsilio

160 1494 351 1547 Ficino
372 1493 673 1557 interprete.

223 1592 385 1659 Xyin
396 1588 750 1657 Pythagorici
776 1586 1059 1639 Sententiae
1081 1586 1280 1651 Ruﬁno
1296 1584 1597 1651 interprete.
1617 1582 1763 1635 Rhe-

162 1696 359 1739 nanus
381 1683 441 1735 in
464 1680 704 1748 epistola
717 1679 790 1731 ad
808 1678 1047 1731 Paulum
1066 1676 1346 1735 Volzium,
1366 1675 1635 1728 abbatem
1650 1674 1766 1725 Hu-

166 1775 392 1842 gonicm
421 1771 598 1825 curiae
622 1770 683 1822 in
706 1768 866 1821 Valle
896 1766 1203 1833 Vogesina,
1220 1766 1396 1829 inque
1426 1765 1623 1826 altera,
1648 1776 1763 1828 qua

1867 602 2120 655 codicem
2144 602 2296 655 beati
2330 603 2591 657 Rhenani
2621 605 2753 669 edit,
2795 605 3293 660 observationibus
3330 607 3462 660 illu-

1860 696 2024 753 strat,
2042 692 2326 746 adversus
2347 695 2530 748 sancti
2552 695 2905 762 Hieronymi,
2932 696 3152 760 Gelasii,
3180 697 3222 747 Ι.
3238 697 3309 749 Μ.
3326 698 3462 750 Bra-

1860 782 2246 845 sichellensis,
2291 787 2428 847 etc.,
2461 798 2733 838 censuras
2771 786 3065 851 vindicat,
3107 785 3462 851 concilioque

1860 873 2117 927 Romano
2137 874 2246 925 sub
2269 874 2535 940 auspiciis
2560 875 2846 929 Benedicti
2869 877 3016 928 XIII.
3040 878 3099 927 P.
3117 878 3183 929 R.
3207 878 3272 929 A.
3306 879 3373 929 R.
3400 877 3458 930 S.

1860 974 2158 1017 nnccxxv
2182 969 2517 1029 convocato,
2571 966 2643 1017 ad
2682 966 3097 1018 restituendam
3112 965 3463 1019 librifamam

1858 1052 1951 1106 oll’.
1979 1053 2146 1106 offert
2167 1054 2433 1107 Urbanus
2450 1054 2805 1108 Godofredus
2823 1056 3054 1107 Siberus
3076 1055 3218 1121 prof.
3241 1055 3394 1121 Lips.

1926 1143 2087 1205 Quod
2113 1142 2162 1195 si
2180 1143 2364 1197 editor
2383 1143 2599 1197 famam
2612 1145 2737 1197 libri
2751 1145 2999 1210 reparari
3018 1157 3187 1211 posse
3200 1146 3460 1210 putabat,

1863 1232 2314 1286 demonstrando
2349 1238 2644 1287 auctorem
2683 1234 2795 1287 nisi
2825 1234 3179 1300 primarium,
3228 1234 3463 1300 potioris

1863 1325 2057 1377 tamen
2083 1326 2261 1389 partis
2299 1324 2480 1377 fuisse
2518 1325 2928 1389 Christianum,
2974 1325 3117 1378 nihil
3160 1325 3464 1389 reliquisse

1864 1415 2207 1478 censebitur,
2256 1414 2413 1479 quod
2436 1415 2508 1466 ad
2528 1416 2681 1468 hanc
2696 1416 2777 1467 illi
2798 1415 3040 1481 gloriam
3063 1415 3468 1468 vindicandam

1864 1510 2121 1572 spectare
2156 1506 2359 1570 possit.
2400 1506 2541 1558 Tam
2579 1506 2746 1558 docte
2779 1506 2933 1557 enim
2967 1518 3145 1570 quam
3188 1506 3470 1572 sagaciter

1863 1596 2048 1649 fontes
2075 1594 2479 1661 plerarumque
2504 1595 2988 1648 sententiarumin
3008 1595 3187 1647 sacris
3210 1597 3311 1647 aut
3324 1595 3469 1648 anti-

1865 1685 2048 1750 quissi
2059 1698 2283 1738 morum
2295 1685 2744 1738 Christianorum
2759 1685 2983 1750 scriptis
2995 1685 3307 1750 indagavit,
3325 1689 3383 1738 et
3394 1698 3468 1738 ex

1858 1776 1927 1827 iis
1941 1776 2132 1841 potius
2156 1787 2330 1840 quam
2347 1788 2419 1826 ex
2443 1779 2708 1828 veterum
2727 1778 3066 1828 Graecorum
3092 1774 3352 1828 doctrina
3367 1775 3468 1828 de-

161 1865 441 1933 meaml‘
465 1863 526 1915 in
553 1862 800 1927 Χυειατηι
835 1858 916 1911 ait
937 1857 1466 1952 Πολυξεθηὶθξῐξδιδν
1601 1854 1763 1952 “Mf:
1787 1877 1840 1952 B
1865 1864 2134 1919 rivandas
2165 1878 2294 1917 esse
2341 1865 2622 1930 probavit.
2669 1865 2765 1917 Sin
2797 1865 2858 1917 in
2899 1877 2966 1918 eo
3021 1864 3294 1918 contineri
3340 1863 3469 1917 libri

161 1969 341 2022 quum
373 1951 588 2016 exempl
597 1967 683 2013 ar,
717 1948 870 2014 quod
888 1947 1041 2013 apud
1062 1945 1257 1997 Divam
1273 1945 1463 1995 Fidem
1490 1942 1763 1994 Selestadii

1878 1955 2350 2008 existimationem
2376 1956 2619 2015 censuit,
2644 1959 2769 2007 uta
2791 1955 2948 2007 Sixto
2966 1956 3015 2006 II
3038 1954 3311 2021 pontiﬁce
3333 1966 3468 2021 pro-

168 2042 473 2103 exstiterit,
497 2042 570 2093 ab
595 2053 658 2092 se
688 2037 1025 2104 recognitas.
1052 2038 1303 2099 Utraque
1327 2033 1499 2086 editio
1525 2037 1593 2085 ut
1614 2032 1766 2085 inter

175 2148 239 2189 se
266 2132 651 2195 conferantur,
675 2133 833 2196 optat
845 2127 1220 2190 Fontaninus,
1240 2138 1295 2193 p.
1317 2124 1442 2181 304.
1473 2123 1769 2188 Discrepat

166 2223 457 2290 imprimis
480 2220 668 2286 quoad
691 2217 1007 2285 prologum.

231 2312 393 2371 1518.
414 2312 661 2376 Lovanii,
677 2309 841 2363 in-4°.
862 2308 1109 2360 Eaedem.
1132 2306 1286 2357 Font.

232 2402 395 2459 1520.
422 2401 662 2466 Βαείιεεε,
683 2399 849 2454 1η-4ο.
882 2396 1052 2451 Haud
1081 2395 1251 2448 dubie
1264 2392 1522 2460 repetitio
1536 2391 1771 2447 Rhena-

166 2495 381 2551 nianm.
1464 2534 1469 2539 .

232 2581 398 2641 152?.
426 2578 924 2644 ColoniazAgripp.,
950 2575 1114 2632 iri-4°.
1148 2574 1401 2629 Eaedem.

231 2673 397 2732 1541.
421 2670 676 2734 Parisiis,
700 2668 869 2723 ἰπὶ-4ο.
900 2666 1151 2720 Eaedem.

228 2770 392 2830 1552.
422 2769 651 2823 Venetiis
674 2768 748 2818 ad
773 2767 997 2831 signum
1016 2765 1163 2830 Spei,
1179 2761 1351 2817 in-lil.
1372 2760 1775 2815 Eaedem.’Sine

167 2863 431 2931 prologo,
458 2860 551 2913 fol.
574 2856 695 2922 129,
720 2860 852 2923 post
885 2856 1132 2908 indicem
1159 2852 1332 2905 libelli
1368 2852 1449 2904 sic
1483 2850 1770 2916 inscripti:

167 2955 333 3007 Dicta
373 2951 612 3018 pretiosa
660 2949 769 2999 sive
817 2946 917 2997 loci
946 2958 1254 2996 communes
1290 2957 1360 2995 ea:
1401 2942 1654 2993 omnibus
1668 2941 1780 3007 fere

167 3042 481 3096 doctoribus
504 3039 602 3105 qui
616 3040 679 3089 in
700 3037 870 3088 sacris
886 3035 1073 3086 litteris
1095 3034 1447 3099 scripserunt,
1460 3047 1560 3099 per
1584 3030 1782 3096 Βεβοη-

163 3150 348 3188 sarem
365 3130 672 3197 theologum
700 3125 1114 3180 vetustissimum
1140 3122 1392 3189 cxcerpti.

1868 2047 2051 2100 fectus
2066 2051 2380 2112 putaretur,
2402 2031 2645 2098 nimium
2669 2047 2944 2112 probasse
2967 2045 3153 2111 magis
3177 2058 3350 2109 quam
3367 2057 3472 2098 ve-

1867 2150 1997 2191 rum
2020 2135 2326 2190 videbitur.
2352 2136 2641 2189 Caeterum
2659 2135 2797 2189 ordo
2823 2141 2881 2188 et
2895 2135 3199 2201 descriptio
3216 2148 3473 2189 commo-

1869 2227 2109 2281 dissima
2131 2231 2221 2279 est
2234 2227 2534 2280 etomnino
2557 2225 2631 2279 ad
2656 2225 2905 2292 gratiam
2935 2225 3217 2280 lectorum
3239 2237 3468 2293 prome-

1870 2318 2106 2372 rendam
2116 2317 2433 2385 aptissima.

2340 2463 2441 2515 IX.
2467 2460 2696 2526 Evagrii
2720 2458 2997 2526 opuscula.

1937 2607 2172 2661 Constat
2181 2618 2253 2658 ex
2264 2603 2601 2670 Hieronymi
2617 2602 2717 2667 (ad
2735 2603 3162 2668 Ctesiphontem
3179 2601 3195 2670 )
3213 2602 3469 2655 testimo-

1873 2698 1991 2763 nio,
2018 2696 2295 2750 Rufinum
2309 2694 2527 2759 aliquot
2544 2694 2769 2759 Evagrii
2786 2693 3068 2759 opuscula
3079 2693 3278 2745 Latine
3294 2693 3473 2745 inter-

1875 2791 2165 2856 pretatum
2190 2800 2336 2849 esse,
2356 2792 2414 2838 et
2441 2784 2671 2837 disertis
2699 2784 2892 2837 verbis
2914 2785 3306 2833 sententiarum
3329 2783 3478 2833 illius

1876 2879 2198 2934 versionem
2219 2877 2272 2929 ei
2312 2875 2510 2928 tribuit
2552 2873 2881 2927 Gennadius
2915 2885 3036 2938 cap.
3072 2871 3155 2927 17.
3198 2873 3307 2925 Sed
3344 2884 3478 2925 cum

1876 2982 1994 3023 non
2014 2981 2168 3020 unus
2192 2966 2419 3030 Evagrii
2442 2964 2584 3017 liber
2608 2964 2713 3015 hac
2729 2962 3096 3028 inscriptione
3123 2961 3257 3015 olim
3280 2965 3481 3015 exsta-

1878 3065 1983 3122 ret,
2008 3072 2107 3125 per
2126 3071 2187 3110 se
2201 3056 2434 3122 quidem
2463 3053 2619 3107 haud
2645 3053 2807 3106 facile
2833 3053 3019 3105 dirimi
3052 3055 3253 3119 posset
3288 3051 3479 3117 qualis

1878 3149 1973 3202 ille
1997 3148 2138 3201 liber
2166 3147 2350 3208 fuerit,
2385 3145 2499 3197 nisi
2532 3142 2674 3196 alter
2704 3142 2967 3209 ejusdem
3001 3141 3283 3195 Gennadii
3319 3141 3481 3194 locus

236 3233 402 3291 1574.
443 3230 689 3293 Colonia,
720 3228 871 3294 apud
917 3226 1229 3276 Maternum
1269 3222 1581 3285 Cholinum,
1612 3219 1768 3275 in-80,

1883 3236 2304 3305 quodammodo
2325 3234 2634 3288 subvenire
2658 3232 2792 3285 huic
2803 3232 3146 3285 dubitationi
3171 3232 3474 3284 videretur.

172 3323 499 3379 Sententiae
523 3319 671 3373 Sixti
691 3323 791 3372 aut
815 3316 979 3384 Xysti
1007 3327 1137 3381 quae
1158 3327 1311 3368 verae
1335 3313 1630 3379 sapientiae
1644 3324 1785 3378 prie-

173 3416 365 3482 ceptis
412 3412 639 3467 refertae
664 3413 802 3462 sunt
827 3413 884 3460 et
895 3406 967 3460 ad
980 3406 1274 3458 caelestem
1285 3404 1646 3470 disciplinam
1665 3404 1785 3458 ani-

166 3520 311 3560 mos
323 3504 655 3565 informant,
670 3497 943 3553 Ludovici
952 3495 1268 3549 Hillesemii
1281 3494 1603 3548 Andernaci
1616 3494 1787 3547 docta

172 3593 589 3663 explanatione
624 3591 946 3643 illustratae.
996 3587 1128 3640 Sine
1166 3585 1420 3652 prologo.
1462 3612 1524 3623 —-
1559 3586 1776 3638 Praeter

168 3682 664 3741 commentarium
700 3678 1017 3745 legentium
1052 3675 1449 3729 commoditati
1491 3677 1784 3729 succurrit

166 3776 605 3831 sententiarum
623 3770 984 3825 distinctione
1005 3780 1105 3833 per
1130 3778 1403 3819 numeros
1443 3766 1503 3819 in
1534 3763 1790 3831 margine

163 3868 454 3922 indicata.
483 3860 706 3919 Dicavit
728 3863 993 3928 Gregorio
1021 3858 1149 3911 XIII
1169 3899 1183 3925 ,
1209 3872 1436 3912 summo
1452 3859 1725 3925 pontifici.

238 3964 410 4023 1575.
457 3966 709 4027 Parisiis,
752 3981 844 4031 ap.
892 3966 1059 4020 Mich.
1108 3964 1399 4016 Sonnium.
1442 3959 1674 4013 Eaedem
1719 3969 1793 4010 ex

163 4056 509 4111 Hillesemii
531 4055 795 4118 editione,
820 4056 925 4109 sed
960 4055 1115 4109 notis
1151 4054 1381 4107 omissis
1412 4052 1473 4105 in
1505 4049 1644 4103 Bibl.
1674 4048 1785 4105 PP.

166 4150 375 4213 Bign.,
409 4148 569 4207 t.Ill,
594 4160 649 4211 p.
685 4143 813 4200 962.
843 4145 933 4199 Ad
963 4144 1226 4198 eamdem
1255 4143 1429 4197 etiam
1470 4142 1528 4194 in
1561 4141 1795 4209 reliquis

164 4238 335 4292 Bibl.
361 4237 465 4287 PP.
494 4235 843 4288 editionibus
875 4234 1036 4301 1589,
1068 4234 1227 4299 1609,
1254 4232 1412 4296 1624,
1447 4231 1607 4295 1634,
1635 4230 1795 4293 1644,

168 4331 183 4395 (
209 4328 239 4383 1
252 4326 365 4383 654
386 4328 421 4392 ),
445 4331 598 4379 tomo
622 4328 715 4391 VI,
731 4325 1051 4378 Coloniensi
1076 4322 1232 4388 1618,
1249 4326 1287 4376 t.
1315 4325 1392 4374 III
1409 4324 1466 4375 et
1481 4321 1622 4373 Bibl.
1644 4322 1795 4374 Max.

1884 3333 1940 3383 Is
1967 3330 2119 3383 enim
2143 3340 2265 3393 cap.
2291 3326 2353 3381 11
2383 3324 2608 3390 Evagrii
2634 3324 2845 3389 scripta
2869 3334 3171 3376 recensens
3197 3320 3481 3388 quinqua-

1885 3421 2039 3488 ginta
2064 3417 2465 3471 Sententiarum
2489 3414 2688 3465 librum
2715 3418 3142 3477 commemorat,
3169 3425 3340 3477 quem
3357 3425 3484 3480 ego,

1883 3518 2091 3583 inquit,
2115 3516 2383 3570 Latinum
2405 3514 2624 3580 primus
2649 3511 2774 3565 feci.
2806 3513 2955 3564 Nam
2980 3511 3333 3578 superiorem
3356 3511 3486 3562 olim

1887 3609 2233 3671 translatum,
2249 3607 2381 3671 quia
2395 3605 2647 3655 vitiatum
2661 3609 2706 3653 et
2717 3619 2812 3669 per
2827 3609 3034 3669 tempus
3048 3601 3338 3666 confusum
3354 3602 3488 3668 vidi,

1884 3700 2091 3767 partim
2117 3697 2602 3763 reinterpretando,
2631 3696 2842 3761 partim
2881 3693 3216 3744 emendando
3254 3691 3492 3743 auctoris

1887 3790 2099 3842 veritati
2112 3789 2340 3841 restitui.
2358 3789 2521 3840 Liber
2532 3789 2784 3853 superior
2803 3798 2906 3838 seu
2912 3784 3212 3850 praecedens
3234 3783 3491 3861 estliber,

1889 3886 2104 3933 centum
2130 3879 2552 3929 Sententiarum.
2569 3875 2681 3941 Huj
2692 3889 2760 3929 us
2772 3888 2908 3942 ergo
2922 3873 3205 3927 versionis
3219 3872 3359 3925 olim
3370 3870 3491 3924 fac-

1892 3977 1968 4025 tae
1988 3974 2047 4024 et
2064 3982 2099 4022 a
2113 3968 2403 4022 Gennadio
2419 3967 2739 4019 emendatae
2755 3971 3051 4018 auctorem
3067 3962 3241 4015 alium
3253 3974 3321 4013 ac
3334 3961 3496 4013 Ruti-

1893 4073 2038 4116 num
2056 4060 2341 4112 neminem
2356 4058 2553 4121 fuisse,
2584 4055 2944 4108 Fontaninus
2965 4052 3277 4113 contendit,
3300 4051 3395 4102 lib.
3427 4062 3485 4113 v,

1896 4167 2018 4219 cap.
2044 4150 2095 4214 9,
2123 4150 2156 4215 §
2177 4150 2228 4205 4.
2247 4152 2431 4212 Quam
2454 4151 2627 4213 recte,
2640 4145 2903 4210 judicent
2923 4143 3035 4196 alii.
3062 4142 3238 4196 Nobis
3263 4140 3495 4207 quidem

1897 4244 1990 4297 hae
2031 4240 2337 4294 Fontanini
2362 4237 2720 4303 suspiciones
2756 4247 2877 4288 non
2905 4236 3081 4287 tantae
3106 4233 3393 4293 videntur,
3434 4231 3500 4284 ut

1898 4336 2116 4398 absque
2132 4331 2308 4383 dubio
2336 4330 2482 4382 inter
2508 4327 2811 4381 Ruﬁniana
2832 4325 2990 4378 hunc
3013 4322 3242 4389 Evagrii
3265 4322 3499 4385 librum,

163 4419 378 4484 Lugd-
401 4416 558 4478 1677:
580 4419 619 4469 ι·
644 4415 1031 4483 ΠῙάθεοΓὶΡῐξε
1050 4417 1203 4479 sunt»
1228 4414 1285 4467 in
1298 4412 1508 4479 qnibus
1529 4410 1799 4465 omnibus
1899 4424 2113 4477 nedum
2131 4422 2378 4475 alterum
2398 4422 2455 4472 et
2475 4417 2707 4471 tertium
2727 4428 2861 4468 cum
2884 4428 2951 4469 eo
2974 4412 3344 4466 referendum
3360 4424 3501 4463 con-

162 4510 434 4578 prologo
450 4510 663 4560 carent.

1906 4526 2155 4567 seamus.
2172 4514 2316 4564 Nam
2328 4508 2483 4575 quod
2507 4509 2603 4572 ait,
2629 4505 2993 4560 Gennadium
3013 4516 3134 4569 cap.
3150 4502 3210 4557 11
3233 4500 3503 4566 quadam

242 4608 419 4667 1615.
451 4605 790 4669 Helmsladii,
817 4621 907 4672 ap.
942 4605 1060 4658 Jac.
1084 4603 1335 4667 Lucium,
1360 4599 1538 4657 in-lQ.
1563 4601 1800 4653 Gnomaa
1827 4640 1886 4672 η
1909 4604 2131 4669 Evagrii
2154 4600 2435 4668 opuscula
2451 4611 2486 4650 a
2509 4612 2592 4662 se,
2617 4595 2883 4662 quaedam
2907 4595 2981 4646 ab
2998 4592 3126 4655 alio,
3149 4604 3323 4657 quem
3344 4590 3505 4643 Ruti-

246 4640 419 4667 ιυιυ.
451 4640 790 4669 “mmmam
817 4640 907 4672 μμ.
942 4640 1060 4658 νων.
1084 4640 1335 4667 "eum",
1360 4640 1420 4655 ...
1456 4640 1538 4657 ι-.
1566 4640 1799 4653 ww"...
1912 4640 2131 4669 μηδ...
2155 4640 2486 4668 eranum...
2509 4640 2592 4662 ην,
2620 4640 2883 4662 νηη..
2910 4640 2976 4646 π-
3000 4640 3126 4655 __-,
3156 4640 3323 4657 Ἰη-
3345 4640 3475 4643 ηηη

163 4703 320 4756 Sive
339 4700 644 4755 Sententia”
660 4698 731 4751 de
746 4697 1022 4760 moribus»
1036 4694 1360 4749 11011111111118
1378 4692 1616 4746 θΐιιάἱῐὶθ
1628 4702 1804 4755 quam
1827 4640 1888 4715 Β
1907 4709 2049 4748 num
2074 4705 2204 4745 esse
2234 4691 2384 4755 vult,
2410 4687 2689 4741 translata
2704 4698 2850 4750 esse,
2879 4683 3124 4737 scribere
3148 4687 3206 4735 et
3234 4681 3297 4733 in
3321 4685 3505 4747 poste-

160 4794 326 4861 PiiB:
360 4774 887 4854 Χγὲιίριιίιοεορὶιί,
915 4784 1210 4840 Laurentii
1235 4783 1422 4836 Pisani
1445 4786 1500 4834 et
1523 4778 1808 4833 ThalaSSii
1905 4787 2112 4841 riorem
2136 4784 2387 4836 classem
2422 4784 2536 4832 tres
2570 4777 2697 4831 illos
2721 4776 2941 4829 libellos
2976 4774 3261 4841 rejecisse,
3296 4771 3506 4861 falsum

162 4860 474 4951 episcopi,
500 4892 655 4932 nunc
671 4878 917 4945 primum
929 4876 1167 4929 seorsim
1181 4874 1349 4928 editae
1362 4872 1557 4926 studio
1568 4869 1808 4924 Joannis
1907 4882 2013 4932 est,
2049 4878 2162 4929 Nec
2178 4875 2587 4939 Hieronymus,
2611 4871 2706 4920 hos
2720 4867 2917 4933 libros,
2942 4866 3044 4920 sed
3071 4864 3254 4931 hujus,
3280 4860 3510 4929 Evagrii

159 4987 205 5029 ὃ
232 4970 502 5035 Pndite,
521 4969 644 5021 Sine
666 4968 901 5035 PI‘OIOEO
926 4978 1174 5033 quoque-
1908 4969 2083 5022 libros
2108 4964 2317 5029 aliquot
2340 4976 2375 5015 a
2393 4961 2601 5015 Ruﬁno
2619 4970 2930 5013 conversos
2952 4957 3025 5009 ab
3048 4953 3511 5009 Occidentalibus

239 5069 429 5129 1670.
461 5068 843 5133 Cantabrigiae,
877 5083 965 5133 ap.
993 5067 1157 5117 Joan.
1199 5064 1390 5129 Hages,
1434 5059 1615 5117 in-8'.
1659 5058 1810 5111 Sexti
1912 5055 2168 5114 lectitari,
2195 5053 2410 5106 scribit.
2441 5054 2667 5104 Interea
2703 5049 2886 5101 dictos
2911 5049 3026 5099 tres
3058 5044 3287 5111 Evagrii
3316 5042 3509 5133 libros,

161 5159 552 5231 Pythagorei
578 5132 883 5211 sententiae
906 5132 937 5210 e
964 5159 1161 5211 Graeco
1179 5155 1238 5207 in
1253 5153 1522 5206 Latinum
1542 5164 1577 5204 a
1602 5150 1812 5203 Rufino
1912 5149 2010 5214 qui
2023 5143 2374 5212 jamdudum
2401 5141 2638 5207 periisse
2666 5137 3086 5231 credebantur,
3103 5132 3511 5231 in-appendice

162 5222 417 5312 versae;
446 5252 503 5303 et
534 5249 720 5315 Xysto
745 5251 1018 5301 Romanae
1058 5245 1327 5299 Ecclesiae
1365 5244 1632 5309 episcopo
1671 5240 1813 5292 falso
1913 5222 3512 5315 codicisRegularumsanctiBenedictiabbatisAnianen-

161 5311 508 5401 attributae
518 5311 962 5404 cumOpusculis
975 5334 1380 5403 mythologicis
1394 5334 1633 5385 Thomae
1649 5329 1813 5395 Galei,
1915 5333 2014 5394 sis,
2028 5341 2200 5395 quem
2217 5322 2552 5378 liolstenius
2562 5318 2775 5386 publici
2779 5320 2796 5383 j
2806 5317 2924 5369 uris
2936 5315 3147 5368 fecitex
3159 5311 3512 5404 membranis

162 5400 371 5494 1671-
704 5400 726 5404 —
1039 5400 1055 5403 _
1915 5417 2373 5477 Floriacensibus
2402 5412 2639 5477 Regium
2674 5411 3003 5469 Suecorum,
3032 5418 3189 5458 nunc
3222 5400 3511 5455 Vaticanis

243 5534 527 5588 Textum
539 5526 865 5594 desumpsit
881 5527 1089 5581 Galeus
1104 5539 1176 5580 ex
1196 5518 1816 5586 Bibl.PP.,Rhenania-
1918 5516 2182 5580 vulgatos
2217 5518 2367 5570 esse,
2403 5500 2767 5594 Fontan‘inus
2796 5495 3066 5594 ostendit.
3097 5494 3515 5594 monetautem

161 5579 343 5685 nan;
359 5579 906 5679 Fuaudﬁsibiﬁvisam
922 5579 1132 5672 fassus.
1163 5615 1309 5668 Hinc
1340 5579 1513 5667 etiam
1545 5611 1818 5677 prologue
1918 5607 2132 5676 priores
2148 5601 2260 5653 duo
2275 5599 2496 5685 absque
2513 5582 3319 5685 distinctione

164 5670 437 5767 Egi?
571 5670 596 5674 ἡ
733 5670 743 5676 ⁷
1546 5670 1567 5677 ’
1708 5670 1737 5676 ⁷
1835 5742 1841 5748 ,
1917 5670 2301 5744 Ξῃίιὶωᾱὶιιθω
2325 5679 2586 5730 inunum
2614 5670 3152 5767 coaluisseutrique
3180 5675 3318 5727 una,
3344 5674 3519 5767 quam

470 5807 688 5874 Lipsiae,
728 5803 791 5853 in
824 5801 963 5866 ofﬁc.
1008 5795 1504 5856 Weidmanniana,
1542 5789 1711 5844 in—4‘.
1764 5789 1818 5841 S.
1920 5776 2258 5874 subjicimus
2281 5756 3199 5874 epigraplie
3214 5751 3520 5874 Διέιῗῖῗ

161 5844 433 5962 δὶἑὶἱιῖῐ⁸
1322 5844 1599 5950 martvris
1612 5878 1819 5933 Enchi-
1919 5844 2192 5929 videnda:
2208 5864 2264 5921 1°
2274 5857 2500 5926 Evagrii
2510 5851 2768 5907 monachi
2780 5844 3079 5903 Sententia.
3092 5844 3149 5903 2ο
3160 5846 3249 5899 Ad
3351 5844 3451 5909 qni
3460 5844 3523 5893 in

498 6018 800 6077 Parnon.
836 6010 1008 6070 XXI.
3279 5964 3313 6021 ‘2
