3902 6434
506 382 576 439 43
1042 396 1049 401 -
1512 369 1815 422 RUFINUS
1848 370 2343 431 AQUILEIENSIS
2378 372 2809 426 pnnsevrnn.
3735 376 3799 431 44

504 480 758 537 coenobiis
776 474 1187 529 ctaeenodochiis
1208 470 1468 522 habitant.
1494 470 1746 530 Quorum
1771 470 1989 535 primus
2004 485 2117 520 cen-
2132 475 2181 547 Α
2216 486 2345 524 rum
2370 473 2742 527 Maximiliani
2766 475 2836 537 II,
2866 474 3222 538 imperatoris
3246 487 3281 527 a
3306 476 3483 527 sacris
3509 478 3795 530 concioni-

505 577 618 628 tum
636 567 920 623 Sententiis
954 569 1223 617 constans
1238 559 1553 614 absolvitur
1567 572 1694 625 pag.
1712 559 1780 613 35
1801 559 1889 611 ed.
1907 560 2099 624 Paris,

507 661 731 717 verbis:
761 655 956 707 Suavis
979 659 1048 703 est
1064 651 1181 713 mel,
1200 655 1245 700 et
1260 648 1429 698 dulcis
1448 648 1625 711 favus.
1655 648 1889 698 Scientia
1919 655 2099 699 autem

509 752 606 805 Dei
633 748 843 800 dulcior
858 741 1128 794 ambobus.
1155 739 1311 791 Alter
1331 736 1632 790 inchoatur
1655 738 1871 790 verbis:
1890 738 2099 803 Audi,o

505 837 789 899 monache,
822 843 1092 883 sermones
1130 827 1313 879 Patris
1349 826 1446 875 tui.
1483 827 1671 889 Atque
1706 825 1799 877 his
1845 826 2101 880 succedit

510 927 741 983 tertium
769 918 1134 987 opusculum,
1164 915 1445 968 Sententiae
1461 915 1534 964 ad
1548 915 1798 979 virgines.
1816 916 1945 967 Jam
1964 928 2097 969 vero

503 1016 666 1072 addit
688 1020 1052 1075 summopere
1064 1005 1380 1072 optandum
1396 1017 1524 1057 esse
1542 1006 1604 1056 ut
1616 1003 1828 1069 singuli
1853 1005 2097 1057 seorsim

503 1100 779 1171 dispositi,
804 1103 862 1151 et
883 1094 1200 1157 sententiis,
1243 1105 1343 1159 per
1370 1105 1644 1145 numeros
1669 1091 1741 1143 ad
1778 1105 1937 1145 oram
1970 1093 2093 1145 dis-

497 1193 832 1251 tinctisoum
843 1183 1262 1243 caaterisRuilni
1277 1182 1571 1248 Operibus,
1585 1185 1700 1235 tam
1711 1182 1910 1235 alienis
1922 1195 2096 1250 quam

499 1278 818 1350 propriisin
839 1286 1021 1330 unum
1045 1283 1252 1338 corpus
1274 1269 1519 1324 redactis
1544 1270 1800 1323 officinas
1823 1274 2095 1337 typogra-

508 1372 707 1439 phicas
736 1368 1000 1422 subeant.

883 1536 953 1589 X.
978 1533 1376 1599 Recognitiones
1403 1531 1701 1584 Clementis.

562 1710 749 1769 Variis
773 1708 867 1762 hic
882 1707 1023 1759 liber
1045 1706 1105 1758 in
1125 1703 1369 1757 diversis
1393 1702 1683 1755 codicibus
1706 1715 1847 1754 mss.
1872 1703 2088 1767 gaudet

496 1799 987 1866 inscriptionibus,
1031 1795 1188 1848 unde
1227 1794 1400 1846 etiam
1438 1793 1498 1844 in
1533 1792 1828 1858 impressis
1863 1793 2089 1846 diversa

495 1891 785 1946 interdum
801 1888 1052 1941 nomina.
1069 1884 1219 1937 Audi
1236 1884 1407 1948 igitur
1421 1895 1559 1935 mox
1573 1882 1975 1947 Rccognitiones
1995 1884 2087 1937 vel

493 1979 799 2045 Recognilio
818 1975 1114 2037 Clementis,
1141 1985 1278 2025 mox
1298 1972 1578 2023 Clementis
1596 1972 1833 2021 Romani
1858 1972 2089 2022 Iti-nera-
2113 1950 2166 2024 B
2186 1941 2526 2007 Amssomosa

417 2052 425 2057 ﬁ
493 2070 645 2119 rium
682 2068 756 2117 ad
787 2064 1049 2116 Jacobum
1083 2062 1309 2125 fratrem
1333 2061 1556 2110 Domini
1583 2061 1707 2125 ;vel
1732 2060 2091 2111 ltinerarium

497 2157 552 2208 S.
589 2154 869 2207 Clementis
891 2153 952 2203 de
970 2152 1127 2216 factis
1158 2156 1205 2201 et
1234 2150 1391 2199 dictis
1409 2150 1472 2201 Β.
1494 2150 1640 2200 Petri
1663 2149 1890 2215 apostoli
1905 2166 1923 2210 ;
1946 2150 2085 2203 item

491 2248 625 2298 Acta
661 2244 806 2297 Petri
840 2242 1086 2308 apostoli,
1129 2240 1417 2305 Circuitus,
1465 2239 1726 2289 Periodus
1760 2240 1925 2303 Petri,
1974 2242 2087 2291 Cic.

490 2336 685 2386 mentis
712 2333 1066 2385 Itinerarium
1096 2347 1115 2393 ;
1146 2330 1415 2391 Historia,
1446 2330 1723 2380 Chronica
1749 2330 1918 2394 Gesta,
1946 2331 2085 2382 sim-

488 2426 705 2493 pliciter
728 2425 991 2488 denique,
1004 2422 1157 2472 Liber
1168 2422 1261 2474 vel
1276 2420 1427 2470 Libri
1446 2420 1730 2470 Clementis
1750 2420 2084 2485 ;aliquoties

492 2519 665 2571 etiam
693 2515 1051 2566 inscribitur:
1067 2513 1147 2562 Da
1165 2526 1289 2563 vera
1300 2511 1666 2577 disputatione
1690 2511 1835 2560 Petri
1858 2511 2085 2575 apostoli

489 2611 677 2657 contra
699 2605 987 2669 falsitatem
1020 2601 1261 2652 Simonis
1300 2601 1470 2665 Magi,
1495 2600 1588 2653 vel
1612 2600 1685 2650 De
1723 2600 2085 2664 disputatione

489 2696 640 2749 Petri
661 2710 781 2745 cum
798 2694 1015 2744 Simone
1033 2693 1190 2756 Mago

551 2786 793 2849 Primus,
838 2782 936 2847 qui
980 2782 1133 2847 typis
1174 2778 1618 2832 describendum
1662 2779 1824 2832 daret
1859 2779 2087 2833 exstitit

488 2875 717 2928 Jacobus
736 2873 903 2925 Faber
932 2872 1287 2939 Stapulensis,
1316 2883 1488 2923 anno.

553 2966 711 3022 1504.
744 2965 997 3026 Parisiis,
1035 2980 1102 3015 ex
1133 2963 1355 3028 ofﬁcina
1386 2960 1768 3027 Bellovisiana,
1809 2960 2085 3027 impensis

490 3056 651 3108 Joan.
679 3056 865 3120 Parvi,
890 3053 1077 3108 in—fol.
1102 3054 1237 3105 min.
1265 3053 1327 3105 in
1349 3053 1491 3105 libro
1511 3052 1602 3104 cui
1627 3051 1829 3104 titulus
1854 3067 1866 3100 :
1901 3052 2081 3102 Para-

491 3147 642 3198 disus
669 3145 994 3212 Heraclidis,
1025 3144 1271 3210 Epistola
1304 3143 1602 3206 Clementis,
1641 3142 2083 3206 Recognitiones

492 3236 640 3289 Petri
680 3234 941 3302 apostoli,
987 3234 1443 3300 Complementum
1497 3231 1722 3298 epistola
1778 3232 2080 3297 Clementis,

491 3325 733 3433 Epistola
755 3324 1271 3433 Anacliti.‘Du0bus
1284 3327 1341 3375 et
1352 3321 1553 3388 viginti
1564 3322 1734 3375 annis
1751 3323 1881 3387 post
1893 3327 2091 3376 secuta
2113 3331 2162 3408 ρ
2602 3321 2803 3420 Εεῶ
3144 3321 3382 3433 ἷονζιξιξ

492 3421 585 3468 est
609 3414 866 3465 Sichardi
891 3412 1067 3466 editio

550 3503 707 3562 i526.
730 3503 965 3564 Basilcz,
980 3518 1078 3568 per
1089 3502 1253 3553 Joan.
1276 3501 1570 3568 Bebelium,
1600 3502 1661 3553 f'.
1691 3501 1818 3555 Divi
1833 3501 2089 3554 Clemen-

490 3596 566 3649 tis
589 3593 1064 3660 Recognitionum
1087 3592 1216 3643 libri
1235 3592 1431 3644 decem
1453 3591 1525 3644 ad
1547 3593 1828 3645 Iacobum
1852 3591 2088 3645 fratrem

490 3684 741 3749 Domini,
766 3684 972 3735 Ruﬁno
996 3684 1219 3734 Torano
1242 3682 1607 3746 Aquileiense
1638 3682 1966 3747 interprete,
1996 3680 2087 3734 cui

490 3774 733 3828 accessit
750 3787 869 3827 non
896 3773 1233 3839 paenitenda
1261 3772 1633 3839 epistolarum
1657 3785 1789 3837 pars
1809 3773 2090 3826 vetustis-

494 3867 773 3918 simorum
811 3864 1206 3928 episcoporum
1239 3862 1516 3916 hactenus
1553 3875 1673 3915 non
1705 3863 1849 3928 visa,
1890 3874 2088 3916 eorum

493 3955 592 4021 qui
603 3955 811 4008 abhinc
818 3955 988 4006 annis
1001 3953 1139 4009 1200
1154 3956 1429 4007 Romana:
1441 3951 1705 4006 Ecclesiae
1718 3952 2085 4018 praefuerunt.

554 4047 696 4098 Cum
719 4046 884 4097 Fabri
907 4045 1214 4098 editionem
1239 4044 1547 4096 Sichardus
1580 4043 1923 4109 ignorasset,
1962 4047 2091 4096 tan-

442 4162 443 4171 ι
494 4147 669 4202 quam
706 4148 851 4200 opus
884 4147 1106 4189 novum
1133 4140 1192 4187 et
1228 4138 1300 4187 ab
1333 4135 1457 4199 ipso
1485 4134 1727 4187 demum
1752 4136 1983 4186 erutum
2016 4147 2089 4186 ex

497 4225 787 4279 codicibus
810 4224 1057 4287 duobus,
1074 4223 1387 4276 Basileensi
1399 4228 1457 4276 et
1480 4223 1951 4288 Schonaugiensi,
1968 4223 2089 4276 edi-

495 4316 580 4369 dit
594 4319 655 4368 et
675 4313 961 4368 Bernardo
977 4313 1156 4366 Clesio
1168 4313 1501 4366 Tridentino
1520 4313 1808 4379 episcopo,
1823 4318 1879 4366 et
1889 4318 2092 4379 postea

494 4405 785 4471 cardinali,
809 4404 1180 4469 nuncupavit.
1200 4405 1328 4457 Duo
1351 4404 1414 4455 in
1434 4402 1532 4456 illo
1555 4403 1922 4468 reprehendit
1940 4405 2089 4457 Fon-

497 4496 730 4549 taninus
753 4511 764 4542 :
791 4496 1057 4561 primum,
1087 4493 1242 4560 quod
1271 4493 1715 4560 Recognitiones
1743 4494 1816 4546 ab
1841 4495 2091 4548 Eusebio

2212 563 2342 627 bus,
2365 564 2464 627 qui
2492 563 2757 616 universa
2780 575 2911 626 quas
2955 564 3062 615 sub
3100 564 3331 617 nomine
3362 565 3664 618 Clementis
3691 569 3798 619 Ro-

2201 653 2357 704 mani
2394 654 2607 705 circum
2646 653 2921 717 feruntur,
2958 666 3075 706 uno
3126 654 3418 707 volumine
3465 657 3797 721 complexus

2200 743 2644 808 praefationibus,
2671 743 3045 808 argumentis,
3064 745 3218 797 notis
3239 745 3542 799 etmonitis
3558 747 3797 799 instruo-

2200 833 2257 884 ta
2277 832 2554 897 vulgavit.
2585 833 2793 886 Prodiit
2816 846 2979 898 opus.

2259 947 2415 1004 1569.
2450 950 2680 1001 Coloniae
2708 950 3051 1015 Agrippinae,
3088 951 3241 1015 apud
3288 951 3452 1004 Joan.
3494 952 3795 1003 Birkman-

2195 1054 2350 1104 num,
2375 1039 2524 1100 in-f',
2549 1040 2658 1092 hoc
2683 1040 2878 1092 titulo:
2907 1040 3276 1105 Clementina,
3306 1042 3413 1094 hoc
3442 1044 3550 1103 est,
3580 1045 3640 1095 B.
3666 1043 3794 1096 Cle-

2195 1129 2407 1181 mentis
2430 1130 2670 1182 Romani
2695 1131 2890 1195 Opera,
2918 1143 3048 1195 quae
3073 1131 3301 1195 quidem
3342 1131 3404 1183 in
3426 1131 3580 1185 hunc
3610 1146 3793 1198 usque

2192 1216 2342 1270 diem
2360 1219 2530 1271 variis
2555 1220 2886 1272 auctoribus
2915 1219 3168 1282 collecta,
3196 1234 3480 1274 conversa
3516 1223 3793 1276 emenda-

2194 1312 2366 1372 taque
2399 1308 2571 1361 latine
2599 1312 2849 1373 exstant,
2886 1310 3095 1372 omnia,
3132 1326 3255 1360 cum
3292 1327 3431 1361 nova
3468 1312 3787 1377 praefatione

2195 1396 2255 1447 de
2273 1398 2415 1459 veris,
2435 1398 2692 1463 falsisque
2716 1400 2776 1450 Β.
2808 1400 3087 1450 Clementis
3110 1401 3342 1465 scriptis,
3381 1405 3791 1467 postremaque

2192 1488 2521 1540 earumdem
2545 1488 2695 1542 ﬁdeli
2711 1489 3112 1542 emendatione
3128 1502 3196 1542 ac
3212 1490 3470 1555 diligenti
3485 1504 3788 1557 argumen-

2190 1583 2379 1630 torum
2402 1577 2848 1643 difIIlciliumque
2864 1580 3115 1631 locorum
3129 1580 3529 1645 explanatione
3542 1583 3608 1633 D.
3627 1582 3789 1635 Lam-

2186 1668 2329 1720 berti
2372 1668 2593 1720 Gruteri
2641 1669 2915 1721 Veriradli
2959 1669 3032 1721 ad
3079 1672 3148 1722 D.
3190 1670 3483 1724 Danielem
3526 1672 3780 1738 archiep.

2188 1759 2337 1824 Mog.
2355 1763 2459 1812 etc:
2476 1762 2637 1814 Hanc
2657 1760 2962 1812 editionem
2989 1759 3280 1813 nonnullis
3315 1762 3551 1814 resectis
3576 1762 3785 1816 deinde

2187 1854 2595 1914 expresserunt
2631 1849 2875 1902 editores
2913 1850 3278 1904 Bibliothecm
3316 1852 3417 1904 PP.
3451 1852 3631 1918 Lugd.
3658 1854 3780 1919 (ap.

2552 1940 2738 2005 1677),
2766 1947 2921 1994 tomo
2944 1943 3010 2005 II,
3037 1954 3092 2006 p.
3118 1940 3242 1997 376.

2254 2058 2523 2111 Omnium
2548 2057 2795 2121 denique
2810 2058 3086 2109 hactenus
3111 2058 3471 2111 laudatorum
3494 2058 3776 2111 editorum

2183 2148 2524 2200 industriam
2548 2152 2603 2199 et
2626 2147 2977 2212 diligentiam
2998 2147 3133 2199 vicit
3154 2150 3318 2199 Joan.
3361 2150 3523 2213 Bapt.
3555 2148 3782 2201 Cotele-

2182 2237 2300 2289 rius
2320 2237 2382 2288 in
2405 2236 2851 2289 celebratissima
2866 2236 3197 2289 collectione
3213 2238 3443 2287 Patrum
3459 2237 3779 2302 apostolico-

2182 2342 2328 2391 rum,
2351 2337 2483 2392 qum
2504 2326 2752 2391 primum

2244 2441 2399 2499 167°).
2440 2444 2688 2508 Parisiis,
2715 2460 2804 2510 ap.
2830 2444 2991 2495 Joan.
3040 2444 3085 2494 lc
3118 2445 3271 2501 Petit,
3310 2444 3514 2497 deinde
3553 2447 3776 2500 auctior

2181 2534 2470 2598 aliquanto
2496 2540 2551 2587 et
2566 2534 2934 2587 commodiori
2964 2534 3164 2587 habitu
3188 2533 3345 2599 i698,
3370 2535 3776 2601 Amstetodami,

2181 2625 2289 2676 sub
2337 2624 2567 2676 nomine
2592 2624 2923 2689 Antuerpiae,
2950 2625 3401 2688 Huguctanorum
3446 2625 3776 2690 sumptibus;

2183 2713 2344 2765 tertia
2378 2713 2625 2777 denique
2665 2714 2807 2778 vice,
2844 2711 3001 2777 17%,
3034 2713 3441 2777 Amstclodami,
3478 2730 3570 2779 ap.
3608 2714 3775 2765 Joan.

2188 2803 2426 2853 Welsten.
2442 2802 2666 2868 prodiit.
2681 2802 3246 2856 Amstelodamenses
3259 2802 3537 2856 editiones
3553 2804 3779 2857 curavit

2179 2894 2344 2945 Joan.
2371 2892 2632 2955 Clericus,
2674 2893 2772 2957 qui
2809 2893 3062 2945 Cotelerii
3084 2893 3382 2957 epistolam
3412 2898 3772 2958 nuncupato-

2177 2982 2320 3035 riam
2339 2986 2395 3033 et
2426 2982 2818 3047 praefationem
2840 2981 2901 3033 in
2930 2994 3042 3047 qua
3076 2981 3219 3034 ratio
3251 2994 3488 3047 operum
3523 2982 3780 3047 explica-

2180 3076 2290 3135 tur,
2318 3073 2582 3125 eonsulto
2602 3072 2812 3126 omisit.
2837 3071 3061 3125 Titulus
3076 3084 3111 3125 a
3126 3072 3400 3125 Cotelerio
3426 3072 3675 3138 scriptus
3692 3076 3787 3127 est

2183 3162 2293 3215 hoc
2307 3162 2507 3215 modo:

2248 3279 2693 3344 Recognitionum
2729 3278 2786 3331 S.
2828 3278 3106 3331 Clementis
3143 3278 3217 3328 ad
3251 3276 3514 3329 Jacobum
3550 3279 3783 3344 fratrem

3430 3366 3789 3433 Aquileiense-

2184 3460 2485 3526 presbytero
2515 3475 2541 3510 e
2574 3460 2748 3511 Graeco
2780 3460 2841 3509 in
2869 3459 3128 3510 Latinum
3168 3460 3321 3521 versi,
3361 3474 3487 3509 cum
3539 3458 3789 3524 ejusdem

2186 3551 2492 3617 interpretis
2512 3550 2855 3617 praefationes
2883 3549 2958 3600 ad
2985 3549 3353 3602 Gaudentium
3371 3548 3700 3615 episcopum.

2251 3649 2559 3703 Cotelerius
2583 3653 2769 3702 totum
2808 3661 2954 3715 opus
2989 3648 3062 3702 ad
3103 3661 3210 3702 sex
3252 3647 3512 3714 egregios
3554 3646 3787 3701 codices

2185 3739 2613 3793 accuratissime
2647 3739 2862 3804 exegit,
2900 3737 3190 3792 variantes
3206 3736 3482 3791 lectiones
3504 3737 3778 3799 attexuit,

2187 3829 2455 3894 notisque
2486 3828 2778 3892 brevibus,
2807 3828 2906 3880 sed
2925 3828 3096 3880 honre
3113 3827 3669 3893 frugis,Clementem
3687 3827 3793 3879 ubi

2188 3918 2465 3984 opusfuit,
2490 3919 2708 3985 passim
2722 3917 3049 3980 illustravit,
3066 3916 3226 3969 libris
3243 3917 3303 3969 in
3319 3916 3504 3982 capita
3527 3917 3657 3982 post
3679 3917 3792 3970 Fa-

2188 4009 2374 4073 brum,
2398 4021 2731 4073 quanquam
2759 4007 2984 4062 diversa
3005 4007 3239 4071 ratione,
3257 4006 3562 4059 distinctis.
3588 4059 3596 4066 ,

2254 4099 2465 4151 Codices
2493 4111 2635 4150 mss.
2662 4098 2870 4162 quibus
2893 4110 3038 4151 usus
3068 4097 3231 4151 estin
3250 4096 3583 4163 praefatione
3603 4095 3790 4162 huius

2189 4188 2452 4243 editionis
2474 4190 2912 4241 enumerantur:

2253 4305 2303 4361 1.
2322 4304 2677 4366 Sorbonicus;
2701 4304 2753 4359 ‘2.
2782 4302 3043 4355 Thuanus
3060 4322 3076 4367 ;
3095 4303 3145 4360 3.
3165 4302 3388 4371 Regius;
3412 4308 3457 4357 4.
3477 4302 3625 4355 Petri
3644 4301 3795 4355 Can-

2189 4395 2374 4445 delerii
2389 4409 2407 4456 ,'
2435 4392 2487 4449 5.
2513 4392 2932 4447 Carmelitaram
2954 4394 3420 4446 Excalceatorum.

2253 4484 2614 4537 Colbertinum
2636 4486 2812 4538 alium
2843 4484 3080 4537 Nurrius
3108 4484 3169 4537 in
3191 4484 3328 4537 diss.
3357 4482 3532 4536 dehis
3554 4479 3717 4535 libris
3733 4494 3791 4549 p.

498 4585 813 4651 suppilatas
838 4573 1167 4650 tradiderit;
1202 4585 1445 4637 alterum
1469 4597 1504 4636 a
1527 4584 1737 4637 Vossio
1771 4586 1830 4636 et
1860 4584 2091 4637 Barthio
2121 4648 2151 4651 _
2193 4572 2299 4631 224
2322 4575 2576 4629 adducit.
2600 4575 2923 4627 Palatinum
2960 4587 3193 4640 quoque
3230 4578 3629 4640 pervetustum
3666 4585 3801 4627 ser-

496 4648 730 4741 quoque
764 4648 1195 4741 reprehensum,
1220 4675 1375 4739 quod
1410 4674 1618 4727 Gelasii
1641 4679 1698 4727 et
1722 4676 2094 4741 septuaginta
2119 4648 2175 4723 D
2196 4664 2821 4720 vantPluteiVaticanl.
2848 4664 3205 4718 Fontaninus
3221 4702 3235 4729 ,
3260 4676 3313 4729 p.
3353 4661 3476 4718 339.

498 4767 894 4832 episcoporum
937 4766 1009 4818 de
1037 4766 1325 4818 Clemente
1353 4766 1638 4831 judicium
1674 4764 2093 4831 reprehendere

499 4869 618 4910 non
647 4856 723 4909 sit
746 4857 980 4910 veritus.
1000 4857 1215 4921 Nempe
1241 4856 1462 4908 Decreti
1486 4856 1771 4909 Gelasiani
1791 4856 2093 4921 vulgatam

498 4947 800 5002 lectionem
824 4959 957 4999 eum
983 4946 1266 5011 fefellisse,
1289 4946 1567 5013 huncque
1591 4946 1925 5001 offensionis
1948 4948 2097 5014 lapi-

502 5038 634 5091 dem
666 5036 985 5102 genuinum
1019 5042 1078 5089 et
1122 5038 1585 5092 vetustissimum
1627 5037 1918 5092 Gelasium
1955 5051 1991 5092 a
2032 5051 2095 5093 se

500 5127 721 5182 editum
746 5128 1073 5180 sustulisse.
1090 5128 1178 5180 Ab
1191 5127 1300 5180 hac
1316 5128 1519 5182 deinde
1540 5127 1789 5195 reliquas
1811 5128 2095 5184 editiones

499 5219 743 5273 ﬂuxisse
765 5219 1054 5281 observat,
1081 5218 1262 5273 veluti

563 5326 727 5385 1547.
757 5323 1022 5386 Colonias,
1046 5338 1114 5375 eae
1128 5322 1219 5390 off.
1247 5322 1437 5378 Melch.
1459 5324 1777 5391 Novesiani,
1803 5325 1974 5391 in-8o,
1992 5340 2094 5383 eo-

503 5422 635 5475 dem
657 5419 844 5485 titulo,
869 5422 927 5471 et

567 5510 722 5567 i568.
745 5510 996 5575 Parisiis,
1042 5526 1130 5576 ap.
1166 5508 1488 5560 Audoenum
1525 5509 1789 5573 Parvum,
1828 5507 1968 5560 alias
2003 5525 2094 5575 ap.

502 5601 667 5654 Miclt.
694 5600 967 5652 Sonnium
981 5607 1026 5652 et
1040 5600 1232 5652 Sebast.
1248 5599 1561 5662 Nivellium,
1579 5596 1737 5662 in-8",
1755 5612 1887 5664 quae
1898 5599 2097 5652 eadem

505 5694 609 5756 est,
627 5690 727 5745 sed
742 5696 966 5745 mutato
986 5689 1165 5744 titulo.
1181 5690 1483 5743 Neminem
1499 5695 1694 5743 autem
1704 5690 1765 5742 in
1775 5688 2099 5742 Ruﬁnianis

509 5782 811 5838 Clementis
855 5782 1367 5848 Recognitionibus
1409 5783 1688 5849 majorem
1719 5794 1955 5848 operam
1996 5794 2100 5849 po-

505 5876 690 5930 suisse
710 5874 1068 5928 Fontaninus
1085 5879 1298 5938 censet,
1313 5886 1489 5938 quam
1506 5875 1875 5929 Lambertum
1891 5876 2097 5929 Grute-

2254 4784 2381 4836 Duo
2414 4782 2650 4849 insuper
2676 4781 2992 4849 adjicienda
3027 4782 3184 4847 sunt,
3222 4780 3293 4833 de
3339 4777 3550 4844 quibus
3584 4776 3798 4833 itidem

2192 4873 2549 4925 Fontaninus
2583 4872 2708 4925 loco
2724 4885 2850 4947 suo
2883 4871 3171 4925 disertius.
3199 4870 3407 4934 Primo,
3431 4882 3505 4922 ne
3527 4868 3658 4933 quis
3684 4868 3801 4920 sibi

2192 4962 2409 5029 imponi
2452 4963 2605 5016 sinat
2633 4962 2923 5016 volumine
2956 4962 3065 5015 hoc
3098 4959 3267 5014 titulo
3299 4958 3584 5025 impresso
3622 4972 3636 5010 :
3688 4957 3801 5010 Cle-

2192 5055 2385 5105 mentis
2413 5053 2646 5104 Romani
2668 5052 2900 5118 episcopi
2923 5052 2984 5103 de
3005 5050 3159 5102 rebus
3181 5050 3355 5117 gestis,
3386 5043 3802 5115 peregrinatio-

2194 5143 2354 5195 nibus
2368 5150 2526 5211 atque
2548 5142 2892 5194 concionibus
2918 5141 2957 5193 S
2967 5180 2977 5192 .
2999 5140 3165 5206 Petri,
3183 5141 3429 5206 Epitome
3440 5140 3513 5190 ad
3526 5137 3801 5190 Jacobum

2195 5234 2748 5300 Hierosolymitanum
2762 5233 3084 5299 episcopum.
3109 5229 3359 5293 Parisiis,
3377 5228 3528 5296 apud
3547 5229 3807 5281 Hadria-

2195 5340 2333 5375 num
2368 5322 2694 5388 Turnebum,
2717 5320 3037 5387 1555,ino4°.

2260 5424 2457 5487 Neque
2494 5422 2645 5475 enim
2678 5420 3079 5486 Recognitiones
3122 5416 3401 5484 continet,
3451 5416 3552 5471 sed
3577 5428 3803 5484 puram

2196 5514 2244 5563 E
2242 5514 2481 5578 pitomen
2490 5525 2607 5565 non
2624 5525 2696 5565 ex
2714 5509 2848 5565 solis
2860 5514 3055 5563 tamen
3069 5507 3535 5576 Recognitionibus
3546 5524 3580 5557 a
3592 5506 3806 5571 Ruﬁno

2197 5603 2380 5666 editis,
2408 5603 2509 5655 sed
2533 5602 2702 5655 etiam
2730 5616 2801 5656 ex
2842 5602 3098 5653 Homiliis
3134 5606 3193 5655 et
3226 5599 3470 5666 Epistola
3511 5597 3808 5649 Clementis

2197 5694 2270 5745 ad
2283 5692 2559 5756 Jacobum,
2577 5705 2811 5747 necnon
2826 5694 3095 5759 martyrio
3119 5689 3379 5757 ejusdem
3402 5693 3461 5743 et
3475 5688 3811 5738 narratione

2198 5781 2485 5852 Ephroemi
2510 5784 2741 5851 episcopi
2767 5784 3079 5837 Chersonesi
3110 5782 3437 5845 conﬂatam,
3473 5782 3541 5831 ut
3570 5777 3812 5830 dudum

2200 5873 2510 5930 Cotelerius
2527 5874 2794 5937 ostendit,
2813 5870 2910 5938 qui
2927 5872 2998 5924 ad
3018 5874 3235 5937 septem
3259 5879 3404 5921 mss.
3433 5864 3665 5918 codices
3688 5865 3815 5919 Ro-
